  <div class='ocr_page' id='page_1' title='image "/cluster/home/n/w/nwhite01/storage/ocr_20150623/42/njp.32101077772588/536.png"; bbox 0 0 1925 3043; ppageno 0'>
   <div class='ocr_carea' id='block_1_1' title="bbox 124 175 195 204">
    <p class='ocr_par' dir='ltr' id='par_1_1' title="bbox 124 175 195 204">
     <span class='ocr_line' id='line_1_1' title="bbox 124 175 195 204; baseline 0.028 -2"><span class='ocrx_word' id='word_1_1' title='bbox 124 175 195 204; x_wconf 77' lang='grc'>1015</span> 
     </span>
    </p>
   </div>
   <div class='ocr_carea' id='block_1_2' title="bbox 587 178 1287 214">
    <p class='ocr_par' dir='ltr' id='par_1_2' title="bbox 587 178 1287 214">
     <span class='ocr_line' id='line_1_2' title="bbox 587 178 1287 214; baseline 0.011 -8"><span class='ocrx_word' id='word_1_2' title='bbox 587 178 631 206; x_wconf 87' lang='lat' dir='ltr'><strong>DE</strong></span> <span class='ocrx_word' id='word_1_3' title='bbox 650 179 748 208; x_wconf 80' lang='lat' dir='ltr'><strong>ANNO</strong></span> <span class='ocrx_word' id='word_1_4' title='bbox 767 180 812 209; x_wconf 87' lang='grc' dir='ltr'>ΕΤ</span> <span class='ocrx_word' id='word_1_5' title='bbox 831 181 887 210; x_wconf 83' lang='lat' dir='ltr'><strong>DIE</strong></span> <span class='ocrx_word' id='word_1_6' title='bbox 906 182 1081 212; x_wconf 66' lang='lat' dir='ltr'><strong>DOMINICAE</strong></span> <span class='ocrx_word' id='word_1_7' title='bbox 1099 184 1287 214; x_wconf 83' lang='lat' dir='ltr'><strong>PASSIONIS.</strong></span> 
     </span>
    </p>
   </div>
   <div class='ocr_carea' id='block_1_3' title="bbox 1677 184 1748 211">
    <p class='ocr_par' dir='ltr' id='par_1_3' title="bbox 1677 184 1748 211">
     <span class='ocr_line' id='line_1_3' title="bbox 1677 184 1748 211; baseline 0 0"><span class='ocrx_word' id='word_1_8' title='bbox 1677 184 1748 211; x_wconf 77' lang='lat' dir='ltr'><strong>10M</strong></span> 
     </span>
    </p>
   </div>
   <div class='ocr_carea' id='block_1_4' title="bbox 125 233 1748 271">
    <p class='ocr_par' dir='ltr' id='par_1_4' title="bbox 125 233 1748 271">
     <span class='ocr_line' id='line_1_4' title="bbox 125 233 1748 271; baseline 0.003 -9"><span class='ocrx_word' id='word_1_9' title='bbox 125 233 273 262; x_wconf 82' lang='lat' dir='ltr'><strong>commoda</strong></span> <span class='ocrx_word' id='word_1_10' title='bbox 288 234 382 269; x_wconf 85' lang='lat' dir='ltr'><strong>aliqua</strong></span> <span class='ocrx_word' id='word_1_11' title='bbox 399 234 625 270; x_wconf 84' lang='lat' dir='ltr'><strong>interpretatione</strong></span> <span class='ocrx_word' id='word_1_12' title='bbox 638 237 689 265; x_wconf 88' lang='lat' dir='ltr'><strong>loci</strong></span> <span class='ocrx_word' id='word_1_13' title='bbox 706 238 779 266; x_wconf 90' lang='lat' dir='ltr'><strong>illius</strong></span> <span class='ocrx_word' id='word_1_14' title='bbox 801 238 914 266; x_wconf 80' lang='lat' dir='ltr'><strong>ditIicul—</strong></span> <span class='ocrx_word' id='word_1_15' title='bbox 930 244 950 271; x_wconf 86' lang='grc' dir='ltr'><strong>Λ</strong></span> <span class='ocrx_word' id='word_1_16' title='bbox 967 241 1012 268; x_wconf 74' lang='lat' dir='ltr'><strong>suci</strong></span> <span class='ocrx_word' id='word_1_17' title='bbox 1037 242 1064 268; x_wconf 93' lang='lat' dir='ltr'><strong>in</strong></span> <span class='ocrx_word' id='word_1_18' title='bbox 1089 242 1238 271; x_wconf 86' lang='lat' dir='ltr'><strong>Beelzebub</strong></span> <span class='ocrx_word' id='word_1_19' title='bbox 1257 243 1315 270; x_wconf 82' lang='lat' dir='ltr'><strong>haec</strong></span> <span class='ocrx_word' id='word_1_20' title='bbox 1345 242 1422 270; x_wconf 92' lang='lat' dir='ltr'><strong>illum</strong></span> <span class='ocrx_word' id='word_1_21' title='bbox 1440 241 1530 269; x_wconf 78' lang='lat' dir='ltr'><strong>facere</strong></span> <span class='ocrx_word' id='word_1_22' title='bbox 1557 239 1748 268; x_wconf 77' lang='lat' dir='ltr'><strong>criminantur.</strong></span> 
     </span>
    </p>
   </div>
   <div class='ocr_carea' id='block_1_5' title="bbox 124 278 911 315">
    <p class='ocr_par' dir='ltr' id='par_1_5' title="bbox 124 278 911 315">
     <span class='ocr_line' id='line_1_5' title="bbox 124 278 911 315; baseline 0.008 -10"><span class='ocrx_word' id='word_1_23' title='bbox 124 278 173 305; x_wconf 88' lang='lat' dir='ltr'><strong>tati</strong></span> <span class='ocrx_word' id='word_1_24' title='bbox 194 278 348 307; x_wconf 88' lang='lat' dir='ltr'><strong>consulere.</strong></span> <span class='ocrx_word' id='word_1_25' title='bbox 368 280 425 306; x_wconf 81' lang='lat' dir='ltr'><strong>lloc</strong></span> <span class='ocrx_word' id='word_1_26' title='bbox 441 287 504 307; x_wconf 92' lang='lat' dir='ltr'><strong>vero</strong></span> <span class='ocrx_word' id='word_1_27' title='bbox 528 280 656 315; x_wconf 77' lang='lat' dir='ltr'><strong>perfacile</strong></span> <span class='ocrx_word' id='word_1_28' title='bbox 680 287 733 310; x_wconf 84' lang='lat' dir='ltr'><strong>est.</strong></span> <span class='ocrx_word' id='word_1_29' title='bbox 749 282 816 310; x_wconf 85' lang='lat' dir='ltr'><strong>Nam</strong></span> <span class='ocrx_word' id='word_1_30' title='bbox 842 283 911 310; x_wconf 82' lang='lat' dir='ltr'><strong>Mat-</strong></span> 
     </span>
    </p>
   </div>
   <div class='ocr_carea' id='block_1_6' title="bbox 125 322 910 361">
    <p class='ocr_par' dir='ltr' id='par_1_6' title="bbox 125 322 910 361">
     <span class='ocr_line' id='line_1_6' title="bbox 125 322 910 361; baseline 0.006 -11"><span class='ocrx_word' id='word_1_31' title='bbox 125 323 213 351; x_wconf 73' lang='lat' dir='ltr'><strong>thaeus</strong></span> <span class='ocrx_word' id='word_1_32' title='bbox 223 327 251 350; x_wconf 87' lang='lat' dir='ltr'><strong>et</strong></span> <span class='ocrx_word' id='word_1_33' title='bbox 262 322 370 351; x_wconf 87' lang='lat' dir='ltr'><strong>Marcus</strong></span> <span class='ocrx_word' id='word_1_34' title='bbox 381 331 551 360; x_wconf 79' lang='lat' dir='ltr'><strong>nequaquam</strong></span> <span class='ocrx_word' id='word_1_35' title='bbox 562 326 626 353; x_wconf 90' lang='lat' dir='ltr'><strong>illud</strong></span> <span class='ocrx_word' id='word_1_36' title='bbox 639 327 747 361; x_wconf 90' lang='lat' dir='ltr'><strong>docent,</strong></span> <span class='ocrx_word' id='word_1_37' title='bbox 771 327 910 355; x_wconf 80' lang='lat' dir='ltr'><strong>Christum</strong></span> 
     </span>
    </p>
   </div>
   <div class='ocr_carea' id='block_1_7' title="bbox 126 369 910 406">
    <p class='ocr_par' dir='ltr' id='par_1_7' title="bbox 126 369 910 406">
     <span class='ocr_line' id='line_1_7' title="bbox 126 369 910 406; baseline 0.006 -11"><span class='ocrx_word' id='word_1_38' title='bbox 126 373 191 396; x_wconf 91' lang='lat' dir='ltr'><strong>tunc</strong></span> <span class='ocrx_word' id='word_1_39' title='bbox 208 369 309 402; x_wconf 91' lang='lat' dir='ltr'><strong>solum,</strong></span> <span class='ocrx_word' id='word_1_40' title='bbox 330 377 392 396; x_wconf 87' lang='lat' dir='ltr'><strong>cum</strong></span> <span class='ocrx_word' id='word_1_41' title='bbox 408 369 527 398; x_wconf 80' lang='lat' dir='ltr'><strong>Joannes</strong></span> <span class='ocrx_word' id='word_1_42' title='bbox 543 371 570 398; x_wconf 93' lang='lat' dir='ltr'><strong>in</strong></span> <span class='ocrx_word' id='word_1_43' title='bbox 594 372 704 399; x_wconf 88' lang='lat' dir='ltr'><strong>vincula</strong></span> <span class='ocrx_word' id='word_1_44' title='bbox 730 373 833 400; x_wconf 89' lang='lat' dir='ltr'><strong>missus</strong></span> <span class='ocrx_word' id='word_1_45' title='bbox 852 377 910 406; x_wconf 85' lang='lat' dir='ltr'><strong>est,</strong></span> 
     </span>
    </p>
   </div>
   <div class='ocr_carea' id='block_1_8' title="bbox 126 415 912 453">
    <p class='ocr_par' dir='ltr' id='par_1_8' title="bbox 126 415 912 453">
     <span class='ocr_line' id='line_1_8' title="bbox 126 415 912 453; baseline 0.006 -12"><span class='ocrx_word' id='word_1_46' title='bbox 126 415 275 449; x_wconf 70' lang='lat' dir='ltr'><strong>praedicare</strong></span> <span class='ocrx_word' id='word_1_47' title='bbox 293 415 479 450; x_wconf 66' lang='lat' dir='ltr'><strong>in‘populum,</strong></span> <span class='ocrx_word' id='word_1_48' title='bbox 495 416 546 444; x_wconf 91' lang='lat' dir='ltr'><strong>hoc</strong></span> <span class='ocrx_word' id='word_1_49' title='bbox 555 421 596 444; x_wconf 90' lang='lat' dir='ltr'><strong>cst</strong></span> <span class='ocrx_word' id='word_1_50' title='bbox 609 418 716 453; x_wconf 88' lang='lat' dir='ltr'><strong>publice</strong></span> <span class='ocrx_word' id='word_1_51' title='bbox 730 418 812 445; x_wconf 85' lang='lat' dir='ltr'><strong>verba</strong></span> <span class='ocrx_word' id='word_1_52' title='bbox 824 418 912 446; x_wconf 86' lang='lat' dir='ltr'><strong>facere</strong></span> 
     </span>
    </p>
   </div>
   <div class='ocr_carea' id='block_1_9' title="bbox 124 460 910 499">
    <p class='ocr_par' dir='ltr' id='par_1_9' title="bbox 124 460 910 499">
     <span class='ocr_line' id='line_1_9' title="bbox 124 460 910 499; baseline 0.005 -12"><span class='ocrx_word' id='word_1_53' title='bbox 124 460 262 495; x_wconf 59' lang='lat' dir='ltr'><strong>coepisse:</strong></span> <span class='ocrx_word' id='word_1_54' title='bbox 286 461 357 495; x_wconf 89' lang='lat' dir='ltr'><strong>quod</strong></span> <span class='ocrx_word' id='word_1_55' title='bbox 384 469 417 488; x_wconf 86' lang='lat' dir='ltr'><strong>ex</strong></span> <span class='ocrx_word' id='word_1_56' title='bbox 445 462 500 490; x_wconf 86' lang='lat' dir='ltr'><strong>illis</strong></span> <span class='ocrx_word' id='word_1_57' title='bbox 520 463 587 497; x_wconf 89' lang='lat' dir='ltr'><strong>ipsis</strong></span> <span class='ocrx_word' id='word_1_58' title='bbox 615 463 792 499; x_wconf 80' lang='lat' dir='ltr'><strong>evangelistis</strong></span> <span class='ocrx_word' id='word_1_59' title='bbox 812 463 910 491; x_wconf 82' lang='lat' dir='ltr'><strong>falsum</strong></span> 
     </span>
    </p>
   </div>
   <div class='ocr_carea' id='block_1_10' title="bbox 124 508 910 546">
    <p class='ocr_par' dir='ltr' id='par_1_10' title="bbox 124 508 910 546">
     <span class='ocr_line' id='line_1_10' title="bbox 124 508 910 546; baseline 0.006 -12"><span class='ocrx_word' id='word_1_60' title='bbox 124 515 185 535; x_wconf 81' lang='lat' dir='ltr'><strong>esse</strong></span> <span class='ocrx_word' id='word_1_61' title='bbox 200 512 378 536; x_wconf 80' lang='lat' dir='ltr'><strong>monstratur.</strong></span> <span class='ocrx_word' id='word_1_62' title='bbox 395 508 446 535; x_wconf 86' lang='lat' dir='ltr'><strong>Sed</strong></span> <span class='ocrx_word' id='word_1_63' title='bbox 468 509 512 537; x_wconf 91' lang='lat' dir='ltr'><strong>hic</strong></span> <span class='ocrx_word' id='word_1_64' title='bbox 532 517 631 538; x_wconf 87' lang='lat' dir='ltr'><strong>sensus</strong></span> <span class='ocrx_word' id='word_1_65' title='bbox 644 516 700 538; x_wconf 85' lang='lat' dir='ltr'><strong>est:</strong></span> <span class='ocrx_word' id='word_1_66' title='bbox 716 515 777 546; x_wconf 86' lang='lat' dir='ltr'><strong>post</strong></span> <span class='ocrx_word' id='word_1_67' title='bbox 800 516 910 546; x_wconf 89' lang='lat' dir='ltr'><strong>captum</strong></span> 
     </span>
    </p>
   </div>
   <div class='ocr_carea' id='block_1_11' title="bbox 124 552 910 591">
    <p class='ocr_par' dir='ltr' id='par_1_11' title="bbox 124 552 910 591">
     <span class='ocr_line' id='line_1_11' title="bbox 124 552 910 591; baseline 0.008 -12"><span class='ocrx_word' id='word_1_68' title='bbox 124 552 257 580; x_wconf 79' lang='lat' dir='ltr'><strong>Joannem</strong></span> <span class='ocrx_word' id='word_1_69' title='bbox 271 561 370 581; x_wconf 91' lang='lat' dir='ltr'><strong>novum</strong></span> <span class='ocrx_word' id='word_1_70' title='bbox 386 554 460 581; x_wconf 89' lang='lat' dir='ltr'><strong>velut</strong></span> <span class='ocrx_word' id='word_1_71' title='bbox 485 555 594 582; x_wconf 87' lang='lat' dir='ltr'><strong>initium</strong></span> <span class='ocrx_word' id='word_1_72' title='bbox 611 555 776 590; x_wconf 69' lang='lat' dir='ltr'><strong>praedicandi</strong></span> <span class='ocrx_word' id='word_1_73' title='bbox 794 556 890 586; x_wconf 82' lang='lat' dir='ltr'><strong>fecisse</strong></span> <span class='ocrx_word' id='word_1_74' title='bbox 901 578 910 591; x_wconf 87' lang='lat'><strong>,</strong></span> 
     </span>
    </p>
   </div>
   <div class='ocr_carea' id='block_1_12' title="bbox 125 600 910 636">
    <p class='ocr_par' dir='ltr' id='par_1_12' title="bbox 125 600 910 636">
     <span class='ocr_line' id='line_1_12' title="bbox 125 600 910 636; baseline 0.009 -11"><span class='ocrx_word' id='word_1_75' title='bbox 125 607 157 626; x_wconf 89' lang='lat' dir='ltr'><strong>ac</strong></span> <span class='ocrx_word' id='word_1_76' title='bbox 171 607 234 626; x_wconf 88' lang='lat' dir='ltr'><strong>cum</strong></span> <span class='ocrx_word' id='word_1_77' title='bbox 249 600 406 627; x_wconf 83' lang='lat' dir='ltr'><strong>accuratius</strong></span> <span class='ocrx_word' id='word_1_78' title='bbox 424 600 450 627; x_wconf 92' lang='lat' dir='ltr'><strong>in</strong></span> <span class='ocrx_word' id='word_1_79' title='bbox 478 600 543 627; x_wconf 93' lang='lat' dir='ltr'><strong>illud</strong></span> <span class='ocrx_word' id='word_1_80' title='bbox 572 601 709 636; x_wconf 80' lang='lat' dir='ltr'><strong>negotium</strong></span> <span class='ocrx_word' id='word_1_81' title='bbox 736 603 910 636; x_wconf 85' lang='lat' dir='ltr'><strong>incubuisse,</strong></span> 
     </span>
    </p>
   </div>
   <div class='ocr_carea' id='block_1_13' title="bbox 124 644 911 678">
    <p class='ocr_par' dir='ltr' id='par_1_13' title="bbox 124 644 911 678">
     <span class='ocr_line' id='line_1_13' title="bbox 124 644 911 678; baseline 0.005 -8"><span class='ocrx_word' id='word_1_82' title='bbox 124 649 182 670; x_wconf 90' lang='lat' dir='ltr'><strong>tum</strong></span> <span class='ocrx_word' id='word_1_83' title='bbox 202 651 267 670; x_wconf 90' lang='lat' dir='ltr'><strong>vero</strong></span> <span class='ocrx_word' id='word_1_84' title='bbox 283 644 425 678; x_wconf 87' lang='lat' dir='ltr'><strong>speciatim</strong></span> <span class='ocrx_word' id='word_1_85' title='bbox 441 645 506 672; x_wconf 90' lang='lat' dir='ltr'><strong>illud</strong></span> <span class='ocrx_word' id='word_1_86' title='bbox 526 645 680 673; x_wconf 82' lang='lat' dir='ltr'><strong>inculcasse</strong></span> <span class='ocrx_word' id='word_1_87' title='bbox 697 655 703 673; x_wconf 73' lang='grc' dir='ltr'><em>τ</em></span> <span class='ocrx_word' id='word_1_88' title='bbox 724 646 911 675; x_wconf 74' lang='grc' dir='ltr'>Ρωηίιειιιίαηι</span> 
     </span>
    </p>
   </div>
   <div class='ocr_carea' id='block_1_14' title="bbox 124 689 912 729">
    <p class='ocr_par' dir='ltr' id='par_1_14' title="bbox 124 689 912 729">
     <span class='ocr_line' id='line_1_14' title="bbox 124 689 912 729; baseline 0.01 -15"><span class='ocrx_word' id='word_1_89' title='bbox 124 689 215 722; x_wconf 79' lang='lat' dir='ltr'><strong>agite;</strong></span> <span class='ocrx_word' id='word_1_90' title='bbox 233 690 425 725; x_wconf 81' lang='lat' dir='ltr'><strong>appropinquat</strong></span> <span class='ocrx_word' id='word_1_91' title='bbox 444 691 513 717; x_wconf 82' lang='lat' dir='ltr'><strong>enim</strong></span> <span class='ocrx_word' id='word_1_92' title='bbox 530 700 637 726; x_wconf 83' lang='lat' dir='ltr'><strong>regnum</strong></span> <span class='ocrx_word' id='word_1_93' title='bbox 654 692 788 720; x_wconf 67' lang='lat' dir='ltr'><strong>caelorum.</strong></span> <span class='ocrx_word' id='word_1_94' title='bbox 809 694 912 729; x_wconf 90' lang='lat' dir='ltr'><strong>Cujus—</strong></span> 
     </span>
    </p>
   </div>
   <div class='ocr_carea' id='block_1_15' title="bbox 124 734 911 772">
    <p class='ocr_par' dir='ltr' id='par_1_15' title="bbox 124 734 911 772">
     <span class='ocr_line' id='line_1_15' title="bbox 124 734 911 772; baseline 0.008 -10"><span class='ocrx_word' id='word_1_95' title='bbox 124 734 198 762; x_wconf 88' lang='lat' dir='ltr'><strong>modi</strong></span> <span class='ocrx_word' id='word_1_96' title='bbox 214 735 430 762; x_wconf 89' lang='lat' dir='ltr'><strong>eohortationem</strong></span> <span class='ocrx_word' id='word_1_97' title='bbox 451 736 492 763; x_wconf 87' lang='lat' dir='ltr'><strong>vel</strong></span> <span class='ocrx_word' id='word_1_98' title='bbox 514 737 635 765; x_wconf 91' lang='lat' dir='ltr'><strong>nondum</strong></span> <span class='ocrx_word' id='word_1_99' title='bbox 648 743 738 772; x_wconf 87' lang='lat' dir='ltr'><strong>antea,</strong></span> <span class='ocrx_word' id='word_1_100' title='bbox 760 741 800 768; x_wconf 88' lang='lat' dir='ltr'><strong>vel</strong></span> <span class='ocrx_word' id='word_1_101' title='bbox 819 741 911 768; x_wconf 87' lang='lat' dir='ltr'><strong>minus</strong></span> 
     </span>
    </p>
   </div>
   <div class='ocr_carea' id='block_1_16' title="bbox 123 781 911 820">
    <p class='ocr_par' dir='ltr' id='par_1_16' title="bbox 123 781 911 820">
     <span class='ocr_line' id='line_1_16' title="bbox 123 781 911 820; baseline 0.01 -14"><span class='ocrx_word' id='word_1_102' title='bbox 123 781 222 808; x_wconf 87' lang='lat' dir='ltr'><strong>crebro</strong></span> <span class='ocrx_word' id='word_1_103' title='bbox 251 788 284 808; x_wconf 94' lang='lat' dir='ltr'><strong>ac</strong></span> <span class='ocrx_word' id='word_1_104' title='bbox 313 781 486 810; x_wconf 85' lang='lat' dir='ltr'><strong>vehementer</strong></span> <span class='ocrx_word' id='word_1_105' title='bbox 511 788 668 818; x_wconf 89' lang='lat' dir='ltr'><strong>usurparat,</strong></span> <span class='ocrx_word' id='word_1_106' title='bbox 685 785 758 820; x_wconf 92' lang='lat' dir='ltr'><strong>quod</strong></span> <span class='ocrx_word' id='word_1_107' title='bbox 781 794 841 813; x_wconf 87' lang='lat' dir='ltr'><strong>eam</strong></span> <span class='ocrx_word' id='word_1_108' title='bbox 859 787 911 814; x_wconf 82' lang='lat' dir='ltr'><strong>sibi</strong></span> 
     </span>
    </p>
   </div>
   <div class='ocr_carea' id='block_1_17' title="bbox 123 824 912 867">
    <p class='ocr_par' dir='ltr' id='par_1_17' title="bbox 123 824 912 867">
     <span class='ocr_line' id='line_1_17' title="bbox 123 824 912 867; baseline 0.009 -15"><span class='ocrx_word' id='word_1_109' title='bbox 123 824 243 854; x_wconf 88' lang='lat' dir='ltr'><strong>Joannes</strong></span> <span class='ocrx_word' id='word_1_110' title='bbox 258 827 436 861; x_wconf 63' lang='lat' dir='ltr'><strong>prmdicanda:</strong></span> <span class='ocrx_word' id='word_1_111' title='bbox 458 829 626 862; x_wconf 68' lang='lat' dir='ltr'><strong>poenitentia:</strong></span> <span class='ocrx_word' id='word_1_112' title='bbox 644 831 818 867; x_wconf 77' lang='lat' dir='ltr'><strong>provinciam</strong></span> <span class='ocrx_word' id='word_1_113' title='bbox 838 832 912 860; x_wconf 89' lang='lat' dir='ltr'><strong>velut</strong></span> 
     </span>
    </p>
   </div>
   <div class='ocr_carea' id='block_1_18' title="bbox 123 875 908 914">
    <p class='ocr_par' dir='ltr' id='par_1_18' title="bbox 123 875 908 914">
     <span class='ocr_line' id='line_1_18' title="bbox 123 875 908 914; baseline 0.008 -14"><span class='ocrx_word' id='word_1_114' title='bbox 123 875 262 909; x_wconf 85' lang='lat' dir='ltr'><strong>propriam</strong></span> <span class='ocrx_word' id='word_1_115' title='bbox 286 882 317 902; x_wconf 92' lang='lat' dir='ltr'><strong>ac</strong></span> <span class='ocrx_word' id='word_1_116' title='bbox 333 875 495 909; x_wconf 87' lang='lat' dir='ltr'><strong>peculiarem</strong></span> <span class='ocrx_word' id='word_1_117' title='bbox 518 877 690 911; x_wconf 85' lang='lat' dir='ltr'><strong>sumpsisset.</strong></span> <span class='ocrx_word' id='word_1_118' title='bbox 706 877 790 912; x_wconf 89' lang='lat' dir='ltr'><strong>Nihil,</strong></span> <span class='ocrx_word' id='word_1_119' title='bbox 801 880 908 914; x_wconf 86' lang='lat' dir='ltr'><strong>opinor,</strong></span> 
     </span>
    </p>
   </div>
   <div class='ocr_carea' id='block_1_19' title="bbox 125 920 946 960">
    <p class='ocr_par' dir='ltr' id='par_1_19' title="bbox 125 920 946 960">
     <span class='ocr_line' id='line_1_19' title="bbox 125 920 946 960; baseline 0.009 -13"><span class='ocrx_word' id='word_1_120' title='bbox 125 920 177 947; x_wconf 88' lang='lat' dir='ltr'><strong>hac</strong></span> <span class='ocrx_word' id='word_1_121' title='bbox 208 926 302 948; x_wconf 89' lang='lat' dir='ltr'><strong>nostra</strong></span> <span class='ocrx_word' id='word_1_122' title='bbox 331 921 488 956; x_wconf 82' lang='lat' dir='ltr'><strong>conjectura</strong></span> <span class='ocrx_word' id='word_1_123' title='bbox 519 922 582 957; x_wconf 82' lang='lat' dir='ltr'><strong>lingi</strong></span> <span class='ocrx_word' id='word_1_124' title='bbox 609 924 778 958; x_wconf 86' lang='lat' dir='ltr'><strong>probabilius</strong></span> <span class='ocrx_word' id='word_1_125' title='bbox 811 930 908 960; x_wconf 88' lang='lat' dir='ltr'><strong>potest.</strong></span> <span class='ocrx_word' id='word_1_126' title='bbox 926 921 946 948; x_wconf 79' lang='grc' dir='ltr'><strong>Β</strong></span> 
     </span>
    </p>
   </div>
   <div class='ocr_carea' id='block_1_20' title="bbox 124 962 911 1002">
    <p class='ocr_par' dir='ltr' id='par_1_20' title="bbox 124 962 911 1002">
     <span class='ocr_line' id='line_1_20' title="bbox 124 962 911 1002; baseline 0.006 -10"><span class='ocrx_word' id='word_1_127' title='bbox 124 962 203 993; x_wconf 82' lang='lat' dir='ltr'><strong>Nunc</strong></span> <span class='ocrx_word' id='word_1_128' title='bbox 216 971 245 993; x_wconf 87' lang='lat' dir='ltr'><strong>ut</strong></span> <span class='ocrx_word' id='word_1_129' title='bbox 269 966 412 1001; x_wconf 87' lang='lat' dir='ltr'><strong>Epiphanii</strong></span> <span class='ocrx_word' id='word_1_130' title='bbox 430 971 606 1002; x_wconf 85' lang='lat' dir='ltr'><strong>veterumque</strong></span> <span class='ocrx_word' id='word_1_131' title='bbox 622 968 655 995; x_wconf 93' lang='lat' dir='ltr'><strong>de</strong></span> <span class='ocrx_word' id='word_1_132' title='bbox 675 969 762 996; x_wconf 90' lang='lat' dir='ltr'><strong>tribus</strong></span> <span class='ocrx_word' id='word_1_133' title='bbox 790 969 911 997; x_wconf 81' lang='lat' dir='ltr'><strong>Pascha-</strong></span> 
     </span>
    </p>
   </div>
   <div class='ocr_carea' id='block_1_21' title="bbox 125 1012 913 1050">
    <p class='ocr_par' dir='ltr' id='par_1_21' title="bbox 125 1012 913 1050">
     <span class='ocr_line' id='line_1_21' title="bbox 125 1012 913 1050; baseline 0.006 -12"><span class='ocrx_word' id='word_1_134' title='bbox 125 1012 200 1039; x_wconf 89' lang='lat' dir='ltr'><strong>tibus</strong></span> <span class='ocrx_word' id='word_1_135' title='bbox 216 1012 308 1046; x_wconf 91' lang='lat' dir='ltr'><strong>opinio</strong></span> <span class='ocrx_word' id='word_1_136' title='bbox 328 1012 416 1047; x_wconf 78' lang='lat' dir='ltr'><strong>magis</strong></span> <span class='ocrx_word' id='word_1_137' title='bbox 435 1012 595 1046; x_wconf 88' lang='lat' dir='ltr'><strong>illustretur,</strong></span> <span class='ocrx_word' id='word_1_138' title='bbox 616 1014 725 1041; x_wconf 83' lang='lat' dir='ltr'><strong>brevem</strong></span> <span class='ocrx_word' id='word_1_139' title='bbox 751 1015 913 1050; x_wconf 74' lang='lat' dir='ltr'><strong>evangelica:</strong></span> 
     </span>
    </p>
   </div>
   <div class='ocr_carea' id='block_1_22' title="bbox 125 1059 880 1096">
    <p class='ocr_par' dir='ltr' id='par_1_22' title="bbox 125 1059 880 1096">
     <span class='ocr_line' id='line_1_22' title="bbox 125 1059 880 1096; baseline 0.004 -11"><span class='ocrx_word' id='word_1_140' title='bbox 125 1059 292 1086; x_wconf 84' lang='lat' dir='ltr'><strong>narrationis</strong></span> <span class='ocrx_word' id='word_1_141' title='bbox 309 1059 407 1086; x_wconf 86' lang='lat' dir='ltr'><strong>seriem</strong></span> <span class='ocrx_word' id='word_1_142' title='bbox 423 1060 457 1087; x_wconf 90' lang='lat' dir='ltr'><strong>ad</strong></span> <span class='ocrx_word' id='word_1_143' title='bbox 473 1060 581 1087; x_wconf 90' lang='lat' dir='ltr'><strong>illorum</strong></span> <span class='ocrx_word' id='word_1_144' title='bbox 597 1060 739 1087; x_wconf 87' lang='lat' dir='ltr'><strong>intervalla</strong></span> <span class='ocrx_word' id='word_1_145' title='bbox 754 1061 880 1096; x_wconf 80' lang='lat' dir='ltr'><strong>dirigam.</strong></span> 
     </span>
    </p>
   </div>
   <div class='ocr_carea' id='block_1_23' title="bbox 126 1114 912 1151">
    <p class='ocr_par' dir='ltr' id='par_1_23' title="bbox 126 1114 912 1151">
     <span class='ocr_line' id='line_1_23' title="bbox 126 1114 912 1151; baseline 0.004 -9"><span class='ocrx_word' id='word_1_146' title='bbox 126 1114 356 1150; x_wconf 79' lang='lat' dir='ltr'><strong>Evangelislarnm</strong></span> <span class='ocrx_word' id='word_1_147' title='bbox 374 1117 496 1143; x_wconf 81' lang='lat' dir='ltr'><strong>narratio</strong></span> <span class='ocrx_word' id='word_1_148' title='bbox 527 1116 561 1142; x_wconf 79' lang='lat' dir='ltr'><strong>ad</strong></span> <span class='ocrx_word' id='word_1_149' title='bbox 594 1116 737 1151; x_wconf 82' lang='lat' dir='ltr'><strong>Epiphanii</strong></span> <span class='ocrx_word' id='word_1_150' title='bbox 756 1119 912 1145; x_wconf 80' lang='lat' dir='ltr'><strong>sententiam</strong></span> 
     </span>
    </p>
   </div>
   <div class='ocr_carea' id='block_1_24' title="bbox 225 1151 794 1179">
    <p class='ocr_par' dir='ltr' id='par_1_24' title="bbox 225 1151 794 1179">
     <span class='ocr_line' id='line_1_24' title="bbox 225 1151 794 1179; baseline 0.004 -2"><span class='ocrx_word' id='word_1_151' title='bbox 225 1151 256 1177; x_wconf 82' lang='lat' dir='ltr'><strong>de</strong></span> <span class='ocrx_word' id='word_1_152' title='bbox 272 1151 355 1177; x_wconf 75' lang='lat' dir='ltr'><strong>tribus</strong></span> <span class='ocrx_word' id='word_1_153' title='bbox 373 1151 550 1179; x_wconf 65' lang='lat' dir='ltr'><strong>Paw/tatibus</strong></span> <span class='ocrx_word' id='word_1_154' title='bbox 569 1154 794 1179; x_wconf 72' lang='lat' dir='ltr'><strong>accommodatur.</strong></span> 
     </span>
    </p>
   </div>
   <div class='ocr_carea' id='block_1_25' title="bbox 160 1196 913 1235">
    <p class='ocr_par' dir='ltr' id='par_1_25' title="bbox 160 1196 913 1235">
     <span class='ocr_line' id='line_1_25' title="bbox 160 1196 913 1235; baseline 0.004 -12"><span class='ocrx_word' id='word_1_155' title='bbox 160 1196 226 1224; x_wconf 87' lang='lat' dir='ltr'><strong>Post</strong></span> <span class='ocrx_word' id='word_1_156' title='bbox 244 1197 407 1232; x_wconf 88' lang='lat' dir='ltr'><strong>baptismum</strong></span> <span class='ocrx_word' id='word_1_157' title='bbox 423 1203 449 1225; x_wconf 89' lang='lat' dir='ltr'><strong>et</strong></span> <span class='ocrx_word' id='word_1_158' title='bbox 465 1206 498 1225; x_wconf 69' lang='grc' dir='ltr'>ιιι,</span> <span class='ocrx_word' id='word_1_159' title='bbox 515 1199 620 1226; x_wconf 91' lang='lat' dir='ltr'><strong>dierum</strong></span> <span class='ocrx_word' id='word_1_160' title='bbox 630 1199 765 1235; x_wconf 88' lang='lat' dir='ltr'><strong>jejunium</strong></span> <span class='ocrx_word' id='word_1_161' title='bbox 778 1207 809 1226; x_wconf 89' lang='lat' dir='ltr'><strong>ea</strong></span> <span class='ocrx_word' id='word_1_162' title='bbox 824 1200 913 1227; x_wconf 85' lang='lat' dir='ltr'><strong>conti-</strong></span> 
     </span>
    </p>
   </div>
   <div class='ocr_carea' id='block_1_26' title="bbox 125 1241 910 1279">
    <p class='ocr_par' dir='ltr' id='par_1_26' title="bbox 125 1241 910 1279">
     <span class='ocr_line' id='line_1_26' title="bbox 125 1241 910 1279; baseline 0.005 -12"><span class='ocrx_word' id='word_1_163' title='bbox 125 1247 231 1275; x_wconf 72' lang='lat' dir='ltr'><strong>gcruut,</strong></span> <span class='ocrx_word' id='word_1_164' title='bbox 254 1249 315 1277; x_wconf 71' lang='lat' dir='ltr'><strong>qua:</strong></span> <span class='ocrx_word' id='word_1_165' title='bbox 330 1241 408 1270; x_wconf 83' lang='lat' dir='ltr'><strong>J0an.</strong></span> <span class='ocrx_word' id='word_1_166' title='bbox 426 1252 434 1270; x_wconf 86' lang='grc' dir='ltr'><strong>ι</strong></span> <span class='ocrx_word' id='word_1_167' title='bbox 453 1243 540 1278; x_wconf 86' lang='lat' dir='ltr'><strong>capite</strong></span> <span class='ocrx_word' id='word_1_168' title='bbox 555 1250 701 1271; x_wconf 84' lang='lat' dir='ltr'><strong>narrantur</strong></span> <span class='ocrx_word' id='word_1_169' title='bbox 717 1244 750 1271; x_wconf 88' lang='lat' dir='ltr'><strong>de</strong></span> <span class='ocrx_word' id='word_1_170' title='bbox 769 1245 910 1279; x_wconf 83' lang='lat' dir='ltr'><strong>apostolo—-</strong></span> 
     </span>
    </p>
   </div>
   <div class='ocr_carea' id='block_1_27' title="bbox 124 1287 912 1323">
    <p class='ocr_par' dir='ltr' id='par_1_27' title="bbox 124 1287 912 1323">
     <span class='ocr_line' id='line_1_27' title="bbox 124 1287 912 1323; baseline 0.006 -11"><span class='ocrx_word' id='word_1_171' title='bbox 124 1294 184 1313; x_wconf 93' lang='lat' dir='ltr'><strong>rum</strong></span> <span class='ocrx_word' id='word_1_172' title='bbox 197 1288 348 1315; x_wconf 85' lang='lat' dir='ltr'><strong>vocatione.</strong></span> <span class='ocrx_word' id='word_1_173' title='bbox 361 1287 426 1316; x_wconf 83' lang='lat' dir='ltr'><strong>lude</strong></span> <span class='ocrx_word' id='word_1_174' title='bbox 440 1289 540 1323; x_wconf 78' lang='lat' dir='ltr'><strong>nuptiae</strong></span> <span class='ocrx_word' id='word_1_175' title='bbox 554 1289 580 1316; x_wconf 94' lang='lat' dir='ltr'><strong>in</strong></span> <span class='ocrx_word' id='word_1_176' title='bbox 594 1290 668 1317; x_wconf 85' lang='lat' dir='ltr'><strong>Cana</strong></span> <span class='ocrx_word' id='word_1_177' title='bbox 682 1289 798 1317; x_wconf 66' lang='lat' dir='ltr'><strong>Galilaeze</strong></span> <span class='ocrx_word' id='word_1_178' title='bbox 811 1289 912 1317; x_wconf 87' lang='lat' dir='ltr'><strong>Joann.</strong></span> 
     </span>
    </p>
   </div>
   <div class='ocr_carea' id='block_1_28' title="bbox 125 1333 910 1370">
    <p class='ocr_par' dir='ltr' id='par_1_28' title="bbox 125 1333 910 1370">
     <span class='ocr_line' id='line_1_28' title="bbox 125 1333 910 1370; baseline 0.005 -11"><span class='ocrx_word' id='word_1_179' title='bbox 125 1340 143 1359; x_wconf 97' lang='grc' dir='ltr'><strong>ιι</strong></span> <span class='ocrx_word' id='word_1_180' title='bbox 162 1341 249 1368; x_wconf 89' lang='lat' dir='ltr'><strong>usque</strong></span> <span class='ocrx_word' id='word_1_181' title='bbox 264 1333 296 1360; x_wconf 87' lang='lat' dir='ltr'><strong>ad</strong></span> <span class='ocrx_word' id='word_1_182' title='bbox 310 1341 415 1362; x_wconf 88' lang='lat' dir='ltr'><strong>comma</strong></span> <span class='ocrx_word' id='word_1_183' title='bbox 451 1335 492 1367; x_wconf 79' lang='lat'><strong>13,</strong></span> <span class='ocrx_word' id='word_1_184' title='bbox 506 1336 616 1370; x_wconf 87' lang='lat' dir='ltr'><strong>quando</strong></span> <span class='ocrx_word' id='word_1_185' title='bbox 638 1335 830 1370; x_wconf 86' lang='lat' dir='ltr'><strong>Capharnaum</strong></span> <span class='ocrx_word' id='word_1_186' title='bbox 848 1343 910 1363; x_wconf 91' lang='lat' dir='ltr'><strong>cum</strong></span> 
     </span>
    </p>
   </div>
   <div class='ocr_carea' id='block_1_29' title="bbox 125 1378 912 1415">
    <p class='ocr_par' dir='ltr' id='par_1_29' title="bbox 125 1378 912 1415">
     <span class='ocr_line' id='line_1_29' title="bbox 125 1378 912 1415; baseline 0.005 -11"><span class='ocrx_word' id='word_1_187' title='bbox 125 1379 183 1406; x_wconf 86' lang='lat' dir='ltr'><strong>suis</strong></span> <span class='ocrx_word' id='word_1_188' title='bbox 200 1378 340 1413; x_wconf 78' lang='lat' dir='ltr'><strong>profectus</strong></span> <span class='ocrx_word' id='word_1_189' title='bbox 355 1385 405 1407; x_wconf 87' lang='lat' dir='ltr'><strong>est.</strong></span> <span class='ocrx_word' id='word_1_190' title='bbox 426 1379 476 1407; x_wconf 88' lang='lat' dir='ltr'><strong>Ubi</strong></span> <span class='ocrx_word' id='word_1_191' title='bbox 491 1388 552 1407; x_wconf 88' lang='lat' dir='ltr'><strong>cum</strong></span> <span class='ocrx_word' id='word_1_192' title='bbox 566 1381 660 1415; x_wconf 79' lang='lat' dir='ltr'><strong>paucis</strong></span> <span class='ocrx_word' id='word_1_193' title='bbox 676 1381 772 1408; x_wconf 87' lang='lat' dir='ltr'><strong>diebus</strong></span> <span class='ocrx_word' id='word_1_194' title='bbox 789 1381 912 1408; x_wconf 67' lang='lat' dir='ltr'><strong>haesisset</strong></span> 
     </span>
    </p>
   </div>
   <div class='ocr_carea' id='block_1_30' title="bbox 124 1423 910 1461">
    <p class='ocr_par' dir='ltr' id='par_1_30' title="bbox 124 1423 910 1461">
     <span class='ocr_line' id='line_1_30' title="bbox 124 1423 910 1461; baseline 0.005 -11"><span class='ocrx_word' id='word_1_195' title='bbox 124 1423 261 1452; x_wconf 70' lang='lat' dir='ltr'><strong>Galilaeam</strong></span> <span class='ocrx_word' id='word_1_196' title='bbox 275 1425 351 1457; x_wconf 89' lang='lat' dir='ltr'><strong>obiit,</strong></span> <span class='ocrx_word' id='word_1_197' title='bbox 373 1426 464 1460; x_wconf 88' lang='lat' dir='ltr'><strong>ibique</strong></span> <span class='ocrx_word' id='word_1_198' title='bbox 481 1426 635 1460; x_wconf 66' lang='lat' dir='ltr'><strong>prmdicavit</strong></span> <span class='ocrx_word' id='word_1_199' title='bbox 654 1425 829 1461; x_wconf 76' lang='lat' dir='ltr'><strong>Evangelium</strong></span> <span class='ocrx_word' id='word_1_200' title='bbox 842 1426 910 1454; x_wconf 92' lang='lat' dir='ltr'><strong>Luc.</strong></span> 
     </span>
    </p>
   </div>
   <div class='ocr_carea' id='block_1_31' title="bbox 124 1468 910 1506">
    <p class='ocr_par' dir='ltr' id='par_1_31' title="bbox 124 1468 910 1506">
     <span class='ocr_line' id='line_1_31' title="bbox 124 1468 910 1506; baseline 0.004 -11"><span class='ocrx_word' id='word_1_201' title='bbox 124 1477 161 1500; x_wconf 79' lang='lat' dir='ltr'><strong>iv,</strong></span> <span class='ocrx_word' id='word_1_202' title='bbox 174 1477 247 1498; x_wconf 88' lang='lat' dir='ltr'><strong>com.</strong></span> <span class='ocrx_word' id='word_1_203' title='bbox 263 1469 307 1502; x_wconf 77' lang='grc'>14,</span> <span class='ocrx_word' id='word_1_204' title='bbox 323 1468 506 1497; x_wconf 84' lang='lat' dir='ltr'><strong>Nazarethum</strong></span> <span class='ocrx_word' id='word_1_205' title='bbox 535 1471 621 1505; x_wconf 85' lang='lat' dir='ltr'><strong>petiit,</strong></span> <span class='ocrx_word' id='word_1_206' title='bbox 639 1471 686 1498; x_wconf 93' lang='lat' dir='ltr'><strong>ubi</strong></span> <span class='ocrx_word' id='word_1_207' title='bbox 713 1472 910 1506; x_wconf 82' lang='lat' dir='ltr'><strong>propemodum</strong></span> 
     </span>
    </p>
   </div>
   <div class='ocr_carea' id='block_1_32' title="bbox 124 1514 911 1552">
    <p class='ocr_par' dir='ltr' id='par_1_32' title="bbox 124 1514 911 1552">
     <span class='ocr_line' id='line_1_32' title="bbox 124 1514 911 1552; baseline 0.005 -12"><span class='ocrx_word' id='word_1_208' title='bbox 124 1522 139 1541; x_wconf 77' lang='grc' dir='ltr'><strong>ιι</strong></span> <span class='ocrx_word' id='word_1_209' title='bbox 165 1514 270 1542; x_wconf 85' lang='lat' dir='ltr'><strong>civibus</strong></span> <span class='ocrx_word' id='word_1_210' title='bbox 299 1516 407 1543; x_wconf 75' lang='lat' dir='ltr'><strong>occisus</strong></span> <span class='ocrx_word' id='word_1_211' title='bbox 423 1520 474 1543; x_wconf 89' lang='lat' dir='ltr'><strong>est.</strong></span> <span class='ocrx_word' id='word_1_212' title='bbox 504 1515 567 1544; x_wconf 83' lang='lat' dir='ltr'><strong>Post</strong></span> <span class='ocrx_word' id='word_1_213' title='bbox 585 1517 642 1544; x_wconf 67' lang='lat' dir='ltr'><strong>haec</strong></span> <span class='ocrx_word' id='word_1_214' title='bbox 664 1517 803 1552; x_wconf 84' lang='lat' dir='ltr'><strong>apostolos</strong></span> <span class='ocrx_word' id='word_1_215' title='bbox 819 1517 911 1544; x_wconf 81' lang='lat' dir='ltr'><strong>denuo</strong></span> 
     </span>
    </p>
   </div>
   <div class='ocr_carea' id='block_1_33' title="bbox 123 1559 911 1596">
    <p class='ocr_par' dir='ltr' id='par_1_33' title="bbox 123 1559 911 1596">
     <span class='ocr_line' id='line_1_33' title="bbox 123 1559 911 1596; baseline 0.001 -9"><span class='ocrx_word' id='word_1_216' title='bbox 123 1561 240 1592; x_wconf 82' lang='lat' dir='ltr'><strong>vocavit,</strong></span> <span class='ocrx_word' id='word_1_217' title='bbox 249 1559 332 1588; x_wconf 82' lang='lat' dir='ltr'><strong>Marc.</strong></span> <span class='ocrx_word' id='word_1_218' title='bbox 351 1569 370 1594; x_wconf 93' lang='grc' dir='ltr'><strong>ι,</strong></span> <span class='ocrx_word' id='word_1_219' title='bbox 389 1561 432 1589; x_wconf 87' lang='grc'><strong>16.</strong></span> <span class='ocrx_word' id='word_1_220' title='bbox 448 1560 602 1596; x_wconf 87' lang='lat' dir='ltr'><strong>lterumque</strong></span> <span class='ocrx_word' id='word_1_221' title='bbox 617 1569 765 1590; x_wconf 85' lang='lat' dir='ltr'><strong>conscensa</strong></span> <span class='ocrx_word' id='word_1_222' title='bbox 785 1562 847 1588; x_wconf 81' lang='lat' dir='ltr'><strong>navi</strong></span> <span class='ocrx_word' id='word_1_223' title='bbox 861 1561 911 1588; x_wconf 87' lang='lat' dir='ltr'><strong>Pc-</strong></span> 
     </span>
    </p>
   </div>
   <div class='ocr_carea' id='block_1_34' title="bbox 122 1605 910 1640">
    <p class='ocr_par' dir='ltr' id='par_1_34' title="bbox 122 1605 910 1640">
     <span class='ocr_line' id='line_1_34' title="bbox 122 1605 910 1640; baseline 0.003 -9"><span class='ocrx_word' id='word_1_224' title='bbox 122 1610 196 1632; x_wconf 90' lang='lat' dir='ltr'><strong>trum</strong></span> <span class='ocrx_word' id='word_1_225' title='bbox 214 1613 247 1633; x_wconf 89' lang='lat' dir='ltr'><strong>ac</strong></span> <span class='ocrx_word' id='word_1_226' title='bbox 260 1609 374 1633; x_wconf 60' lang='lat' dir='ltr'><strong>caeteros</strong></span> <span class='ocrx_word' id='word_1_227' title='bbox 390 1605 424 1633; x_wconf 89' lang='lat' dir='ltr'><strong>ad</strong></span> <span class='ocrx_word' id='word_1_228' title='bbox 451 1614 510 1633; x_wconf 84' lang='lat' dir='ltr'><strong>sese</strong></span> <span class='ocrx_word' id='word_1_229' title='bbox 529 1606 672 1640; x_wconf 79' lang='lat' dir='ltr'><strong>pertraxit.</strong></span> <span class='ocrx_word' id='word_1_230' title='bbox 700 1605 768 1632; x_wconf 91' lang='lat' dir='ltr'><strong>Tum</strong></span> <span class='ocrx_word' id='word_1_231' title='bbox 788 1605 910 1640; x_wconf 88' lang='lat' dir='ltr'><strong>Caphar-</strong></span> 
     </span>
    </p>
   </div>
   <div class='ocr_carea' id='block_1_35' title="bbox 123 1652 910 1691">
    <p class='ocr_par' dir='ltr' id='par_1_35' title="bbox 123 1652 910 1691">
     <span class='ocr_line' id='line_1_35' title="bbox 123 1652 910 1691; baseline 0.004 -11"><span class='ocrx_word' id='word_1_232' title='bbox 123 1661 205 1680; x_wconf 90' lang='lat' dir='ltr'><strong>naum</strong></span> <span class='ocrx_word' id='word_1_233' title='bbox 223 1653 307 1686; x_wconf 83' lang='lat' dir='ltr'><strong>venit,</strong></span> <span class='ocrx_word' id='word_1_234' title='bbox 322 1652 406 1681; x_wconf 88' lang='lat' dir='ltr'><strong>Marc.</strong></span> <span class='ocrx_word' id='word_1_235' title='bbox 435 1662 453 1688; x_wconf 86' lang='lat'><strong>1,</strong></span> <span class='ocrx_word' id='word_1_236' title='bbox 469 1654 513 1685; x_wconf 63' lang='grc'>21,</span> <span class='ocrx_word' id='word_1_237' title='bbox 530 1653 596 1682; x_wconf 90' lang='lat' dir='ltr'><strong>Luc.</strong></span> <span class='ocrx_word' id='word_1_238' title='bbox 618 1662 654 1687; x_wconf 85' lang='lat' dir='ltr'><strong>tv,</strong></span> <span class='ocrx_word' id='word_1_239' title='bbox 669 1654 712 1681; x_wconf 84' lang='lat'><strong>51.</strong></span> <span class='ocrx_word' id='word_1_240' title='bbox 731 1653 781 1681; x_wconf 89' lang='lat' dir='ltr'><strong>Ubi</strong></span> <span class='ocrx_word' id='word_1_241' title='bbox 799 1653 826 1682; x_wconf 92' lang='lat' dir='ltr'><strong>in</strong></span> <span class='ocrx_word' id='word_1_242' title='bbox 846 1663 910 1691; x_wconf 80' lang='lat' dir='ltr'><strong>syn-</strong></span> 
     </span>
    </p>
   </div>
   <div class='ocr_carea' id='block_1_36' title="bbox 122 1701 910 1736">
    <p class='ocr_par' dir='ltr' id='par_1_36' title="bbox 122 1701 910 1736">
     <span class='ocr_line' id='line_1_36' title="bbox 122 1701 910 1736; baseline 0.003 -8"><span class='ocrx_word' id='word_1_243' title='bbox 122 1709 205 1736; x_wconf 72' lang='lat' dir='ltr'><strong>agoga</strong></span> <span class='ocrx_word' id='word_1_244' title='bbox 233 1702 431 1729; x_wconf 79' lang='lat' dir='ltr'><strong>daunoniacum</strong></span> <span class='ocrx_word' id='word_1_245' title='bbox 453 1706 531 1730; x_wconf 83' lang='lat' dir='ltr'><strong>curat</strong></span> <span class='ocrx_word' id='word_1_246' title='bbox 552 1711 558 1728; x_wconf 93' lang='lat'>:</span> <span class='ocrx_word' id='word_1_247' title='bbox 580 1702 642 1729; x_wconf 89' lang='lat' dir='ltr'><strong>inde</strong></span> <span class='ocrx_word' id='word_1_248' title='bbox 656 1701 729 1729; x_wconf 87' lang='lat' dir='ltr'><strong>Petri</strong></span> <span class='ocrx_word' id='word_1_249' title='bbox 745 1710 864 1735; x_wconf 89' lang='lat' dir='ltr'><strong>socrum,</strong></span> <span class='ocrx_word' id='word_1_250' title='bbox 878 1710 910 1731; x_wconf 92' lang='lat' dir='ltr'><strong>ac</strong></span> 
     </span>
    </p>
   </div>
   <div class='ocr_carea' id='block_1_37' title="bbox 123 1746 909 1783">
    <p class='ocr_par' dir='ltr' id='par_1_37' title="bbox 123 1746 909 1783">
     <span class='ocr_line' id='line_1_37' title="bbox 123 1746 909 1783; baseline 0.003 -10"><span class='ocrx_word' id='word_1_251' title='bbox 123 1746 273 1782; x_wconf 75' lang='lat' dir='ltr'><strong>leprosum.</strong></span> <span class='ocrx_word' id='word_1_252' title='bbox 299 1747 429 1783; x_wconf 83' lang='lat' dir='ltr'><strong>Sequitur</strong></span> <span class='ocrx_word' id='word_1_253' title='bbox 461 1747 581 1775; x_wconf 71' lang='lat' dir='ltr'><strong>Mattluei</strong></span> <span class='ocrx_word' id='word_1_254' title='bbox 609 1748 726 1781; x_wconf 86' lang='lat' dir='ltr'><strong>vocatio,</strong></span> <span class='ocrx_word' id='word_1_255' title='bbox 745 1747 840 1776; x_wconf 81' lang='lat' dir='ltr'><strong>Matth.</strong></span> <span class='ocrx_word' id='word_1_256' title='bbox 871 1757 909 1782; x_wconf 81' lang='lat' dir='ltr'><strong>ix,</strong></span> 
     </span>
    </p>
   </div>
   <div class='ocr_carea' id='block_1_38' title="bbox 123 1792 908 1825">
    <p class='ocr_par' dir='ltr' id='par_1_38' title="bbox 123 1792 908 1825">
     <span class='ocr_line' id='line_1_38' title="bbox 123 1792 908 1825; baseline 0.003 -5"><span class='ocrx_word' id='word_1_257' title='bbox 123 1792 207 1821; x_wconf 86' lang='lat' dir='ltr'><strong>Marc.</strong></span> <span class='ocrx_word' id='word_1_258' title='bbox 224 1800 255 1825; x_wconf 84' lang='grc' dir='ltr'><strong>ιι,</strong></span> <span class='ocrx_word' id='word_1_259' title='bbox 275 1793 339 1821; x_wconf 88' lang='lat' dir='ltr'><strong>Luc.</strong></span> <span class='ocrx_word' id='word_1_260' title='bbox 355 1802 380 1821; x_wconf 94' lang='lat' dir='ltr'><strong>v.</strong></span> <span class='ocrx_word' id='word_1_261' title='bbox 397 1794 454 1822; x_wconf 83' lang='lat' dir='ltr'><strong>Sub</strong></span> <span class='ocrx_word' id='word_1_262' title='bbox 471 1794 528 1822; x_wconf 69' lang='lat' dir='ltr'><strong>haec</strong></span> <span class='ocrx_word' id='word_1_263' title='bbox 543 1794 702 1822; x_wconf 87' lang='lat' dir='ltr'><strong>accedentes</strong></span> <span class='ocrx_word' id='word_1_264' title='bbox 726 1794 841 1822; x_wconf 82' lang='lat' dir='ltr'><strong>Joannis</strong></span> <span class='ocrx_word' id='word_1_265' title='bbox 865 1795 908 1822; x_wconf 91' lang='lat' dir='ltr'><strong>di-</strong></span> 
     </span>
    </p>
   </div>
   <div class='ocr_carea' id='block_1_39' title="bbox 124 1839 909 1877">
    <p class='ocr_par' dir='ltr' id='par_1_39' title="bbox 124 1839 909 1877">
     <span class='ocr_line' id='line_1_39' title="bbox 124 1839 909 1877; baseline 0.004 -11"><span class='ocrx_word' id='word_1_266' title='bbox 124 1839 221 1875; x_wconf 85' lang='lat' dir='ltr'><strong>scipuli</strong></span> <span class='ocrx_word' id='word_1_267' title='bbox 240 1847 302 1866; x_wconf 94' lang='lat' dir='ltr'><strong>cum</strong></span> <span class='ocrx_word' id='word_1_268' title='bbox 320 1839 465 1868; x_wconf 81' lang='lat' dir='ltr'><strong>Pharisaeis</strong></span> <span class='ocrx_word' id='word_1_269' title='bbox 489 1841 662 1876; x_wconf 79' lang='lat' dir='ltr'><strong>cxpostulant</strong></span> <span class='ocrx_word' id='word_1_270' title='bbox 683 1849 744 1868; x_wconf 93' lang='lat' dir='ltr'><strong>cum</strong></span> <span class='ocrx_word' id='word_1_271' title='bbox 763 1849 807 1874; x_wconf 92' lang='lat' dir='ltr'><strong>eo,</strong></span> <span class='ocrx_word' id='word_1_272' title='bbox 835 1841 909 1877; x_wconf 84' lang='lat' dir='ltr'><strong>quod</strong></span> 
     </span>
    </p>
   </div>
   <div class='ocr_carea' id='block_1_40' title="bbox 122 1885 910 1923">
    <p class='ocr_par' dir='ltr' id='par_1_40' title="bbox 122 1885 910 1923">
     <span class='ocr_line' id='line_1_40' title="bbox 122 1885 910 1923; baseline 0.001 -9"><span class='ocrx_word' id='word_1_273' title='bbox 122 1885 211 1921; x_wconf 85' lang='lat' dir='ltr'><strong>ipsius</strong></span> <span class='ocrx_word' id='word_1_274' title='bbox 231 1885 357 1920; x_wconf 89' lang='lat' dir='ltr'><strong>discipuli</strong></span> <span class='ocrx_word' id='word_1_275' title='bbox 383 1887 494 1914; x_wconf 90' lang='lat' dir='ltr'><strong>minime</strong></span> <span class='ocrx_word' id='word_1_276' title='bbox 517 1887 683 1922; x_wconf 87' lang='lat' dir='ltr'><strong>jejunarent.</strong></span> <span class='ocrx_word' id='word_1_277' title='bbox 703 1887 765 1915; x_wconf 91' lang='lat' dir='ltr'><strong>Inde</strong></span> <span class='ocrx_word' id='word_1_278' title='bbox 790 1888 910 1923; x_wconf 90' lang='lat' dir='ltr'><strong>primum</strong></span> 
     </span>
    </p>
   </div>
   <div class='ocr_carea' id='block_1_41' title="bbox 123 1931 908 1973">
    <p class='ocr_par' dir='ltr' id='par_1_41' title="bbox 123 1931 908 1973">
     <span class='ocr_line' id='line_1_41' title="bbox 123 1931 908 1973; baseline 0.003 -14"><span class='ocrx_word' id='word_1_279' title='bbox 123 1931 227 1973; x_wconf 73' lang='lat' dir='ltr'><strong>Pascha</strong></span> <span class='ocrx_word' id='word_1_280' title='bbox 246 1936 308 1967; x_wconf 87' lang='lat' dir='ltr'><strong>post</strong></span> <span class='ocrx_word' id='word_1_281' title='bbox 323 1932 487 1967; x_wconf 75' lang='lat' dir='ltr'><strong>baptismum</strong></span> <span class='ocrx_word' id='word_1_282' title='bbox 501 1932 580 1960; x_wconf 85' lang='lat' dir='ltr'><strong>Joan.</strong></span> <span class='ocrx_word' id='word_1_283' title='bbox 593 1941 622 1961; x_wconf 90' lang='grc' dir='ltr'>ιι.</span> <span class='ocrx_word' id='word_1_284' title='bbox 641 1932 757 1962; x_wconf 87' lang='lat' dir='ltr'><strong>Necesse</strong></span> <span class='ocrx_word' id='word_1_285' title='bbox 772 1938 814 1962; x_wconf 87' lang='lat' dir='ltr'><strong>est</strong></span> <span class='ocrx_word' id='word_1_286' title='bbox 835 1935 908 1961; x_wconf 85' lang='lat' dir='ltr'><strong>enim</strong></span> 
     </span>
    </p>
   </div>
   <div class='ocr_carea' id='block_1_42' title="bbox 123 1978 911 2014">
    <p class='ocr_par' dir='ltr' id='par_1_42' title="bbox 123 1978 911 2014">
     <span class='ocr_line' id='line_1_42' title="bbox 123 1978 911 2014; baseline 0.003 -9"><span class='ocrx_word' id='word_1_287' title='bbox 123 1978 219 2006; x_wconf 87' lang='lat' dir='ltr'><strong>multis</strong></span> <span class='ocrx_word' id='word_1_288' title='bbox 248 1982 328 2005; x_wconf 83' lang='lat' dir='ltr'><strong>antea</strong></span> <span class='ocrx_word' id='word_1_289' title='bbox 356 1978 495 2006; x_wconf 83' lang='lat' dir='ltr'><strong>miraculis</strong></span> <span class='ocrx_word' id='word_1_290' title='bbox 524 1979 626 2011; x_wconf 78' lang='lat' dir='ltr'><strong>editis,</strong></span> <span class='ocrx_word' id='word_1_291' title='bbox 656 1987 689 2006; x_wconf 91' lang='lat' dir='ltr'><strong>ac</strong></span> <span class='ocrx_word' id='word_1_292' title='bbox 717 1980 911 2014; x_wconf 67' lang='lat' dir='ltr'><strong>praedicatione</strong></span> 
     </span>
    </p>
   </div>
   <div class='ocr_carea' id='block_1_43' title="bbox 124 2022 911 2058">
    <p class='ocr_par' dir='ltr' id='par_1_43' title="bbox 124 2022 911 2058">
     <span class='ocr_line' id='line_1_43' title="bbox 124 2022 911 2058; baseline 0.003 -8"><span class='ocrx_word' id='word_1_293' title='bbox 124 2027 212 2058; x_wconf 74' lang='lat' dir='ltr'><strong>empta</strong></span> <span class='ocrx_word' id='word_1_294' title='bbox 229 2022 361 2052; x_wconf 84' lang='lat' dir='ltr'><strong>claruisse</strong></span> <span class='ocrx_word' id='word_1_295' title='bbox 375 2023 534 2057; x_wconf 88' lang='lat' dir='ltr'><strong>Dominum,</strong></span> <span class='ocrx_word' id='word_1_296' title='bbox 563 2029 591 2052; x_wconf 90' lang='lat' dir='ltr'><strong>ut</strong></span> <span class='ocrx_word' id='word_1_297' title='bbox 605 2032 637 2051; x_wconf 77' lang='lat' dir='ltr'><strong>ex</strong></span> <span class='ocrx_word' id='word_1_298' title='bbox 650 2024 792 2053; x_wconf 77' lang='lat' dir='ltr'><strong>NiCUdemi</strong></span> <span class='ocrx_word' id='word_1_299' title='bbox 808 2026 911 2052; x_wconf 86' lang='lat' dir='ltr'><strong>oratio-</strong></span> 
     </span>
    </p>
   </div>
   <div class='ocr_carea' id='block_1_44' title="bbox 124 2073 911 2108">
    <p class='ocr_par' dir='ltr' id='par_1_44' title="bbox 124 2073 911 2108">
     <span class='ocr_line' id='line_1_44' title="bbox 124 2073 911 2108; baseline 0.003 -8"><span class='ocrx_word' id='word_1_300' title='bbox 124 2080 158 2100; x_wconf 88' lang='lat' dir='ltr'><strong>ne</strong></span> <span class='ocrx_word' id='word_1_301' title='bbox 172 2073 320 2108; x_wconf 79' lang='lat' dir='ltr'><strong>colligitur.</strong></span> <span class='ocrx_word' id='word_1_302' title='bbox 341 2073 394 2101; x_wconf 86' lang='lat' dir='ltr'><strong>Per</strong></span> <span class='ocrx_word' id='word_1_303' title='bbox 409 2073 519 2101; x_wconf 86' lang='lat' dir='ltr'><strong>eosdem</strong></span> <span class='ocrx_word' id='word_1_304' title='bbox 541 2073 684 2101; x_wconf 87' lang='lat' dir='ltr'><strong>Paschalis</strong></span> <span class='ocrx_word' id='word_1_305' title='bbox 703 2075 761 2102; x_wconf 87' lang='lat' dir='ltr'><strong>dies</strong></span> <span class='ocrx_word' id='word_1_306' title='bbox 784 2074 911 2102; x_wconf 85' lang='lat' dir='ltr'><strong>Christus</strong></span> 
     </span>
    </p>
   </div>
   <div class='ocr_carea' id='block_1_45' title="bbox 126 2119 912 2156">
    <p class='ocr_par' dir='ltr' id='par_1_45' title="bbox 126 2119 912 2156">
     <span class='ocr_line' id='line_1_45' title="bbox 126 2119 912 2156; baseline 0.004 -10"><span class='ocrx_word' id='word_1_307' title='bbox 126 2119 310 2155; x_wconf 64' lang='lat' dir='ltr'><strong>negotiatores</strong></span> <span class='ocrx_word' id='word_1_308' title='bbox 330 2127 345 2146; x_wconf 92' lang='lat' dir='ltr'><strong>a</strong></span> <span class='ocrx_word' id='word_1_309' title='bbox 363 2120 463 2155; x_wconf 72' lang='lat' dir='ltr'><strong>templo</strong></span> <span class='ocrx_word' id='word_1_310' title='bbox 487 2120 635 2147; x_wconf 82' lang='lat' dir='ltr'><strong>submovit.</strong></span> <span class='ocrx_word' id='word_1_311' title='bbox 657 2120 754 2148; x_wconf 88' lang='lat' dir='ltr'><strong>Postea</strong></span> <span class='ocrx_word' id='word_1_312' title='bbox 778 2129 843 2148; x_wconf 90' lang='lat' dir='ltr'><strong>vero</strong></span> <span class='ocrx_word' id='word_1_313' title='bbox 863 2129 912 2156; x_wconf 89' lang='lat' dir='ltr'><strong>per</strong></span> 
     </span>
    </p>
   </div>
   <div class='ocr_carea' id='block_1_46' title="bbox 124 2165 909 2200">
    <p class='ocr_par' dir='ltr' id='par_1_46' title="bbox 124 2165 909 2200">
     <span class='ocr_line' id='line_1_46' title="bbox 124 2165 909 2200; baseline 0.003 -8"><span class='ocrx_word' id='word_1_314' title='bbox 124 2171 184 2193; x_wconf 75' lang='lat' dir='ltr'><strong>sata</strong></span> <span class='ocrx_word' id='word_1_315' title='bbox 202 2166 311 2194; x_wconf 87' lang='lat' dir='ltr'><strong>transiit</strong></span> <span class='ocrx_word' id='word_1_316' title='bbox 325 2165 420 2193; x_wconf 86' lang='lat' dir='ltr'><strong>Matth.</strong></span> <span class='ocrx_word' id='word_1_317' title='bbox 440 2175 489 2198; x_wconf 82' lang='lat' dir='ltr'><strong>xu,</strong></span> <span class='ocrx_word' id='word_1_318' title='bbox 504 2167 531 2198; x_wconf 90' lang='lat'><strong>1,</strong></span> <span class='ocrx_word' id='word_1_319' title='bbox 545 2166 628 2194; x_wconf 87' lang='lat' dir='ltr'><strong>Marc.</strong></span> <span class='ocrx_word' id='word_1_320' title='bbox 645 2175 674 2199; x_wconf 85' lang='grc' dir='ltr'><strong>ιι,</strong></span> <span class='ocrx_word' id='word_1_321' title='bbox 688 2168 733 2200; x_wconf 71' lang='lat'><strong>25,</strong></span> <span class='ocrx_word' id='word_1_322' title='bbox 745 2167 810 2195; x_wconf 88' lang='lat' dir='ltr'><strong>Luc.</strong></span> <span class='ocrx_word' id='word_1_323' title='bbox 828 2175 864 2200; x_wconf 83' lang='lat' dir='ltr'><strong>rt,</strong></span> <span class='ocrx_word' id='word_1_324' title='bbox 884 2168 909 2194; x_wconf 91' lang='lat'><strong>1.</strong></span> 
     </span>
    </p>
   </div>
   <div class='ocr_carea' id='block_1_47' title="bbox 125 2211 911 2247">
    <p class='ocr_par' dir='ltr' id='par_1_47' title="bbox 125 2211 911 2247">
     <span class='ocr_line' id='line_1_47' title="bbox 125 2211 911 2247; baseline 0.004 -9"><span class='ocrx_word' id='word_1_325' title='bbox 125 2212 284 2247; x_wconf 70' lang='lat' dir='ltr'><strong>Sequuntur</strong></span> <span class='ocrx_word' id='word_1_326' title='bbox 312 2216 388 2247; x_wconf 77' lang='lat' dir='ltr'><strong>gesta</strong></span> <span class='ocrx_word' id='word_1_327' title='bbox 414 2211 510 2239; x_wconf 81' lang='lat' dir='ltr'><strong>Matth.</strong></span> <span class='ocrx_word' id='word_1_328' title='bbox 545 2220 583 2239; x_wconf 80' lang='lat' dir='ltr'><strong>xu</strong></span> <span class='ocrx_word' id='word_1_329' title='bbox 617 2213 650 2240; x_wconf 91' lang='lat' dir='ltr'><strong>ad</strong></span> <span class='ocrx_word' id='word_1_330' title='bbox 679 2213 710 2240; x_wconf 68' lang='lat'><strong>21</strong></span> <span class='ocrx_word' id='word_1_331' title='bbox 731 2221 849 2240; x_wconf 88' lang='lat' dir='ltr'><strong>comma.</strong></span> <span class='ocrx_word' id='word_1_332' title='bbox 878 2213 911 2240; x_wconf 82' lang='lat' dir='ltr'><strong>Et</strong></span> 
     </span>
    </p>
   </div>
   <div class='ocr_carea' id='block_1_48' title="bbox 964 285 1747 321">
    <p class='ocr_par' dir='ltr' id='par_1_48' title="bbox 964 285 1747 321">
     <span class='ocr_line' id='line_1_48' title="bbox 964 285 1747 321; baseline -0.001 -8"><span class='ocrx_word' id='word_1_333' title='bbox 964 286 1044 314; x_wconf 84' lang='lat' dir='ltr'><strong>Venit</strong></span> <span class='ocrx_word' id='word_1_334' title='bbox 1062 293 1148 315; x_wconf 91' lang='lat' dir='ltr'><strong>mater</strong></span> <span class='ocrx_word' id='word_1_335' title='bbox 1163 296 1224 316; x_wconf 91' lang='lat' dir='ltr'><strong>cum</strong></span> <span class='ocrx_word' id='word_1_336' title='bbox 1242 288 1379 321; x_wconf 79' lang='lat' dir='ltr'><strong>fratribus,</strong></span> <span class='ocrx_word' id='word_1_337' title='bbox 1401 287 1484 314; x_wconf 84' lang='lat' dir='ltr'><strong>Marc.</strong></span> <span class='ocrx_word' id='word_1_338' title='bbox 1511 294 1552 318; x_wconf 88' lang='lat' dir='ltr'><strong>ut,</strong></span> <span class='ocrx_word' id='word_1_339' title='bbox 1575 286 1626 319; x_wconf 77' lang='lat'><strong>51;</strong></span> <span class='ocrx_word' id='word_1_340' title='bbox 1652 285 1747 313; x_wconf 86' lang='lat' dir='ltr'><strong>Matth.</strong></span> 
     </span>
    </p>
   </div>
   <div class='ocr_carea' id='block_1_49' title="bbox 965 330 1748 371">
    <p class='ocr_par' dir='ltr' id='par_1_49' title="bbox 965 330 1748 371">
     <span class='ocr_line' id='line_1_49' title="bbox 965 330 1748 371; baseline -0.003 -13"><span class='ocrx_word' id='word_1_341' title='bbox 965 339 1013 364; x_wconf 85' lang='grc' dir='ltr'>ιιιι,</span> <span class='ocrx_word' id='word_1_342' title='bbox 1030 332 1076 363; x_wconf 75' lang='grc'><strong>«16.</strong></span> <span class='ocrx_word' id='word_1_343' title='bbox 1096 332 1164 360; x_wconf 84' lang='grc' dir='ltr'>Τυιιι</span> <span class='ocrx_word' id='word_1_344' title='bbox 1194 333 1335 368; x_wconf 80' lang='lat' dir='ltr'><strong>egrediens</strong></span> <span class='ocrx_word' id='word_1_345' title='bbox 1351 333 1432 360; x_wconf 88' lang='lat' dir='ltr'><strong>dmno</strong></span> <span class='ocrx_word' id='word_1_346' title='bbox 1463 331 1496 358; x_wconf 84' lang='lat' dir='ltr'><strong>ad</strong></span> <span class='ocrx_word' id='word_1_347' title='bbox 1521 338 1596 357; x_wconf 90' lang='lat' dir='ltr'><strong>mare</strong></span> <span class='ocrx_word' id='word_1_348' title='bbox 1615 330 1748 371; x_wconf 68' lang='lat' dir='ltr'><strong>pervenit.</strong></span> 
     </span>
    </p>
   </div>
   <div class='ocr_carea' id='block_1_50' title="bbox 966 375 1748 412">
    <p class='ocr_par' dir='ltr' id='par_1_50' title="bbox 966 375 1748 412">
     <span class='ocr_line' id='line_1_50' title="bbox 966 375 1748 412; baseline -0.001 -9"><span class='ocrx_word' id='word_1_349' title='bbox 966 375 1017 404; x_wconf 94' lang='lat' dir='ltr'><strong>Ubi</strong></span> <span class='ocrx_word' id='word_1_350' title='bbox 1039 378 1194 412; x_wconf 88' lang='lat' dir='ltr'><strong>parabolam</strong></span> <span class='ocrx_word' id='word_1_351' title='bbox 1215 378 1354 410; x_wconf 78' lang='lat' dir='ltr'><strong>sementis,</strong></span> <span class='ocrx_word' id='word_1_352' title='bbox 1367 382 1393 405; x_wconf 89' lang='lat' dir='ltr'><strong>et</strong></span> <span class='ocrx_word' id='word_1_353' title='bbox 1405 377 1456 404; x_wconf 89' lang='lat' dir='ltr'><strong>alia</strong></span> <span class='ocrx_word' id='word_1_354' title='bbox 1471 375 1595 411; x_wconf 73' lang='lat' dir='ltr'><strong>quaedam</strong></span> <span class='ocrx_word' id='word_1_355' title='bbox 1611 375 1748 408; x_wconf 86' lang='lat' dir='ltr'><strong>edisserit,</strong></span> 
     </span>
    </p>
   </div>
   <div class='ocr_carea' id='block_1_51' title="bbox 965 422 1748 457">
    <p class='ocr_par' dir='ltr' id='par_1_51' title="bbox 965 422 1748 457">
     <span class='ocr_line' id='line_1_51' title="bbox 965 422 1748 457; baseline -0.005 -5"><span class='ocrx_word' id='word_1_356' title='bbox 965 423 1048 452; x_wconf 87' lang='lat' dir='ltr'><strong>Marc.</strong></span> <span class='ocrx_word' id='word_1_357' title='bbox 1068 433 1104 457; x_wconf 87' lang='lat' dir='ltr'><strong>tv,</strong></span> <span class='ocrx_word' id='word_1_358' title='bbox 1122 425 1219 452; x_wconf 84' lang='lat' dir='ltr'><strong>Matth.</strong></span> <span class='ocrx_word' id='word_1_359' title='bbox 1240 432 1309 452; x_wconf 83' lang='lat' dir='ltr'><strong>xm:</strong></span> <span class='ocrx_word' id='word_1_360' title='bbox 1331 432 1363 452; x_wconf 87' lang='lat' dir='ltr'><strong>ac</strong></span> <span class='ocrx_word' id='word_1_361' title='bbox 1379 423 1449 450; x_wconf 82' lang='lat' dir='ltr'><strong>forte</strong></span> <span class='ocrx_word' id='word_1_362' title='bbox 1460 424 1542 450; x_wconf 88' lang='lat' dir='ltr'><strong>etiam</strong></span> <span class='ocrx_word' id='word_1_363' title='bbox 1555 430 1615 457; x_wconf 74' lang='lat' dir='ltr'><strong>qua:</strong></span> <span class='ocrx_word' id='word_1_364' title='bbox 1627 422 1692 450; x_wconf 87' lang='lat' dir='ltr'><strong>Luc.</strong></span> <span class='ocrx_word' id='word_1_365' title='bbox 1710 429 1748 456; x_wconf 79' lang='lat' dir='ltr'><strong>xi,</strong></span> 
     </span>
    </p>
   </div>
   <div class='ocr_carea' id='block_1_52' title="bbox 963 468 1749 506">
    <p class='ocr_par' dir='ltr' id='par_1_52' title="bbox 963 468 1749 506">
     <span class='ocr_line' id='line_1_52' title="bbox 963 468 1749 506; baseline -0.005 -8"><span class='ocrx_word' id='word_1_366' title='bbox 963 471 1008 503; x_wconf 78' lang='grc'><strong>55,</strong></span> <span class='ocrx_word' id='word_1_367' title='bbox 1033 471 1169 506; x_wconf 78' lang='lat' dir='ltr'><strong>leguntur.</strong></span> <span class='ocrx_word' id='word_1_368' title='bbox 1195 471 1303 498; x_wconf 85' lang='lat' dir='ltr'><strong>interim</strong></span> <span class='ocrx_word' id='word_1_369' title='bbox 1316 469 1437 497; x_wconf 91' lang='lat' dir='ltr'><strong>nonnulli</strong></span> <span class='ocrx_word' id='word_1_370' title='bbox 1457 469 1490 497; x_wconf 93' lang='lat' dir='ltr'><strong>ad</strong></span> <span class='ocrx_word' id='word_1_371' title='bbox 1510 468 1648 496; x_wconf 87' lang='lat' dir='ltr'><strong>Christum</strong></span> <span class='ocrx_word' id='word_1_372' title='bbox 1669 475 1749 495; x_wconf 87' lang='lat' dir='ltr'><strong>acce-</strong></span> 
     </span>
    </p>
   </div>
   <div class='ocr_carea' id='block_1_53' title="bbox 963 514 1749 552">
    <p class='ocr_par' dir='ltr' id='par_1_53' title="bbox 963 514 1749 552">
     <span class='ocr_line' id='line_1_53' title="bbox 963 514 1749 552; baseline -0.004 -8"><span class='ocrx_word' id='word_1_373' title='bbox 963 518 1040 547; x_wconf 83' lang='lat' dir='ltr'><strong>dunt,</strong></span> <span class='ocrx_word' id='word_1_374' title='bbox 1059 524 1092 544; x_wconf 90' lang='lat' dir='ltr'><strong>ac</strong></span> <span class='ocrx_word' id='word_1_375' title='bbox 1103 517 1178 552; x_wconf 89' lang='lat' dir='ltr'><strong>sequi</strong></span> <span class='ocrx_word' id='word_1_376' title='bbox 1197 525 1226 544; x_wconf 89' lang='lat' dir='ltr'><strong>se</strong></span> <span class='ocrx_word' id='word_1_377' title='bbox 1239 516 1308 543; x_wconf 80' lang='lat' dir='ltr'><strong>velle</strong></span> <span class='ocrx_word' id='word_1_378' title='bbox 1319 516 1489 551; x_wconf 84' lang='lat' dir='ltr'><strong>proﬁtentur,</strong></span> <span class='ocrx_word' id='word_1_379' title='bbox 1503 514 1598 542; x_wconf 88' lang='lat' dir='ltr'><strong>Matth.</strong></span> <span class='ocrx_word' id='word_1_380' title='bbox 1620 522 1679 548; x_wconf 83' lang='grc' dir='ltr'>νιιι,</span> <span class='ocrx_word' id='word_1_381' title='bbox 1703 514 1749 541; x_wconf 89' lang='grc'><strong>18.</strong></span> 
     </span>
    </p>
   </div>
   <div class='ocr_carea' id='block_1_54' title="bbox 965 560 1749 597">
    <p class='ocr_par' dir='ltr' id='par_1_54' title="bbox 965 560 1749 597">
     <span class='ocr_line' id='line_1_54' title="bbox 965 560 1749 597; baseline -0.005 -7"><span class='ocrx_word' id='word_1_382' title='bbox 965 561 1032 590; x_wconf 87' lang='lat' dir='ltr'><strong>Post</strong></span> <span class='ocrx_word' id='word_1_383' title='bbox 1049 563 1076 590; x_wconf 92' lang='lat' dir='ltr'><strong>in</strong></span> <span class='ocrx_word' id='word_1_384' title='bbox 1090 563 1173 590; x_wconf 86' lang='lat' dir='ltr'><strong>altum</strong></span> <span class='ocrx_word' id='word_1_385' title='bbox 1190 567 1301 590; x_wconf 90' lang='lat' dir='ltr'><strong>evectus</strong></span> <span class='ocrx_word' id='word_1_386' title='bbox 1315 562 1459 597; x_wconf 83' lang='lat' dir='ltr'><strong>procellam</strong></span> <span class='ocrx_word' id='word_1_387' title='bbox 1484 561 1571 593; x_wconf 81' lang='lat' dir='ltr'><strong>sedat,</strong></span> <span class='ocrx_word' id='word_1_388' title='bbox 1601 560 1684 587; x_wconf 80' lang='lat' dir='ltr'><strong>Marc.</strong></span> <span class='ocrx_word' id='word_1_389' title='bbox 1711 567 1749 587; x_wconf 86' lang='grc' dir='ltr'>ιν.</span> 
     </span>
    </p>
   </div>
   <div class='ocr_carea' id='block_1_55' title="bbox 963 605 1747 643">
    <p class='ocr_par' dir='ltr' id='par_1_55' title="bbox 963 605 1747 643">
     <span class='ocr_line' id='line_1_55' title="bbox 963 605 1747 643; baseline -0.003 -9"><span class='ocrx_word' id='word_1_390' title='bbox 963 607 1091 643; x_wconf 85' lang='lat' dir='ltr'><strong>Trajecto</strong></span> <span class='ocrx_word' id='word_1_391' title='bbox 1111 609 1180 636; x_wconf 83' lang='lat' dir='ltr'><strong>freto</strong></span> <span class='ocrx_word' id='word_1_392' title='bbox 1200 609 1227 635; x_wconf 91' lang='lat' dir='ltr'><strong>in</strong></span> <span class='ocrx_word' id='word_1_393' title='bbox 1245 607 1445 636; x_wconf 85' lang='lat' dir='ltr'><strong>Gerasenorum</strong></span> <span class='ocrx_word' id='word_1_394' title='bbox 1466 614 1532 642; x_wconf 74' lang='lat' dir='ltr'><strong>agro</strong></span> <span class='ocrx_word' id='word_1_395' title='bbox 1548 605 1747 633; x_wconf 66' lang='lat' dir='ltr'><strong>daemoniaeum</strong></span> 
     </span>
    </p>
   </div>
   <div class='ocr_carea' id='block_1_56' title="bbox 962 651 1750 686">
    <p class='ocr_par' dir='ltr' id='par_1_56' title="bbox 962 651 1750 686">
     <span class='ocr_line' id='line_1_56' title="bbox 962 651 1750 686; baseline -0.005 -5"><span class='ocrx_word' id='word_1_396' title='bbox 962 654 1069 686; x_wconf 89' lang='lat' dir='ltr'><strong>liberat,</strong></span> <span class='ocrx_word' id='word_1_397' title='bbox 1086 653 1182 681; x_wconf 83' lang='lat' dir='ltr'><strong>Matth.</strong></span> <span class='ocrx_word' id='word_1_398' title='bbox 1200 661 1259 684; x_wconf 80' lang='lat' dir='ltr'><strong>vui,</strong></span> <span class='ocrx_word' id='word_1_399' title='bbox 1286 654 1370 681; x_wconf 87' lang='lat' dir='ltr'><strong>Marc.</strong></span> <span class='ocrx_word' id='word_1_400' title='bbox 1394 661 1420 681; x_wconf 74' lang='grc' dir='ltr'><strong>ν.</strong></span> <span class='ocrx_word' id='word_1_401' title='bbox 1454 652 1571 679; x_wconf 77' lang='lat' dir='ltr'><strong>Rediens</strong></span> <span class='ocrx_word' id='word_1_402' title='bbox 1592 651 1750 686; x_wconf 84' lang='lat' dir='ltr'><strong>archisyna—</strong></span> 
     </span>
    </p>
   </div>
   <div class='ocr_carea' id='block_1_57' title="bbox 962 697 1747 734">
    <p class='ocr_par' dir='ltr' id='par_1_57' title="bbox 962 697 1747 734">
     <span class='ocr_line' id='line_1_57' title="bbox 962 697 1747 734; baseline -0.005 -8"><span class='ocrx_word' id='word_1_403' title='bbox 962 699 1023 734; x_wconf 78' lang='lat' dir='ltr'><strong>gogi</strong></span> <span class='ocrx_word' id='word_1_404' title='bbox 1041 699 1122 726; x_wconf 82' lang='lat' dir='ltr'><strong>ﬁliam</strong></span> <span class='ocrx_word' id='word_1_405' title='bbox 1141 704 1228 731; x_wconf 87' lang='lat' dir='ltr'><strong>curat,</strong></span> <span class='ocrx_word' id='word_1_406' title='bbox 1253 703 1312 726; x_wconf 87' lang='lat' dir='ltr'><strong>tum</strong></span> <span class='ocrx_word' id='word_1_407' title='bbox 1336 698 1480 733; x_wconf 80' lang='lat' dir='ltr'><strong>sanguinis</strong></span> <span class='ocrx_word' id='word_1_408' title='bbox 1507 697 1643 732; x_wconf 85' lang='lat' dir='ltr'><strong>proﬂuvio</strong></span> <span class='ocrx_word' id='word_1_409' title='bbox 1671 697 1747 723; x_wconf 80' lang='lat' dir='ltr'><strong>labo—</strong></span> 
     </span>
    </p>
   </div>
   <div class='ocr_carea' id='block_1_58' title="bbox 961 742 1749 778">
    <p class='ocr_par' dir='ltr' id='par_1_58' title="bbox 961 742 1749 778">
     <span class='ocr_line' id='line_1_58' title="bbox 961 742 1749 778; baseline -0.003 -7"><span class='ocrx_word' id='word_1_410' title='bbox 961 748 1079 777; x_wconf 74' lang='lat' dir='ltr'><strong>rantcm,</strong></span> <span class='ocrx_word' id='word_1_411' title='bbox 1096 743 1191 771; x_wconf 85' lang='lat' dir='ltr'><strong>Matth.</strong></span> <span class='ocrx_word' id='word_1_412' title='bbox 1205 752 1243 774; x_wconf 82' lang='lat' dir='ltr'><strong>ix.</strong></span> <span class='ocrx_word' id='word_1_413' title='bbox 1259 743 1343 771; x_wconf 81' lang='lat' dir='ltr'><strong>Marc.</strong></span> <span class='ocrx_word' id='word_1_414' title='bbox 1354 752 1381 776; x_wconf 89' lang='lat' dir='ltr'><strong>v,</strong></span> <span class='ocrx_word' id='word_1_415' title='bbox 1395 743 1528 771; x_wconf 85' lang='lat' dir='ltr'><strong>Lue.vm.</strong></span> <span class='ocrx_word' id='word_1_416' title='bbox 1542 742 1675 778; x_wconf 77' lang='lat' dir='ltr'><strong>Egressus</strong></span> <span class='ocrx_word' id='word_1_417' title='bbox 1686 742 1749 769; x_wconf 89' lang='lat' dir='ltr'><strong>inde</strong></span> 
     </span>
    </p>
   </div>
   <div class='ocr_carea' id='block_1_59' title="bbox 961 787 1751 825">
    <p class='ocr_par' dir='ltr' id='par_1_59' title="bbox 961 787 1751 825">
     <span class='ocr_line' id='line_1_59' title="bbox 961 787 1751 825; baseline -0.004 -8"><span class='ocrx_word' id='word_1_418' title='bbox 961 791 988 817; x_wconf 86' lang='lat' dir='ltr'><strong>in</strong></span> <span class='ocrx_word' id='word_1_419' title='bbox 1006 790 1119 825; x_wconf 89' lang='lat' dir='ltr'><strong>patriam</strong></span> <span class='ocrx_word' id='word_1_420' title='bbox 1140 790 1215 822; x_wconf 88' lang='lat' dir='ltr'><strong>abiit,</strong></span> <span class='ocrx_word' id='word_1_421' title='bbox 1236 789 1317 817; x_wconf 87' lang='lat' dir='ltr'><strong>Mare.</strong></span> <span class='ocrx_word' id='word_1_422' title='bbox 1340 797 1376 822; x_wconf 86' lang='lat' dir='ltr'><strong>vt,</strong></span> <span class='ocrx_word' id='word_1_423' title='bbox 1403 789 1497 816; x_wconf 89' lang='lat' dir='ltr'><strong>Matth.</strong></span> <span class='ocrx_word' id='word_1_424' title='bbox 1516 793 1572 815; x_wconf 76' lang='lat' dir='ltr'><strong>nu.</strong></span> <span class='ocrx_word' id='word_1_425' title='bbox 1603 787 1751 822; x_wconf 80' lang='lat' dir='ltr'><strong>Apostolus</strong></span> 
     </span>
    </p>
   </div>
   <div class='ocr_carea' id='block_1_60' title="bbox 962 833 1747 869">
    <p class='ocr_par' dir='ltr' id='par_1_60' title="bbox 962 833 1747 869">
     <span class='ocr_line' id='line_1_60' title="bbox 962 833 1747 869; baseline -0.003 -8"><span class='ocrx_word' id='word_1_426' title='bbox 962 834 1043 861; x_wconf 87' lang='lat' dir='ltr'><strong>binos</strong></span> <span class='ocrx_word' id='word_1_427' title='bbox 1067 842 1129 861; x_wconf 86' lang='lat' dir='ltr'><strong>cum</strong></span> <span class='ocrx_word' id='word_1_428' title='bbox 1146 834 1314 868; x_wconf 87' lang='lat' dir='ltr'><strong>amplissiuta</strong></span> <span class='ocrx_word' id='word_1_429' title='bbox 1337 837 1469 869; x_wconf 84' lang='lat' dir='ltr'><strong>potestate</strong></span> <span class='ocrx_word' id='word_1_430' title='bbox 1495 833 1587 866; x_wconf 88' lang='lat' dir='ltr'><strong>mittit,</strong></span> <span class='ocrx_word' id='word_1_431' title='bbox 1606 833 1689 860; x_wconf 90' lang='lat' dir='ltr'><strong>Marc.</strong></span> <span class='ocrx_word' id='word_1_432' title='bbox 1708 840 1747 865; x_wconf 81' lang='lat' dir='ltr'><strong>vi,</strong></span> 
     </span>
    </p>
   </div>
   <div class='ocr_carea' id='block_1_61' title="bbox 963 878 1748 907">
    <p class='ocr_par' dir='ltr' id='par_1_61' title="bbox 963 878 1748 907">
     <span class='ocr_line' id='line_1_61' title="bbox 963 878 1748 907; baseline -0.001 -1"><span class='ocrx_word' id='word_1_433' title='bbox 963 879 1029 907; x_wconf 91' lang='lat' dir='ltr'><strong>Luc.</strong></span> <span class='ocrx_word' id='word_1_434' title='bbox 1054 887 1092 906; x_wconf 76' lang='grc' dir='ltr'>ιιι.</span> <span class='ocrx_word' id='word_1_435' title='bbox 1119 879 1229 907; x_wconf 85' lang='lat' dir='ltr'><strong>Interim</strong></span> <span class='ocrx_word' id='word_1_436' title='bbox 1257 879 1377 907; x_wconf 86' lang='lat' dir='ltr'><strong>Herodes</strong></span> <span class='ocrx_word' id='word_1_437' title='bbox 1399 887 1461 907; x_wconf 93' lang='lat' dir='ltr'><strong>cum</strong></span> <span class='ocrx_word' id='word_1_438' title='bbox 1486 879 1570 906; x_wconf 87' lang='lat' dir='ltr'><strong>multa</strong></span> <span class='ocrx_word' id='word_1_439' title='bbox 1596 879 1630 906; x_wconf 90' lang='lat' dir='ltr'><strong>de</strong></span> <span class='ocrx_word' id='word_1_440' title='bbox 1646 878 1748 905; x_wconf 85' lang='lat' dir='ltr'><strong>Christi</strong></span> 
     </span>
    </p>
   </div>
   <div class='ocr_carea' id='block_1_62' title="bbox 964 925 1749 962">
    <p class='ocr_par' dir='ltr' id='par_1_62' title="bbox 964 925 1749 962">
     <span class='ocr_line' id='line_1_62' title="bbox 964 925 1749 962; baseline -0.001 -9"><span class='ocrx_word' id='word_1_441' title='bbox 964 926 1095 962; x_wconf 79' lang='lat' dir='ltr'><strong>prodigiis</strong></span> <span class='ocrx_word' id='word_1_442' title='bbox 1109 927 1269 961; x_wconf 86' lang='lat' dir='ltr'><strong>accepisset,</strong></span> <span class='ocrx_word' id='word_1_443' title='bbox 1285 925 1418 954; x_wconf 83' lang='lat' dir='ltr'><strong>Joannem</strong></span> <span class='ocrx_word' id='word_1_444' title='bbox 1438 934 1454 953; x_wconf 80' lang='grc' dir='ltr'><strong>ιι</strong></span> <span class='ocrx_word' id='word_1_445' title='bbox 1474 926 1587 953; x_wconf 87' lang='lat' dir='ltr'><strong>mortuis</strong></span> <span class='ocrx_word' id='word_1_446' title='bbox 1600 926 1749 952; x_wconf 76' lang='lat' dir='ltr'><strong>excitatum</strong></span> 
     </span>
    </p>
   </div>
   <div class='ocr_carea' id='block_1_63' title="bbox 963 971 1747 1007">
    <p class='ocr_par' dir='ltr' id='par_1_63' title="bbox 963 971 1747 1007">
     <span class='ocr_line' id='line_1_63' title="bbox 963 971 1747 1007; baseline -0.001 -8"><span class='ocrx_word' id='word_1_447' title='bbox 963 977 1050 1007; x_wconf 89' lang='lat' dir='ltr'><strong>putat,</strong></span> <span class='ocrx_word' id='word_1_448' title='bbox 1065 977 1092 999; x_wconf 79' lang='lat' dir='ltr'><strong>et</strong></span> <span class='ocrx_word' id='word_1_449' title='bbox 1109 973 1182 999; x_wconf 92' lang='lat' dir='ltr'><strong>illum</strong></span> <span class='ocrx_word' id='word_1_450' title='bbox 1201 971 1292 999; x_wconf 86' lang='lat' dir='ltr'><strong>videre</strong></span> <span class='ocrx_word' id='word_1_451' title='bbox 1312 972 1414 1005; x_wconf 82' lang='lat' dir='ltr'><strong>gestit:</strong></span> <span class='ocrx_word' id='word_1_452' title='bbox 1439 975 1466 998; x_wconf 88' lang='lat' dir='ltr'><strong>at</strong></span> <span class='ocrx_word' id='word_1_453' title='bbox 1488 971 1511 998; x_wconf 91' lang='lat' dir='ltr'><strong>is</strong></span> <span class='ocrx_word' id='word_1_454' title='bbox 1535 978 1594 998; x_wconf 87' lang='lat' dir='ltr'><strong>sese</strong></span> <span class='ocrx_word' id='word_1_455' title='bbox 1611 971 1747 998; x_wconf 83' lang='lat' dir='ltr'><strong>subducit.</strong></span> 
     </span>
    </p>
   </div>
   <div class='ocr_carea' id='block_1_64' title="bbox 962 1016 1749 1053">
    <p class='ocr_par' dir='ltr' id='par_1_64' title="bbox 962 1016 1749 1053">
     <span class='ocr_line' id='line_1_64' title="bbox 962 1016 1749 1053; baseline -0.004 -7"><span class='ocrx_word' id='word_1_456' title='bbox 962 1019 1053 1051; x_wconf 83' lang='lat' dir='ltr'><strong>Quare</strong></span> <span class='ocrx_word' id='word_1_457' title='bbox 1067 1018 1119 1046; x_wconf 87' lang='lat' dir='ltr'><strong>sub</strong></span> <span class='ocrx_word' id='word_1_458' title='bbox 1133 1018 1191 1045; x_wconf 71' lang='lat' dir='ltr'><strong>lucc</strong></span> <span class='ocrx_word' id='word_1_459' title='bbox 1208 1022 1330 1053; x_wconf 88' lang='lat' dir='ltr'><strong>tempora</strong></span> <span class='ocrx_word' id='word_1_460' title='bbox 1343 1017 1476 1044; x_wconf 90' lang='lat' dir='ltr'><strong>Joannem</strong></span> <span class='ocrx_word' id='word_1_461' title='bbox 1500 1016 1670 1044; x_wconf 81' lang='lat' dir='ltr'><strong>interfectum</strong></span> <span class='ocrx_word' id='word_1_462' title='bbox 1688 1024 1749 1044; x_wconf 86' lang='lat' dir='ltr'><strong>esse</strong></span> 
     </span>
    </p>
   </div>
   <div class='ocr_carea' id='block_1_65' title="bbox 963 1062 1748 1097">
    <p class='ocr_par' dir='ltr' id='par_1_65' title="bbox 963 1062 1748 1097">
     <span class='ocr_line' id='line_1_65' title="bbox 963 1062 1748 1097; baseline -0.003 -6"><span class='ocrx_word' id='word_1_463' title='bbox 963 1064 1091 1092; x_wconf 87' lang='lat' dir='ltr'><strong>credibile</strong></span> <span class='ocrx_word' id='word_1_464' title='bbox 1104 1069 1155 1091; x_wconf 88' lang='lat' dir='ltr'><strong>est.</strong></span> <span class='ocrx_word' id='word_1_465' title='bbox 1170 1064 1208 1090; x_wconf 85' lang='lat' dir='ltr'><strong>Ad</strong></span> <span class='ocrx_word' id='word_1_466' title='bbox 1228 1063 1350 1091; x_wconf 90' lang='lat' dir='ltr'><strong>eamdem</strong></span> <span class='ocrx_word' id='word_1_467' title='bbox 1363 1062 1461 1090; x_wconf 86' lang='lat' dir='ltr'><strong>Christi</strong></span> <span class='ocrx_word' id='word_1_468' title='bbox 1483 1062 1574 1097; x_wconf 80' lang='lat' dir='ltr'><strong>fugam</strong></span> <span class='ocrx_word' id='word_1_469' title='bbox 1593 1062 1682 1090; x_wconf 82' lang='lat' dir='ltr'><strong>refero</strong></span> <span class='ocrx_word' id='word_1_470' title='bbox 1702 1070 1748 1090; x_wconf 83' lang='lat' dir='ltr'><strong>ca-</strong></span> 
     </span>
    </p>
   </div>
   <div class='ocr_carea' id='block_1_66' title="bbox 963 1109 1747 1145">
    <p class='ocr_par' dir='ltr' id='par_1_66' title="bbox 963 1109 1747 1145">
     <span class='ocr_line' id='line_1_66' title="bbox 963 1109 1747 1145; baseline -0.003 -8"><span class='ocrx_word' id='word_1_471' title='bbox 963 1116 1012 1145; x_wconf 90' lang='lat' dir='ltr'><strong>put</strong></span> <span class='ocrx_word' id='word_1_472' title='bbox 1028 1118 1053 1137; x_wconf 85' lang='lat' dir='ltr'><strong>iv</strong></span> <span class='ocrx_word' id='word_1_473' title='bbox 1070 1109 1192 1140; x_wconf 83' lang='lat' dir='ltr'><strong>Joannis,</strong></span> <span class='ocrx_word' id='word_1_474' title='bbox 1207 1117 1269 1137; x_wconf 92' lang='lat' dir='ltr'><strong>cum</strong></span> <span class='ocrx_word' id='word_1_475' title='bbox 1281 1109 1374 1136; x_wconf 84' lang='lat' dir='ltr'><strong>relicta</strong></span> <span class='ocrx_word' id='word_1_476' title='bbox 1389 1109 1481 1136; x_wconf 74' lang='lat' dir='ltr'><strong>.ludaca</strong></span> <span class='ocrx_word' id='word_1_477' title='bbox 1497 1109 1523 1135; x_wconf 92' lang='lat' dir='ltr'><strong>in</strong></span> <span class='ocrx_word' id='word_1_478' title='bbox 1539 1109 1677 1136; x_wconf 64' lang='lat' dir='ltr'><strong>Galilaeam</strong></span> <span class='ocrx_word' id='word_1_479' title='bbox 1703 1116 1747 1135; x_wconf 87' lang='lat' dir='ltr'><strong>se-</strong></span> 
     </span>
    </p>
   </div>
   <div class='ocr_carea' id='block_1_67' title="bbox 963 1154 1749 1190">
    <p class='ocr_par' dir='ltr' id='par_1_67' title="bbox 963 1154 1749 1190">
     <span class='ocr_line' id='line_1_67' title="bbox 963 1154 1749 1190; baseline -0.001 -7"><span class='ocrx_word' id='word_1_480' title='bbox 963 1155 1063 1190; x_wconf 88' lang='lat' dir='ltr'><strong>cessit;</strong></span> <span class='ocrx_word' id='word_1_481' title='bbox 1085 1164 1140 1190; x_wconf 89' lang='lat' dir='ltr'><strong>quo</strong></span> <span class='ocrx_word' id='word_1_482' title='bbox 1156 1156 1182 1182; x_wconf 93' lang='lat' dir='ltr'><strong>in</strong></span> <span class='ocrx_word' id='word_1_483' title='bbox 1215 1155 1310 1182; x_wconf 88' lang='lat' dir='ltr'><strong>itinere</strong></span> <span class='ocrx_word' id='word_1_484' title='bbox 1343 1162 1404 1182; x_wconf 90' lang='lat' dir='ltr'><strong>eum</strong></span> <span class='ocrx_word' id='word_1_485' title='bbox 1433 1154 1603 1181; x_wconf 86' lang='lat' dir='ltr'><strong>Samaritana</strong></span> <span class='ocrx_word' id='word_1_486' title='bbox 1635 1154 1749 1182; x_wconf 86' lang='lat' dir='ltr'><strong>muliere</strong></span> 
     </span>
    </p>
   </div>
   <div class='ocr_carea' id='block_1_68' title="bbox 963 1192 1749 1233">
    <p class='ocr_par' dir='ltr' id='par_1_68' title="bbox 963 1192 1749 1233">
     <span class='ocr_line' id='line_1_68' title="bbox 963 1192 1749 1233; baseline -0.004 -5"><span class='ocrx_word' id='word_1_487' title='bbox 963 1192 1116 1228; x_wconf 69' lang='lat' dir='ltr'><strong>collocutus</strong></span> <span class='ocrx_word' id='word_1_488' title='bbox 1130 1204 1182 1227; x_wconf 89' lang='lat' dir='ltr'><strong>est.</strong></span> <span class='ocrx_word' id='word_1_489' title='bbox 1212 1199 1302 1232; x_wconf 83' lang='lat' dir='ltr'><strong>Quare</strong></span> <span class='ocrx_word' id='word_1_490' title='bbox 1326 1199 1416 1226; x_wconf 87' lang='lat' dir='ltr'><strong>hiatus</strong></span> <span class='ocrx_word' id='word_1_491' title='bbox 1448 1199 1543 1233; x_wconf 78' lang='lat' dir='ltr'><strong>ingens</strong></span> <span class='ocrx_word' id='word_1_492' title='bbox 1563 1203 1605 1226; x_wconf 85' lang='lat' dir='ltr'><strong>est</strong></span> <span class='ocrx_word' id='word_1_493' title='bbox 1628 1199 1749 1226; x_wconf 72' lang='lat' dir='ltr'><strong>historia:</strong></span> 
     </span>
    </p>
   </div>
   <div class='ocr_carea' id='block_1_69' title="bbox 962 1244 1748 1280">
    <p class='ocr_par' dir='ltr' id='par_1_69' title="bbox 962 1244 1748 1280">
     <span class='ocr_line' id='line_1_69' title="bbox 962 1244 1748 1280; baseline -0.003 -6"><span class='ocrx_word' id='word_1_494' title='bbox 962 1246 1033 1274; x_wconf 86' lang='lat' dir='ltr'><strong>inter</strong></span> <span class='ocrx_word' id='word_1_495' title='bbox 1049 1253 1107 1280; x_wconf 85' lang='lat' dir='ltr'><strong>cap.</strong></span> <span class='ocrx_word' id='word_1_496' title='bbox 1128 1253 1157 1272; x_wconf 91' lang='grc' dir='ltr'><strong>ιιι</strong></span> <span class='ocrx_word' id='word_1_497' title='bbox 1171 1250 1197 1272; x_wconf 89' lang='lat' dir='ltr'><strong>et</strong></span> <span class='ocrx_word' id='word_1_498' title='bbox 1210 1253 1235 1272; x_wconf 83' lang='lat' dir='ltr'><strong>iv</strong></span> <span class='ocrx_word' id='word_1_499' title='bbox 1249 1244 1340 1277; x_wconf 78' lang='lat' dir='ltr'><strong>Joan.,</strong></span> <span class='ocrx_word' id='word_1_500' title='bbox 1355 1244 1427 1280; x_wconf 89' lang='lat' dir='ltr'><strong>quod</strong></span> <span class='ocrx_word' id='word_1_501' title='bbox 1446 1245 1544 1279; x_wconf 89' lang='lat' dir='ltr'><strong>prioris</strong></span> <span class='ocrx_word' id='word_1_502' title='bbox 1559 1245 1622 1272; x_wconf 85' lang='lat' dir='ltr'><strong>anni</strong></span> <span class='ocrx_word' id='word_1_503' title='bbox 1642 1253 1686 1272; x_wconf 84' lang='lat' dir='ltr'><strong>res</strong></span> <span class='ocrx_word' id='word_1_504' title='bbox 1702 1253 1748 1280; x_wconf 78' lang='lat' dir='ltr'><strong>ge-</strong></span> 
     </span>
    </p>
   </div>
   <div class='ocr_carea' id='block_1_70' title="bbox 962 1290 1747 1327">
    <p class='ocr_par' dir='ltr' id='par_1_70' title="bbox 962 1290 1747 1327">
     <span class='ocr_line' id='line_1_70' title="bbox 962 1290 1747 1327; baseline -0.001 -8"><span class='ocrx_word' id='word_1_505' title='bbox 962 1297 1020 1320; x_wconf 89' lang='lat' dir='ltr'><strong>stas</strong></span> <span class='ocrx_word' id='word_1_506' title='bbox 1036 1292 1209 1327; x_wconf 75' lang='lat' dir='ltr'><strong>evangelista:</strong></span> <span class='ocrx_word' id='word_1_507' title='bbox 1226 1291 1322 1325; x_wconf 86' lang='lat' dir='ltr'><strong>reliqul</strong></span> <span class='ocrx_word' id='word_1_508' title='bbox 1340 1290 1547 1318; x_wconf 79' lang='lat' dir='ltr'><strong>accuratissime</strong></span> <span class='ocrx_word' id='word_1_509' title='bbox 1562 1290 1747 1324; x_wconf 83' lang='lat' dir='ltr'><strong>scripsissent.</strong></span> 
     </span>
    </p>
   </div>
   <div class='ocr_carea' id='block_1_71' title="bbox 962 1337 1784 1372">
    <p class='ocr_par' dir='ltr' id='par_1_71' title="bbox 962 1337 1784 1372">
     <span class='ocr_line' id='line_1_71' title="bbox 962 1337 1784 1372; baseline -0.002 -8"><span class='ocrx_word' id='word_1_510' title='bbox 962 1337 1050 1372; x_wconf 86' lang='lat' dir='ltr'><strong>Caput</strong></span> <span class='ocrx_word' id='word_1_511' title='bbox 1064 1345 1128 1364; x_wconf 87' lang='lat' dir='ltr'><strong>vero</strong></span> <span class='ocrx_word' id='word_1_512' title='bbox 1147 1345 1172 1364; x_wconf 84' lang='lat' dir='ltr'><strong>Vl</strong></span> <span class='ocrx_word' id='word_1_513' title='bbox 1188 1345 1250 1364; x_wconf 91' lang='lat' dir='ltr'><strong>cum</strong></span> <span class='ocrx_word' id='word_1_514' title='bbox 1278 1344 1303 1363; x_wconf 85' lang='lat' dir='ltr'><strong>tv</strong></span> <span class='ocrx_word' id='word_1_515' title='bbox 1333 1343 1486 1363; x_wconf 80' lang='lat' dir='ltr'><strong>connexum</strong></span> <span class='ocrx_word' id='word_1_516' title='bbox 1521 1340 1582 1363; x_wconf 84' lang='lat' dir='ltr'><strong>est:</strong></span> <span class='ocrx_word' id='word_1_517' title='bbox 1606 1343 1669 1364; x_wconf 88' lang='lat' dir='ltr'><strong>nam</strong></span> <span class='ocrx_word' id='word_1_518' title='bbox 1687 1341 1749 1371; x_wconf 71' lang='lat' dir='ltr'><strong>post</strong></span> <span class='ocrx_word' id='word_1_519' title='bbox 1779 1358 1784 1362; x_wconf 93' lang='lat'><strong>.</strong></span> 
     </span>
    </p>
   </div>
   <div class='ocr_carea' id='block_1_72' title="bbox 963 1381 1748 1416">
    <p class='ocr_par' dir='ltr' id='par_1_72' title="bbox 963 1381 1748 1416">
     <span class='ocr_line' id='line_1_72' title="bbox 963 1381 1748 1416; baseline -0.001 -6"><span class='ocrx_word' id='word_1_520' title='bbox 963 1384 1008 1411; x_wconf 89' lang='lat' dir='ltr'><strong>illa</strong></span> <span class='ocrx_word' id='word_1_521' title='bbox 1028 1383 1121 1410; x_wconf 89' lang='lat' dir='ltr'><strong>omnia</strong></span> <span class='ocrx_word' id='word_1_522' title='bbox 1141 1383 1173 1410; x_wconf 89' lang='lat' dir='ltr'><strong>ad</strong></span> <span class='ocrx_word' id='word_1_523' title='bbox 1190 1382 1289 1410; x_wconf 83' lang='lat' dir='ltr'><strong>festum</strong></span> <span class='ocrx_word' id='word_1_524' title='bbox 1305 1381 1443 1416; x_wconf 83' lang='lat' dir='ltr'><strong>quoddam</strong></span> <span class='ocrx_word' id='word_1_525' title='bbox 1464 1381 1588 1409; x_wconf 84' lang='lat' dir='ltr'><strong>Christus</strong></span> <span class='ocrx_word' id='word_1_526' title='bbox 1614 1383 1748 1415; x_wconf 80' lang='lat' dir='ltr'><strong>accessit,</strong></span> 
     </span>
    </p>
   </div>
   <div class='ocr_carea' id='block_1_73' title="bbox 961 1428 1748 1465">
    <p class='ocr_par' dir='ltr' id='par_1_73' title="bbox 961 1428 1748 1465">
     <span class='ocr_line' id='line_1_73' title="bbox 961 1428 1748 1465; baseline -0.001 -8"><span class='ocrx_word' id='word_1_527' title='bbox 961 1429 1035 1465; x_wconf 93' lang='lat' dir='ltr'><strong>quod</strong></span> <span class='ocrx_word' id='word_1_528' title='bbox 1071 1437 1086 1457; x_wconf 86' lang='lat' dir='ltr'><strong>a</strong></span> <span class='ocrx_word' id='word_1_529' title='bbox 1111 1429 1242 1457; x_wconf 89' lang='lat' dir='ltr'><strong>Paschate</strong></span> <span class='ocrx_word' id='word_1_530' title='bbox 1266 1428 1338 1456; x_wconf 88' lang='lat' dir='ltr'><strong>haud</strong></span> <span class='ocrx_word' id='word_1_531' title='bbox 1366 1428 1445 1462; x_wconf 77' lang='lat' dir='ltr'><strong>longe</strong></span> <span class='ocrx_word' id='word_1_532' title='bbox 1471 1428 1583 1456; x_wconf 83' lang='lat' dir='ltr'><strong>aberat:</strong></span> <span class='ocrx_word' id='word_1_533' title='bbox 1617 1428 1748 1456; x_wconf 90' lang='lat' dir='ltr'><strong>nimirum</strong></span> 
     </span>
    </p>
   </div>
   <div class='ocr_carea' id='block_1_74' title="bbox 962 1474 1749 1510">
    <p class='ocr_par' dir='ltr' id='par_1_74' title="bbox 962 1474 1749 1510">
     <span class='ocr_line' id='line_1_74' title="bbox 962 1474 1749 1510; baseline 0 -7"><span class='ocrx_word' id='word_1_534' title='bbox 962 1475 1087 1508; x_wconf 87' lang='lat' dir='ltr'><strong>Phurim,</strong></span> <span class='ocrx_word' id='word_1_535' title='bbox 1101 1480 1148 1503; x_wconf 87' lang='lat' dir='ltr'><strong>aut</strong></span> <span class='ocrx_word' id='word_1_536' title='bbox 1161 1475 1235 1504; x_wconf 89' lang='lat' dir='ltr'><strong>aliud</strong></span> <span class='ocrx_word' id='word_1_537' title='bbox 1257 1475 1413 1510; x_wconf 89' lang='lat' dir='ltr'><strong>quodpiam.</strong></span> <span class='ocrx_word' id='word_1_538' title='bbox 1432 1474 1562 1510; x_wconf 88' lang='lat' dir='ltr'><strong>Sequitur</strong></span> <span class='ocrx_word' id='word_1_539' title='bbox 1584 1475 1749 1503; x_wconf 85' lang='lat' dir='ltr'><strong>miraculum</strong></span> 
     </span>
    </p>
   </div>
   <div class='ocr_carea' id='block_1_75' title="bbox 961 1521 1750 1557">
    <p class='ocr_par' dir='ltr' id='par_1_75' title="bbox 961 1521 1750 1557">
     <span class='ocr_line' id='line_1_75' title="bbox 961 1521 1750 1557; baseline 0 -8"><span class='ocrx_word' id='word_1_540' title='bbox 961 1522 1057 1557; x_wconf 75' lang='lat' dir='ltr'><strong>ingens</strong></span> <span class='ocrx_word' id='word_1_541' title='bbox 1073 1539 1083 1553; x_wconf 89' lang='lat'><strong>,</strong></span> <span class='ocrx_word' id='word_1_542' title='bbox 1105 1530 1167 1549; x_wconf 89' lang='lat' dir='ltr'><strong>eum</strong></span> <span class='ocrx_word' id='word_1_543' title='bbox 1187 1521 1308 1556; x_wconf 87' lang='lat' dir='ltr'><strong>quinque</strong></span> <span class='ocrx_word' id='word_1_544' title='bbox 1339 1521 1423 1548; x_wconf 91' lang='lat' dir='ltr'><strong>millia</strong></span> <span class='ocrx_word' id='word_1_545' title='bbox 1452 1521 1595 1549; x_wconf 91' lang='lat' dir='ltr'><strong>hominum</strong></span> <span class='ocrx_word' id='word_1_546' title='bbox 1631 1522 1750 1557; x_wconf 81' lang='lat' dir='ltr'><strong>panibus</strong></span> 
     </span>
    </p>
   </div>
   <div class='ocr_carea' id='block_1_76' title="bbox 962 1565 1750 1602">
    <p class='ocr_par' dir='ltr' id='par_1_76' title="bbox 962 1565 1750 1602">
     <span class='ocr_line' id='line_1_76' title="bbox 962 1565 1750 1602; baseline 0 -8"><span class='ocrx_word' id='word_1_547' title='bbox 962 1567 1086 1602; x_wconf 84' lang='lat' dir='ltr'><strong>quinque</strong></span> <span class='ocrx_word' id='word_1_548' title='bbox 1105 1570 1132 1594; x_wconf 90' lang='lat' dir='ltr'><strong>et</strong></span> <span class='ocrx_word' id='word_1_549' title='bbox 1155 1566 1276 1601; x_wconf 84' lang='lat' dir='ltr'><strong>piscibus</strong></span> <span class='ocrx_word' id='word_1_550' title='bbox 1297 1566 1403 1595; x_wconf 90' lang='lat' dir='ltr'><strong>duobus</strong></span> <span class='ocrx_word' id='word_1_551' title='bbox 1427 1567 1568 1600; x_wconf 77' lang='lat' dir='ltr'><strong>saturavit,</strong></span> <span class='ocrx_word' id='word_1_552' title='bbox 1595 1565 1676 1594; x_wconf 89' lang='lat' dir='ltr'><strong>Joan.</strong></span> <span class='ocrx_word' id='word_1_553' title='bbox 1703 1575 1750 1600; x_wconf 83' lang='lat' dir='ltr'><strong>vr,</strong></span> 
     </span>
    </p>
   </div>
   <div class='ocr_carea' id='block_1_77' title="bbox 963 1611 1750 1647">
    <p class='ocr_par' dir='ltr' id='par_1_77' title="bbox 963 1611 1750 1647">
     <span class='ocr_line' id='line_1_77' title="bbox 963 1611 1750 1647; baseline 0 -7"><span class='ocrx_word' id='word_1_554' title='bbox 963 1613 1060 1640; x_wconf 84' lang='lat' dir='ltr'><strong>Matth.</strong></span> <span class='ocrx_word' id='word_1_555' title='bbox 1082 1620 1138 1646; x_wconf 82' lang='lat' dir='ltr'><strong>xtv,</strong></span> <span class='ocrx_word' id='word_1_556' title='bbox 1150 1611 1233 1640; x_wconf 87' lang='lat' dir='ltr'><strong>Marc.</strong></span> <span class='ocrx_word' id='word_1_557' title='bbox 1251 1619 1288 1645; x_wconf 84' lang='lat' dir='ltr'><strong>vt,</strong></span> <span class='ocrx_word' id='word_1_558' title='bbox 1308 1611 1374 1639; x_wconf 87' lang='lat' dir='ltr'><strong>Luc.</strong></span> <span class='ocrx_word' id='word_1_559' title='bbox 1398 1619 1425 1639; x_wconf 89' lang='lat' dir='ltr'><strong>tx</strong></span> <span class='ocrx_word' id='word_1_560' title='bbox 1441 1621 1448 1639; x_wconf 82' lang='grc' dir='ltr'><strong>ι</strong></span> <span class='ocrx_word' id='word_1_561' title='bbox 1465 1612 1574 1647; x_wconf 87' lang='lat' dir='ltr'><strong>quando</strong></span> <span class='ocrx_word' id='word_1_562' title='bbox 1590 1613 1700 1644; x_wconf 86' lang='lat' dir='ltr'><strong>veritus,</strong></span> <span class='ocrx_word' id='word_1_563' title='bbox 1715 1621 1750 1640; x_wconf 91' lang='lat' dir='ltr'><strong>ne</strong></span> 
     </span>
    </p>
   </div>
   <div class='ocr_carea' id='block_1_78' title="bbox 961 1659 1748 1695">
    <p class='ocr_par' dir='ltr' id='par_1_78' title="bbox 961 1659 1748 1695">
     <span class='ocr_line' id='line_1_78' title="bbox 961 1659 1748 1695; baseline -0.003 -7"><span class='ocrx_word' id='word_1_564' title='bbox 961 1668 1007 1688; x_wconf 87' lang='lat' dir='ltr'><strong>rex</strong></span> <span class='ocrx_word' id='word_1_565' title='bbox 1029 1668 1043 1688; x_wconf 82' lang='grc' dir='ltr'><strong>ιι</strong></span> <span class='ocrx_word' id='word_1_566' title='bbox 1061 1660 1138 1695; x_wconf 86' lang='lat' dir='ltr'><strong>plebe</strong></span> <span class='ocrx_word' id='word_1_567' title='bbox 1153 1659 1240 1692; x_wconf 87' lang='lat' dir='ltr'><strong>tieret,</strong></span> <span class='ocrx_word' id='word_1_568' title='bbox 1257 1659 1371 1686; x_wconf 87' lang='lat' dir='ltr'><strong>secessit</strong></span> <span class='ocrx_word' id='word_1_569' title='bbox 1386 1659 1412 1686; x_wconf 94' lang='lat' dir='ltr'><strong>in</strong></span> <span class='ocrx_word' id='word_1_570' title='bbox 1442 1663 1571 1692; x_wconf 84' lang='lat' dir='ltr'><strong>montem,</strong></span> <span class='ocrx_word' id='word_1_571' title='bbox 1587 1664 1613 1687; x_wconf 85' lang='lat' dir='ltr'><strong>et</strong></span> <span class='ocrx_word' id='word_1_572' title='bbox 1631 1660 1694 1687; x_wconf 88' lang='lat' dir='ltr'><strong>inde</strong></span> <span class='ocrx_word' id='word_1_573' title='bbox 1721 1660 1748 1686; x_wconf 92' lang='lat' dir='ltr'><strong>in</strong></span> 
     </span>
    </p>
   </div>
   <div class='ocr_carea' id='block_1_79' title="bbox 961 1704 1749 1741">
    <p class='ocr_par' dir='ltr' id='par_1_79' title="bbox 961 1704 1749 1741">
     <span class='ocr_line' id='line_1_79' title="bbox 961 1704 1749 1741; baseline -0.003 -8"><span class='ocrx_word' id='word_1_574' title='bbox 961 1706 1151 1741; x_wconf 85' lang='lat' dir='ltr'><strong>Capharnaum</strong></span> <span class='ocrx_word' id='word_1_575' title='bbox 1168 1704 1329 1737; x_wconf 87' lang='lat' dir='ltr'><strong>transmisit,</strong></span> <span class='ocrx_word' id='word_1_576' title='bbox 1346 1711 1401 1738; x_wconf 90' lang='lat' dir='ltr'><strong>quo</strong></span> <span class='ocrx_word' id='word_1_577' title='bbox 1422 1704 1504 1731; x_wconf 82' lang='lat' dir='ltr'><strong>etiam</strong></span> <span class='ocrx_word' id='word_1_578' title='bbox 1526 1709 1646 1739; x_wconf 90' lang='lat' dir='ltr'><strong>tempore</strong></span> <span class='ocrx_word' id='word_1_579' title='bbox 1666 1713 1749 1739; x_wconf 77' lang='lat' dir='ltr'><strong>super</strong></span> 
     </span>
    </p>
   </div>
   <div class='ocr_carea' id='block_1_80' title="bbox 961 1749 1749 1786">
    <p class='ocr_par' dir='ltr' id='par_1_80' title="bbox 961 1749 1749 1786">
     <span class='ocr_line' id='line_1_80' title="bbox 961 1749 1749 1786; baseline -0.003 -8"><span class='ocrx_word' id='word_1_580' title='bbox 961 1758 1047 1786; x_wconf 88' lang='lat' dir='ltr'><strong>aquas</strong></span> <span class='ocrx_word' id='word_1_581' title='bbox 1060 1749 1219 1778; x_wconf 86' lang='lat' dir='ltr'><strong>ambulavit.</strong></span> <span class='ocrx_word' id='word_1_582' title='bbox 1239 1749 1296 1778; x_wconf 85' lang='lat' dir='ltr'><strong>Sub</strong></span> <span class='ocrx_word' id='word_1_583' title='bbox 1315 1749 1386 1776; x_wconf 88' lang='lat' dir='ltr'><strong>idem</strong></span> <span class='ocrx_word' id='word_1_584' title='bbox 1412 1753 1519 1784; x_wconf 86' lang='lat' dir='ltr'><strong>tempus</strong></span> <span class='ocrx_word' id='word_1_585' title='bbox 1536 1749 1627 1776; x_wconf 82' lang='lat' dir='ltr'><strong>habita</strong></span> <span class='ocrx_word' id='word_1_586' title='bbox 1649 1754 1692 1778; x_wconf 84' lang='lat' dir='ltr'><strong>est</strong></span> <span class='ocrx_word' id='word_1_587' title='bbox 1715 1749 1749 1776; x_wconf 88' lang='lat' dir='ltr'><strong>ad</strong></span> 
     </span>
    </p>
   </div>
   <div class='ocr_carea' id='block_1_81' title="bbox 962 1794 1746 1834">
    <p class='ocr_par' dir='ltr' id='par_1_81' title="bbox 962 1794 1746 1834">
     <span class='ocr_line' id='line_1_81' title="bbox 962 1794 1746 1834; baseline -0.005 -8"><span class='ocrx_word' id='word_1_588' title='bbox 962 1798 1092 1834; x_wconf 85' lang='lat' dir='ltr'><strong>populum</strong></span> <span class='ocrx_word' id='word_1_589' title='bbox 1113 1797 1155 1824; x_wconf 88' lang='lat' dir='ltr'><strong>illa</strong></span> <span class='ocrx_word' id='word_1_590' title='bbox 1170 1797 1328 1832; x_wconf 91' lang='lat' dir='ltr'><strong>disputatio,</strong></span> <span class='ocrx_word' id='word_1_591' title='bbox 1344 1803 1405 1830; x_wconf 66' lang='lat' dir='ltr'><strong>quae</strong></span> <span class='ocrx_word' id='word_1_592' title='bbox 1420 1794 1498 1824; x_wconf 86' lang='lat' dir='ltr'><strong>Joan.</strong></span> <span class='ocrx_word' id='word_1_593' title='bbox 1522 1803 1549 1823; x_wconf 76' lang='lat' dir='ltr'><strong>v1</strong></span> <span class='ocrx_word' id='word_1_594' title='bbox 1574 1795 1746 1823; x_wconf 84' lang='lat' dir='ltr'><strong>describitur.</strong></span> 
     </span>
    </p>
   </div>
   <div class='ocr_carea' id='block_1_82' title="bbox 966 1841 1555 1876">
    <p class='ocr_par' dir='ltr' id='par_1_82' title="bbox 966 1841 1555 1876">
     <span class='ocr_line' id='line_1_82' title="bbox 966 1841 1555 1876; baseline -0.005 -4"><span class='ocrx_word' id='word_1_595' title='bbox 966 1845 1031 1872; x_wconf 84' lang='lat' dir='ltr'><strong>inde</strong></span> <span class='ocrx_word' id='word_1_596' title='bbox 1060 1845 1087 1872; x_wconf 92' lang='lat' dir='ltr'><strong>in</strong></span> <span class='ocrx_word' id='word_1_597' title='bbox 1103 1848 1202 1871; x_wconf 88' lang='lat' dir='ltr'><strong>terram</strong></span> <span class='ocrx_word' id='word_1_598' title='bbox 1218 1842 1385 1870; x_wconf 82' lang='lat' dir='ltr'><strong>Genezareth</strong></span> <span class='ocrx_word' id='word_1_599' title='bbox 1407 1841 1555 1876; x_wconf 83' lang='lat' dir='ltr'><strong>profectus.</strong></span> 
     </span>
    </p>
   </div>
   <div class='ocr_carea' id='block_1_83' title="bbox 998 1888 1748 1925">
    <p class='ocr_par' dir='ltr' id='par_1_83' title="bbox 998 1888 1748 1925">
     <span class='ocr_line' id='line_1_83' title="bbox 998 1888 1748 1925; baseline -0.003 -8"><span class='ocrx_word' id='word_1_600' title='bbox 998 1890 1127 1925; x_wconf 86' lang='lat' dir='ltr'><strong>Sequitur</strong></span> <span class='ocrx_word' id='word_1_601' title='bbox 1140 1889 1244 1917; x_wconf 89' lang='lat' dir='ltr'><strong>Pascha</strong></span> <span class='ocrx_word' id='word_1_602' title='bbox 1259 1888 1408 1916; x_wconf 91' lang='lat' dir='ltr'><strong>secundum</strong></span> <span class='ocrx_word' id='word_1_603' title='bbox 1422 1888 1501 1916; x_wconf 87' lang='lat' dir='ltr'><strong>Joan.</strong></span> <span class='ocrx_word' id='word_1_604' title='bbox 1514 1896 1552 1921; x_wconf 82' lang='lat' dir='ltr'><strong>vr,</strong></span> <span class='ocrx_word' id='word_1_605' title='bbox 1566 1889 1593 1915; x_wconf 71' lang='grc'><strong>4.</strong></span> <span class='ocrx_word' id='word_1_606' title='bbox 1611 1888 1679 1915; x_wconf 86' lang='lat' dir='ltr'><strong>llinc</strong></span> <span class='ocrx_word' id='word_1_607' title='bbox 1703 1889 1748 1916; x_wconf 86' lang='lat' dir='ltr'><strong>illa</strong></span> 
     </span>
    </p>
   </div>
   <div class='ocr_carea' id='block_1_84' title="bbox 961 1933 1750 1966">
    <p class='ocr_par' dir='ltr' id='par_1_84' title="bbox 961 1933 1750 1966">
     <span class='ocr_line' id='line_1_84' title="bbox 961 1933 1750 1966; baseline -0.001 -3"><span class='ocrx_word' id='word_1_608' title='bbox 961 1943 1023 1963; x_wconf 90' lang='lat' dir='ltr'><strong>cum</strong></span> <span class='ocrx_word' id='word_1_609' title='bbox 1038 1935 1181 1962; x_wconf 71' lang='lat' dir='ltr'><strong>Pharismis</strong></span> <span class='ocrx_word' id='word_1_610' title='bbox 1194 1933 1344 1966; x_wconf 85' lang='lat' dir='ltr'><strong>altercatio,</strong></span> <span class='ocrx_word' id='word_1_611' title='bbox 1356 1933 1449 1961; x_wconf 88' lang='lat' dir='ltr'><strong>Matth.</strong></span> <span class='ocrx_word' id='word_1_612' title='bbox 1469 1942 1514 1966; x_wconf 88' lang='lat' dir='ltr'><strong>xv,</strong></span> <span class='ocrx_word' id='word_1_613' title='bbox 1528 1933 1611 1960; x_wconf 88' lang='lat' dir='ltr'><strong>Marc.</strong></span> <span class='ocrx_word' id='word_1_614' title='bbox 1631 1941 1666 1960; x_wconf 88' lang='grc' dir='ltr'>νι.</span> <span class='ocrx_word' id='word_1_615' title='bbox 1685 1933 1750 1962; x_wconf 80' lang='lat' dir='ltr'><strong>Post</strong></span> 
     </span>
    </p>
   </div>
   <div class='ocr_carea' id='block_1_85' title="bbox 963 1980 1748 2018">
    <p class='ocr_par' dir='ltr' id='par_1_85' title="bbox 963 1980 1748 2018">
     <span class='ocr_line' id='line_1_85' title="bbox 963 1980 1748 2018; baseline -0.004 -8"><span class='ocrx_word' id='word_1_616' title='bbox 963 1983 991 2010; x_wconf 90' lang='lat' dir='ltr'><strong>in</strong></span> <span class='ocrx_word' id='word_1_617' title='bbox 1007 1981 1152 2018; x_wconf 85' lang='lat' dir='ltr'><strong>Tyriorum</strong></span> <span class='ocrx_word' id='word_1_618' title='bbox 1171 1981 1403 2016; x_wconf 88' lang='lat' dir='ltr'><strong>Sidoniorumque</strong></span> <span class='ocrx_word' id='word_1_619' title='bbox 1419 1981 1486 2008; x_wconf 83' lang='lat' dir='ltr'><strong>lines</strong></span> <span class='ocrx_word' id='word_1_620' title='bbox 1513 1980 1651 2015; x_wconf 83' lang='lat' dir='ltr'><strong>profectus</strong></span> <span class='ocrx_word' id='word_1_621' title='bbox 1676 1981 1748 2007; x_wconf 78' lang='lat' dir='ltr'><strong>Cha-</strong></span> 
     </span>
    </p>
   </div>
   <div class='ocr_carea' id='block_1_86' title="bbox 963 2024 1749 2058">
    <p class='ocr_par' dir='ltr' id='par_1_86' title="bbox 963 2024 1749 2058">
     <span class='ocr_line' id='line_1_86' title="bbox 963 2024 1749 2058; baseline -0.001 -6"><span class='ocrx_word' id='word_1_622' title='bbox 963 2033 1064 2052; x_wconf 65' lang='lat' dir='ltr'><strong>nanazae</strong></span> <span class='ocrx_word' id='word_1_623' title='bbox 1077 2024 1160 2052; x_wconf 83' lang='lat' dir='ltr'><strong>tiliam</strong></span> <span class='ocrx_word' id='word_1_624' title='bbox 1175 2028 1264 2058; x_wconf 87' lang='lat' dir='ltr'><strong>curat,</strong></span> <span class='ocrx_word' id='word_1_625' title='bbox 1282 2032 1332 2051; x_wconf 88' lang='lat' dir='ltr'><strong>nec</strong></span> <span class='ocrx_word' id='word_1_626' title='bbox 1351 2032 1406 2052; x_wconf 92' lang='lat' dir='ltr'><strong>non</strong></span> <span class='ocrx_word' id='word_1_627' title='bbox 1422 2029 1449 2051; x_wconf 86' lang='lat' dir='ltr'><strong>et</strong></span> <span class='ocrx_word' id='word_1_628' title='bbox 1463 2025 1661 2052; x_wconf 62' lang='lat' dir='ltr'><strong>darmoniacum</strong></span> <span class='ocrx_word' id='word_1_629' title='bbox 1689 2033 1749 2051; x_wconf 91' lang='lat' dir='ltr'><strong>mu-</strong></span> 
     </span>
    </p>
   </div>
   <div class='ocr_carea' id='block_1_87' title="bbox 963 2068 1750 2104">
    <p class='ocr_par' dir='ltr' id='par_1_87' title="bbox 963 2068 1750 2104">
     <span class='ocr_line' id='line_1_87' title="bbox 963 2068 1750 2104; baseline -0.001 -7"><span class='ocrx_word' id='word_1_630' title='bbox 963 2074 1032 2102; x_wconf 88' lang='lat' dir='ltr'><strong>tum,</strong></span> <span class='ocrx_word' id='word_1_631' title='bbox 1050 2077 1082 2096; x_wconf 89' lang='lat' dir='ltr'><strong>ac</strong></span> <span class='ocrx_word' id='word_1_632' title='bbox 1099 2069 1212 2097; x_wconf 88' lang='lat' dir='ltr'><strong>surdum</strong></span> <span class='ocrx_word' id='word_1_633' title='bbox 1232 2069 1266 2096; x_wconf 89' lang='lat' dir='ltr'><strong>ad</strong></span> <span class='ocrx_word' id='word_1_634' title='bbox 1282 2076 1356 2096; x_wconf 89' lang='lat' dir='ltr'><strong>mare</strong></span> <span class='ocrx_word' id='word_1_635' title='bbox 1372 2069 1497 2102; x_wconf 60' lang='lat' dir='ltr'><strong>Galil-axe,</strong></span> <span class='ocrx_word' id='word_1_636' title='bbox 1515 2069 1624 2104; x_wconf 88' lang='lat' dir='ltr'><strong>quando</strong></span> <span class='ocrx_word' id='word_1_637' title='bbox 1653 2068 1750 2096; x_wconf 81' lang='lat' dir='ltr'><strong>Phari—</strong></span> 
     </span>
    </p>
   </div>
   <div class='ocr_carea' id='block_1_88' title="bbox 962 2115 1747 2143">
    <p class='ocr_par' dir='ltr' id='par_1_88' title="bbox 962 2115 1747 2143">
     <span class='ocr_line' id='line_1_88' title="bbox 962 2115 1747 2143; baseline 0 -1"><span class='ocrx_word' id='word_1_638' title='bbox 962 2115 1008 2143; x_wconf 69' lang='lat' dir='ltr'><strong>seei</strong></span> <span class='ocrx_word' id='word_1_639' title='bbox 1023 2115 1220 2142; x_wconf 77' lang='lat' dir='ltr'><strong>calumniantes</strong></span> <span class='ocrx_word' id='word_1_640' title='bbox 1237 2115 1265 2142; x_wconf 89' lang='lat' dir='ltr'><strong>in</strong></span> <span class='ocrx_word' id='word_1_641' title='bbox 1279 2115 1427 2142; x_wconf 80' lang='lat' dir='ltr'><strong>Beelzebub</strong></span> <span class='ocrx_word' id='word_1_642' title='bbox 1450 2115 1507 2142; x_wconf 87' lang='lat' dir='ltr'><strong>tieri</strong></span> <span class='ocrx_word' id='word_1_643' title='bbox 1533 2115 1584 2142; x_wconf 90' lang='lat' dir='ltr'><strong>ista</strong></span> <span class='ocrx_word' id='word_1_644' title='bbox 1608 2115 1747 2142; x_wconf 75' lang='lat' dir='ltr'><strong>dixerunt.</strong></span> 
     </span>
    </p>
   </div>
   <div class='ocr_carea' id='block_1_89' title="bbox 962 2160 1746 2196">
    <p class='ocr_par' dir='ltr' id='par_1_89' title="bbox 962 2160 1746 2196">
     <span class='ocr_line' id='line_1_89' title="bbox 962 2160 1746 2196; baseline -0.004 -7"><span class='ocrx_word' id='word_1_645' title='bbox 962 2161 1040 2194; x_wconf 84' lang='lat' dir='ltr'><strong>Quod</strong></span> <span class='ocrx_word' id='word_1_646' title='bbox 1055 2161 1166 2196; x_wconf 89' lang='lat' dir='ltr'><strong>quidem</strong></span> <span class='ocrx_word' id='word_1_647' title='bbox 1185 2161 1226 2188; x_wconf 89' lang='lat' dir='ltr'><strong>bis</strong></span> <span class='ocrx_word' id='word_1_648' title='bbox 1245 2160 1358 2187; x_wconf 90' lang='lat' dir='ltr'><strong>omnino</strong></span> <span class='ocrx_word' id='word_1_649' title='bbox 1370 2160 1503 2195; x_wconf 74' lang='lat' dir='ltr'><strong>contigit:</strong></span> <span class='ocrx_word' id='word_1_650' title='bbox 1519 2161 1637 2195; x_wconf 91' lang='lat' dir='ltr'><strong>primum</strong></span> <span class='ocrx_word' id='word_1_651' title='bbox 1653 2160 1746 2187; x_wconf 88' lang='lat' dir='ltr'><strong>Matth.</strong></span> 
     </span>
    </p>
   </div>
   <div class='ocr_carea' id='block_1_90' title="bbox 964 2205 1746 2240">
    <p class='ocr_par' dir='ltr' id='par_1_90' title="bbox 964 2205 1746 2240">
     <span class='ocr_line' id='line_1_90' title="bbox 964 2205 1746 2240; baseline -0.004 -5"><span class='ocrx_word' id='word_1_652' title='bbox 964 2216 1001 2239; x_wconf 80' lang='lat' dir='ltr'><strong>ix,</strong></span> <span class='ocrx_word' id='word_1_653' title='bbox 1015 2206 1098 2235; x_wconf 85' lang='lat' dir='ltr'><strong>Marc.</strong></span> <span class='ocrx_word' id='word_1_654' title='bbox 1115 2215 1155 2240; x_wconf 88' lang='grc' dir='ltr'>ιιι,</span> <span class='ocrx_word' id='word_1_655' title='bbox 1176 2206 1273 2234; x_wconf 89' lang='lat' dir='ltr'><strong>deinde</strong></span> <span class='ocrx_word' id='word_1_656' title='bbox 1290 2205 1385 2232; x_wconf 85' lang='lat' dir='ltr'><strong>Matth.</strong></span> <span class='ocrx_word' id='word_1_657' title='bbox 1405 2213 1441 2232; x_wconf 83' lang='lat' dir='ltr'><strong>xu</strong></span> <span class='ocrx_word' id='word_1_658' title='bbox 1461 2210 1488 2232; x_wconf 90' lang='lat' dir='ltr'><strong>et</strong></span> <span class='ocrx_word' id='word_1_659' title='bbox 1511 2205 1596 2232; x_wconf 82' lang='lat' dir='ltr'><strong>Mare.</strong></span> <span class='ocrx_word' id='word_1_660' title='bbox 1610 2213 1655 2238; x_wconf 83' lang='lat' dir='ltr'><strong>vn,</strong></span> <span class='ocrx_word' id='word_1_661' title='bbox 1681 2205 1746 2232; x_wconf 88' lang='lat' dir='ltr'><strong>Luc.</strong></span> 
     </span>
    </p>
   </div>
   <div class='ocr_carea' id='block_1_91' title="bbox 124 2251 1747 2292">
    <p class='ocr_par' dir='ltr' id='par_1_91' title="bbox 124 2251 1747 2292">
     <span class='ocr_line' id='line_1_91' title="bbox 124 2251 1747 2292; baseline -0.004 -8"><span class='ocrx_word' id='word_1_662' title='bbox 124 2257 208 2285; x_wconf 85' lang='lat' dir='ltr'><strong>Marc.</strong></span> <span class='ocrx_word' id='word_1_663' title='bbox 224 2264 252 2284; x_wconf 89' lang='grc' dir='ltr'><strong>ιιι</strong></span> <span class='ocrx_word' id='word_1_664' title='bbox 284 2265 369 2292; x_wconf 90' lang='lat' dir='ltr'><strong>usque</strong></span> <span class='ocrx_word' id='word_1_665' title='bbox 381 2258 414 2284; x_wconf 85' lang='lat' dir='ltr'><strong>ad</strong></span> <span class='ocrx_word' id='word_1_666' title='bbox 430 2257 462 2284; x_wconf 79' lang='grc'>15</span> <span class='ocrx_word' id='word_1_667' title='bbox 474 2257 636 2291; x_wconf 85' lang='lat' dir='ltr'><strong>com.,.Luc.</strong></span> <span class='ocrx_word' id='word_1_668' title='bbox 652 2266 676 2285; x_wconf 66' lang='grc' dir='ltr'>γι</span> <span class='ocrx_word' id='word_1_669' title='bbox 694 2259 726 2285; x_wconf 73' lang='lat' dir='ltr'><strong>ml</strong></span> <span class='ocrx_word' id='word_1_670' title='bbox 744 2258 777 2285; x_wconf 74' lang='grc'>12</span> <span class='ocrx_word' id='word_1_671' title='bbox 791 2267 907 2286; x_wconf 70' lang='lat' dir='ltr'><strong>comma,</strong></span> <span class='ocrx_word' id='word_1_672' title='bbox 926 2261 947 2288; x_wconf 79' lang='grc' dir='ltr'>υ</span> <span class='ocrx_word' id='word_1_673' title='bbox 964 2263 1000 2281; x_wconf 81' lang='grc' dir='ltr'>ιιι.</span> <span class='ocrx_word' id='word_1_674' title='bbox 1021 2253 1225 2288; x_wconf 86' lang='lat' dir='ltr'><strong>Subjicieudum</strong></span> <span class='ocrx_word' id='word_1_675' title='bbox 1240 2253 1282 2279; x_wconf 90' lang='lat' dir='ltr'><strong>his</strong></span> <span class='ocrx_word' id='word_1_676' title='bbox 1296 2252 1425 2279; x_wconf 89' lang='lat' dir='ltr'><strong>omnibus</strong></span> <span class='ocrx_word' id='word_1_677' title='bbox 1438 2255 1480 2279; x_wconf 90' lang='lat' dir='ltr'><strong>est</strong></span> <span class='ocrx_word' id='word_1_678' title='bbox 1491 2252 1566 2279; x_wconf 85' lang='lat' dir='ltr'><strong>aliud</strong></span> <span class='ocrx_word' id='word_1_679' title='bbox 1581 2251 1747 2286; x_wconf 77' lang='lat' dir='ltr'><strong>prodigium,</strong></span> 
     </span>
    </p>
   </div>
   <div class='ocr_carea' id='block_1_92' title="bbox 123 2303 910 2340">
    <p class='ocr_par' dir='ltr' id='par_1_92' title="bbox 123 2303 910 2340">
     <span class='ocr_line' id='line_1_92' title="bbox 123 2303 910 2340; baseline 0.004 -10"><span class='ocrx_word' id='word_1_680' title='bbox 123 2303 246 2338; x_wconf 76' lang='lat' dir='ltr'><strong>Apostoli</strong></span> <span class='ocrx_word' id='word_1_681' title='bbox 258 2304 385 2339; x_wconf 83' lang='lat' dir='ltr'><strong>deinceps</strong></span> <span class='ocrx_word' id='word_1_682' title='bbox 402 2304 537 2340; x_wconf 80' lang='lat' dir='ltr'><strong>eliguntur</strong></span> <span class='ocrx_word' id='word_1_683' title='bbox 551 2304 632 2332; x_wconf 89' lang='lat' dir='ltr'><strong>Marc.</strong></span> <span class='ocrx_word' id='word_1_684' title='bbox 650 2313 679 2332; x_wconf 94' lang='grc' dir='ltr'><strong>ιιι</strong></span> <span class='ocrx_word' id='word_1_685' title='bbox 705 2313 720 2332; x_wconf 90' lang='lat' dir='ltr'><strong>a</strong></span> <span class='ocrx_word' id='word_1_686' title='bbox 742 2313 841 2333; x_wconf 89' lang='lat' dir='ltr'><strong>comm.</strong></span> <span class='ocrx_word' id='word_1_687' title='bbox 877 2306 910 2333; x_wconf 80' lang='lat'><strong>13</strong></span> 
     </span>
    </p>
   </div>
   <div class='ocr_carea' id='block_1_93' title="bbox 124 2349 909 2386">
    <p class='ocr_par' dir='ltr' id='par_1_93' title="bbox 124 2349 909 2386">
     <span class='ocr_line' id='line_1_93' title="bbox 124 2349 909 2386; baseline 0.005 -11"><span class='ocrx_word' id='word_1_688' title='bbox 124 2350 158 2376; x_wconf 83' lang='lat' dir='ltr'><strong>ad</strong></span> <span class='ocrx_word' id='word_1_689' title='bbox 178 2350 221 2382; x_wconf 89' lang='lat'><strong>19,</strong></span> <span class='ocrx_word' id='word_1_690' title='bbox 240 2349 305 2376; x_wconf 86' lang='lat' dir='ltr'><strong>Luc.</strong></span> <span class='ocrx_word' id='word_1_691' title='bbox 338 2358 362 2377; x_wconf 85' lang='lat' dir='ltr'><strong>v1</strong></span> <span class='ocrx_word' id='word_1_692' title='bbox 379 2358 394 2377; x_wconf 90' lang='lat' dir='ltr'><strong>a</strong></span> <span class='ocrx_word' id='word_1_693' title='bbox 416 2350 448 2377; x_wconf 77' lang='lat'><strong>12</strong></span> <span class='ocrx_word' id='word_1_694' title='bbox 465 2350 498 2377; x_wconf 90' lang='lat' dir='ltr'><strong>ad</strong></span> <span class='ocrx_word' id='word_1_695' title='bbox 518 2350 562 2384; x_wconf 79' lang='lat'><strong>16,</strong></span> <span class='ocrx_word' id='word_1_696' title='bbox 579 2350 674 2378; x_wconf 87' lang='lat' dir='ltr'><strong>Matth.</strong></span> <span class='ocrx_word' id='word_1_697' title='bbox 693 2359 707 2378; x_wconf 74' lang='grc' dir='ltr'><strong>κ</strong></span> <span class='ocrx_word' id='word_1_698' title='bbox 735 2356 790 2378; x_wconf 88' lang='lat' dir='ltr'><strong>toto</strong></span> <span class='ocrx_word' id='word_1_699' title='bbox 813 2352 909 2386; x_wconf 89' lang='lat' dir='ltr'><strong>capite.</strong></span> 
     </span>
    </p>
   </div>
   <div class='ocr_carea' id='block_1_94' title="bbox 124 2392 910 2429">
    <p class='ocr_par' dir='ltr' id='par_1_94' title="bbox 124 2392 910 2429">
     <span class='ocr_line' id='line_1_94' title="bbox 124 2392 910 2429; baseline 0.001 -10"><span class='ocrx_word' id='word_1_700' title='bbox 124 2393 221 2419; x_wconf 75' lang='lat' dir='ltr'><strong>Postea</strong></span> <span class='ocrx_word' id='word_1_701' title='bbox 235 2392 332 2427; x_wconf 87' lang='lat' dir='ltr'><strong>partim</strong></span> <span class='ocrx_word' id='word_1_702' title='bbox 349 2392 375 2419; x_wconf 91' lang='lat' dir='ltr'><strong>in</strong></span> <span class='ocrx_word' id='word_1_703' title='bbox 394 2397 496 2424; x_wconf 88' lang='lat' dir='ltr'><strong>monte,</strong></span> <span class='ocrx_word' id='word_1_704' title='bbox 520 2393 616 2428; x_wconf 90' lang='lat' dir='ltr'><strong>partim</strong></span> <span class='ocrx_word' id='word_1_705' title='bbox 637 2393 664 2420; x_wconf 90' lang='lat' dir='ltr'><strong>in</strong></span> <span class='ocrx_word' id='word_1_706' title='bbox 685 2393 751 2423; x_wconf 25' lang='lat' dir='ltr'><strong>loco.</strong></span> <span class='ocrx_word' id='word_1_707' title='bbox 766 2394 910 2429; x_wconf 80' lang='lat' dir='ltr'><strong>campestri</strong></span> 
     </span>
    </p>
   </div>
   <div class='ocr_carea' id='block_1_95' title="bbox 125 2438 911 2474">
    <p class='ocr_par' dir='ltr' id='par_1_95' title="bbox 125 2438 911 2474">
     <span class='ocr_line' id='line_1_95' title="bbox 125 2438 911 2474; baseline 0.004 -11"><span class='ocrx_word' id='word_1_708' title='bbox 125 2438 216 2465; x_wconf 68' lang='lat' dir='ltr'><strong>varios</strong></span> <span class='ocrx_word' id='word_1_709' title='bbox 242 2445 383 2465; x_wconf 83' lang='lat' dir='ltr'><strong>sermones</strong></span> <span class='ocrx_word' id='word_1_710' title='bbox 409 2438 549 2472; x_wconf 87' lang='lat' dir='ltr'><strong>instituit;</strong></span> <span class='ocrx_word' id='word_1_711' title='bbox 570 2447 639 2473; x_wconf 87' lang='lat' dir='ltr'><strong>quos</strong></span> <span class='ocrx_word' id='word_1_712' title='bbox 664 2447 762 2474; x_wconf 78' lang='lat' dir='ltr'><strong>magna</strong></span> <span class='ocrx_word' id='word_1_713' title='bbox 778 2448 811 2466; x_wconf 83' lang='lat' dir='ltr'><strong>ex</strong></span> <span class='ocrx_word' id='word_1_714' title='bbox 836 2446 911 2474; x_wconf 87' lang='lat' dir='ltr'><strong>parte</strong></span> 
     </span>
    </p>
   </div>
   <div class='ocr_carea' id='block_1_96' title="bbox 124 2484 911 2520">
    <p class='ocr_par' dir='ltr' id='par_1_96' title="bbox 124 2484 911 2520">
     <span class='ocr_line' id='line_1_96' title="bbox 124 2484 911 2520; baseline 0.004 -10"><span class='ocrx_word' id='word_1_715' title='bbox 124 2484 267 2512; x_wconf 71' lang='lat' dir='ltr'><strong>Matthteus</strong></span> <span class='ocrx_word' id='word_1_716' title='bbox 278 2485 437 2520; x_wconf 78' lang='lat' dir='ltr'><strong>auticipavit</strong></span> <span class='ocrx_word' id='word_1_717' title='bbox 448 2493 508 2519; x_wconf 88' lang='lat' dir='ltr'><strong>cap.</strong></span> <span class='ocrx_word' id='word_1_718' title='bbox 524 2493 559 2518; x_wconf 71' lang='grc' dir='ltr'>γι,</span> <span class='ocrx_word' id='word_1_719' title='bbox 574 2489 600 2512; x_wconf 88' lang='lat' dir='ltr'><strong>et</strong></span> <span class='ocrx_word' id='word_1_720' title='bbox 611 2484 677 2512; x_wconf 87' lang='lat' dir='ltr'><strong>Luc.</strong></span> <span class='ocrx_word' id='word_1_721' title='bbox 690 2494 725 2512; x_wconf 74' lang='grc' dir='ltr'>ιι.</span> <span class='ocrx_word' id='word_1_722' title='bbox 736 2486 911 2514; x_wconf 87' lang='lat' dir='ltr'><strong>Ccnturionis</strong></span> 
     </span>
    </p>
   </div>
   <div class='ocr_carea' id='block_1_97' title="bbox 125 2530 909 2559">
    <p class='ocr_par' dir='ltr' id='par_1_97' title="bbox 125 2530 909 2559">
     <span class='ocr_line' id='line_1_97' title="bbox 125 2530 909 2559; baseline 0.004 -4"><span class='ocrx_word' id='word_1_723' title='bbox 125 2530 222 2557; x_wconf 76' lang='lat' dir='ltr'><strong>deinde</strong></span> <span class='ocrx_word' id='word_1_724' title='bbox 239 2538 346 2558; x_wconf 89' lang='lat' dir='ltr'><strong>servum</strong></span> <span class='ocrx_word' id='word_1_725' title='bbox 366 2532 484 2558; x_wconf 89' lang='lat' dir='ltr'><strong>amorbo</strong></span> <span class='ocrx_word' id='word_1_726' title='bbox 502 2532 596 2558; x_wconf 82' lang='lat' dir='ltr'><strong>liberat</strong></span> <span class='ocrx_word' id='word_1_727' title='bbox 614 2530 680 2558; x_wconf 90' lang='lat' dir='ltr'><strong>Luc.</strong></span> <span class='ocrx_word' id='word_1_728' title='bbox 696 2540 731 2559; x_wconf 82' lang='lat' dir='ltr'><strong>vu</strong></span> <span class='ocrx_word' id='word_1_729' title='bbox 747 2539 762 2558; x_wconf 89' lang='lat' dir='ltr'><strong>a</strong></span> <span class='ocrx_word' id='word_1_730' title='bbox 780 2532 789 2557; x_wconf 92' lang='lat'><strong>1</strong></span> <span class='ocrx_word' id='word_1_731' title='bbox 810 2539 909 2558; x_wconf 90' lang='lat' dir='ltr'><strong>eouun.</strong></span> 
     </span>
    </p>
   </div>
   <div class='ocr_carea' id='block_1_98' title="bbox 126 2577 912 2609">
    <p class='ocr_par' dir='ltr' id='par_1_98' title="bbox 126 2577 912 2609">
     <span class='ocr_line' id='line_1_98' title="bbox 126 2577 912 2609; baseline 0.003 -6"><span class='ocrx_word' id='word_1_732' title='bbox 126 2577 158 2603; x_wconf 88' lang='lat' dir='ltr'><strong>u.|</strong></span> <span class='ocrx_word' id='word_1_733' title='bbox 189 2577 233 2609; x_wconf 87' lang='lat'><strong>10,</strong></span> <span class='ocrx_word' id='word_1_734' title='bbox 258 2577 351 2604; x_wconf 88' lang='lat' dir='ltr'><strong>Matth.</strong></span> <span class='ocrx_word' id='word_1_735' title='bbox 373 2585 422 2604; x_wconf 88' lang='lat' dir='ltr'><strong>vtu</strong></span> <span class='ocrx_word' id='word_1_736' title='bbox 452 2586 466 2605; x_wconf 91' lang='lat' dir='ltr'><strong>a</strong></span> <span class='ocrx_word' id='word_1_737' title='bbox 490 2578 507 2605; x_wconf 79' lang='lat'><strong>5</strong></span> <span class='ocrx_word' id='word_1_738' title='bbox 532 2578 565 2604; x_wconf 92' lang='lat' dir='ltr'><strong>ad</strong></span> <span class='ocrx_word' id='word_1_739' title='bbox 606 2577 649 2604; x_wconf 93' lang='lat'><strong>10.</strong></span> <span class='ocrx_word' id='word_1_740' title='bbox 680 2577 749 2604; x_wconf 89' lang='lat' dir='ltr'><strong>Tum</strong></span> <span class='ocrx_word' id='word_1_741' title='bbox 771 2578 856 2605; x_wconf 70' lang='lat' dir='ltr'><strong>ridua:</strong></span> <span class='ocrx_word' id='word_1_742' title='bbox 882 2579 912 2605; x_wconf 88' lang='lat' dir='ltr'><strong>1i-</strong></span> 
     </span>
    </p>
   </div>
   <div class='ocr_carea' id='block_1_99' title="bbox 127 2623 912 2658">
    <p class='ocr_par' dir='ltr' id='par_1_99' title="bbox 127 2623 912 2658">
     <span class='ocr_line' id='line_1_99' title="bbox 127 2623 912 2658; baseline 0.001 -9"><span class='ocrx_word' id='word_1_743' title='bbox 127 2624 191 2650; x_wconf 86' lang='lat' dir='ltr'><strong>hum</strong></span> <span class='ocrx_word' id='word_1_744' title='bbox 204 2623 236 2650; x_wconf 91' lang='lat' dir='ltr'><strong>ad</strong></span> <span class='ocrx_word' id='word_1_745' title='bbox 253 2623 381 2658; x_wconf 87' lang='lat' dir='ltr'><strong>oppidum</strong></span> <span class='ocrx_word' id='word_1_746' title='bbox 396 2623 484 2655; x_wconf 83' lang='lat' dir='ltr'><strong>Naitu,</strong></span> <span class='ocrx_word' id='word_1_747' title='bbox 512 2623 575 2651; x_wconf 84' lang='lat' dir='ltr'><strong>Luc.</strong></span> <span class='ocrx_word' id='word_1_748' title='bbox 596 2632 632 2651; x_wconf 90' lang='lat' dir='ltr'><strong>vu</strong></span> <span class='ocrx_word' id='word_1_749' title='bbox 663 2631 677 2650; x_wconf 90' lang='lat' dir='ltr'><strong>a</strong></span> <span class='ocrx_word' id='word_1_750' title='bbox 697 2632 797 2650; x_wconf 88' lang='lat' dir='ltr'><strong>comm.</strong></span> <span class='ocrx_word' id='word_1_751' title='bbox 826 2624 858 2650; x_wconf 73' lang='grc'>12</span> <span class='ocrx_word' id='word_1_752' title='bbox 878 2624 912 2650; x_wconf 87' lang='lat' dir='ltr'><strong>ad</strong></span> 
     </span>
    </p>
   </div>
   <div class='ocr_carea' id='block_1_100' title="bbox 128 2667 912 2704">
    <p class='ocr_par' dir='ltr' id='par_1_100' title="bbox 128 2667 912 2704">
     <span class='ocr_line' id='line_1_100' title="bbox 128 2667 912 2704; baseline 0.001 -9"><span class='ocrx_word' id='word_1_753' title='bbox 128 2667 474 2696; x_wconf 72' lang='lat' dir='ltr'><strong>13.1ntcrhmcloanncs</strong></span> <span class='ocrx_word' id='word_1_754' title='bbox 503 2670 557 2704; x_wconf 87' lang='lat' dir='ltr'><strong>jam</strong></span> <span class='ocrx_word' id='word_1_755' title='bbox 587 2669 614 2696; x_wconf 91' lang='lat' dir='ltr'><strong>in</strong></span> <span class='ocrx_word' id='word_1_756' title='bbox 642 2677 778 2696; x_wconf 78' lang='lat' dir='ltr'><strong>career-ein</strong></span> <span class='ocrx_word' id='word_1_757' title='bbox 811 2669 912 2697; x_wconf 84' lang='lat' dir='ltr'><strong>missus</strong></span> 
     </span>
    </p>
   </div>
   <div class='ocr_carea' id='block_1_101' title="bbox 126 2710 910 2748">
    <p class='ocr_par' dir='ltr' id='par_1_101' title="bbox 126 2710 910 2748">
     <span class='ocr_line' id='line_1_101' title="bbox 126 2710 910 2748; baseline 0.001 -8"><span class='ocrx_word' id='word_1_758' title='bbox 126 2710 277 2748; x_wconf 62' lang='lat' dir='ltr'><strong>discipulos</strong></span> <span class='ocrx_word' id='word_1_759' title='bbox 290 2715 322 2740; x_wconf 86' lang='lat' dir='ltr'><strong>ad</strong></span> <span class='ocrx_word' id='word_1_760' title='bbox 339 2713 475 2741; x_wconf 78' lang='lat' dir='ltr'><strong>Christum</strong></span> <span class='ocrx_word' id='word_1_761' title='bbox 489 2715 596 2748; x_wconf 66' lang='lat' dir='ltr'><strong>allegat,</strong></span> <span class='ocrx_word' id='word_1_762' title='bbox 629 2713 695 2742; x_wconf 91' lang='lat' dir='ltr'><strong>Luc.</strong></span> <span class='ocrx_word' id='word_1_763' title='bbox 715 2722 750 2741; x_wconf 75' lang='lat' dir='ltr'><strong>ru</strong></span> <span class='ocrx_word' id='word_1_764' title='bbox 772 2722 786 2741; x_wconf 88' lang='lat' dir='ltr'><strong>a</strong></span> <span class='ocrx_word' id='word_1_765' title='bbox 811 2722 910 2742; x_wconf 90' lang='lat' dir='ltr'><strong>cotnm.</strong></span> 
     </span>
    </p>
   </div>
   <div class='ocr_carea' id='block_1_102' title="bbox 129 2759 912 2796">
    <p class='ocr_par' dir='ltr' id='par_1_102' title="bbox 129 2759 912 2796">
     <span class='ocr_line' id='line_1_102' title="bbox 129 2759 912 2796; baseline 0.004 -10"><span class='ocrx_word' id='word_1_766' title='bbox 129 2760 161 2786; x_wconf 76' lang='lat' dir='ltr'><strong>1t)</strong></span> <span class='ocrx_word' id='word_1_767' title='bbox 179 2761 212 2787; x_wconf 90' lang='lat' dir='ltr'><strong>ad</strong></span> <span class='ocrx_word' id='word_1_768' title='bbox 230 2759 275 2791; x_wconf 81' lang='grc'><strong>55,</strong></span> <span class='ocrx_word' id='word_1_769' title='bbox 291 2759 386 2787; x_wconf 77' lang='lat' dir='ltr'><strong>Matth.</strong></span> <span class='ocrx_word' id='word_1_770' title='bbox 405 2769 443 2788; x_wconf 77' lang='grc' dir='ltr'>ιιι,</span> <span class='ocrx_word' id='word_1_771' title='bbox 461 2761 591 2795; x_wconf 81' lang='lat' dir='ltr'><strong>Sequitur</strong></span> <span class='ocrx_word' id='word_1_772' title='bbox 614 2761 772 2796; x_wconf 85' lang='lat' dir='ltr'><strong>pcccatricis</strong></span> <span class='ocrx_word' id='word_1_773' title='bbox 790 2762 912 2789; x_wconf 81' lang='lat' dir='ltr'><strong>mulieris</strong></span> 
     </span>
    </p>
   </div>
   <div class='ocr_carea' id='block_1_103' title="bbox 127 2806 911 2840">
    <p class='ocr_par' dir='ltr' id='par_1_103' title="bbox 127 2806 911 2840">
     <span class='ocr_line' id='line_1_103' title="bbox 127 2806 911 2840; baseline 0.004 -9"><span class='ocrx_word' id='word_1_774' title='bbox 127 2806 243 2833; x_wconf 85' lang='lat' dir='ltr'><strong>otliciutn</strong></span> <span class='ocrx_word' id='word_1_775' title='bbox 259 2806 369 2833; x_wconf 81' lang='lat' dir='ltr'><strong>Christo</strong></span> <span class='ocrx_word' id='word_1_776' title='bbox 386 2806 547 2840; x_wconf 69' lang='lat' dir='ltr'><strong>praestitum,</strong></span> <span class='ocrx_word' id='word_1_777' title='bbox 569 2806 634 2833; x_wconf 87' lang='lat' dir='ltr'><strong>Luc.</strong></span> <span class='ocrx_word' id='word_1_778' title='bbox 662 2815 710 2838; x_wconf 75' lang='lat' dir='ltr'><strong>vn,</strong></span> <span class='ocrx_word' id='word_1_779' title='bbox 744 2814 844 2835; x_wconf 85' lang='lat' dir='ltr'><strong>comm.</strong></span> <span class='ocrx_word' id='word_1_780' title='bbox 867 2808 911 2834; x_wconf 85' lang='grc'><strong>57.</strong></span> 
     </span>
    </p>
   </div>
   <div class='ocr_carea' id='block_1_104' title="bbox 128 2851 913 2885">
    <p class='ocr_par' dir='ltr' id='par_1_104' title="bbox 128 2851 913 2885">
     <span class='ocr_line' id='line_1_104' title="bbox 128 2851 913 2885; baseline 0.003 -8"><span class='ocrx_word' id='word_1_781' title='bbox 128 2851 191 2878; x_wconf 79' lang='lat' dir='ltr'><strong>inde</strong></span> <span class='ocrx_word' id='word_1_782' title='bbox 206 2851 316 2878; x_wconf 90' lang='lat' dir='ltr'><strong>domum</strong></span> <span class='ocrx_word' id='word_1_783' title='bbox 334 2852 416 2885; x_wconf 83' lang='lat' dir='ltr'><strong>venit,</strong></span> <span class='ocrx_word' id='word_1_784' title='bbox 435 2851 518 2880; x_wconf 85' lang='lat' dir='ltr'><strong>Marc.</strong></span> <span class='ocrx_word' id='word_1_785' title='bbox 541 2860 581 2884; x_wconf 88' lang='grc' dir='ltr'>ιιι,</span> <span class='ocrx_word' id='word_1_786' title='bbox 601 2852 646 2878; x_wconf 74' lang='lat'><strong>‘20.</strong></span> <span class='ocrx_word' id='word_1_787' title='bbox 669 2851 835 2880; x_wconf 71' lang='lat' dir='ltr'><strong>Dmmonium</strong></span> <span class='ocrx_word' id='word_1_788' title='bbox 852 2861 913 2879; x_wconf 90' lang='lat' dir='ltr'><strong>llltl-</strong></span> 
     </span>
    </p>
   </div>
   <div class='ocr_carea' id='block_1_105' title="bbox 127 2898 913 2934">
    <p class='ocr_par' dir='ltr' id='par_1_105' title="bbox 127 2898 913 2934">
     <span class='ocr_line' id='line_1_105' title="bbox 127 2898 913 2934; baseline -0.001 -8"><span class='ocrx_word' id='word_1_789' title='bbox 127 2902 184 2926; x_wconf 83' lang='lat' dir='ltr'><strong>tum</strong></span> <span class='ocrx_word' id='word_1_790' title='bbox 200 2898 284 2934; x_wconf 79' lang='lat' dir='ltr'><strong>cjicit,</strong></span> <span class='ocrx_word' id='word_1_791' title='bbox 302 2898 369 2926; x_wconf 87' lang='lat' dir='ltr'><strong>Luc.</strong></span> <span class='ocrx_word' id='word_1_792' title='bbox 389 2907 425 2932; x_wconf 81' lang='grc' dir='ltr'>ιιι,</span> <span class='ocrx_word' id='word_1_793' title='bbox 442 2898 485 2933; x_wconf 76' lang='grc'><strong>11,</strong></span> <span class='ocrx_word' id='word_1_794' title='bbox 501 2898 594 2926; x_wconf 89' lang='lat' dir='ltr'><strong>Matth.</strong></span> <span class='ocrx_word' id='word_1_795' title='bbox 612 2906 660 2931; x_wconf 82' lang='lat' dir='ltr'><strong>xu,</strong></span> <span class='ocrx_word' id='word_1_796' title='bbox 677 2898 721 2927; x_wconf 70' lang='lat'><strong>22.</strong></span> <span class='ocrx_word' id='word_1_797' title='bbox 742 2898 802 2927; x_wconf 90' lang='lat' dir='ltr'><strong>ldco</strong></span> <span class='ocrx_word' id='word_1_798' title='bbox 820 2898 913 2926; x_wconf 83' lang='lat' dir='ltr'><strong>Phari-</strong></span> 
     </span>
    </p>
   </div>
   <div class='ocr_carea' id='block_1_106' title="bbox 962 2298 1747 2335">
    <p class='ocr_par' dir='ltr' id='par_1_106' title="bbox 962 2298 1747 2335">
     <span class='ocr_line' id='line_1_106' title="bbox 962 2298 1747 2335; baseline -0.003 -7"><span class='ocrx_word' id='word_1_799' title='bbox 962 2308 1023 2328; x_wconf 90' lang='lat' dir='ltr'><strong>cum</strong></span> <span class='ocrx_word' id='word_1_800' title='bbox 1038 2304 1156 2335; x_wconf 91' lang='lat' dir='ltr'><strong>quatuor</strong></span> <span class='ocrx_word' id='word_1_801' title='bbox 1168 2299 1312 2326; x_wconf 88' lang='lat' dir='ltr'><strong>hominum</strong></span> <span class='ocrx_word' id='word_1_802' title='bbox 1340 2298 1424 2325; x_wconf 92' lang='lat' dir='ltr'><strong>millia</strong></span> <span class='ocrx_word' id='word_1_803' title='bbox 1448 2302 1550 2332; x_wconf 87' lang='lat' dir='ltr'><strong>septem</strong></span> <span class='ocrx_word' id='word_1_804' title='bbox 1572 2298 1688 2332; x_wconf 85' lang='lat' dir='ltr'><strong>panibus</strong></span> <span class='ocrx_word' id='word_1_805' title='bbox 1702 2305 1747 2326; x_wconf 79' lang='lat' dir='ltr'><strong>sa-</strong></span> 
     </span>
    </p>
   </div>
   <div class='ocr_carea' id='block_1_107' title="bbox 962 2343 1749 2379">
    <p class='ocr_par' dir='ltr' id='par_1_107' title="bbox 962 2343 1749 2379">
     <span class='ocr_line' id='line_1_107' title="bbox 962 2343 1749 2379; baseline -0.004 -6"><span class='ocrx_word' id='word_1_806' title='bbox 962 2346 1048 2379; x_wconf 87' lang='lat' dir='ltr'><strong>tiavit,</strong></span> <span class='ocrx_word' id='word_1_807' title='bbox 1064 2345 1158 2373; x_wconf 90' lang='lat' dir='ltr'><strong>Matth.</strong></span> <span class='ocrx_word' id='word_1_808' title='bbox 1179 2353 1223 2377; x_wconf 73' lang='lat' dir='ltr'><strong>xv,</strong></span> <span class='ocrx_word' id='word_1_809' title='bbox 1238 2344 1321 2372; x_wconf 85' lang='lat' dir='ltr'><strong>Marc.</strong></span> <span class='ocrx_word' id='word_1_810' title='bbox 1342 2352 1399 2371; x_wconf 87' lang='lat' dir='ltr'><strong>vut.</strong></span> <span class='ocrx_word' id='word_1_811' title='bbox 1417 2343 1479 2371; x_wconf 82' lang='lat' dir='ltr'><strong>Inde</strong></span> <span class='ocrx_word' id='word_1_812' title='bbox 1489 2343 1516 2370; x_wconf 90' lang='lat' dir='ltr'><strong>in</strong></span> <span class='ocrx_word' id='word_1_813' title='bbox 1534 2349 1623 2378; x_wconf 90' lang='lat' dir='ltr'><strong>partes</strong></span> <span class='ocrx_word' id='word_1_814' title='bbox 1640 2343 1749 2372; x_wconf 84' lang='lat' dir='ltr'><strong>Dalma—</strong></span> 
     </span>
    </p>
   </div>
   <div class='ocr_carea' id='block_1_108' title="bbox 963 2389 1748 2428">
    <p class='ocr_par' dir='ltr' id='par_1_108' title="bbox 963 2389 1748 2428">
     <span class='ocr_line' id='line_1_108' title="bbox 963 2389 1748 2428; baseline -0.003 -8"><span class='ocrx_word' id='word_1_815' title='bbox 963 2393 1048 2420; x_wconf 89' lang='lat' dir='ltr'><strong>nutba</strong></span> <span class='ocrx_word' id='word_1_816' title='bbox 1060 2392 1254 2428; x_wconf 88' lang='lat' dir='ltr'><strong>proliciscitur,</strong></span> <span class='ocrx_word' id='word_1_817' title='bbox 1268 2390 1351 2418; x_wconf 91' lang='lat' dir='ltr'><strong>Marc.</strong></span> <span class='ocrx_word' id='word_1_818' title='bbox 1367 2398 1428 2423; x_wconf 81' lang='lat' dir='ltr'><strong>vui,</strong></span> <span class='ocrx_word' id='word_1_819' title='bbox 1438 2389 1482 2417; x_wconf 91' lang='lat' dir='ltr'><strong>ubi</strong></span> <span class='ocrx_word' id='word_1_820' title='bbox 1495 2389 1622 2417; x_wconf 72' lang='lat' dir='ltr'><strong>Pharisaei</strong></span> <span class='ocrx_word' id='word_1_821' title='bbox 1640 2390 1748 2425; x_wconf 81' lang='lat' dir='ltr'><strong>signum</strong></span> 
     </span>
    </p>
   </div>
   <div class='ocr_carea' id='block_1_109' title="bbox 962 2437 1749 2475">
    <p class='ocr_par' dir='ltr' id='par_1_109' title="bbox 962 2437 1749 2475">
     <span class='ocr_line' id='line_1_109' title="bbox 962 2437 1749 2475; baseline -0.005 -7"><span class='ocrx_word' id='word_1_822' title='bbox 962 2445 1097 2475; x_wconf 65' lang='lat' dir='ltr'><strong>quierunt,</strong></span> <span class='ocrx_word' id='word_1_823' title='bbox 1111 2439 1205 2466; x_wconf 88' lang='lat' dir='ltr'><strong>Matth.</strong></span> <span class='ocrx_word' id='word_1_824' title='bbox 1227 2446 1282 2472; x_wconf 77' lang='lat' dir='ltr'><strong>im,</strong></span> <span class='ocrx_word' id='word_1_825' title='bbox 1301 2437 1367 2465; x_wconf 90' lang='lat' dir='ltr'><strong>Luc.</strong></span> <span class='ocrx_word' id='word_1_826' title='bbox 1394 2445 1420 2464; x_wconf 79' lang='grc' dir='ltr'><strong>ιιι</strong></span> <span class='ocrx_word' id='word_1_827' title='bbox 1440 2446 1447 2464; x_wconf 87' lang='lat'><strong>:</strong></span> <span class='ocrx_word' id='word_1_828' title='bbox 1466 2437 1539 2472; x_wconf 92' lang='lat' dir='ltr'><strong>quod</strong></span> <span class='ocrx_word' id='word_1_829' title='bbox 1564 2442 1592 2464; x_wconf 90' lang='lat' dir='ltr'><strong>ct</strong></span> <span class='ocrx_word' id='word_1_830' title='bbox 1620 2442 1682 2465; x_wconf 85' lang='lat' dir='ltr'><strong>ante</strong></span> <span class='ocrx_word' id='word_1_831' title='bbox 1702 2445 1749 2472; x_wconf 84' lang='lat' dir='ltr'><strong>pc-</strong></span> 
     </span>
    </p>
   </div>
   <div class='ocr_carea' id='block_1_110' title="bbox 963 2482 1748 2520">
    <p class='ocr_par' dir='ltr' id='par_1_110' title="bbox 963 2482 1748 2520">
     <span class='ocr_line' id='line_1_110' title="bbox 963 2482 1748 2520; baseline -0.005 -6"><span class='ocrx_word' id='word_1_832' title='bbox 963 2488 1070 2520; x_wconf 88' lang='lat' dir='ltr'><strong>tierant,</strong></span> <span class='ocrx_word' id='word_1_833' title='bbox 1102 2486 1196 2514; x_wconf 87' lang='lat' dir='ltr'><strong>Matth.</strong></span> <span class='ocrx_word' id='word_1_834' title='bbox 1229 2492 1278 2512; x_wconf 76' lang='lat' dir='ltr'><strong>xu.</strong></span> <span class='ocrx_word' id='word_1_835' title='bbox 1305 2484 1437 2511; x_wconf 85' lang='lat' dir='ltr'><strong>lnvitatur</strong></span> <span class='ocrx_word' id='word_1_836' title='bbox 1453 2491 1468 2510; x_wconf 91' lang='lat' dir='ltr'><strong>a</strong></span> <span class='ocrx_word' id='word_1_837' title='bbox 1491 2482 1640 2516; x_wconf 61' lang='lat' dir='ltr'><strong>Pharisazo,</strong></span> <span class='ocrx_word' id='word_1_838' title='bbox 1671 2488 1698 2510; x_wconf 91' lang='lat' dir='ltr'><strong>et</strong></span> <span class='ocrx_word' id='word_1_839' title='bbox 1722 2484 1748 2509; x_wconf 92' lang='lat' dir='ltr'><strong>in</strong></span> 
     </span>
    </p>
   </div>
   <div class='ocr_carea' id='block_1_111' title="bbox 964 2529 1750 2568">
    <p class='ocr_par' dir='ltr' id='par_1_111' title="bbox 964 2529 1750 2568">
     <span class='ocr_line' id='line_1_111' title="bbox 964 2529 1750 2568; baseline -0.004 -9"><span class='ocrx_word' id='word_1_840' title='bbox 964 2532 1088 2568; x_wconf 88' lang='lat' dir='ltr'><strong>pluribus</strong></span> <span class='ocrx_word' id='word_1_841' title='bbox 1111 2531 1230 2563; x_wconf 89' lang='lat' dir='ltr'><strong>disserit,</strong></span> <span class='ocrx_word' id='word_1_842' title='bbox 1250 2530 1316 2558; x_wconf 90' lang='lat' dir='ltr'><strong>Luc.</strong></span> <span class='ocrx_word' id='word_1_843' title='bbox 1330 2538 1367 2561; x_wconf 77' lang='grc' dir='ltr'>ιιι,</span> <span class='ocrx_word' id='word_1_844' title='bbox 1383 2529 1478 2556; x_wconf 89' lang='lat' dir='ltr'><strong>Matth.</strong></span> <span class='ocrx_word' id='word_1_845' title='bbox 1496 2537 1574 2556; x_wconf 79' lang='lat' dir='ltr'><strong>xxut.</strong></span> <span class='ocrx_word' id='word_1_846' title='bbox 1588 2529 1650 2556; x_wconf 77' lang='lat' dir='ltr'><strong>Abit</strong></span> <span class='ocrx_word' id='word_1_847' title='bbox 1674 2533 1750 2556; x_wconf 69' lang='lat' dir='ltr'><strong>trans</strong></span> 
     </span>
    </p>
   </div>
   <div class='ocr_carea' id='block_1_112' title="bbox 963 2573 1749 2609">
    <p class='ocr_par' dir='ltr' id='par_1_112' title="bbox 963 2573 1749 2609">
     <span class='ocr_line' id='line_1_112' title="bbox 963 2573 1749 2609; baseline -0.008 -4"><span class='ocrx_word' id='word_1_848' title='bbox 963 2577 1166 2609; x_wconf 80' lang='lat' dir='ltr'><strong>frctum,Marc.</strong></span> <span class='ocrx_word' id='word_1_849' title='bbox 1195 2585 1255 2609; x_wconf 88' lang='lat' dir='ltr'><strong>vtu,</strong></span> <span class='ocrx_word' id='word_1_850' title='bbox 1277 2577 1320 2607; x_wconf 83' lang='grc'>15,</span> <span class='ocrx_word' id='word_1_851' title='bbox 1343 2575 1409 2602; x_wconf 82' lang='lat' dir='ltr'><strong>Luc.</strong></span> <span class='ocrx_word' id='word_1_852' title='bbox 1435 2582 1485 2607; x_wconf 71' lang='lat' dir='ltr'><strong>XII,</strong></span> <span class='ocrx_word' id='word_1_853' title='bbox 1511 2574 1605 2601; x_wconf 90' lang='lat' dir='ltr'><strong>Matth.</strong></span> <span class='ocrx_word' id='word_1_854' title='bbox 1630 2582 1685 2600; x_wconf 80' lang='lat' dir='ltr'><strong>xvr.</strong></span> <span class='ocrx_word' id='word_1_855' title='bbox 1712 2573 1749 2600; x_wconf 80' lang='lat' dir='ltr'><strong>De</strong></span> 
     </span>
    </p>
   </div>
   <div class='ocr_carea' id='block_1_113' title="bbox 963 2620 1747 2656">
    <p class='ocr_par' dir='ltr' id='par_1_113' title="bbox 963 2620 1747 2656">
     <span class='ocr_line' id='line_1_113' title="bbox 963 2620 1747 2656; baseline -0.008 -4"><span class='ocrx_word' id='word_1_856' title='bbox 963 2625 1084 2652; x_wconf 86' lang='lat' dir='ltr'><strong>cavendo</strong></span> <span class='ocrx_word' id='word_1_857' title='bbox 1097 2623 1299 2650; x_wconf 77' lang='lat' dir='ltr'><strong>Phariszeorum</strong></span> <span class='ocrx_word' id='word_1_858' title='bbox 1317 2622 1453 2651; x_wconf 80' lang='lat' dir='ltr'><strong>fermento</strong></span> <span class='ocrx_word' id='word_1_859' title='bbox 1468 2621 1606 2656; x_wconf 62' lang='lat' dir='ltr'><strong>praecipit,</strong></span> <span class='ocrx_word' id='word_1_860' title='bbox 1622 2620 1747 2647; x_wconf 81' lang='lat' dir='ltr'><strong>Bcthsai-</strong></span> 
     </span>
    </p>
   </div>
   <div class='ocr_carea' id='block_1_114' title="bbox 963 2666 1748 2702">
    <p class='ocr_par' dir='ltr' id='par_1_114' title="bbox 963 2666 1748 2702">
     <span class='ocr_line' id='line_1_114' title="bbox 963 2666 1748 2702; baseline -0.005 -4"><span class='ocrx_word' id='word_1_861' title='bbox 963 2671 1005 2698; x_wconf 79' lang='lat' dir='ltr'><strong>da:</strong></span> <span class='ocrx_word' id='word_1_862' title='bbox 1021 2678 1122 2698; x_wconf 69' lang='lat' dir='ltr'><strong>caecum</strong></span> <span class='ocrx_word' id='word_1_863' title='bbox 1140 2674 1229 2702; x_wconf 82' lang='lat' dir='ltr'><strong>curat,</strong></span> <span class='ocrx_word' id='word_1_864' title='bbox 1247 2669 1330 2696; x_wconf 86' lang='lat' dir='ltr'><strong>Marc.</strong></span> <span class='ocrx_word' id='word_1_865' title='bbox 1346 2677 1405 2701; x_wconf 82' lang='lat' dir='ltr'><strong>vui,</strong></span> <span class='ocrx_word' id='word_1_866' title='bbox 1416 2668 1462 2695; x_wconf 68' lang='lat'><strong>2‘2.</strong></span> <span class='ocrx_word' id='word_1_867' title='bbox 1488 2667 1585 2694; x_wconf 84' lang='lat' dir='ltr'><strong>Petrus</strong></span> <span class='ocrx_word' id='word_1_868' title='bbox 1599 2666 1748 2694; x_wconf 49' lang='lat' dir='ltr'><strong>confessio‘</strong></span> 
     </span>
    </p>
   </div>
   <div class='ocr_carea' id='block_1_115' title="bbox 964 2711 1747 2749">
    <p class='ocr_par' dir='ltr' id='par_1_115' title="bbox 964 2711 1747 2749">
     <span class='ocr_line' id='line_1_115' title="bbox 964 2711 1747 2749; baseline -0.009 -5"><span class='ocrx_word' id='word_1_869' title='bbox 964 2726 1024 2744; x_wconf 91' lang='lat' dir='ltr'><strong>nem</strong></span> <span class='ocrx_word' id='word_1_870' title='bbox 1037 2717 1103 2749; x_wconf 87' lang='lat' dir='ltr'><strong>edit,</strong></span> <span class='ocrx_word' id='word_1_871' title='bbox 1120 2715 1206 2743; x_wconf 84' lang='lat' dir='ltr'><strong>Marc.</strong></span> <span class='ocrx_word' id='word_1_872' title='bbox 1224 2724 1290 2748; x_wconf 82' lang='lat' dir='ltr'><strong>\‘lll,</strong></span> <span class='ocrx_word' id='word_1_873' title='bbox 1307 2715 1354 2748; x_wconf 77' lang='lat'><strong>‘27,</strong></span> <span class='ocrx_word' id='word_1_874' title='bbox 1369 2715 1464 2742; x_wconf 79' lang='lat' dir='ltr'><strong>Matth.</strong></span> <span class='ocrx_word' id='word_1_875' title='bbox 1481 2721 1536 2746; x_wconf 71' lang='lat' dir='ltr'><strong>xw,</strong></span> <span class='ocrx_word' id='word_1_876' title='bbox 1563 2711 1628 2738; x_wconf 69' lang='lat' dir='ltr'><strong>Late.</strong></span> <span class='ocrx_word' id='word_1_877' title='bbox 1647 2720 1685 2744; x_wconf 82' lang='lat' dir='ltr'><strong>Ix,</strong></span> <span class='ocrx_word' id='word_1_878' title='bbox 1707 2712 1747 2739; x_wconf 92' lang='lat'><strong>18.</strong></span> 
     </span>
    </p>
   </div>
   <div class='ocr_carea' id='block_1_116' title="bbox 964 2756 1748 2794">
    <p class='ocr_par' dir='ltr' id='par_1_116' title="bbox 964 2756 1748 2794">
     <span class='ocr_line' id='line_1_116' title="bbox 964 2756 1748 2794; baseline -0.011 -4"><span class='ocrx_word' id='word_1_879' title='bbox 964 2762 1028 2790; x_wconf 81' lang='lat' dir='ltr'><strong>Pest</strong></span> <span class='ocrx_word' id='word_1_880' title='bbox 1043 2763 1099 2790; x_wconf 85' lang='lat' dir='ltr'><strong>dies</strong></span> <span class='ocrx_word' id='word_1_881' title='bbox 1129 2770 1176 2789; x_wconf 84' lang='lat' dir='ltr'><strong>vui</strong></span> <span class='ocrx_word' id='word_1_882' title='bbox 1202 2761 1243 2788; x_wconf 88' lang='lat' dir='ltr'><strong>vel</strong></span> <span class='ocrx_word' id='word_1_883' title='bbox 1266 2769 1292 2787; x_wconf 80' lang='lat' dir='ltr'><strong>vr</strong></span> <span class='ocrx_word' id='word_1_884' title='bbox 1317 2760 1538 2794; x_wconf 80' lang='lat' dir='ltr'><strong>trausliguratur,</strong></span> <span class='ocrx_word' id='word_1_885' title='bbox 1555 2756 1650 2783; x_wconf 86' lang='lat' dir='ltr'><strong>Matth.</strong></span> <span class='ocrx_word' id='word_1_886' title='bbox 1682 2764 1748 2788; x_wconf 83' lang='lat' dir='ltr'><strong>xvu,</strong></span> 
     </span>
    </p>
   </div>
   <div class='ocr_carea' id='block_1_117' title="bbox 946 2800 1748 2840">
    <p class='ocr_par' dir='ltr' id='par_1_117' title="bbox 946 2800 1748 2840">
     <span class='ocr_line' id='line_1_117' title="bbox 946 2800 1748 2840; baseline -0.012 -4"><span class='ocrx_word' id='word_1_887' title='bbox 946 2810 949 2813; x_wconf 86' lang='grc'><strong>’</strong></span> <span class='ocrx_word' id='word_1_888' title='bbox 964 2808 1046 2836; x_wconf 89' lang='lat' dir='ltr'><strong>Marc.</strong></span> <span class='ocrx_word' id='word_1_889' title='bbox 1065 2816 1103 2840; x_wconf 87' lang='lat' dir='ltr'><strong>Ix,</strong></span> <span class='ocrx_word' id='word_1_890' title='bbox 1120 2807 1186 2835; x_wconf 90' lang='lat' dir='ltr'><strong>Luc.</strong></span> <span class='ocrx_word' id='word_1_891' title='bbox 1204 2815 1240 2834; x_wconf 80' lang='lat' dir='ltr'><strong>ix.</strong></span> <span class='ocrx_word' id='word_1_892' title='bbox 1262 2806 1395 2834; x_wconf 86' lang='lat' dir='ltr'><strong>Postridie</strong></span> <span class='ocrx_word' id='word_1_893' title='bbox 1415 2804 1564 2831; x_wconf 85' lang='lat' dir='ltr'><strong>lunaticqu</strong></span> <span class='ocrx_word' id='word_1_894' title='bbox 1580 2806 1668 2829; x_wconf 85' lang='lat' dir='ltr'><strong>sanat.</strong></span> <span class='ocrx_word' id='word_1_895' title='bbox 1683 2800 1748 2828; x_wconf 85' lang='lat' dir='ltr'><strong>Orta</strong></span> 
     </span>
    </p>
   </div>
   <div class='ocr_carea' id='block_1_118' title="bbox 964 2845 1750 2888">
    <p class='ocr_par' dir='ltr' id='par_1_118' title="bbox 964 2845 1750 2888">
     <span class='ocr_line' id='line_1_118' title="bbox 964 2845 1750 2888; baseline -0.011 -8"><span class='ocrx_word' id='word_1_896' title='bbox 964 2853 1034 2880; x_wconf 85' lang='lat' dir='ltr'><strong>inter</strong></span> <span class='ocrx_word' id='word_1_897' title='bbox 1051 2853 1189 2888; x_wconf 83' lang='lat' dir='ltr'><strong>apostolos</strong></span> <span class='ocrx_word' id='word_1_898' title='bbox 1202 2852 1235 2879; x_wconf 88' lang='lat' dir='ltr'><strong>de</strong></span> <span class='ocrx_word' id='word_1_899' title='bbox 1250 2851 1400 2886; x_wconf 88' lang='lat' dir='ltr'><strong>principatu</strong></span> <span class='ocrx_word' id='word_1_900' title='bbox 1412 2845 1648 2878; x_wconf 83' lang='lat' dir='ltr'><strong>contentio,lilarc.</strong></span> <span class='ocrx_word' id='word_1_901' title='bbox 1659 2847 1750 2879; x_wconf 56' lang='lat' dir='ltr'><strong>max),</strong></span> 
     </span>
    </p>
   </div>
   <div class='ocr_carea' id='block_1_119' title="bbox 965 2893 1751 2932">
    <p class='ocr_par' dir='ltr' id='par_1_119' title="bbox 965 2893 1751 2932">
     <span class='ocr_line' id='line_1_119' title="bbox 965 2893 1751 2932; baseline -0.003 -8"><span class='ocrx_word' id='word_1_902' title='bbox 965 2897 1031 2926; x_wconf 88' lang='lat' dir='ltr'><strong>Lac.</strong></span> <span class='ocrx_word' id='word_1_903' title='bbox 1051 2906 1088 2926; x_wconf 77' lang='grc' dir='ltr'>ιιι,</span> <span class='ocrx_word' id='word_1_904' title='bbox 1101 2898 1140 2926; x_wconf 85' lang='lat' dir='ltr'><strong>Ad</strong></span> <span class='ocrx_word' id='word_1_905' title='bbox 1158 2896 1330 2932; x_wconf 66' lang='lat' dir='ltr'><strong>Sceuopegia:</strong></span> <span class='ocrx_word' id='word_1_906' title='bbox 1346 2896 1445 2925; x_wconf 80' lang='lat' dir='ltr'><strong>festum</strong></span> <span class='ocrx_word' id='word_1_907' title='bbox 1458 2902 1473 2923; x_wconf 88' lang='lat' dir='ltr'><strong>c</strong></span> <span class='ocrx_word' id='word_1_908' title='bbox 1487 2894 1596 2922; x_wconf 59' lang='lat' dir='ltr'><strong>Calilsea</strong></span> <span class='ocrx_word' id='word_1_909' title='bbox 1612 2893 1751 2929; x_wconf 74' lang='lat' dir='ltr'><strong>profectus</strong></span> 
     </span>
    </p>
   </div>
  </div>
