1925 3043
175 181 244 211 1015

711 182 884 211 APPENDIX
904 183 1223 215 DISSERTATIONUM.

1731 189 1801 219 i016

176 237 408 274 Hierosolymam,
426 237 506 266 Joan.
527 246 576 266 vn.
595 231 671 266 Unde
690 239 920 270 iterulnreversus
937 243 965 270 in
981 245 1004 273 Α
1053 245 1094 271 Ad
1124 245 1197 273 hunc
1215 244 1325 272 modum
1356 239 1477 274 ordinari
1496 245 1650 281 evangelica
1678 246 1801 274 narratio

174 285 313 312 Galilaeam
330 292 392 312 cum
407 285 607 319 complerentur
622 286 680 316 dies
697 287 891 322 assumptionis
901 288 961 322 ejus

175 329 390 366 Hierosolymam
411 331 500 362 rediit,
519 331 585 359 Luc.
616 340 653 366 ιιι,
675 332 719 365 51,
738 332 821 360 Marc.
849 341 877 367 x,
906 334 960 360 52:

175 384 230 411 quo
245 376 273 402 in
292 376 388 403 itinere
401 383 416 402 a
436 375 617 405 Sarnaritanis
642 378 717 405 urbis
740 379 815 405 aditu
839 379 962 414 prohibe-

175 427 228 449 tur.
243 421 370 448 Pharisaei
384 429 446 448 cum
459 429 491 449 eo
501 422 534 450 de
544 431 629 450 uxore
639 424 797 451 dimittenda
809 425 960 459 disputant,

174 468 269 495 Matth.
286 476 342 500 xix,
356 467 438 495 Marc.
465 477 491 496 ιι.
518 468 643 497 Parvulis
668 471 814 498 benedicit.
834 471 963 506 Designat

175 521 228 542 ux
255 514 415 549 discipulos,
436 514 502 542 Luc.
521 523 547 541 x.
583 515 611 542 ln
638 516 771 544 Encaeniis
786 521 890 544 tantum
908 525 962 544 non

174 559 320 594 lapidatur,
333 559 411 587 Joan.
426 569 453 593 x,
466 561 512 588 ‘22.
523 561 591 588 Tum
606 561 725 590 Zcbcdaai
741 563 856 590 filiorum
872 567 962 598 postu-

174 605 249 637 latio,
279 613 339 633 cum
360 611 423 633 ante
447 606 480 633 de
504 605 635 634 Passione
660 607 843 640 disseruisset,
864 608 959 636 .‘iatlh.

175 658 222 682 xx,
238 650 322 678 Marc.
340 659 367 683 χ,
385 650 451 678 Luc.
479 659 557 679 xvtu.
589 651 681 679 Caecus
697 653 729 680 ad
758 652 962 681 liicrichuntem

175 700 297 723 sanatur.
315 696 378 723 inde
393 705 408 724 a
429 696 559 724 Zacehreo
576 698 723 732 publicano
743 698 824 725 domo
849 704 875 725 et
895 706 962 725 con-

175 742 248 769 vivio
268 743 413 778 excipitur,
441 743 508 771 Luc.
529 752 585 770 xix.
612 743 652 770 Ad
679 743 770 771 Mariae
797 749 824 771 et
852 744 962 772 Marthae

175 788 325 822 hospitium
347 789 467 816 divertit.
490 789 591 817 Cattcra
614 790 647 817 ad
667 790 825 817 Passionem
852 790 958 817 Domini

175 838 251 868 gesta
271 842 304 861 ex
322 835 488 870 Evangeliis,
504 843 535 862 ac
551 835 724 870 potissimum
741 834 854 863 Joannis
870 840 962 871 aperta

175 884 251 912 sunt,
269 880 321 908 hoc
335 886 375 909 est
391 882 423 908 ad
442 882 562 915 tertium,
572 881 629 909 sive
643 881 831 917 σταυρώσιμον
845 881 959 909 Pascha.

1012 295 1114 326 potest,
1141 296 1193 318 aut’
1210 295 1240 318 ut
1265 291 1318 318 alia
1345 291 1514 327 singularum
1538 299 1630 320 rerum
1656 292 1801 327 dispositio

1013 337 1048 364 sit
1066 344 1098 363 ac
1122 336 1279 372 deseriptio.
1305 336 1399 372 Neque
1421 337 1493 364 enim
1523 343 1650 366 accurate
1672 338 1754 365 modo
1772 337 1799 364 in

1012 380 1135 407 ordinent
1152 380 1241 415 ipsum
1267 381 1441 415 inquirimus.
1468 382 1586 416 Apparet
1612 386 1702 409 tamen
1722 389 1799 409 com-

1013 425 1172 453 modissime
1192 433 1236 452 res
1258 433 1274 452 a
1296 425 1407 454 Christo
1434 432 1523 461 gestas
1549 427 1648 462 triplici
1666 427 1799 455 Paschate

1012 469 1138 497 concludi
1152 480 1158 497 :
1174 470 1291 505 primum
1307 471 1407 498 accidit
1425 479 1497 499 anno
1515 471 1624 500 Juliano
1638 472 1682 505 π,
1697 471 1799 499 Tiberii

1013 525 1057 550 xv,
1079 517 1222 544 neomenia
1244 516 1330 544 Nisan
1342 525 1374 544 cx
1386 516 1499 544 Iudaico
1512 517 1587 553 cyclo
1601 517 1699 545 vitioso
1709 518 1800 546 Martii

1013 571 1066 589 xxx
1083 562 1149 590 feria
1177 570 1212 596 tv,
1230 563 1307 598 cyclo
1331 563 1401 590 luna:
1423 571 1466 596 ιι,
1483 563 1549 591 solis
1575 571 1590 591 l
1604 583 1611 595 ,
1630 564 1719 599 prima
1742 564 1801 592 dies

1012 609 1177 643 Azymorum
1193 607 1292 642 Aprilis
1311 616 1360 634 χιιι
1381 617 1387 641 ;
1405 609 1553 636 secundum
1569 608 1673 636 Pascha
1691 608 1802 636 Iuliano

1013 653 1057 685 75,
1081 653 1182 680 Tiberii
1210 661 1263 686 xvr,
1297 661 1388 681 neom.
1409 652 1492 681 Nisan
1519 653 1608 681 Martii
1634 661 1679 681 xix
1708 653 1761 680 fer.
1778 662 1799 686 ι,

1012 700 1100 735 prima
1127 700 1186 728 dies
1214 700 1379 735 Azymorum
1397 700 1463 734 Apr.
1491 707 1532 732 n;
1560 700 1668 727 tertium
1693 698 1801 727 Pascha

1013 753 1086 773 anno
1099 744 1208 772 Juliano
1223 745 1266 775 76.
1283 744 1365 772 Nisan
1384 744 1474 772 Martii
1493 753 1535 778 Ix,
1564 745 1630 772 feria
1653 753 1690 776 vr,
1712 745 1801 779 prima

1012 791 1070 818 dies
1085 791 1249 825 Azymorum
1263 789 1351 817 Martii
1368 798 1449 822 χχιιι,
1466 790 1533 817 l'cria
1559 798 1596 823 vr,
1608 797 1680 817 anno
1697 789 1801 817 Tiberii

1013 840 1128 864 exeunte
1147 844 1203 863 xvn
1218 836 1370 863 secundum
1383 835 1533 868 Romanos,
1547 835 1590 863 vel
1607 835 1721 863 Judaice
1731 842 1801 862 xvm

1013 889 1028 909 a
1047 881 1132 909 Nisan
1152 882 1291 910 inchoato.

182 946 1797 959 ———_———_——————‘

363 1023 418 1052 DE
443 1001 706 1054 PtENlTENTlJE
735 1024 896 1056 VETEBE
920 1024 961 1054 IN

1019 1024 1175 1055 SCLESIA
1200 1024 1381 1056 RATIONE
1408 1023 1546 1055 DIATRI
1551 1023 1612 1055 BA.

786 1101 791 1104 -
807 1085 863 1120 (Ad
881 1086 934 1114 col.
950 1085 1029 1120 1017,
1041 1090 1100 1115 ιιοι.
1118 1086 1159 1123 6.)

311 1210 378 1245 Qua:
396 1212 476 1247 fuerit
489 1211 700 1239 Novatiauorum
712 1212 828 1241 heresis.

213 1259 410 1287 Ecclesiasticze
437 1259 475 1286 rei
500 1258 702 1293 functionisque
740 1260 875 1294 praecipua
901 1267 965 1294 pars

179 1305 348 1340 patuitentia,
366 1305 482 1339 ejusque
505 1312 556 1332 usu
582 1308 609 1331 et
631 1304 868 1332 administratione
881 1304 967 1332 conti-

178 1357 269 1379 netur.
286 1351 434 1378 Testantur
451 1351 476 1378 id
492 1350 518 1377 in
535 1350 630 1385 primis
646 1355 737 1377 vetera
759 1351 850 1377 omnia
875 1351 966 1378 conci-

178 1398 226 1430 lia,
251 1402 278 1424 et
301 1396 351 1423 SS.
371 1396 422 1422 PP.
442 1396 562 1427 decreta,
578 1395 675 1430 quazin
691 1395 740 1422 hac
757 1402 810 1422 una
824 1403 854 1422 re
873 1395 966 1429 guber-

179 1444 270 1472 nanda
286 1447 312 1470 et
329 1442 516 1470 constituenda
534 1442 705 1476 potissimum
726 1442 866 1474 laborant,
887 1449 919 1469 ac
933 1441 967 1469 de

179 1489 369 1524 poenitentium
399 1488 483 1516 variis
511 1488 653 1515 ordinibus
682 1494 708 1516 et
727 1489 867 1524 gradibus,
880 1489 967 1524 dcque

180 1534 351 1568 singulorum
380 1537 520 1567 tempore.
547 1536 627 1561 modo
653 1541 684 1561 ac
711 1534 815 1561 ratione
845 1533 968 1562 studiose

180 1580 371 1616 praescribunt.
400 1579 486 1612 Quam
511 1580 621 1615 quidem
638 1581 801 1608 Christianm
817 1581 968 1616 disciplina:

180 1630 296 1661 partem,
312 1633 420 1660 unaque
434 1630 460 1652 et
479 1625 606 1653 Ecclesiae
618 1630 778 1660 potestatem
799 1634 966 1661 oppugnare,

181 1678 212 1700 ut
225 1673 288 1700 olim
304 1671 457 1702 Novatiani.
477 1672 517 1699 sic
529 1678 665 1699 nostrates
688 1673 807 1700 hzeretici
826 1673 900 1699 omni
918 1681 968 1708 ope

181 1727 214 1747 ac
232 1719 337 1746 ratione
361 1723 504 1746 conantur.
520 1718 585 1751 Quae
599 1719 665 1746 mihi
689 1727 770 1746 causa
786 1718 854 1747 satis
872 1719 968 1747 idonea

181 1765 239 1792 visa
253 1768 305 1797 est,
318 1772 366 1791 cur
379 1764 412 1791 de
426 1764 583 1798 pcenitentia
598 1764 655 1798 ipsa
672 1764 703 1791 ad
722 1764 791 1792 hanc
805 1764 968 1792 Novatiano—

182 1817 243 1837 rum
258 1809 382 1836 haeresim
397 1809 503 1844 plenius
514 1809 616 1843 aliquid
632 1809 726 1836 vellem
737 1810 903 1845 uberiusque
913 1811 969 1838 dis-

183 1863 284 1884 serere.
298 1855 390 1890 Neque
407 1863 471 1883 vero
494 1863 556 1890 quae
570 1855 602 1883 ad
620 1863 679 1883 eam
695 1856 820 1888 attinent,
841 1858 967 1885 universa

182 1906 347 1936 complectar
361 1910 368 1930 ι
396 1901 441 1928 sed
459 1909 490 1928 ea
505 1901 609 1928 scilicet
624 1902 754 1937 attingam
767 1923 774 1934 ,
793 1910 854 1937 qua:
866 1902 899 1928 ad
916 1902 968 1930 Ca-
981 1886 1002 1915 ο

183 1947 326 1973 tbarorum
341 1945 478 1978 haeresim,
495 1951 576 1980 atque
592 1945 734 1980 Epiphanii
755 1947 966 1981 disputationem

183 1991 373 2019 illustrandam
403 1992 558 2019 necessaria
583 1992 718 2019 videntur.
744 1992 783 2019 Ac
801 1993 919 2027 primum
935 1992 968 2019 de

183 2038 256 2065 illius
271 2042 350 2065 sectae
380 2045 412 2065 ac
437 2037 592 2065 schismatis
617 2043 736 2070 auctore,
753 2038 839 2072 deque
851 2037 910 2072 ejus
922 2038 970 2065 d0-

184 2088 273 2119 gmate
289 2091 374 2118 pauca
390 2083 513 2118 quaedam
536 2091 550 2110 e
566 2083 660 2110 multis
676 2083 784 2111 libanda
799 2088 872 2111 sunt.

219 2129 248 2156 In
265 2137 318 2164 quo
330 2130 474 2164 plerosque
485 2134 605 2156 veterum
619 2129 741 2160 Patrum,
754 2138 785 2157 ac
798 2130 970 2164 potissimum

184 2176 339 2203 erecorum
355 2176 497 2203 aberrasse
511 2180 619 2203 constat
634 2185 640 2203 :
659 2177 703 2211 qui
715 2177 784 2204 duos
800 2181 880 2204 sectae
889 2177 971 2212 hujus

184 2221 349 2249 architectos
374 2221 401 2247 in
419 2228 505 2247 unum
529 2221 655 2253 miscent,
676 2221 856 2248 similitudine
881 2222 971 2249 nomi-

183 2275 250 2294 num
269 2267 395 2301 decepti:
424 2266 557 2305 Novatum
587 2271 614 2293 et
641 2266 830 2294 Nnvatianum.
848 2267 971 2301 Quorum

184 2312 230 2338 ille
243 2311 387 2338 Africanus
399 2312 544 2346 episcopus
557 2311 624 2344 l‘uit;
639 2312 716 2347 cujus
732 2313 916 2348 turpissimam
941 2322 972 2341 ac

185 2357 427 2393 ﬂagitiosissimam
441 2357 535 2390 vitam,
554 2358 676 2386 avaritiae
693 2359 798 2392 sordes,
827 2361 973 2388 crudelita-

185 2408 251 2435 tem,
266 2402 381 2430 nefanda
404 2403 548 2436 parricidia
566 2404 695 2431 describit
709 2405 860 2440 Cyprianus
875 2413 916 2439 ep.
928 2405 971 2433 49.

185 2449 258 2477 litem
274 2457 348 2481 vero,
364 2457 425 2477 cum
442 2450 468 2476 in
483 2450 621 2484 lapsorum
635 2451 760 2486 gratiam.
781 2459 850 2485 quos
864 2452 974 2486 Cypria-

186 2504 238 2523 nus
252 2495 423 2522 diuturniorc
446 2496 636 2531 sevcrioreque
646 2496 788 2531 disciplina
809 2497 975 2524 coercendos

185 2541 353 2572 decreverat.
366 2540 553 2569 Felicissimus
565 2542 705 2577 presbyter
720 2542 840 2569 schisma
860 2542 975 2570 conflas-

186 2591 237 2620 set,
257 2587 290 2614 ad
315 2587 397 2622 hujus
425 2588 568 2615 factionem
602 2588 789 2616 adha-rescens
815 2588 973 2617 Africanam

187 2635 213 2661 in
227 2634 322 2669 primis
334 2633 482 2661 Ecclesiam
495 2634 663 2668 permiscuit.
688 2634 751 2661 Inde
765 2635 880 2662 Romam
898 2635 974 2662 navi-

187 2688 265 2716 gans,
281 2680 461 2708 Novatianum
476 2680 530 2707 illic
548 2680 737 2715 presbyterum
758 2681 875 2715 reperit;
892 2688 974 2716 quem

187 2728 223 2755 ob
239 2729 380 2763 praelatum
395 2726 447 2754 sibi
462 2726 619 2753 Cornelium
634 2734 731 2762 papam
743 2727 805 2753 odio
819 2727 975 2762 invidiaque

187 2773 347 2808 ﬂagrantem
372 2772 602 2804 animadverteris,
629 2772 839 2799 communicatis
863 2780 925 2800 cum
942 2779 975 2799 eo

188 2819 322 2850 consiliis,
340 2818 411 2845 aliud
430 2822 457 2844 et
470 2825 483 2844 a
501 2817 594 2852 priore
605 2817 684 2851 longe
697 2817 836 2845 diversum
853 2817 974 2845 schisma
989 2812 992 2815 ’

190 2863 321 2890 condidit.
338 2862 396 2889 Non
415 2863 487 2890 enim
503 2863 640 2896 lapsorum
665 2866 694 2889 ut
720 2870 830 2890 causam
854 2864 976 2897 suscipe-

192 2913 244 2942 ret,
257 2916 357 2944 eosque
372 2909 576 2944 quamprimum
591 2909 650 2944 paci
667 2913 694 2937 et
706 2909 833 2938 Ecclesiae
850 2910 977 2938 restitue-

981 1216 1002 1244 B
1018 1217 1069 1246 ret,
1081 1220 1097 1240 a
1109 1211 1228 1241 Cornelii
1244 1211 1438 1240 communione
1448 1209 1584 1243 discessit,
1603 1209 1650 1238 sed
1665 1216 1680 1237 e
1694 1212 1807 1237 eontra—

1014 1260 1055 1287 rio
1070 1259 1144 1295 quod
1158 1260 1270 1287 nimiam
1287 1259 1347 1295 ejus
1368 1259 1397 1286 in
1414 1258 1468 1286 illis
1492 1256 1705 1285 reconciliandis
1716 1256 1806 1283 facili-

1016 1310 1097 1333 tatem
1111 1306 1305 1340 lenitatemque
1319 1306 1472 1332 damnaret.
1486 1303 1532 1331 Sic
1544 1303 1626 1338 igitur
1639 1302 1805 1330 Novatiano—

1015 1360 1076 1379 rum
1102 1356 1178 1379 secta
1197 1352 1231 1378 ab
1245 1350 1378 1378 ambobus
1395 1350 1449 1377 illis
1467 1349 1628 1377 auctoribus
1640 1348 1772 1383 profecta.
1789 1355 1805 1374 a

1014 1397 1167 1431 posteriore
1186 1396 1347 1431 praesertim,
1364 1395 1418 1423 hoc
1431 1400 1473 1422 est
1491 1393 1655 1426 Novatiano,
1674 1401 1805 1428 magnum

1016 1443 1214 1469 incrementum
1230 1441 1345 1476 accepit.
1373 1440 1426 1468 Sed
1443 1440 1549 1473 Graeci,
1569 1440 1608 1467 uti
1625 1439 1693 1470 dixi,
1709 1438 1806 1466 Patres

1016 1496 1101 1516 unum
1118 1488 1252 1516 duntaxat
1264 1492 1345 1515 sectae
1361 1487 1531 1515 conditorem
1545 1486 1700 1518 nominant,
1721 1486 1807 1512 Nova-

1017 1539 1075 1562 tum
1092 1534 1150 1562 sive
1165 1534 1301 1564 Ναυᾶτον,
1323 1533 1475 1560 Romanum
1487 1533 1694 1568 presbyterum:
1709 1538 1808 1566 quem-

1018 1580 1165 1608 admodum
1178 1579 1278 1611 Euseb.
1299 1579 1345 1606 lib.
1362 1587 1387 1606 vr
1404 1578 1488 1611 Ilist.,
1501 1578 1588 1610 c.55;
1604 1577 1807 1606 Theodoretus.

1017 1626 1114 1661 Epiph.
1125 1626 1177 1653 hoc
1197 1625 1275 1658 loco;
1290 1624 1437 1656 Gregorius
1454 1623 1595 1655 Nazianz.,
1608 1623 1730 1657 adeoque
1756 1620 1808 1649 So-

1017 1676 1118 1703 crates,
1129 1670 1299 1707 Novatianus
1316 1674 1343 1696 et
1363 1670 1437 1704 ipse;
1458 1672 1485 1696 et
1498 1667 1654 1702 complures
1669 1666 1725 1693 alii.
1750 1665 1808 1692 lmo

1017 1719 1100 1745 etiam
1117 1724 1132 1744 e
1159 1715 1264 1743 Latinis
1280 1717 1395 1749 August.
1420 1713 1469 1741 lib.
1485 1712 1523 1740 De
1538 1712 1616 1744 ham;
1633 1710 1805 1742 Philastrius,

1018 1763 1113 1791 Amhr.
1133 1763 1160 1790 in
1177 1762 1243 1790 libb.
1258 1761 1296 1788 De
1310 1769 1378 1796 pwn.
1392 1760 1539 1795 Distinguit
1550 1764 1639 1786 autem
1654 1757 1808 1793 Cyprianus

1018 1810 1119 1845 passim
1133 1809 1159 1836 in
1179 1808 1271 1843 epist.,
1282 1812 1310 1835 et
1324 1807 1468 1839 Pacianus,
1487 1813 1519 1833 ac
1533 1804 1621 1832 Latini
1639 1811 1747 1835 omnes,
1761 1802 1808 1838 qui

1019 1856 1052 1883 de
1066 1856 1117 1882 hac
1131 1854 1226 1882 hatresi
1245 1854 1373 1881 subtilius
1388 1853 1569 1887 disputarunt.

1053 1900 1114 1928 Jam
1127 1899 1271 1927 Novatiani
1299 1900 1397 1933 dogma
1431 1899 1511 1933 quale
1533 1896 1616 1925 fuerit
1637 1893 1809 1930 Epiphanius

1019 1947 1111 1974 statim
1128 1947 1206 1973 initio
1221 1945 1333 1973 haeresis
1348 1945 1453 1979 aperit:
1471 1944 1601 1970 nimirum
1614 1940 1810 1976 pronuntiasse

1019 1992 1121 2027 ipsum.
1139 1992 1241 2019 nullam
1258 1991 1355 2018 salutis
1368 1997 1443 2025 spem
1469 1995 1612 2024 superesse
1626 1986 1722 2022 lapsis,
1736 1984 1810 2020 quod

1020 2045 1105 2064 unum
1120 2037 1253 2064 duntaxat
1264 2040 1337 2063 esset
1349 2034 1514 2069 paenitentia:
1526 2040 1609 2068 genus
1622 2032 1649 2059 in
1661 2031 1808 2066 baptismo.

1020 2082 1098 2116 Quod
1116 2082 1151 2109 ita
1177 2081 1364 2109 Theodoretus
1394 2080 1534 2114 concipit:
1571 2078 1608 2114 μὴ
1627 2078 1726 2114 χρῆναι
1748 2078 1811 2109 τοὺς

1021 2128 1188 2164 ἁρνηθέντας
1215 2127 1351 2163 σωτηρίας
1370 2127 1472 2161 τυχεῖν.
1484 2124 1585 2153 Verum
1602 2132 1657 2151 non
1672 2131 1704 2151 ea
1726 2122 1812 2151 Nova-

1022 2174 1089 2201 tiani
1104 2174 1197 2209 opinio
1213 2173 1279 2205 fuit,
1294 2180 1342 2200 eos
1356 2173 1401 2207 qui
1423 2172 1558 2207 gravioris
1582 2170 1688 2206 peccati
1710 2177 1810 2197 noxam

1023 2219 1223 2250 contraherent,
1249 2219 1284 2246 ab
1307 2219 1381 2246 omni
1411 2226 1459 2254 spe
1489 2217 1686 2252 c0nsequendas
1715 2216 1813 2244 salutis

1023 2266 1129 2293 excludi
1147 2275 1152 2292 :
1166 2273 1228 2292 nam
1242 2270 1266 2292 et
1284 2264 1345 2292 illos
1370 2265 1402 2291 ad
1415 2263 1608 2298 capessendam
1622 2262 1810 2297 pmnitentiam

1024 2313 1128 2340 hortari
1144 2311 1277 2343 solebant,
1298 2315 1370 2338 etut
1388 2310 1507 2338 divinam
1530 2309 1702 2337 clementiam
1725 2308 1813 2344 lacry-

1024 2359 1077 2386 mis
1098 2366 1131 2386 ac
1148 2357 1274 2385 sordibus
1290 2357 1420 2385 elicerent
1446 2355 1592 2383 identidem
1618 2354 1812 2381 admonebant.

1026 2403 1078 2430 Sed
1099 2404 1150 2436 hoc
1167 2410 1251 2429 unum
1280 2402 1425 2437 negabant,
1446 2400 1480 2428 ad
1507 2400 1635 2428 Ecclesiae
1645 2407 1677 2427 ac
1693 2399 1813 2427 ﬁdelium

1024 2448 1246 2476 communionem
1263 2447 1347 2482 recipi
1361 2447 1479 2481 amplius
1505 2450 1647 2481 oportere;
1664 2452 1753 2479 neque
1769 2451 1815 2479 pe-

1025 2503 1073 2523 nes
1085 2494 1233 2523 Ecclesiam
1247 2493 1441 2521 reconciliandi
1452 2492 1498 2527 jus
1509 2492 1594 2519 ullum
1606 2499 1638 2519 ac
1650 2495 1814 2526 potestatem

990 2555 1014 2586 ο
1026 2548 1087 2569 esse
1098 2549 1105 2566 :
1116 2540 1215 2575 quippe
1227 2539 1336 2567 urticam
1345 2539 1419 2566 illam
1433 2543 1605 2573 peccatorum
1617 2536 1814 2586 indulgentiam

1027 2587 1053 2614 in
1074 2587 1147 2614 illius
1162 2585 1275 2613 arbitrio
1287 2585 1401 2617 versari,
1415 2592 1477 2619 qua:
1499 2592 1546 2619 per
1562 2582 1730 2618 baptismum
1747 2581 1816 2609 obti-

1028 2638 1117 2660 netur.
1128 2632 1316 2660 Declarathrec
1324 2629 1451 2658 Socrates
1464 2631 1511 2658 lib.
1523 2638 1560 2662 Iv,
1575 2629 1659 2656 c.13:
1672 2627 1816 2663 Scripsisse

1028 2679 1153 2706 videlicet
1175 2677 1308 2705 Novatum
1331 2678 1392 2707 ταῖς
1416 2674 1554 2710 πανταχθῦ
1577 2673 1764 2709 Ἐχκλησὶαις,
1779 2671 1815 2707 μὴ

1029 2725 1153 2760 δέχεσθαι
1169 2724 1232 2755 τοὺς
1257 2723 1450 2754 ὲπιτεθυκότας
1465 2723 1505 2754 εἰς
1525 2721 1559 2748 τὰ
1581 2721 1737 2756 μυστήρια“
1750 2719 1816 2746 ἀλλὰ

1030 2770 1194 2806 προτρέπειν
1216 2770 1265 2805 μὲν
1293 2770 1356 2801 τοὺς
1385 2770 1424 2801 εἰς
1440 2769 1594 2804 μετάνοιαν,
1609 2766 1657 2802 τὴν
1671 2766 1699 2793 δὲ
1711 2765 1816 2800 συγχώο

1030 2825 1109 2853 ρησιν
1137 2815 1294 2852 ἐπιτρέπειν
1320 2814 1379 2850 Θεῷ
1402 2814 1440 2850 τῷ
1456 2814 1595 2849 δυναμένῳ
1624 2813 1671 2840 καὶ
1694 2812 1816 2844 ἐξουσίαν

1029 2863 1117 2898 ἔχοντι
1140 2863 1290 2897 συγχωρῑῖν
1314 2862 1509 2898 ἁμαρτήματα.
1534 2860 1588 2888 Sed
1610 2864 1637 2887 et
1654 2858 1814 2886 Ambrosius

1029 2909 1078 2939 lib.
1094 2916 1102 2937 ι
1121 2909 1158 2937 De
1184 2909 1347 2944 pauitantia,
1359 2916 1384 2939 c.
1397 2908 1426 2942 2,
1443 2915 1507 2936 cum
1519 2907 1556 2936 ita
1575 2907 1637 2936 illos
1655 2904 1811 2940 redarguit:
