1925 3043
159 157 227 186 1017

616 161 660 189 DE
678 162 917 192 ΡΟΕΝΙΤΕΝΤΙΑΞ
937 164 1077 194 VETERE
1098 165 1298 194 DlSCIPLlNA.

1713 169 1784 199 1010

157 217 228 251 Quid
248 222 335 244 autem
355 218 460 252 durius,
476 228 556 255 quam
572 225 600 248 ut
615 222 734 249 indicant
756 217 983 259 pmnitentiang’A
997 227 1114 254 nendam
1127 227 1335 262 faciendamque
1357 226 1529 263 disciplinam
1544 228 1727 257 severioribus
1740 230 1784 258 in-

157 272 235 298 quant
245 271 297 290 non
310 264 440 296 relaxent,
452 273 511 292 cum
534 267 623 302 utique
645 269 747 295 veniam
767 271 885 304 negando
901 271 943 297 in-

156 311 286 336 centivum
311 311 432 345 auferant
458 314 637 346 ptenitentice?
660 314 744 341 Nemo
770 317 838 342 enim
860 321 942 350 potest

156 355 217 382 bene
232 365 307 391 agere
317 359 505 391 pa’nilentiunt,
522 359 574 386 nisi
584 360 630 394 qui
647 361 788 394 speraverit
803 361 941 396 indulgen-

155 403 231 428 tiam.
258 402 320 429 Haec
344 403 516 431 Ambrosius.
532 404 582 437 Qui
601 405 679 439 paulo
700 411 760 440 post
777 405 940 433 Novatiano.

154 455 214 473 rum
229 447 353 474 doctores
365 447 401 474 ait
428 449 516 474 omnia
535 453 641 483 peccatu
660 449 807 476 Stoicorum
828 451 942 485 quodam

154 499 226 518 more
244 492 352 526 paribus
375 493 520 520 aestimasse
532 495 676 525 mensuris,
702 495 753 522 hoc
766 501 817 528 est,
845 501 874 522 ut
897 503 940 523 se-

153 538 246 571 quenti
261 538 349 572 capite
366 539 455 571 docet,
469 539 545 566 nullo
562 540 705 566 criminum
716 541 820 568 delectu
835 541 939 574 habito,

152 583 279 610 omnibus
297 591 328 611 ex
344 592 421 619 aequo
436 585 542 612 veniam
559 593 671 621 negasse
686 596 692 613 :
717 586 808 622 itaque
823 587 940 615 sensisse

152 628 296 656 Novatum.
312 629 456 665 Perperam
471 631 554 663 enim,
571 636 601 658 ut
616 633 789 664 monuimus,
805 632 938 661 Novatum

151 683 200 710 pro
212 674 364 703 Novatiano
378 677 446 704 solet
457 685 588 712 usurpare
602 686 608 705 :
626 686 688 706 cum
706 680 757 707 hoc
769 699 776 710 ,
793 681 865 714 quod
882 681 940 716 ipse

150 725 253 752 narrat,
274 721 424 750 Novatiano
440 724 530 758 potius
550 730 694 760 congruat,
709 726 755 760 qui
776 725 874 754 Stoica:
896 735 939 755 se-

149 769 198 792 ctae
226 773 258 793 ac
285 767 463 802 philosophia
480 776 540 796 sese
565 769 713 797 dediderat.
740 771 775 798 At
796 770 937 799 Novatiani

148 811 271 846 magisui
288 813 330 839 sui
345 814 474 841 acerbum
490 814 572 842 nimis
588 820 785 851 austerumque
798 817 937 845 decretum

148 865 179 884 ea
193 858 378 886 moderatione
393 865 589 895 temperarunt,
611 868 638 890 ut
651 863 822 898 gravioribus
837 863 936 890 dunta-

995 273 1098 300 tcrdum
1111 273 1214 308 legibus
1229 278 1255 300 et
1272 273 1403 301 institutis
1414 273 1568 301 astrictum.
1585 273 1720 307 Quocirca
1730 276 1782 304 sub

994 318 1082 352 ipsum
1110 318 1271 345 Christianae
1303 318 1444 353 religionis
1471 319 1625 352 exordium,
1652 320 1782 356 ﬂagrante

993 371 1118 398 peraeque
1133 364 1223 391 studio
1236 364 1355 398 pietatis,
1371 368 1398 391 et
1411 364 1591 399 improbitatis
1605 366 1678 398 odio,
1696 368 1782 396 multo

992 413 1019 437 et
1032 410 1170 444 graviores
1189 409 1216 436 in
1234 409 1330 436 delicta
1358 417 1445 445 pcenae
1462 414 1490 438 et
1513 411 1697 440 diuturniores
1715 420 1782 441 con-

992 455 1093 482 stitutzc
1102 460 1175 482 sunt.
1189 454 1255 488 Qua:
1277 463 1320 482 res
1330 463 1362 483 eo
1386 463 1470 490 usque
1485 464 1657 490 progressum
1672 458 1778 492 habuit,

991 503 1214 530 utatrocioribns
1227 503 1389 538 quibusdam
1409 502 1556 530 sceleribus
1579 504 1658 531 venia
1687 504 1779 532 indul-

991 548 1134 583 gentiaque
1144 548 1265 576 funditus
1279 549 1410 583 denegata
1422 548 1513 580 fuerit,
1523 557 1662 584 nunquam
1674 554 1704 576 ut
1714 558 1777 577 cum

990 592 1111 620 Ecclesia
1129 594 1297 621 reconciliari
1318 597 1439 628 possent.
1454 592 1575 627 Quod,ut
1587 594 1621 621 ab
1638 594 1779 623 hodierni:

990 639 1111 667 moribus
1128 643 1153 667 et
1174 640 1305 667 institutis
1317 639 1525 673 abhorrens,ne
1541 639 1603 674 quis
1619 639 1778 668 incredibile

989 683 1103 711 forsitan
1125 685 1282 717 arbitretur,
1309 690 1447 712 auctorem
1467 684 1538 711 dabo
1568 683 1774 718 Tertullianum,

989 729 1035 764 Qui
1052 729 1078 756 in
1096 729 1166 757 libro
1182 730 1218 756 De
1244 730 1374 765 pudicitia
1396 729 1467 757 clare
1486 729 1512 756 id
1533 737 1565 757 ac
1581 729 1680 757 diserte
1695 734 1777 757 testa-

990 780 1042 802 tur.
1060 775 1174 810 Scripsit
1189 780 1278 803 autem
1294 776 1368 803 hunc
1383 775 1481 803 librum
1495 783 1555 802 cum
1569 775 1624 810 jam
1636 783 1668 803 ex
1682 776 1776 805 catho—

988 821 1040 848 lico
1053 821 1170 848 Montani
1182 821 1271 848 factus
1282 825 1353 848 esset
1361 821 1476 853 assecla,
1488 821 1619 848 adversus
1628 820 1773 856 Zephyrini

988 874 1063 901 papae
1077 867 1228 899 decretum,
1244 874 1298 901 quo
1319 866 1342 894 is
1358 866 1496 894 adulteros
1509 871 1571 901 post
1588 867 1774 901 paenitentiam

148 909 194 931 xat
212 904 372 933 criminibus
383 907 490 934 veniam
504 914 645 943 negarent,
662 909 810 936 levioribus
832 909 936 936 tribue-
951 898 971 926 Β
985 898 1166 939 admittendos
1186 912 1308 939 edixerat
1324 920 1331 939 :
1364 912 1487 947 Pontifex
1514 913 1614 939 scilicet
1640 913 1773 939 maximus

148 954 218 978 rent.
235 950 282 978 Sic
306 951 377 978 enim
403 951 565 981 Ambrosius
583 961 590 979 :
615 953 666 981 Sed
683 954 758 981 aiunt
773 962 799 981 se
822 954 934 989 exceptis

147 997 313 1033 gravioribus
339 999 493 1027 criminibus
514 1001 635 1028 relaxare
657 1002 760 1028 veniam
782 1001 933 1028 levioribus.

148 1044 210 1071 Non
225 1044 273 1071 hoc
294 1045 399 1080 quidem
411 1051 505 1073 auctor
520 1048 600 1074 vestri
618 1048 716 1074 erroris
735 1047 875 1079 Novatus;
890 1048 935 1082 qui

146 1090 244 1118 nemini
255 1091 436 1124 pwnitentiam
451 1092 568 1119 dandam
583 1093 696 1126 putat-it,
715 1101 746 1120 ea
758 1093 858 1120 scilicet
873 1101 934 1119 con-

148 1137 315 1171 templatione
328 1157 335 1169 ,
361 1142 390 1164 ut
415 1138 484 1173 quod
504 1139 558 1173 ipse
579 1147 631 1165 non
648 1144 733 1173 posset
751 1139 861 1171 solvere,
882 1147 934 1165 non

145 1183 258 1218 ligaret;
275 1191 306 1210 ne
324 1183 433 1218 ligando
459 1185 560 1218 sperari
575 1192 591 1211 a
608 1185 752 1219 se‘faceret
764 1185 931 1212 solutionem.

145 1228 179 1256 In
193 1237 222 1256 eo
236 1230 318 1264 igitur
332 1234 433 1264 patrem
444 1235 555 1256 vestrum
565 1231 672 1264 propria
685 1231 820 1258 damnatis
833 1236 934 1258 sentcn-

145 1276 193 1307 tia,
207 1276 252 1310 qui
275 1275 469 1303 distinctionem
492 1281 660 1310 peccatorum
685 1277 784 1312 facitis,
804 1285 862 1312 qun:
883 1277 934 1304 sol-

143 1321 228 1348 venda
242 1330 258 1348 α
278 1322 349 1348 vobis
366 1330 421 1349 esse
438 1323 544 1356 putetis,
567 1327 591 1350 et
605 1331 663 1358 qute
679 1324 735 1350 sine
750 1324 863 1350 remedio
877 1331 932 1350 esse

145 1366 320 1394 arbitremini.
332 1366 420 1402 Atque
433 1371 462 1393 ut
472 1367 581 1402 propius
592 1367 624 1394 ad
633 1376 664 1395 ea
675 1367 833 1402 disputanda
846 1368 933 1395 venia-

144 1420 215 1444 mus,
230 1420 347 1447 quorum
367 1420 448 1440 causa
464 1413 571 1448 longius
582 1413 608 1440 in
626 1413 676 1441 hac
696 1413 815 1440 Dtatriba
836 1420 932 1448 proce-

142 1458 207 1485 dere
218 1458 375 1490 statuimus,
390 1458 531 1486 scicndum
548 1463 600 1491 est,
617 1467 670 1486 non
686 1467 734 1494 pro
748 1467 781 1486 eo
802 1460 874 1495 quod
891 1460 931 1486 la-

142 1512 208 1539 psos
235 1504 267 1531 ad
294 1505 514 1532 communionem
541 1509 569 1532 et
598 1505 812 1533 ecclesiasticam
840 1513 930 1541 pacem

142 1551 325 1578 admittendos
337 1556 475 1586 negarent,
492 1550 625 1578 Novatum
640 1555 667 1578 et
680 1550 860 1579 Novatianum
878 1552 932 1579 lue-
945 1570 968 1601 ο

143 1596 243 1623 rcticos
273 1596 392 1628 habitos,
413 1601 494 1632 atque
510 1597 544 1624 ab
559 1596 681 1624 Ecclesia
711 1597 843 1624 catholica
869 1605 932 1632 pro-

142 1643 258 1678 scriptos
286 1642 372 1671 fuisse
386 1652 393 1670 :
407 1643 453 1671 sed
475 1643 548 1678 quod
579 1643 681 1670 nullum
699 1643 732 1670 ad
749 1650 795 1670 eos
811 1643 932 1670 reconci-

142 1689 248 1716 liandos
260 1689 493 1724 condonandaquc
506 1689 604 1716 delicta
619 1689 663 1724 jus
676 1689 704 1715 in
722 1688 843 1715 Ecclesia
870 1696 931 1716 esse

141 1735 286 1770 pertidiose
311 1742 343 1762 ac
371 1735 516 1763 crudeliter
548 1738 744 1763 asseverarent.
776 1733 864 1767 Quod,
890 1735 932 1761 in-

143 1789 236 1816 quam,
253 1781 382 1815 clavium,
399 1786 429 1810 ut
444 1786 552 1814 vocant,
566 1786 727 1817 potestatem
746 1781 874 1810 Ecclesia:
899 1789 932 1810 ac

143 1827 331 1854 sacerdotibus
354 1827 545 1861 detraherent,
571 1833 600 1855 ut
625 1828 744 1864 reliquos
769 1828 928 1855 eorumdem

142 1880 248 1901 errores
264 1872 398 1907 omittam,
416 1873 558 1901 Novatiani
575 1878 704 1910 tanquam
719 1875 837 1902 hmretici
852 1875 930 1902 dam-

143 1918 202 1945 nati
227 1922 310 1952 sunt,
328 1919 431 1953 alioqui
447 1920 549 1953 lapsos,
565 1919 617 1946 hoc
631 1925 673 1946 est
686 1919 844 1947 idololatriae
861 1928 929 1947 con-

144 1964 251 1998 tagione
268 1963 396 1998 pollutos,
419 1964 445 1990 in
463 1969 622 1999 perpetuum
633 1965 668 1992 ab
681 1965 800 1993 Ecclesra
817 1966 930 1993 submo-

143 2017 205 2037 vere
215 2010 334 2037 nondum
342 2017 392 2045 pro
400 2009 527 2037 hmretico
541 2010 651 2038 decreto
666 2012 804 2046 cognitum
820 2011 927 2039 fuerat:

143 2056 208 2091 quin
220 2056 299 2083 etiam
312 2056 410 2091 priscis
425 2056 479 2084 illis
494 2056 614 2084 ﬂorentis
623 2057 748 2084 Ecclesia:
760 2058 928 2092 temporibus

143 2102 225 2129 certis
241 2106 412 2136 peccatorum
429 2103 574 2136 generibus
603 2103 795 2130 communione
815 2104 928 2131 interdi-

144 2152 228 2180 ctum,
242 2151 269 2174 et
282 2148 389 2182 quidem
401 2153 529 2182 perpetuo
545 2148 639 2180 fuisse,
654 2149 853 2183 quamplurima
865 2157 928 2178 cen-

143 2192 205 2219 cilia
219 2200 250 2219 ac
267 2191 316 2220 SS.
341 2192 392 2219 PP.
415 2193 568 2221 testimonia
596 2193 745 2220 declarant.
768 2193 845 2226 Quod
862 2202 925 2222 cum

986 955 1164 991 (Tertulliani
1181 957 1264 984 verba
1279 956 1362 992 sunt)
1380 957 1516 991 episcopus
1535 957 1717 991 episcoporum
1734 957 1775 983 di-

985 1003 1021 1029 cit
1035 1010 1043 1029 :
1059 1001 1112 1037 Ego
1123 1007 1146 1030 et
1162 1003 1279 1030 maecltite
1289 1007 1313 1029 et
1325 1003 1513 1037 fornicationis
1534 1002 1632 1030 delicta
1648 1002 1776 1037 paeniten-

986 1049 1023 1075 tia
1035 1049 1132 1083 functis
1154 1049 1269 1076 dimitto.
1286 1049 1363 1082 Quod
1381 1051 1481 1077 summi
1507 1048 1643 1083 pontiﬁcis
1655 1047 1774 1076 edictum

985 1094 1169 1122 Tertullianus
1181 1103 1350 1131 oppugnans,
1370 1103 1402 1123 ex
1416 1103 1449 1123 eo
1462 1095 1612 1130 redarguit,
1627 1094 1699 1130 quod
1711 1103 1773 1122 cum

984 1142 1034 1168 tria
1043 1142 1264 1176 sintgravissima
1279 1142 1394 1174 scelera,
1407 1141 1572 1173 idololatria,
1595 1140 1773 1168 homicidium

983 1191 1010 1213 et
1029 1187 1204 1218 adulterium,
1234 1186 1353 1214 exclusis
1378 1190 1404 1213 et
1424 1186 1452 1213 in
1478 1191 1639 1221 perpetuum
1665 1185 1774 1220 rejectis

984 1233 1090 1260 duobus
1107 1232 1228 1268 reliquis,
1244 1233 1331 1260 solum
1349 1232 1474 1259 adulterii
1493 1232 1595 1259 crimen
1611 1231 1644 1258 ad
1663 1231 1771 1258 veniam

983 1278 1127 1312 exceperit.
1144 1277 1214 1310 Quid
1227 1279 1295 1312 agis,
1313 1277 1411 1312 inquit,
1424 1277 1583 1304 mollissima
1592 1281 1617 1303 et
1633 1276 1772 1302 humanis-

983 1323 1051 1350 sima
1073 1323 1237 1357 disciplina?
1251 1325 1303 1350 Aut
1326 1322 1446 1349 omnibus
1460 1323 1497 1350 eis
1515 1323 1563 1349 ltoc
1584 1330 1640 1349 esse
1653 1322 1770 1349 debebis:

983 1368 1061 1395 Beati
1074 1369 1143 1395 enim
1158 1369 1265 1403 paciﬁci
1277 1377 1287 1396 .'
1299 1373 1344 1395 aut
1357 1369 1379 1395 si
1393 1376 1444 1395 non
1459 1367 1590 1400 cantibus,
1600 1373 1691 1395 nostra
1704 1375 1771 1396 esse.

983 1413 1159 1442 Idolulatram
1174 1415 1280 1449 quidem
1302 1419 1326 1442 et
1350 1414 1510 1441 homicidam
1543 1414 1622 1441 semel
1641 1414 1771 1448 damnas,

985 1459 1111 1486 masc/rum
1128 1468 1186 1487 vero
1204 1459 1235 1487 tle
1250 1460 1334 1487 medio
1347 1460 1446 1493 excipis
1459 1479 1466 1492 ,
1485 1459 1645 1486 idololatritc
1667 1468 1772 1486 succes-

984 1513 1079 1538 sorem,
1093 1505 1228 1532 homicidii
1253 1510 1454 1537 antecessorem,
1471 1506 1607 1540 utriusque
1622 1504 1748 1540 collegam
1760 1505 1773 1531 .’

984 1549 1109 1577 Persona:
1132 1551 1275 1585 acceptatio
1302 1554 1357 1582 est,
1373 1550 1577 1577 miserabiliores
1603 1551 1772 1585 pamitentias

984 1596 1123 1630 reliquisti.
1148 1595 1231 1623 Plane
1256 1597 1280 1623 si
1299 1597 1420 1623 ostendas
1441 1596 1473 1623 de
1498 1597 1591 1631 quibus
1615 1597 1772 1631 patrociniis

982 1641 1171 1675 exemplorum,
1188 1646 1377 1676 priet-aptorum
1397 1641 1551 1674 caelestium,
1571 1642 1623 1669 soli
1643 1642 1771 1675 mwchiw,

982 1693 1006 1713 et
1019 1687 1047 1713 in
1063 1695 1095 1713 ea
1111 1686 1283 1721 fornicationi
1305 1695 1406 1722 quoque
1420 1687 1534 1721 januam
1550 1687 1710 1721 paenitentite
1729 1694 1770 1713 ea:-

982 1732 1094 1766 pandas.
1112 1731 1175 1759 llaec
1192 1739 1252 1766 cap.
1267 1732 1293 1759 5.
1311 1731 1345 1759 At
1366 1736 1458 1767 postea
1472 1739 1496 1759 c.
1515 1731 1548 1759 9:
1571 1731 1638 1759 Hinc
1649 1737 1688 1759 est
1700 1732 1770 1768 quod

981 1786 1064 1812 neque
1080 1777 1260 1811 idololatrice,
1278 1785 1359 1813 neque
1382 1777 1504 1812 sanguini
1517 1785 1573 1812 pas;
1592 1779 1624 1805 ab
1642 1777 1770 1806 Ecclesiis

982 1823 1113 1850 redditur.

1016 1869 1082 1902 Quae
1097 1877 1254 1904 quanquam
1264 1868 1384 1896 Montani
1394 1869 1453 1905 jam
1465 1869 1586 1898 imbutus
1599 1876 1691 1897 errore
1700 1870 1769 1898 scri-

980 1915 1075 1950 pserit,
1091 1923 1125 1942 ex
1142 1915 1200 1949 ipsa
1217 1919 1309 1942 tamen
1325 1915 1532 1950 argumentandi
1547 1916 1651 1942 ratione
1663 1915 1769 1950 colligi-

981 1965 1034 1993 tur,
1046 1961 1128 1989 certis
1143 1961 1305 1988 criminibus
1331 1961 1408 1996 pacis
1424 1969 1456 1989 ac
1470 1961 1557 1989 venia;
1568 1969 1643 1996 spem
1660 1969 1707 1996 per
1720 1961 1766 1989 illa

980 2010 1102 2041 tempora
1114 2006 1279 2034 subtractam
1298 2005 1392 2034 fuisse.
1411 2005 1447 2033 Ut
1461 2006 1532 2034 enim
1548 2013 1580 2033 ex
1594 2013 1627 2033 eo
1642 2005 1715 2041 quod
1737 2006 1766 2034 in

980 2052 1050 2079 libro
1066 2052 1104 2079 De
1119 2051 1221 2087 jejunio
1236 2057 1328 2079 contra
1342 2052 1494 2087 Psychicos,
1512 2051 1666 2080 Catholicae
1679 2058 1769 2086 reprc‘

981 2097 1085 2131 hendit,
1102 2099 1174 2133 quod
1190 2098 1271 2126 uuico
1283 2097 1502 2134 Quadragesimae
1520 2097 1626 2132 jejunio
1645 2098 1765 2126 contenti

979 2150 1076 2171 ctetera
1091 2151 1107 2171 a
1124 2143 1295 2171 Montanistis
1311 2144 1419 2171 inventa
1441 2143 1632 2178 repudiarent,
1649 2143 1766 2178 quadra-

979 2189 1114 2224 gesimalis
1122 2188 1219 2224 jejunii
1233 2193 1354 2216 vetustas
1367 2189 1419 2217 hoc
1434 2189 1492 2224 ipso
1515 2187 1676 2216 Tertulliani
1689 2189 1766 2217 testi-

143 2238 175 2264 ad
200 2238 340 2272 antiquam
365 2237 491 2266 Ecclesia;
514 2238 685 2273 disciplinam
707 2241 926 2274 cognoscendam
944 2243 968 2272 D
984 2235 1076 2262 monio
1100 2240 1195 2262 contra
1224 2235 1364 2263 haereticos
1395 2235 1539 2262 hodiernos
1559 2235 1691 2262 astruitur
1705 2243 1712 2262 :
1726 2234 1762 2263 ita

143 2283 373 2318 pernecessarium
396 2284 440 2316 sit,
456 2288 482 2311 et
494 2283 527 2311 ad
547 2284 635 2311 varios
649 2292 715 2312 usus
732 2290 926 2319 opportunum,

143 2336 193 2356 nos
204 2336 264 2364 quae
276 2328 309 2356 de
321 2336 351 2356 ea
367 2337 396 2356 re
416 2329 498 2364 longo
512 2329 613 2361 studio,
631 2337 661 2356 ac
674 2329 794 2364 diligenti
813 2330 928 2357 lectione

142 2375 369 2410 conquisirimus,
379 2375 405 2402 in
416 2375 602 2410 theologorum
615 2375 784 2410 potissimum
800 2376 927 2411 gratiam,

141 2421 220 2456 paulo
233 2421 386 2449 accuratius
400 2421 608 2456 explicabimus.

143 2477 306 2510 Quibusnam
317 2482 482 2514 peccatorum
495 2477 681 2514 generibus,ret
692 2484 819 2512 quatenus
834 2483 929 2514 negata

291 2513 438 2539 communio
456 2513 490 2540 sit
508 2513 537 2539 in
551 2512 670 2540 Ecclesia
685 2514 775 2540 veteri.

176 2558 284 2585 Nullum
300 2566 362 2586 esse
377 2559 466 2586 delicti
487 2559 636 2594 ﬂagitiique
665 2566 765 2594 genus,
785 2559 857 2594 quod
874 2567 928 2587 non

141 2605 235 2632 eadem
247 2604 303 2637 illa,
319 2612 380 2639 qua-
392 2605 475 2638 ligare
489 2612 521 2632 ac
538 2605 654 2632 retinere
666 2610 764 2639 potest,
775 2606 882 2633 solvere
897 2613 929 2633 ac

142 2650 279 2677 remittere
287 2651 373 2685 possit
381 2650 509 2678 Ecclesia:
522 2655 651 2686 potestas,
664 2659 751 2686 neque
759 2652 928 2686 probandum

142 2695 195 2723 hoc
210 2696 270 2723 loco
285 2701 338 2728 est,
360 2703 449 2731 neque
475 2696 510 2723 ab
537 2697 606 2730 aliis,
632 2704 714 2731 quam
729 2698 763 2724 ab
778 2697 928 2732 Evangelii,

143 2746 224 2775 atque
238 2741 365 2769 Ecclesiae
379 2742 576 2774 desertoribus,
603 2743 630 2769 in
653 2743 864 2770 controversiam
881 2743 930 2770 ad-

143 2786 262 2815 ducitur.
280 2786 366 2821 llujus
383 2795 446 2814 vero
459 2788 600 2821 potestatis
616 2795 713 2820 usunr,
732 2795 794 2815 cum
809 2788 835 2815 in
857 2788 929 2823 ejus—

143 2832 204 2859 dem
218 2831 346 2860 Ecclesiae
360 2832 474 2860 arbitrio
485 2832 589 2867 positus
601 2833 647 2865 sit,
663 2833 736 2860 varie
750 2837 928 2867 temperatum

144 2882 172 2906 et
184 2877 403 2907 administratum
415 2885 476 2907 csse
491 2885 544 2906 non
558 2877 670 2907 dubium
682 2884 734 2913 est,
751 2884 778 2908 et
792 2879 826 2907 ad
841 2878 929 2907 conti-

981 2281 1101 2317 profecto
1114 2281 1219 2309 duobus
1231 2281 1284 2309 illis
1297 2282 1404 2313 saltem,
1420 2281 1462 2309 vel
1480 2281 1567 2308 tribus
1584 2281 1661 2309 initio
1674 2288 1770 2315 pecca-

980 2327 1016 2354 tis
1033 2334 1126 2362 pacem
1144 2327 1246 2354 nullam
1259 2327 1293 2354 ab
1308 2326 1430 2354 Ecclesia
1445 2334 1603 2354 concessam
1619 2347 1627 2360 ,
1645 2334 1678 2354 ex
1691 2327 1767 2362 ejus-

979 2372 1040 2399 dem
1056 2372 1217 2400 auctoritate
1241 2380 1273 2400 ac
1292 2372 1502 2400 ratiocinatione
1510 2372 1632 2400 concludi
1648 2379 1701 2400 non
1716 2372 1767 2399 im-

979 2419 1078 2446 merito
1090 2423 1187 2453 potest.
1200 2418 1240 2446 Ac
1259 2418 1351 2445 nescio
1370 2426 1405 2445 an
1416 2422 1443 2445 et
1456 2418 1526 2446 idem
1550 2417 1686 2445 Pacianus
1703 2417 1767 2445 Bar-

979 2464 1135 2492 cinonensis
1147 2464 1291 2498 episcopus
1301 2464 1425 2492 docuerit
1437 2464 1465 2491 in
1478 2463 1613 2491 Parwnesi
1628 2464 1662 2491 ad
1677 2464 1767 2498 ptenit.

979 2517 1040 2545 quae
1056 2514 1098 2537 est
1110 2513 1184 2536 tomo
1198 2508 1230 2536 Ill
1246 2509 1316 2537 Bibl.
1336 2509 1394 2536 PP.
1408 2509 1438 2537 lu
1455 2518 1509 2545 qua
1533 2513 1707 2545 peccatorum
1723 2517 1767 2543 ge-

979 2562 1045 2582 nera
1055 2555 1110 2582 duo
1124 2554 1266 2590 distinguit
1281 2563 1287 2580 :
1304 2555 1357 2582 alia
1377 2562 1438 2590 quae
1449 2555 1574 2590 capitalia
1586 2559 1675 2586 vocat,
1693 2562 1766 2588 qua:-

979 2609 1033 2636 que
1045 2600 1163 2628 Joannes
1175 2600 1224 2636 Ep.
1238 2600 1259 2635 l,
1274 2608 1334 2636 cap.
1351 2609 1377 2634 ν,
1395 2601 1430 2628 ad
1447 2606 1557 2628 mortem
1571 2608 1631 2628 esse
1642 2599 1720 2626 dixit.
1729 2599 1766 2626 Ea

979 2655 1044 2675 vero
1055 2655 1109 2674 non
1125 2647 1178 2675 alia
1191 2652 1256 2675 sunt
1266 2668 1274 2680 ,
1285 2650 1373 2682 'quam
1389 2648 1439 2675 tria
1456 2647 1509 2679 illa,
1527 2654 1645 2682 quorum
1658 2645 1766 2672 Tertul-

979 2694 1068 2721 lianus
1092 2693 1224 2726 meminit,
1249 2693 1411 2726 idololatria,
1432 2692 1577 2721 fornicatio
1599 2696 1625 2719 et
1651 2691 1765 2718 homici-

978 2740 1066 2772 dium,
1093 2746 1155 2775 qum
1178 2739 1237 2767 Act.
1261 2747 1297 2767 xv
1314 2739 1341 2767 in
1357 2739 1486 2774 synodica
1512 2738 1557 2765 illa
1577 2737 1764 2773 apostolorum

979 2787 1100 2823 Epistola
1131 2788 1291 2815 nominatim
1327 2786 1463 2822 prohiberi
1494 2790 1580 2820 putat.
1610 2784 1763 2819 Despectus,

979 2832 1078 2867 inquit,
1092 2833 1117 2859 in
1130 2833 1217 2860 multis
1231 2832 1346 2868 Spiritus
1360 2836 1466 2859 sanctus
1483 2831 1538 2858 lla'c
1549 2830 1624 2858 nobis
1639 2830 1765 2865 capitalis

979 2878 1090 2913 periculi
1113 2879 1261 2907 conditione
1275 2878 1380 2913 legavit.
1401 2876 1512 2912 Reliqua
1539 2881 1648 2912 peccata
1669 2876 1760 2905 melio-
