1925 3043
152 135 221 164 liii!)

700 132 877 162 APPENDIX
896 130 993 159 DISSE
999 131 1212 160 BTATIONUM.

1714 125 1783 154 1020

151 197 210 217 rum
227 199 335 224 operum
350 193 561 227 compensatione
573 198 712 220 curantur.
734 193 799 221 Παιε
820 202 878 221 vero
891 194 944 220 tria
959 196 980 223 Α
995 194 1111 225 videtur,
1126 193 1191 228 quin
1204 199 1257 219 una
1271 189 1519 226 participandorum
1535 186 1727 223 mysteriorum
1738 186 1782 221 jus

152 236 266 263 crimina
279 243 307 263 ut
320 237 439 265 basilisci
454 239 569 273 alicujus
582 239 697 273 afflatus,
717 243 744 265 ut
756 239 846 266 ocrteni
861 238 942 271 calix,

154 286 181 308 ut
193 281 282 310 letalis
313 284 426 316 arundo,
445 284 584 311 metuenda
598 289 669 312 sunt.
689 285 729 312 Ac
753 285 891 311 nonnullis
907 284 945 311 in-

154 327 297 362 terjectis:
318 328 381 356 Ilazc
409 330 557 364 quicunque
583 335 641 364 post
662 330 741 364 [idem
770 330 872 365 fecerit,
893 329 942 357 Dei

154 373 251 408 faciem
275 383 327 401 non
342 375 448 402 videbit.
468 375 642 410 Dcsperavere
656 381 789 403 tantorum
801 377 943 403 criminum

154 419 202 446 rei.
218 419 288 452 Quid
314 420 386 447 vobis
401 429 447 456 ego
459 421 528 456 feci?
549 421 676 457 Nunquid
693 431 745 449 non
759 423 810 457 fuit
825 423 849 449 in
863 428 944 456 pote—-

153 470 222 492 state
239 474 271 493 ne
290 467 387 501 ﬁeret?
405 467 536 495 Nullusne
559 468 719 497 admonuit?
741 468 825 496 Neirio
843 469 943 502 pra'di—

154 512 218 539 xit?
246 513 338 539 Tacui!
365 512 507 541 Ecclesia?
530 513 605 540 Nihil
628 513 774 548 Evangelia
797 514 944 542 dixerunt?

154 554 233 582 Nihil
247 557 361 590 apostoli
372 558 526 584 comminati
541 562 602 584 sunt
615 558 627 582 9
645 557 721 584 Nihil
735 559 834 592 rogarit
855 567 944 586 sacer-

152 601 225 630 dos?
245 601 316 635 Quid
331 603 451 637 qureritis
473 611 532 630 sera
544 603 665 630 solatia?
682 603 753 630 Tunc
768 604 866 637 decuit,
883 613 942 631 cum

152 647 256 675 licebat.
278 647 353 675 Dura
364 649 416 676 ista
433 657 482 675 vox
500 654 548 682 est,
565 650 610 676 sed
626 650 669 684 qui
685 658 729 677 vos
747 650 836 684 felices
851 651 941 678 dicunt

152 694 179 721 in
193 702 308 721 errorem
326 702 370 721 uos
390 695 509 727 mittunt,
537 700 589 722 etc.
607 694 668 723 llaec
681 695 763 730 igitur
779 697 943 730 persuadere

152 743 278 773 possunt,
299 739 325 766 in
350 739 480 774 Hispania
497 740 592 767 saltem
611 740 754 774 pristinam
771 740 843 768 illam
860 741 956 775 disci-7

114 795 116 798 τ
153 784 234 819 plina:
249 784 421 811 severitatem
442 785 550 812 Paciani
575 790 696 818 tempore
709 785 838 821 viguisse.
862 785 943 813 Tam-

151 829 204 856 etsi
215 837 248 857 ne
262 830 287 857 id
299 831 405 864 penitus
418 830 561 865 atiirmem,
573 832 718 866 prohibent
739 832 794 865 illa,
807 840 867 867 qua:
880 840 942 867 pro-

152 874 226 902 xime
250 876 415 910 subjunxit:
444 876 556 911 Accipite
582 877 737 909 remedium,
763 878 786 904 si
806 881 944 912 desperare

153 921 286 954 cozpistis;
302 922 325 948 si
345 922 454 949 miseros
476 931 519 949 vos
541 923 684 957 agnoscitis
696 944 703 956 ,
724 924 747 950 si
763 923 870 950 timetis.
887 923 944 951 Nisi

153 966 206 993 hoc
221 965 338 994 fortasse
350 967 499 994 remedium
513 968 546 994 ad
565 968 649 995 solam
664 968 849 1003 paenitentiam
863 968 945 1003 perti-

153 1016 225 1044 neat,
239 1019 299 1047 quae
321 1012 348 1039 in
366 1019 399 1040 eo
415 1020 513 1048 genere
526 1013 630 1048 peccati
644 1013 791 1041 relaxanda
805 1022 944 1049 nunquam

153 1056 245 1085 fuerit.

189 1102 229 1129 Ex
241 1103 350 1136 iisdem,
368 1103 421 1132 nisi
435 1103 526 1136 fallor,
539 1103 659 1132 fontibus
677 1103 836 1131 Elibcritani
854 1104 945 1131 conci-

153 1148 181 1175 lii
201 1149 310 1176 decreta
339 1149 384 1177 illa
416 1149 538 1185 proiecta
563 1154 636 1183 sunt,
663 1158 779 1184 quorum
813 1150 945 1178 severitas

153 1193 233 1227 paulo
250 1194 388 1221 nonnullis
405 1195 529 1222 acerbior
542 1194 600 1222 visa
619 1203 653 1222 eo
667 1195 775 1222 demum
788 1195 847 1222 illos
860 1195 946 1231 impu-

154 1239 194 1271 lit,
220 1243 250 1266 ut
269 1239 292 1266 ei
312 1239 428 1267 concilio
448 1240 556 1274 culpam
584 1244 610 1267 et
633 1248 753 1268 errorem
775 1241 943 1276 attingerent.

153 1284 253 1312 Contra
269 1292 337 1320 quos
349 1285 392 1312 alii
410 1285 561 1313 Innocentii
585 1286 694 1314 decreto
709 1284 844 1322 pugnant;
857 1287 902 1322 qui
917 1287 945 1314 in

152 1330 232 1363 epist.
249 1330 276 1363 5,
293 1338 353 1365 cap.
372 1330 399 1363 2,
428 1331 508 1358 tacito
530 1331 640 1358 nomine
655 1331 728 1359 illius
755 1332 944 1359 auctoritatem

154 1381 246 1403 tuetur
259 1381 286 1403 et
313 1381 436 1404 excusat.
468 1379 524 1411 Ego
546 1381 600 1404 tam
619 1378 680 1410 hos,
696 1385 777 1412 quam
791 1378 851 1405 illos
866 1378 946 1405 aber-

153 1427 214 1448 rare
225 1428 333 1449 censeo.
361 1422 415 1449 Sed
430 1422 538 1449 concilii
553 1430 673 1450 canones
694 1423 722 1452 iu
739 1424 834 1459 primis
858 1425 946 1452 anim-

153 1467 313 1494 advertendi
338 1472 411 1494 sunt.
436 1467 464 1494 In
488 1468 531 1495 his
549 1469 632 1496 multa
653 1469 783 1498 adversus
804 1471 945 1505 superiora

154 1513 201 1541 illa
228 1518 254 1541 et
270 1514 441 1542 atrocissima
456 1515 570 1542 erimina
586 1516 756 1550 sanciuntur,
771 1524 803 1545 ac
823 1517 944 1552 plerum-

154 1567 208 1595 que
221 1567 255 1587 ne
267 1560 295 1588 in
312 1560 371 1588 vita:
393 1561 502 1596 quidem
521 1561 594 1588 exitu
606 1563 763 1591 communio
776 1564 943 1592 conceditur.

153 1603 220 1632 Nam
236 1605 262 1632 in
277 1605 366 1640 primo
381 1613 484 1634 canone
505 1607 541 1634 ita
554 1606 607 1634 PP.
624 1608 795 1636 constituunt
809 1619 817 1637 :
837 1609 945 1637 Placuit

153 1656 182 1677 ut
193 1651 340 1686 quicunque
363 1656 421 1686 post
440 1651 518 1686 ﬁdem
543 1653 666 1687 baptismi
695 1653 823 1681 salutaris
847 1655 944 1682 adulta

153 1701 232 1724 atate
247 1696 282 1723 ad
300 1696 423 1731 templum
440 1697 505 1724 idoli
516 1698 738 1726 idololatraturus
754 1700 905 1733 accesserit,
921 1705 946 1728 et

154 1742 254 1776 ﬂrcerit,
270 1741 340 1777 quod
354 1746 392 1768 est
405 1743 502 1770 crimen
516 1743 631 1778 capitale
650 1744 697 1780 (al.
714 1744 806 1778 lectio,
821 1746 891 1781 quod
907 1752 946 1774 est

154 1788 253 1814 crimen
273 1788 429 1823 principale,
448 1789 510 1824 quia
525 1794 564 1816 est
582 1798 713 1817 summum
728 1791 835 1827 scelus),
857 1800 902 1820 nec
918 1793 946 1820 in

154 1835 206 1868 ﬁne
226 1842 286 1860 eum
304 1835 514 1861 communionem
537 1835 678 1870 suscipere.
711 1835 817 1865 Rursus
837 1838 944 1866 can.2:

158 1878 305 1912 Homines,
330 1881 374 1915 qui
395 1885 453 1915 post
469 1881 548 1916 fidem
567 1881 668 1908 lauacri
695 1887 719 1909 et
741 1884 945 1918 regenerationis

155 1925 373 1960 sacriﬁcaverint,
397 1934 426 1954 eo
452 1927 521 1959 quod
542 1918 730 1962 gerninalverint
747 1930 855 1963 scelera,
870 1939 945 1958 acce-

155 1973 230 1999 dente
253 1971 411 2006 Iunnicidio,
431 1972 469 2000 uel
494 1973 685 2009 triplicaverint
709 1975 842 2010 facinus.
860 1977 946 2004 colite.

155 2021 228 2045 rente
243 2017 362 2051 masc/tiu,
381 2017 484 2053 placuit
502 2027 545 2046 eos
563 2027 608 2046 nec
625 2021 652 2047 in
669 2021 721 2055 fine
741 2021 858 2056 accipere
875 2030 948 2048 com-

155 2063 316 2091 munionem.
340 2064 374 2091 At
389 2071 450 2091 can.
470 2065 504 2092 3:
539 2064 571 2092 Si
594 2066 878 2098 non-immolaverunt.
901 2068 946 2094 sed

155 2118 250 2137 munus
266 2115 368 2137 tantum
385 2111 524 2145 dederunt,
540 2111 640 2146 placuit
658 2113 684 2140 in
696 2113 747 2144 ﬁne
764 2114 801 2140 eis
817 2119 946 2148 praestare

155 2154 373 2187 communionem,
387 2160 447 2182 acta
461 2161 548 2183 tamen
563 2157 682 2192 legitima
696 2159 859 2192 poenitentia.
877 2158 946 2186 Item

995 244 1209 275 potestatemque
1221 238 1256 265 sit
1268 237 1388 272 adeptus.
1418 234 1485 262 Nam
1503 238 1563 269 post
1575 233 1704 260 σύστασιν
1715 252 1723 264 ,
1736 232 1782 267 qui

993 290 1108 320 quartus
1123 284 1190 312 ordo
1205 283 1369 318 poenitentia:
1380 282 1442 314 fuit,
1463 282 1489 307 in
1506 288 1561 315 quo
1573 280 1659 307 solam
1673 279 1707 306 ad
1722 286 1783 305 ora-

995 333 1076 360 tionis
1092 331 1311 360 communionem
1327 328 1551 360 admittebantur,
1576 326 1690 354 subinde
1708 325 1785 352 nullo

994 379 1134 414 interjeeto
1153 377 1238 413 gradu
1257 377 1297 408 εἱς
1312 375 1342 402 τὺ
1358 375 1471 406 τέλειον,
1494 373 1567 409 quod
1584 371 1709 399 ultimum
1723 374 1784 398 erat

993 433 1025 452 ac
1042 424 1280 458 perfectissimum.
1292 422 1433 457 pervenire
1448 419 1581 448 solebant.
1602 418 1639 445 De
1654 425 1710 452 quo
1729 417 1784 445 sub

993 470 1074 497 tinem
1091 468 1282 503 disputationis
1298 467 1379 502 hujus
1396 465 1526 493 nonnulla
1540 463 1719 491 dlsserentur.

1030 515 1176 542 Videamus
1196 521 1269 541 nunc
1289 512 1425 548 quodnam
1443 511 1477 538 de
1494 510 1526 538 iis
1538 509 1687 536 Innocentii
1707 508 1784 543 judi-

993 561 1063 588 cium
1081 559 1225 592 exstiterit,
1241 559 1297 586 imo
1315 562 1405 585 utrum
1420 557 1454 584 de
1470 555 1523 583 illis
1543 556 1651 582 locutus
1670 554 1787 581 omnino

993 607 1038 639 sit,
1052 606 1123 641 quod
1138 604 1258 640 plerique
1270 611 1365 632 omnes
1378 603 1543 630 existimant.
1575 600 1624 628 llic
1637 600 1709 628 enim
1724 599 1784 634 epi-

993 653 1062 681 stola
1081 652 1107 684 5,
1134 651 1167 678 ad
1184 650 1357 685 Exuperium,
1368 656 1428 683 cap.
1445 649 1473 680 2,
1492 648 1529 675 ita
1547 646 1641 674 scribit
1656 655 1663 673 :
1680 645 1715 672 Et
1736 645 1785 672 hoc

993 699 1131 734 qumsitum
1146 702 1194 729 est,
1215 696 1277 732 quid
1295 697 1326 722 de
1345 695 1385 722 Itis
1404 693 1536 721 observari
1547 693 1650 725 debeat,
1667 692 1713 727 qui
1726 696 1785 726 post

994 744 1229 779 baptismumomni
1236 748 1349 777 tempore
1362 740 1557 768 incontinentiae
1568 745 1591 766 et
1606 737 1784 773 voluptatibus

993 788 1076 815 dediti
1089 788 1116 814 in
1129 792 1244 814 extremo
1254 787 1306 820 ﬁne
1320 786 1380 813 vitta
1395 793 1450 812 sua:
1463 784 1644 819 paenitentiam
1657 782 1749 814 simul,
1759 787 1784 808 et

994 833 1232 860 reconciliationem
1243 831 1433 859 communionis
1441 833 1592 864 exposcunt.
1606 828 1641 855 De
1646 828 1687 854 Itis
1694 828 1785 854 obser-

995 881 1064 908 vatio
1076 880 1148 914 prior
1161 879 1264 910 durior,
1290 877 1422 913 posterior
1438 876 1623 903 interveniente
1636 875 1786 901 misericor-

996 925 1041 952 dia
1054 925 1210 952 inclinatior
1223 928 1280 951 est:
1301 931 1363 950 nam
1380 921 1539 950 consuetudo
1553 921 1626 956 prior
1641 921 1735 951 tenuit,
1756 926 1783 948 ut

995 971 1179 998 concederetur
1190 971 1227 997 eis
1241 969 1404 1000 owiiitentia,
1417 968 1461 995 sed
1474 968 1621 994 communio
1633 971 1784 1002 negaretur.

995 1015 1069 1044 Nam
1095 1023 1154 1042 cum
1179 1015 1234 1042 illis
1264 1013 1423 1048 (corporibus
1455 1012 1553 1039 crebra:
1591 1011 1785 1046 persecutiones

995 1065 1094 1093 essent,
1114 1068 1145 1087 ne
1166 1059 1356 1087 communionis
1377 1066 1501 1086 concessa
1527 1057 1644 1092 facilitas
1666 1057 1785 1085 homines

995 1108 1027 1134 de
1041 1107 1253 1134 reconciliatione
1268 1114 1372 1133 securos
1386 1114 1437 1132 non
1457 1109 1587 1131 revocaret
1603 1111 1618 1130 α
1634 1103 1722 1138 lapsu,
1741 1111 1785 1130 ne-

995 1156 1059 1187 gata
1079 1152 1172 1179 merito
1192 1151 1339 1178 communio
1354 1155 1403 1183 est,
1429 1158 1549 1177 concessa
1566 1149 1733 1184 pcenitentia,
1755 1156 1786 1176 ne

997 1202 1080 1224 totum
1104 1197 1208 1231 penitus
1232 1200 1387 1231 negaretur;
1414 1199 1438 1222 et
1455 1195 1588 1221 duriorem
1607 1194 1786 1221 remissionem

996 1242 1059 1276 fecit
1080 1242 1203 1275 temporis
1224 1242 1303 1268 ratio.
1332 1239 1383 1268 Sed
1396 1245 1535 1275 postquam
1553 1238 1681 1265 Dominus
1698 1244 1786 1264 noster

995 1295 1086 1321 pacem
1108 1285 1234 1313 Ecclesiis
1257 1286 1313 1313 suis
1334 1285 1461 1317 reddidit,
1474 1284 1533 1319 jam
1547 1284 1656 1318 depulso
1674 1289 1785 1315 terrore,

996 1333 1204 1359 communionem
1227 1332 1287 1359 dari
1315 1331 1471 1358 abeuntibus
1495 1330 1607 1365 placuit,
1635 1334 1660 1356 et
1679 1334 1788 1364 propter

997 1378 1103 1404 Domini
1125 1377 1344 1409 ntisericordiam,
1366 1377 1443 1412 quasi
1463 1376 1589 1402 viaticum
1613 1375 1786 1410 profccturis,

996 1431 1028 1450 ne
1042 1422 1186 1449 Novatiani
1205 1422 1321 1450 Iiwretici
1342 1421 1462 1456 negantis
1489 1420 1591 1447 ueniant
1616 1420 1785 1454 asperitatem

996 1473 1020 1496 et
1039 1468 1167 1495 duritiam
1180 1468 1301 1502 subsequi
1317 1467 1462 1494 videamur.
1492 1466 1635 1493 Tribuetur
1650 1474 1710 1500 ergo
1726 1473 1787 1492 cum

995 1515 1148 1549 pcenitantia
1162 1522 1280 1542 extrema
1292 1513 1452 1546 communio,
1469 1517 1521 1541 etc.
1543 1511 1621 1540 Hunc
1637 1512 1786 1539 Innocentii

996 1561 1097 1594 locum,
1109 1561 1181 1596 quod
1193 1561 1219 1588 in
1233 1567 1266 1588 eo
1280 1567 1378 1596 genere
1391 1559 1623 1587 luculentissimus
1638 1558 1683 1592 sit,
1697 1563 1787 1601 totu‘m

996 1608 1185 1643 ascripsimus.
1197 1607 1265 1634 Cum
1279 1611 1370 1634 autem
1385 1606 1418 1634 ad
1435 1605 1596 1633 Eliberitani
1613 1605 1721 1632 concilii
1738 1605 1786 1632 de-

996 1660 1070 1683 creta
1081 1654 1243 1682 nominatim
1257 1653 1420 1688 respexisse,
1437 1659 1500 1680 cum
1516 1652 1574 1679 haec
1588 1651 1730 1684 scriberet,
1743 1650 1787 1678 In-

995 1701 1151 1729 nocentium
1166 1700 1395 1735 putenthomines
1406 1698 1516 1732 eruditi,
1528 1698 1594 1725 mihi
1609 1698 1717 1733 quidem
1731 1706 1787 1725 non

996 1747 1128 1783 probant;
1150 1754 1214 1773 nam
1239 1745 1435 1772 Eliberitanum
1455 1743 1599 1771 concilium
1623 1742 1738 1770 καθόλου
1752 1742 1790 1771 de

996 1793 1030 1820 iis
1047 1792 1176 1827 loquitur,
1190 1791 1237 1826 qui
1258 1791 1382 1827 graviora
1403 1795 1430 1818 et
1446 1789 1573 1825 capitalia
1595 1790 1693 1818 delicta
1708 1798 1786 1818 com-

995 1839 1146 1872 miserant;
1163 1845 1223 1873 qua:
1231 1837 1265 1865 ad
1279 1837 1330 1864 tria
1345 1844 1443 1872 genera
1455 1836 1640 1864 Tertullianus
1652 1840 1679 1863 et
1691 1835 1788 1863 Pacia-

996 1892 1048 1912 nus
1074 1888 1219 1916 revocant;
1247 1890 1317 1918 quos
1345 1882 1464 1917 quidem,
1486 1889 1650 1917 quocunque
1675 1881 1788 1908 demum

997 1937 1117 1966 tempore
1129 1929 1234 1958 admitti
1247 1936 1307 1957 sese
1320 1927 1526 1963 postulaverint,
1542 1927 1724 1962 repndiandos
1740 1926 1788 1954 de-

997 1976 1093 2004 cernit.
1118 1976 1152 2003 At
1170 1975 1297 2011 Exuperii
1315 1974 1466 2003 sciscitatio
1478 1974 1511 2002 ad
1524 1982 1572 2002 eos
1584 1978 1688 2001 tantum
1701 1974 1787 2009 perti-

995 2023 1086 2055 nebat,
1094 2022 1141 2057 qui
1153 2027 1214 2057 post
1226 2022 1328 2049 atrocia
1341 2021 1444 2049 scelera
1456 2021 1645 2057 paenitentiam
1659 2021 1686 2048 in
1698 2025 1789 2048 extre-

996 2077 1071 2097 mum
1084 2069 1147 2096 vita:
1161 2072 1269 2103 tempus
1280 2068 1460 2096 distulissent.
1487 2068 1596 2103 Alioqui
1609 2067 1788 2095 euminliniti

995 2123 1114 2143 canones
1125 2115 1158 2143 de
1169 2115 1307 2149 lapsorum
1325 2122 1356 2141 ac
1371 2121 1600 2149 quorumcuuque
1612 2118 1788 2148 peccatorum

997 2161 1156 2196 paenitentia
1183 2166 1210 2187 et
1229 2159 1452 2187 reconciliatione
1467 2159 1569 2187 conditi
1586 2159 1713 2193 fuissent,
1731 2163 1788 2186 tam

155 2200 219 2233 ipsi,
233 2201 256 2227 si
277 2205 335 2235 post
357 2202 539 2235 paenitentiam
563 2203 660 2236 fuerint
686 2204 819 2236 mmo/tati,
845 2205 946 2239 placuit
960 2206 985 2235 Ι)
998 2212 1070 2239 ante,
1088 2215 1170 2242 quam
1187 2211 1248 2242 post
1264 2205 1402 2234 Nicamum
1418 2206 1582 2238 concilium;
1601 2213 1721 2240 cumque
1741 2205 1789 2232 Ni-

155 2245 268 2272 ultcrius
287 2246 393 2273 Itis-non
418 2255 473 2274 esse
487 2248 604 2274 dandam
618 2250 836 2282 communionem,
853 2259 885 2277 ne
904 2250 946 2277 lu-

155 2293 222 2319 sisse
238 2292 270 2320 de
295 2292 425 2320 Dominici
448 2294 630 2321 communione
655 2295 805 2323 videantur.
840 2296 948 2325 Rursus

155 2346 215 2364 eam
233 2338 266 2365 7:
292 2338 320 2365 Si
343 2339 403 2373 quis
426 2339 493 2373 forte
513 2340 599 2375 ﬁdelis
614 2345 673 2375 post
693 2341 796 2375 lapsum
819 2344 946 2375 nunc/lim,

153 2388 212 2417 post
227 2388 343 2419 tempora
358 2386 504 2412 constituta
515 2392 574 2413 acta
591 2388 755 2420 pmnitentia,
770 2389 854 2415 denuo
868 2389 948 2424 fuerit

157 2430 315 2465 fornicatus,
327 2432 426 2466 placuit
438 2441 496 2460 cuin
512 2442 557 2460 nec
573 2434 600 2460 in
613 2433 665 2469 ﬁne
679 2434 774 2462 habere
787 2436 949 2462 communia-

157 2485 224 2503 nam.
241 2476 281 2504 Tu
294 2482 407 2506 exteros
419 2478 541 2510 consule.
556 2487 674 2514 quorum
689 2481 813 2516 plerique
823 2481 856 2508 ad
874 2489 949 2508 eam-

157 2524 217 2550 dem
234 2523 406 2552 severitatem
426 2525 558 2560 implicati
573 2531 647 2554 sunt.
675 2526 704 2554 ln
720 2528 763 2555 his
777 2528 949 2555 communio-

157 2570 200 2596 nis
213 2570 324 2598 nomine
336 2575 401 2598 sunt
417 2571 462 2606 qui
479 2571 678 2601 Eucharistiam
699 2575 832 2602 duntaxat
848 2575 949 2602 intelli-

158 2620 234 2650 μιεηι,
251 2617 329 2651 quasi
349 2625 364 2644 a
383 2618 500 2652 peccatis
518 2619 751 2646 exsoluti'i'uel'int
773 2619 810 2646 illi
827 2619 948 2654 quidem,

158 2665 203 2691 sed
219 2663 352 2692 Dominici
365 2664 489 2699 corporis
504 2665 615 2692 minime
631 2664 693 2692 facti
709 2665 865 2700 participes.
882 2665 949 2698 Qui-

158 2711 209 2738 bus
225 2711 298 2738 nullo
315 2711 396 2738 modo
409 2711 443 2738 ab
453 2711 566 2738 eruditis
577 2711 744 2739 conceditur.
769 2711 863 2746 Neque
879 2713 950 2739 enim

157 2757 257 2784 veteris
275 2757 402 2785 Ecclesiae
423 2757 477 2784 ritu
495 2758 576 2784 ambo
597 2757 648 2784 ista
666 2757 787 2792 seiuncta
805 2758 890 2786 fuisse
906 2767 952 2793 pu-

159 2807 231 2830 tant:
242 2807 328 2839 neque
336 2805 479 2840 quisquam
489 2812 582 2839 pacem
592 2812 623 2832 ac
633 2805 877 2832 reconciliationem
888 2813 950 2833 cum

160 2850 279 2878 Lcclcsia
292 2858 374 2886 quam
386 2858 438 2879 nos
451 2851 641 2879 absolutionem
652 2851 778 2885 dicimus,
799 2851 950 2880 obtinuisse

998 2262 1101 2282 caenum
1114 2254 1202 2288 ipsum
1218 2253 1251 2280 de
1265 2253 1349 2287 lapsis
1364 2252 1527 2286 recipiendis
1542 2256 1596 2278 tam
1607 2251 1708 2278 diserte
1721 2259 1786 2278 sau-

997 2300 1099 2333 xisset;
1113 2300 1203 2334 inepta
1220 2306 1286 2326 sane
1302 2297 1399 2325 fuisset
1409 2297 1537 2332 Exuperii
1551 2297 1595 2323 illa
1618 2296 1744 2331 quaestio,
1763 2297 1788 2324 si

998 2345 1124 2373 universe
1135 2350 1215 2379 atque
1230 2344 1335 2371 inlinite
1351 2347 1527 2378 percontatus
1540 2347 1621 2370 esset.
1636 2342 1688 2369 Sed
1706 2342 1789 2369 nimi-

998 2399 1057 2418 rum
1073 2391 1125 2418 alia
1141 2395 1168 2418 ct
1188 2398 1202 2418 a
1214 2390 1296 2425 lapsis
1310 2397 1342 2417 ac
1353 2389 1542 2424 peccatoribus
1555 2388 1667 2423 reliquis
1677 2388 1789 2415 illorum

999 2441 1121 2472 separata
1138 2444 1220 2464 causa
1247 2435 1310 2468 fuit,
1334 2435 1380 2470 qui
1400 2435 1588 2470 ptenitentiam
1605 2434 1639 2462 ad
1660 2434 1790 2462 instantis

999 2484 1089 2510 obitus
1110 2483 1259 2518 periculum
1280 2489 1367 2517 usque
1383 2481 1570 2509 distulissent:
1589 2481 1690 2516 quibus
1705 2481 1789 2509 etiam

999 2528 1171 2556 moribundis
1183 2528 1247 2555 olim
1265 2527 1412 2555 interclusa
1425 2527 1581 2554 communio
1593 2531 1644 2554 est.

1035 2574 1111 2608 Quod
1133 2574 1286 2610 Cyprianus
1300 2573 1420 2607 cpistola,
1435 2573 1466 2600 51
1492 2573 1526 2599 ad
1541 2572 1722 2599 Antonianum
1733 2573 1790 2600 evi-

999 2620 1094 2648 denter
1115 2620 1265 2654 signiﬁcat;
1293 2627 1355 2646 nam
1379 2627 1440 2646 cum
1466 2619 1597 2646 adversus
1621 2617 1791 2646 Novatianos

1001 2665 1038 2692 ita
1053 2665 1225 2700 scripsisset:
1242 2664 1329 2691 Miror
1342 2669 1430 2691 autem
1446 2663 1573 2699 quosdam
1589 2664 1627 2690 sic
1642 2663 1790 2701 obstinath

1000 2719 1064 2742 esse.
1082 2716 1110 2738 ut
1128 2711 1245 2737 dandam
1258 2711 1338 2744 lapsis
1365 2718 1416 2737 non
1429 2714 1519 2743 putent
1536 2710 1730 2744 pwuitentiam,
1743 2713 1791 2736 aut

1001 2756 1183 2792 paenitentibus
1202 2756 1351 2782 existiment
1363 2756 1463 2782 veniam
1478 2754 1657 2790 denegandam
1668 2762 1677 2780 :
1696 2759 1790 2788 postea

1002 2804 1053 2831 ista
1068 2803 1194 2838 subjicit:
1211 2801 1246 2828 Et
1261 2801 1371 2835 idcirco,
1388 2802 1474 2836 fraten
1489 2800 1651 2832 charissima,
1663 2800 1791 2835 pieniteu-

1003 2850 1068 2878 tiam
1090 2858 1140 2878 non
1162 2854 1278 2885 agentcs,
1303 2857 1350 2877 nec
1373 2848 1489 2876 dolorem
1510 2848 1665 2876 delictorum
1683 2854 1790 2875 suorum
