1925 3043
120 163 190 192 1021

584 165 629 192 DE
648 159 886 194 ΡαΞΝΙΤΕΝΤΙᾸΞ
905 167 1042 196 VETERE
1061 168 1262 198 DISCIPLINA.

1688 170 1759 199 1022

120 227 176 250 tuta
191 221 271 250 corde
291 226 316 249 et
346 222 490 258 manifesta
511 223 710 251 lamentationis
741 233 796 252 sua:
815 226 918 260 profes-
935 232 957 259 Α
970 235 1027 261 eos,
1042 229 1088 263 qui
1103 229 1129 255 in
1145 228 1250 256 obitum
1266 234 1352 263 usque
1373 227 1537 263 proferrent,
1555 227 1662 262 penitus
1674 228 1758 255 inter-

120 271 194 297 sione
208 274 344 302 testantes,
358 269 533 305 prohibendos
551 271 657 297 omnino
673 272 822 299 censuimus
836 281 852 298 a
872 280 918 307 spe

120 316 369 343 communicationis
393 320 417 343 et
428 316 512 350 pacis,
527 317 550 343 si
567 316 595 343 in
610 317 768 352 inﬁrmitate
795 322 873 353 atque
891 319 918 345 in

120 362 241 397 periculo
256 362 381 396 cmperint
404 363 561 398 deprecari;
585 364 646 398 quia
668 372 761 398 rogare
785 364 844 392 illos
866 373 918 392 non

120 408 214 436 delicti
223 408 388 443 paenitentia,
401 409 449 435 sed
460 409 553 436 mortis
562 410 679 444 urgentis
692 409 836 438 admonitio
848 419 919 438 com-

120 455 195 489 prlii!
206 462 216 487 ;
239 462 286 481 nec
299 454 394 490 dignus
406 459 445 482 est
458 455 576 489 accipere
592 455 729 488 solatium,
753 457 798 491 qni
816 465 842 484 se
865 465 916 484 non

120 502 246 536 cogitavit
256 509 313 528 esse
323 502 492 528 moriturum.
510 500 548 529 De.
559 501 626 528 iiset
638 501 789 537 Exuperius
802 503 917 531 interro-

121 551 244 582 gaverat,
257 552 283 574 et
299 547 444 582 respondet
461 547 647 579 Innocentius,
670 548 770 583 quibus
793 554 916 582 negatam

121 598 182 619 esse
198 592 420 619 communionem
441 592 541 619 mirum
560 592 645 619 videri
668 600 723 620 non
743 594 833 626 debet,
854 603 918 622 cum

122 637 164 664 vel
178 637 402 671 catechumenos,
424 637 482 672 qui,
500 637 573 672 quod
589 638 710 665 nondum
725 638 852 667 Ecclesia!
867 649 916 674 po-

122 684 213 710 testati
238 683 340 711 subditi
363 688 465 716 essent,
479 683 625 711 humanius
646 685 779 712 tractandi
797 685 917 719 fuerant,

121 728 216 756 eadem
236 728 280 755 illa
300 735 436 755 canonum
460 729 591 756 severitas
607 729 822 764 perstrinxerit:
855 739 916 758 nam

122 775 168 809 qui
182 774 348 809 baptismum
366 774 394 801 in
411 774 516 801 obitum
529 782 615 810 usque
629 781 836 810 prorogassent,
861 785 916 804 non

122 820 177 848 Illis
201 817 309 856 quidem
329 820 403 855 quod
429 820 557 855 petebant
579 821 741 856 denegatum
773 821 842 856 fuit;
869 822 916 850 sed

123 867 206 894 iidem
226 867 301 894 velut
315 866 436 894 infamia:
451 867 523 894 notis
538 867 621 894 inusti
637 875 652 894 a
669 867 822 895 sacerdotio
840 869 916 902 peni:

971 274 1062 302 clusos
1079 274 1165 302 luisse
1176 281 1286 302 censeo.
1309 274 1431 302 Tandem
1445 281 1508 301 vero
1526 281 1559 300 ne
1573 273 1634 301 istis
1648 274 1757 309 quidem

970 321 1063 356 negari
1082 321 1303 348 communionem
1327 320 1440 355 placuit,
1465 327 1527 348 cum
1543 320 1695 347 instaurata
1712 320 1760 347 Ec-

970 367 1060 394 clesia:
1075 367 1210 398 libertate,
1234 366 1383 401 plurimum
1404 366 1437 393 de
1462 366 1638 400 antiquorum
1654 366 1757 393 rituum

969 413 1113 440 severitate
1134 421 1167 440 ac
1194 412 1297 440 duritia
1322 411 1495 440 decessisset.
1518 411 1570 439 Per
1593 412 1650 439 haec
1670 412 1759 440 incre-

970 463 1061 486 menta
1077 459 1218 494 paulatim,
1237 462 1370 493 quantum
1387 458 1518 491 arbitror,
1534 458 1675 493 disciplina
1695 466 1760 493 pro-

969 506 1062 533 cessit.
1075 504 1169 540 Neque
1180 509 1272 532 tamen
1285 505 1375 532 ubivis
1391 509 1538 536 terrarum,
1549 508 1576 531 et
1587 503 1613 531 iu
1629 505 1758 533 omnibus

969 549 1100 578 Ecclesiis
1125 550 1248 577 moribus
1270 549 1326 577 haec
1345 548 1461 577 subinde
1484 554 1592 584 recepta
1616 550 1757 583 videntur;

958 601 996 627 ,et
1007 604 1069 624 cum
1087 596 1146 624 aliae
1162 597 1224 624 aliis
1240 596 1320 624 citius
1329 596 1502 629 ascivissent,
1515 596 1615 623 veteris
1641 596 1758 624 instituti

968 650 1000 671 ac
1014 643 1167 670 Severitatis
1183 642 1306 678 reliquiae
1322 650 1404 677 penes
1420 642 1527 677 aliquas
1547 642 1592 669 diu
1610 642 1757 669 admodum

968 689 1139 717 resederunt.
1157 689 1283 716 Nondum
1301 689 1374 716 enim
1391 689 1510 724 generali
1527 688 1617 723 aliqua
1634 689 1757 716 sanctio-

967 741 1014 767 ne,
1034 741 1087 768 qua
1112 740 1208 760 omnes
1232 732 1361 760 Ecclesia:
1382 737 1550 764 tenerentur,
1570 739 1600 759 ea
1625 739 1669 759 res
1691 740 1759 759 con-

968 776 1064 804 stituta
1075 775 1182 810 fuerat;
1198 780 1246 803 aut
1260 776 1333 803 illam
1355 780 1429 803 certe
1451 775 1557 802 tardius
1573 775 1693 810 regionis
1708 775 1759 803 ali—

968 822 1045 858 cujus
1059 822 1229 850 consuetudo
1243 826 1324 857 atque
1340 829 1406 849 usus
1419 821 1540 849 admisit.
1557 820 1643 854 Quam
1660 821 1687 848 in
1701 829 1758 848 rem

967 868 1032 897 facit
1052 868 1179 904 Cypriani
1195 868 1297 895 dictum
1320 867 1385 894 illud
1412 866 1497 901 Epist.
1524 866 1558 893 ad
1577 866 1702 894 Antam:
1723 866 1758 893 Et

124 917 167 941 lus
185 913 367 945 arcebantur;
391 920 461 947 quos
476 913 558 939 etiam
575 912 695 941 Clinicos
717 913 913 943 nominabant:
931 910 953 938 Β
968 915 1073 950 quidem
1098 908 1168 948 apud
1187 919 1362 940 antecessores
1387 917 1489 939 nostros
1515 912 1625 947 quidam
1647 915 1679 939 de
1704 913 1760 947 epi-

121 958 195 993 quod
213 958 240 985 in
251 966 332 986 causa
345 958 488 986 Novatiani
504 962 637 986 testantur
653 957 702 986 SS.
719 958 786 991 PP.,
801 964 827 986 et
836 967 914 988 conc.

123 1003 342 1031 Neocmsariense
363 1004 483 1031 decrevit
499 1011 560 1031 can.
574 1004 618 1031 12.
642 1004 679 1031 De
696 1004 807 1032 Clinicis
822 1004 912 1039 igitur,

123 1055 152 1077 ut
167 1051 204 1078 ita
220 1050 319 1084 dicam,
339 1049 534 1084 pmnitentibus
551 1050 738 1085 accipiendum
754 1055 796 1077 est
817 1050 916 1078 rescri-

123 1102 198 1131 ptum
210 1096 275 1123 illud
289 1095 452 1124 Innocentii.
462 1095 508 1123 Vel
519 1096 620 1130 potius,
632 1100 730 1123 cumet
742 1095 775 1122 de
788 1095 841 1123 illis
854 1101 915 1131 agat

122 1142 268 1177 praecipue,
285 1145 313 1168 et
331 1149 364 1168 eo
384 1141 507 1168 narratio
524 1145 579 1168 tota
601 1141 735 1168 referatur
752 1150 758 1174 ;
777 1142 859 1169 altius
875 1147 914 1168 ta-

122 1194 183 1214 men
204 1186 344 1222 negotium
357 1191 491 1222 repetens,
515 1186 581 1221 quid
596 1186 630 1214 de
651 1187 724 1214 omni
739 1191 913 1221 peccatorum

121 1240 220 1268 genere
232 1231 360 1260 Ecclesia:
379 1232 551 1259 consuetudo
566 1232 694 1265 tenuerit,
712 1232 738 1259 in
754 1232 911 1259 memoriam

121 1284 247 1306 revocat:
269 1278 341 1314 quod
356 1278 390 1305 ad
408 1277 530 1305 Clinicos
546 1278 615 1305 istos
631 1278 802 1312 suspicamur
819 1283 912 1312 postea

121 1326 209 1354 misse
230 1325 399 1353 restrictum.
432 1324 554 1352 Primum
574 1324 647 1351 enim
663 1325 696 1352 de
713 1324 867 1352 libidinosis
886 1328 913 1351 et

125 1371 359 1399 incontinentibus
371 1374 491 1406 rogatus.
500 1371 534 1398 de
544 1370 637 1406 lapsis,
648 1370 698 1398 hoc
707 1376 748 1398 est
761 1371 912 1399 idololatris

123 1418 284 1446 nominatim
304 1419 412 1445 decreta
433 1416 546 1452 prolert.
575 1417 676 1445 Deinde
693 1425 755 1445 cum
777 1419 911 1451 “eniten-

122 1465 189 1492 tiam
219 1465 279 1493 sine
300 1464 495 1492 communione
528 1471 687 1491 concessam
712 1464 830 1496 asserit,
859 1472 911 1491 non

123 1515 179 1537 tam
206 1510 280 1538 istud
302 1509 336 1537 ad
361 1510 490 1542 Clinicus,
506 1517 588 1545 quam
612 1510 645 1537 ad
659 1518 838 1545 quoscunque
852 1518 912 1545 pec-

123 1561 229 1585 catores
241 1557 347 1585 attinet.
363 1557 445 1592 Atqui
458 1558 491 1584 de
504 1557 672 1584 Inoribundis
685 1557 817 1584 duntaxat
829 1558 912 1584 intor-

123 1603 238 1638 rogabat
253 1587 415 1638 Exuperius:
430 1607 457 1630 et
475 1602 553 1630 aliter
569 1603 694 1630 dubitare
712 1602 831 1630 hominis
860 1609 919 1630 erat
932 1587 953 1616 ο

122 1657 218 1684 parum
233 1649 261 1676 iu
273 1649 402 1677 Ecclesia:
417 1649 516 1677 ritibus
532 1649 644 1677 eruditi.

157 1694 340 1728 Quamobrem
356 1696 502 1724 verisimile
515 1700 558 1723 est
573 1695 763 1723 Innocentium
775 1695 912 1732 bypothe-

123 1741 166 1768 sin
188 1740 222 1768 ad
240 1742 356 1775 thesim,
376 1742 428 1769 hoc
456 1746 498 1770 est
524 1742 677 1777 generalem
707 1742 920 1777 disputationem

124 1787 393 1822 cautroversiamque
420 1795 584 1820 revocasse;
606 1792 633 1814 ει
655 1794 766 1814 causam
793 1787 920 1815 attulisse

124 1839 174 1858 cur
195 1831 341 1866 aliquando
366 1832 450 1860 tardis
466 1832 520 1860 illis
540 1832 750 1867 pmnitentibus,
774 1831 839 1859 olim
857 1839 920 1860 vero

125 1878 210 1905 etiam
232 1877 400 1913 quibuslibet
416 1877 572 1913 graviorum
598 1877 743 1905 criminum
763 1878 828 1910 reis,
845 1884 919 1905 com-

125 1923 264 1951 munionis
279 1930 348 1958 spes
372 1923 486 1958 praecisa
508 1921 590 1950 fuerit
606 1932 613 1949 :
629 1922 770 1955 nimirum,
787 1929 842 1958 quo
859 1929 918 1957 pm-

125 1976 224 1996 narum
250 1975 324 1996 metu
352 1969 381 1996 in
409 1969 497 2006 olIicio
519 1969 669 1996 Christiani
697 1969 916 2002 continerentur,

125 2015 260 2050 principio
281 2015 473 2043 communione
494 2015 648 2050 prohibitos
669 2015 826 2049 capitalium
841 2034 849 2047 ,
879 2014 919 2042 uti

126 2061 196 2095 dixi,
211 2061 344 2089 scelerum
368 2061 506 2093 conscios,
529 2069 578 2088 nec
597 2069 718 2096 unquam
740 2061 796 2089 sive
815 2061 919 2089 incolu—

127 2113 198 2138 mes,
214 2106 270 2133 sive
297 2106 474 2134 moribuudos
496 2106 624 2134 Ecclesia:
650 2106 808 2138 restitutos,
826 2111 918 2141 postea

126 2159 192 2179 vero
207 2151 329 2178 nondum
346 2151 453 2186 penitus
473 2153 618 2180 constituta
636 2159 713 2187 pace,
729 2152 917 2187 paenitentiam

126 2198 237 2234 quidem
255 2197 310 2225 illis
327 2205 359 2226 ac
383 2197 604 2225 communionem
628 2197 772 2230 indultum,
794 2198 840 2232 qui
862 2205 920 2225 ma-

969 961 1055 996 scopis
1069 961 1130 988 istic
1147 961 1174 987 in
1189 960 1324 995 provincia
1337 963 1430 986 nostra
1451 959 1569 986 dandam
1589 967 1679 994 pacem
1699 967 1761 986 mte—

969 1008 1024 1034 cln's
1040 1014 1092 1033 non
1108 1010 1285 1041 putaverunt;
1305 1009 1329 1032 et
1345 1005 1370 1031 in
1389 1010 1474 1032 totum
1491 1004 1652 1039 pamitentia:
1672 1004 1760 1030 locum

968 1057 1060 1080 contra
1076 1051 1208 1079 adulteria
1228 1051 1393 1082 clauserunt;
1412 1055 1561 1089 nontamen
1578 1049 1610 1076 ab
1625 1049 1760 1085 episcopo-

968 1106 1025 1125 rum
1037 1105 1143 1124 suorum
1159 1096 1268 1132 collegio
1284 1100 1455 1123 recesserunt.

1002 1142 1065 1170 Haec
1080 1143 1125 1170 ille
1142 1141 1323 1168 Novalianum
1349 1141 1550 1176 perstringens;
1576 1139 1649 1175 quod
1665 1139 1699 1167 ad
1715 1139 1759 1166 in-

968 1188 1156 1224 tempestivam
1173 1187 1199 1214 iu
1218 1187 1309 1221 lapsos
1330 1186 1531 1215 crudelitatem.
1554 1185 1626 1220 quod
1645 1185 1760 1212 minime

967 1234 1154 1263 necessarium
1185 1236 1263 1265 erat,
1295 1231 1439 1259 dissidium
1474 1231 1663 1266 adiunxisset,
1693 1239 1757 1258 cum

967 1281 1071 1316 alioqui
1087 1280 1121 1307 de
1139 1279 1224 1314 lapsis
1247 1278 1319 1313 quod
1338 1277 1417 1305 vellet
1436 1276 1562 1312 privatim
1583 1276 1685 1304 sentire
1706 1283 1756 1311 po-
1785 1304 1788 1306 ν

967 1327 1058 1360 tuerit,
1077 1334 1127 1354 nec
1145 1326 1179 1353 ab
1202 1318 1330 1352 Ecclesia:
1352 1323 1482 1351 societate
1501 1322 1602 1349 divelli.
1626 1321 1704 1355 Quod
1725 1321 1760 1349 de

966 1372 1135 1401 Tel-tulliano
1152 1370 1261 1405 perinde
1278 1369 1467 1404 usurpandum
1483 1372 1552 1400 erat,
1575 1367 1599 1395 si
1622 1371 1676 1394 tam
1694 1366 1756 1400 iste,

965 1427 1047 1455 quam
1064 1418 1232 1446 Novatianus
1252 1416 1384 1443 hactenus
1403 1414 1592 1450 procederent,
1618 1417 1648 1440 ut
1664 1413 1758 1447 lapsos

966 1465 1136 1493 reconciliari
1153 1471 1207 1491 non
1224 1467 1350 1498 oportere
1364 1461 1497 1494 dicerent,
1518 1467 1574 1487 non
1598 1463 1689 1486 autem
1711 1466 1759 1485 ve-

966 1511 1018 1538 niae
1036 1510 1187 1538 tribuendas
1207 1509 1253 1545 jus
1269 1509 1302 1536 ab
1319 1507 1440 1535 Ecclesia
1461 1514 1576 1542 prorsus
1600 1505 1757 1540 abjudicas-

970 1559 1030 1583 sent
1048 1565 1054 1583 :
1070 1563 1152 1590 quam
1172 1554 1207 1582 ob
1230 1561 1342 1581 causam
1370 1552 1467 1580 merito
1490 1555 1619 1586 tanquam
1640 1549 1760 1577 haeretici

971 1602 1092 1630 damnati
1104 1605 1178 1629 sunt.
1195 1600 1254 1628 Jam
1277 1607 1341 1627 vero
1361 1607 1394 1626 ex
1414 1598 1522 1625 illorum
1536 1605 1661 1630 numero,
1689 1603 1762 1632 quos

971 1649 1087 1684 spissius
1104 1655 1137 1676 ac
1161 1646 1265 1674 tardius
1279 1646 1306 1673 in
1321 1653 1381 1673 eam
1397 1645 1535 1672 lenitatem
1552 1643 1683 1671 infractos
1699 1650 1761 1670 esse

970 1695 1104 1727 diximus,
1132 1693 1324 1728 Hispanienses
1350 1691 1477 1718 Ecclesia:
1502 1695 1584 1725 atque
1619 1689 1758 1717 antistites

970 1741 1107 1768 recenseri
1129 1739 1245 1771 debent;
1263 1745 1333 1774 quos
1348 1745 1401 1764 non
1423 1736 1510 1771 magis
1532 1744 1614 1771 quam
1644 1740 1760 1763 caeteros

972 1793 1080 1817 omnes,
1101 1785 1224 1820 adeoque
1236 1783 1388 1811 Ecclesium
1404 1782 1482 1809 initio
1499 1786 1584 1809 totam
1606 1785 1696 1809 tuetur
1710 1789 1759 1808 ex-

970 1837 1103 1866 cusalque
1133 1829 1267 1866 pontifex.
1297 1827 1365 1856 Volo
1390 1829 1462 1856 enim
1494 1828 1645 1856 Innocentii
1676 1829 1760 1856 verba

970 1879 1089 1913 prudens
1113 1877 1199 1905 lector
1222 1875 1437 1907 animadvertat,
1463 1875 1681 1907 observationem,
1706 1874 1762 1902 sive

970 1923 1184 1951 consuetudinem
1210 1923 1325 1957 priorem
1346 1922 1459 1949 tenuisse
1477 1929 1486 1948 :
1502 1920 1575 1957 quod
1598 1920 1632 1948 de
1651 1920 1761 1956 provin-

970 1971 1047 1999 cialis
1065 1969 1163 2006 synodi
1187 1975 1293 1997 canone
1308 1976 1341 1996 ac
1362 1968 1472 1996 decreto
1495 1974 1668 2002 nequaquam
1685 1966 1761 1994 dice~

970 2022 1028 2051 ret;
1046 2017 1092 2045 sed
1106 2017 1139 2045 de
1153 2023 1186 2044 eo
1204 2016 1299 2051 utique
1311 2015 1378 2048 ritu,
1396 2014 1443 2050 qui
1467 2014 1552 2041 totius
1568 2013 1698 2041 Ecclesiae
1713 2012 1759 2046 sit,

970 2066 1017 2090 aut
1032 2052 1145 2097 majoris
1166 2061 1261 2089 saltem
1282 2060 1368 2096 partis
1394 2059 1594 2087 consuetudine
1621 2062 1760 2093 receptus.

970 2107 1103 2142 Quocirca
1121 2107 1250 2142 praeclare
1266 2107 1303 2139 id,
1326 2105 1399 2140 quod
1419 2105 1546 2140 superius
1565 2104 1685 2139 positum
1706 2107 1761 2137 est,

971 2155 1022 2182 hoc
1048 2153 1198 2182 ItinOcentii
1221 2152 1408 2180 testimonium
1433 2150 1580 2178 conﬁrmat
1601 2159 1608 2177 :
1632 2155 1759 2184 negatam

970 2199 1097 2227 maximis
1125 2198 1272 2226 sceleribus
1297 2198 1361 2224 olim
1391 2196 1613 2224 communionem
1637 2195 1724 2223 fuisse
1749 2205 1759 2223 :

128 2250 188 2273 ture
203 2244 236 2273 ad
249 2253 308 2273 eam
324 2244 466 2280 petendam
480 2245 672 2278 accessissent,
698 2244 803 2271 caeteris
819 2244 845 2271 in
858 2251 918 2279 pcr-
934 2256 955 2283 D
970 2254 1023 2281 qua
1036 2250 1129 2280 postea
1143 2245 1288 2280 permissa,
1306 2243 1357 2271 soli
1373 2243 1412 2271 illi
1429 2242 1534 2277 excepti
1555 2241 1695 2274 videntur,
1710 2241 1760 2276 qui

127 2296 240 2326 petuum
270 2291 400 2326 rejectis,
429 2298 461 2318 ac
490 2294 628 2325 postremo
658 2290 761 2325 pacatis
792 2289 920 2317 Ecclesia:

128 2337 220 2369 rebus,
246 2335 327 2363 etiam
356 2335 490 2363 tardiores
518 2334 578 2362 illos
603 2334 722 2361 instante
745 2334 802 2369 jam
831 2340 919 2361 morte

127 2381 350 2409 communionem
378 2381 552 2415 impetrasse.
584 2380 646 2407 Tria
679 2380 738 2407 haec
763 2381 920 2408 necessario

127 2427 319 2464 distinguenda
334 2431 398 2455 sunt
415 2427 543 2454 Ecclesiae
558 2431 691 2461 tempora,
713 2431 743 2453 ut
758 2426 920 2454 dissidentes

128 2484 143 2503 a
164 2483 194 2503 se
218 2474 333 2502 invicem
358 2474 581 2509 gravissimorum
602 2472 715 2500 Patrum
742 2473 919 2500 auctoritates

128 2520 320 2550 concilientur.
339 2519 371 2547 Et
391 2519 500 2555 quidem
521 2519 608 2554 prima
627 2519 672 2546 illa
690 2519 920 2553 severissimaquc

127 2566 273 2602 disciplina
291 2566 342 2594 sub
358 2566 545 2600 apostolorum
571 2570 704 2599 tempora,
721 2568 747 2592 et
762 2564 794 2591 ad
809 2563 918 2591 Tertul-

128 2613 194 2641 liaui
208 2611 265 2640 fere
276 2613 405 2640 saeculum
422 2612 549 2644 obtinuit,
565 2619 626 2647 qum
641 2619 654 2637 a
679 2610 835 2647 Zephyrino
850 2619 919 2646 pou-

128 2661 212 2692 tilice,
239 2660 311 2695 quod
335 2659 369 2687 ad
395 2659 541 2686 mmchiam
562 2662 676 2694 spectat,
707 2657 848 2693 paululum
873 2665 918 2685 re-

130 2708 231 2740 laxata,
246 2706 375 2742 Cypriani
391 2705 559 2740 temporibus
584 2705 702 2740 majores
727 2704 759 2730 ad
779 2704 918 2731 lenitatem

131 2761 292 2788 progressus
328 2752 433 2780 habuit.
465 2751 528 2778 Fuit
558 2751 630 2778 enim
671 2750 821 2778 secundum
852 2750 919 2778 illud

130 2799 252 2827 maxime
266 2804 384 2834 tempus,
399 2805 454 2834 quo
466 2798 570 2825 nullum
585 2797 687 2832 peccati
705 2805 789 2832 genus
801 2805 814 2824 a
828 2796 917 2825 fructu

129 2845 333 2873 emnmunionis
347 2849 490 2878 exceptura
506 2849 563 2876 est;
579 2843 626 2870 sed
644 2844 680 2870 ita
695 2848 796 2874 tamen,
811 2842 833 2870 si
852 2847 919 2869 tem-

131 2893 226 2927 porius
247 2899 276 2920 se
291 2891 324 2919 ad
342 2890 532 2926 pmnitentiam
558 2889 730 2925 applicarent
747 2899 752 2917 :
771 2897 834 2917 nam
858 2894 916 2917 tum

970 2292 1004 2319 ad
1019 2296 1170 2319 extremum
1190 2298 1277 2325 usque
1291 2290 1353 2317 vitae
1368 2289 1520 2325 periculum
1541 2288 1567 2315 in
1581 2288 1681 2315 delicto
1695 2295 1758 2323 per-

970 2341 1152 2365 severassent.
1176 2335 1254 2363 Unde
1278 2336 1305 2362 in
1325 2335 1441 2363 concilio
1458 2334 1561 2361 Arelat.
1578 2341 1597 2368 ι,
1613 2341 1676 2361 can.
1696 2333 1732 2360 25
1749 2343 1757 2361 :

970 2385 1009 2411 De
1029 2383 1080 2416 his,
1103 2383 1148 2418 qui
1168 2387 1331 2417 apostatant,
1368 2386 1392 2409 et
1418 2389 1553 2416 nunquam
1571 2388 1599 2407 se
1618 2381 1653 2406 ad
1675 2380 1760 2407 eccle-

970 2430 1038 2457 siam
1061 2431 1260 2462 reprazsentant,
1285 2434 1330 2453 nec
1354 2425 1459 2461 quidem
1480 2425 1658 2459 poenitentia":
1683 2432 1760 2459 agere

971 2480 1102 2511 qumrunt,
1115 2480 1136 2500 et
1153 2479 1243 2508 postea
1266 2472 1420 2507 inﬁrmitate
1440 2472 1552 2506 correpti
1575 2476 1664 2505 petunt
1687 2479 1760 2497 com-

971 2520 1133 2552 munionem,
1150 2519 1250 2553 placuit
1267 2518 1304 2545 eis
1328 2525 1379 2544 non
1399 2518 1517 2544 [landum
1535 2516 1759 2546 communionem,

971 2567 1023 2593 nisi
1050 2564 1227 2597 ret'aluerint,
1252 2568 1276 2591 et
1301 2564 1401 2599 egerint
1425 2563 1519 2598 dignos
1546 2562 1649 2596 fructus
1675 2560 1760 2595 pani-

971 2612 1070 2638 tentiw.

1005 2657 1053 2685 Est
1067 2656 1140 2684 aliud
1155 2657 1266 2691 insuper
1284 2655 1309 2683 in
1326 2656 1372 2683 illo
1389 2654 1539 2683 Innocentii
1560 2653 1621 2681 loco
1644 2651 1760 2679 minime

970 2703 1199 2740 praztcreundum,
1216 2711 1277 2730 cum
1294 2703 1332 2730 ait
1353 2707 1474 2737 negatam
1492 2700 1574 2735 fuisse
1594 2698 1759 2725 communie-

971 2759 1038 2783 nem,
1053 2757 1202 2776 concessam
1221 2750 1414 2784 pmnitentiam,
1435 2756 1466 2774 ne
1487 2751 1568 2772 totum
1592 2744 1696 2779 penitus
1717 2749 1761 2769 ne-

969 2802 1088 2832 garetur.
1101 2795 1138 2822 Ex
1155 2804 1209 2830 quo
1226 2796 1262 2823 ita
1276 2795 1403 2829 colligere
1419 2793 1480 2820 licet
1497 2802 1503 2819 ι
1520 2790 1577 2818 Nisi
1593 2789 1759 2825 pmnitculite

970 2843 1080 2870 nomine
1098 2843 1296 2870 absolutionem
1311 2841 1485 2868 Innocentius
1506 2838 1647 2873 intelligat,
1665 2845 1727 2874 qua:
1740 2845 1755 2865 a

970 2889 1106 2919 Dominici
1121 2889 1245 2925 corporis
1261 2887 1409 2923 usurpandi
1427 2886 1487 2923 jure
1511 2885 1640 2914 distincta
1663 2885 1708 2918 sit,
1723 2883 1756 2912 de
