1925 3043
176 147 244 174 1025

720 150 831 178 ΑΡΙἘΝ
838 149 893 177 DlX
912 148 1077 177 DlSSERT.\
1083 149 1226 178 TlONUM.

1726 149 1797 179 4W

174 214 230 242 quo
247 211 341 242 postea
359 207 481 236 dicemus
495 217 501 235 ε
517 208 678 243 quibusdam
699 210 885 244 peccatoribus
901 216 959 243 pee-
974 209 997 238 A
1012 207 1079 234 adeo
1095 213 1124 235 ut
1139 217 1172 236 ex
1185 209 1352 237 Eliberitano
1373 215 1504 238 consessu
1529 206 1696 242 asperiorem
1721 206 1795 234 illam

176 253 317 280 nitentium
341 253 378 280 ita
400 254 561 288 permissam
583 261 654 286 esse,
673 260 701 281 ut
716 262 748 281 ca
769 263 906 289 nunquam
923 261 960 280 re-

176 297 322 324 laxarctur.
341 297 386 324 Sic
399 305 470 324 enim
498 306 557 325 sese
584 306 628 326 res
657 299 761 326 habuit.
774 298 838 334 .Nou
860 304 961 326 temere

176 341 266 375 quivis
285 342 317 368 ad
335 342 521 376 pmnitentiam
543 343 680 370 admissus
698 349 749 376 cst,
776 348 815 377 ut,
836 344 960 379 quamvis

177 395 315 422 nunquam
332 387 359 413 in
375 389 489 422 gratiam
511 397 573 415 cum
590 389 710 417 Ecclesia
726 391 863 418 rediturus
878 395 958 423 esset,

181 437 271 459 tamen
290 440 350 459 cum
367 433 459 467 aliquo
475 434 580 461 delectu
595 435 730 468 publicam
749 435 782 462 ad
797 435 961 462 satisfactio-

177 485 237 504 nem
257 478 499 512 pmnitcntiamque
535 479 710 514 reciperetur.
726 479 792 506 Nam
807 484 834 507 et
854 480 881 507 in
907 488 959 515 pu—

176 524 245 550 blica
263 524 430 558 pmnilentize
454 524 604 557 iunctione,
627 525 668 552 vel
689 526 756 553 citra
777 527 960 554 absolutiOnis

176 577 261 603 spem,
284 577 351 597 suns
376 571 485 604 quidam
512 576 571 598 erat
596 571 701 599 fructus
718 580 724 598 :
739 573 809 606 quod
826 573 851 598 in
864 573 959 607 primis

173 616 294 643 titlelium
311 617 435 650 precibus
454 618 699 645 commcndaliorcs
715 624 819 646 essent.
839 619 916 651 Quod
936 619 958 645 si

172 665 303 696 praeterea
319 666 447 697 perpetua
466 662 510 689 illa
528 663 684 697 pmnitentia
701 664 840 691 damnatis
862 664 960 698 grada-

175 708 235 738 tim,
252 713 282 734 ut
302 709 417 740 cmtcris,
442 709 474 735 ad
487 714 612 743 quartum
637 710 815 744 ultimumque
837 710 960 737 ordinem

175 753 267 780 liceret
277 754 364 786 evehi,
381 762 463 789 quam
474 754 602 782 σύστασιν
622 756 764 788 vocabant,
779 763 832 783 non
843 761 961 783 contem-

175 797 294 824 nendum
308 806 396 833 opera:
405 800 521 834 pretium
535 801 657 835 exstitit;
671 802 693 829 si
705 802 795 829 minus
815 802 848 829 ad
866 809 958 836 pacem

175 848 201 870 et
226 843 403 871 Eucharistiaa
429 846 674 880 participationem,
699 847 732 874 ad
749 847 904 874 interiorem
917 851 959 873 ta-

175 897 236 917 men
261 890 392 917 orationis
431 895 648 926 ctetcrarumque
682 899 771 919 rerum
802 892 958 919 societatem

174 935 328 963 transferri.
345 935 505 971 Quanquam
531 936 576 963 vix
593 941 634 964 est
648 942 677 964 ut
693 938 801 964 credam
823 938 959 972 perpetuis

175 982 229 1010 illis
248 983 444 1017 pamitcntibus
468 989 637 1018 postremum
665 983 741 1010 illum
769 985 884 1019 gradum
913 991 960 1018 pa-

178 1028 266 1056 tuisse
280 1038 286 1055 :
303 1028 368 1063 quin
382 1029 472 1062 potius
486 1028 572 1056 tribus
595 1029 730 1063 prioribus
750 1028 877 1056 deiinitos
899 1028 959 1056 illos

174 1082 236 1102 esse
256 1074 390 1109 suspicor.
407 1073 444 1101 Ita
459 1074 529 1108 apud
550 1074 690 1106 BaSilium,
716 1082 777 1101 can.
796 1074 828 1102 75
844 1075 878 1100 ad
894 1075 959 1101 Am-

173 1119 253 1155 pliil.,
266 1120 311 1154 qui
332 1119 470 1146 Christum
490 1120 636 1154 negaverit,
660 1120 730 1147 inter
747 1121 960 1155 προσκλαὼντας

174 1167 201 1193 in
222 1169 379 1203 perpetuum
397 1165 552 1199 relegatur:
570 1165 599 1192 '0
613 1165 659 1191 τὸν
672 1165 788 1200 Χριστὸν
801 1166 958 1201 ἀρνησάμε-

173 1220 227 1243 νος,
248 1212 295 1238 καὶ
314 1211 439 1247 παραῦὰς
462 1211 492 1238 τὸ
517 1211 566 1246 τῆς
591 1211 728 1247 σωτηρῐας
752 1213 911 1248 μυστήριον,
931 1214 966 1239 ὲνς

174 1256 255 1283 παντὶ
267 1256 305 1292 τῷ
315 1257 401 1292 χρόνῳ
411 1257 460 1292 τῆς
472 1256 543 1291 ζωῆς
556 1257 637 1283 αὑτοῦ
651 1258 825 1292 προσκλαίειν
846 1258 958 1292 ὀφείλει,

174 1302 220 1328 καὶ
237 1301 453 1337 ἐξομολογεῖσθαι
468 1303 610 1337 χρεωστεῖ,
629 1303 657 1328 ὲν
670 1303 708 1333 τῷ
724 1303 811 1338 καιρῷ
825 1299 847 1337 ᾧ
867 1303 960 1330 ἐκϐαί-

173 1356 214 1374 νει
230 1348 275 1374 τοῦ
299 1348 367 1383 βίου,
392 1348 446 1374 τῶν
473 1348 651 1383 ἁγιασμὰτων
677 1349 846 1384 ἀξιούμενος,
870 1349 960 1376 πίστει

173 1393 224 1428 τῆς
251 1394 326 1428 παρὰ
354 1393 421 1420 Θεοῦ
448 1394 663 1429 φιλανθρωπίας.
695 1395 869 1429 Ancyranum
896 1402 959 1422 vero

174 1448 235 1468 (-an.
257 1440 292 1466 25
311 1447 367 1471 eos,
394 1441 440 1475 qui
461 1441 641 1468 voluntarium
663 1441 838 1468 homicidium
868 1448 961 1475 perpe-

174 1486 315 1518 traverint,
337 1489 394 1512 toto
416 1486 478 1513 vitae
505 1490 626 1521 tempore
654 1486 810 1513 ὑποπτώσει
839 1486 958 1522 subiicit.

174 1531 242 1566 Περὶ
258 1531 390 1558 ἑκουσίων
408 1532 506 1566 φόνων,
529 1532 758 1559 ὑποπιπτέτωσαν
780 1533 838 1568 μὲν,
859 1533 906 1559 τοῦ
932 1533 996 1574 (Tac

172 1577 274 1603 τελείου
286 1577 313 1604 ὲν
327 1577 365 1612 τῷ
376 1577 447 1604 τέλει
467 1578 513 1604 τοῦ
535 1577 592 1612 βίου
610 1578 856 1611 καταξιούσθωσαν.
877 1580 959 1615 Atqui

173 1622 301 1650 lialsamo
324 1623 357 1650 ad
376 1623 467 1650 Basilii
490 1631 621 1651 canonem
647 1632 700 1651 non
721 1629 798 1659 putat
822 1625 883 1653 illos
905 1626 959 1652 τῶν

173 1668 391 1704 προσκλαιόντων
402 1669 485 1703 gradu
498 1674 628 1704 perpetuo
644 1669 728 1697 fuisse
740 1670 893 1704 damnatos,
907 1671 955 1699 Sed

173 1715 293 1750 reliquas
318 1722 414 1742 omnes
438 1722 469 1742 ex
499 1715 650 1754 Ancyranae
679 1716 774 1752 synodi
801 1717 958 1752 przescripto

172 1760 340 1795 percurrisse
359 1769 365 1787 :
381 1760 454 1795 quod
477 1760 548 1787 haud
572 1761 630 1788 scio
652 1769 686 1788 an
706 1769 799 1789 verum
818 1763 869 1796 sit;
891 1772 959 1798 quo-

172 1806 245 1832 niam
274 1805 433 1840 Ancyranus
461 1812 550 1832 canon
579 1806 646 1834 satis
670 1807 813 1835 commode
835 1808 870 1835 ad
894 1816 957 1836 eum

173 1859 282 1878 sensum
297 1851 417 1878 revocari
431 1850 549 1878 videtur.

207 1897 264 1924 lloc
287 1903 361 1928 vero,
376 1896 458 1931 [quod
490 1904 523 1924 ex
547 1896 697 1925 Innocentii
728 1899 842 1933 cpistola
875 1900 953 1928 colli-

172 1940 264 1978 gitur,
299 1942 380 1968 etiam
414 1941 542 1977 Cypriani
588 1944 737 1971 auctoritas
774 1946 956 1980 comprobat;

171 1988 218 2022 qui
249 1987 276 2014 in
312 1987 399 2021 Epist.
427 1988 461 2014 ad
498 1988 595 2016 Anton.
630 1989 685 2017 duo
717 1990 761 2017 illa
793 1991 833 2018 sic
859 1991 957 2019 distin-

171 2033 229 2067 guit
260 2042 267 2059 :
303 2032 404 2067 Miror,
434 2033 536 2068 inquit,
576 2034 703 2069 quosdam
737 2035 776 2062 sic
811 2036 957 2064 obstinatos

171 2086 237 2109 esse,
253 2083 281 2104 ut
294 2078 410 2104 dandam
425 2078 506 2113 lapsis
529 2087 579 2105 non
595 2084 684 2114 putent
707 2080 898 2114 paenitentiam,
913 2086 957 2108 aut

171 2124 354 2159 pmnitentibus
377 2125 526 2151 existiment
544 2126 642 2152 veniam
665 2127 852 2162 denegandam.
875 2127 956 2160 Aliud

172 2169 262 2204 itaque
275 2168 367 2201 fuerit,
381 2170 568 2204 ptenitentiam
590 2167 749 2203 concedere,
781 2172 855 2199 aliud
869 2173 956 2207 pumi—

1010 253 1182 287 disciplinam
1199 255 1367 289 expressisse
1381 254 1466 281 videri
1486 254 1582 288 possit.

1046 297 1085 324 Ex
1107 298 1141 326 iis
1161 299 1287 327 omnibus
1313 300 1408 334 liquet,
1430 298 1526 334 procul
1547 306 1562 325 a
1579 296 1794 328 Novatianorum

1011 350 1104 371 errore
1115 352 1147 371 ac
1159 345 1272 379 perﬁdia
1287 344 1469 372 Eliberitanos
1488 343 1583 371 Patres
1596 342 1734 374 abfuisse;
1746 349 1795 369 nec

1010 388 1082 416 aliud
1094 390 1208 417 omnino
1221 390 1273 417 nisi
1285 395 1333 417 aut
1344 390 1461 425 priscam
1474 389 1600 418 Ecclesiae
1610 389 1795 424 disciplinam.

1010 434 1058 461 sed
1075 442 1125 461 usu
1141 434 1197 470 jam
1213 435 1397 468 obliteratam,
1411 436 1501 463 denuo
1515 440 1734 468 revocasse-,aut
1744 435 1797 461 bas

1009 483 1112 506 rcntcm
1124 479 1213 507 adhuc
1226 480 1253 507 in
1265 479 1404 515 Hispaniis
1415 481 1494 508 novis
1504 481 1609 515 legibus
1619 480 1797 512 astrinxisse,

1010 531 1071 551 cum
1089 525 1247 559 capitalium
1262 526 1394 553 scelerum
1409 527 1458 558 rei,
1477 526 1682 561 praesertimque
1700 525 1795 558 trium,

1010 570 1181 603 idololatriae,
1208 571 1349 598 homicidii
1373 576 1400 599 et
1423 571 1548 599 adulterii
1566 571 1642 603 olim,
1666 575 1696 598 ut
1711 571 1796 597 luno-

1010 614 1116 642 centius
1132 615 1221 648 docet,
1237 617 1379 643 communi
1394 617 1594 644 consuetudine
1610 617 1717 644 veniam
1735 617 1798 644 nul-

1011 657 1064 684 lam
1078 663 1105 685 et
1118 659 1319 688 absolutionem
1343 661 1519 689 obtinerent:
1533 669 1586 689 non
1602 662 1675 697 quod
1691 663 1798 689 absolvi

1010 703 1044 730 ab
1056 703 1176 732 Ecclesia
1190 714 1244 732 non
1258 711 1381 741 possent,
1401 712 1431 734 ut
1447 707 1632 735 Tertullianus
1645 708 1796 740 asserebat,

1010 749 1056 775 sed
1068 749 1141 783 quod
1155 749 1224 783 ejus,
1241 758 1323 785 quam
1337 751 1534 786 amplissimam
1549 759 1564 778 a
1577 751 1686 778 Christo
1701 758 1799 778 susee-

1010 799 1097 828 perat,
1113 800 1236 830 potestas
1253 805 1332 824 usum
1351 797 1433 825 certis
1451 797 1551 825 ﬁnibus
1565 797 1798 832 circumscripsis-

1010 844 1062 867 set.

1047 885 1116 913 Iluic
1130 891 1184 914 tam
1206 892 1353 922 compertae
1375 889 1576 924 exploratisque
1591 889 1721 916 doctrina:
1735 889 1798 917 nul-

1010 929 1051 957 lus
1073 931 1164 958 aerius
1187 937 1388 967 repugnaturos
1405 933 1540 968 intelligo,
1557 941 1639 968 quam
1660 934 1706 968 qui
1727 934 1799 960 anti-

1009 975 1122 1009 quitatis
1140 976 1334 1005 ecclesiasticae
1354 978 1445 1006 minus
1459 979 1538 1013 periti
1558 979 1654 1006 veteris
1669 980 1801 1007 Ecclesia}

1009 1021 1127 1048 formam
1146 1022 1287 1051 hodiernis
1306 1023 1405 1052 ritibus
1421 1024 1609 1060 institutisque
1625 1025 1775 1052 metiuntur
1787 1035 1798 1052 -.

1010 1068 1110 1102 quibus
1135 1075 1263 1103 asperant
1290 1073 1318 1096 et
1343 1069 1527 1097 inhumanum
1553 1071 1672 1104 videtur,
1691 1071 1800 1098 homini

1010 1114 1068 1147 ul'li,
1079 1114 1125 1149 qui
1139 1115 1281 1143 commissi
1290 1116 1413 1144 criminis
1426 1116 1548 1144 dolerent
1563 1124 1594 1144 ac
1608 1117 1800 1152 paenitentiam

1009 1168 1065 1195 pra:
1073 1168 1102 1187 se
1114 1160 1194 1193 ferat,
1209 1169 1304 1196 pacem
1314 1166 1342 1189 et
1355 1162 1551 1190 absolutionem
1565 1163 1704 1197 denegari.
1717 1162 1799 1196 Quod

1010 1206 1099 1240 ipsum
1115 1211 1204 1235 tamen
1223 1207 1287 1234 olim
1305 1214 1380 1235 certo
1395 1207 1422 1235 in
1438 1209 1578 1236 hominum
1594 1209 1798 1244 criminumque

1010 1259 1108 1286 genere
1119 1257 1255 1279 servatum
1269 1252 1355 1280 fuisse
1368 1257 1407 1280 tot
1420 1254 1465 1280 illa
1478 1253 1611 1281 hactenus
1629 1254 1709 1281 allata
1724 1255 1798 1282 testi-

1010 1297 1101 1324 monia
1124 1297 1325 1326 demonstrant.
1350 1298 1456 1332 Quibus
1478 1306 1562 1326 unum
1587 1299 1738 1326 alterumve
1763 1299 1798 1325 ad

1009 1342 1148 1369 cumulum
1167 1342 1289 1377 accedat,
1313 1347 1342 1370 ut
1361 1344 1403 1371 vel
1423 1344 1457 1371 ab
1481 1343 1575 1371 invitis
1594 1351 1737 1371 assensum
1753 1351 1802 1371 res

1010 1386 1061 1413 ista
1078 1393 1226 1415 mereatur.
1245 1388 1284 1415 Ac
1304 1389 1422 1423 primum
1447 1389 1517 1416 idem
1540 1397 1594 1416 non
1611 1390 1729 1417 obscure
1745 1389 1801 1424 Cy-

1011 1433 1123 1467 prianus
1136 1434 1237 1461 indicat
1250 1434 1365 1468 epistola
1381 1434 1421 1461 l5.
1435 1434 1505 1462 Cum
1516 1435 1587 1462 enim
1603 1435 1670 1469 lapsi
1683 1436 1797 1470 quidam

1010 1478 1116 1506 libellos
1134 1487 1150 1507 a
1167 1480 1333 1515 martyribus
1352 1481 1554 1515 impetrassent,
1567 1481 1667 1515 quibus
1679 1480 1743 1508 freti
1757 1489 1801 1508 re-

1012 1525 1063 1560 cipi
1079 1534 1108 1553 se
1124 1526 1150 1553 in
1168 1527 1295 1555 Ecclesia:
1312 1528 1535 1555 communionem
1556 1528 1732 1563 impatienter
1748 1536 1799 1563 pe-

1012 1577 1108 1604 terent,
1123 1573 1264 1601 consultus
1279 1581 1310 1601 ea
1326 1573 1360 1601 de
1374 1581 1403 1600 re
1420 1574 1572 1609 Cyprianus
1586 1574 1622 1601 ita
1635 1575 1777 1602 constituit
1787 1584 1802 1602 :.

1013 1618 1046 1645 Ut
1061 1619 1106 1653 qui
1120 1618 1222 1646 libellos
1234 1628 1250 1646 a
1262 1621 1425 1654 martyribus
1440 1625 1605 1655 acceperunt,
1623 1626 1647 1648 et
1662 1629 1797 1657 praeroga-

1010 1664 1069 1690 tivis
1085 1672 1173 1690 eorum
1188 1665 1258 1698 apud
1273 1664 1357 1691 Deum
1373 1665 1496 1699 adjuvari
1516 1670 1634 1700 possunt,
1654 1666 1677 1692 si
1692 1666 1796 1692 incom-

1009 1710 1086 1736 modo
1099 1710 1188 1745 aliqua
1202 1714 1226 1737 et
1242 1710 1408 1745 inﬁrmitatis
1429 1711 1546 1745 periculo
1557 1713 1676 1746 occupati
1686 1712 1798 1746 fuerint,

1009 1763 1060 1782 non
1080 1761 1230 1790 exspectata
1250 1757 1390 1790 prwsentia
1413 1763 1504 1784 nostra
1523 1758 1594 1791 apud
1617 1758 1796 1793 presbyterum

1011 1810 1187 1837 quemcunque
1197 1808 1360 1837 prwsentem,
1374 1803 1422 1836 vel,
1434 1804 1457 1830 si
1468 1806 1603 1839 presbyter
1614 1810 1733 1840 repertus
1744 1814 1797 1832 non

1011 1848 1102 1882 fuerit,
1115 1853 1138 1874 et
1150 1856 1240 1882 urgere
1256 1848 1342 1875 exitus
1359 1849 1474 1884 eruperit,
1490 1851 1560 1884 apud
1572 1850 1713 1877 diaconum
1730 1859 1799 1886 qua-

1010 1901 1058 1927 que
1072 1893 1158 1927 facere
1172 1893 1380 1929 ex/tomologesin
1396 1895 1535 1922 delictisui
1548 1896 1659 1930 possint,
1672 1901 1701 1922 ut
1716 1905 1795 1922 manu

1008 1940 1045 1967 eis
1063 1940 1090 1966 in
1104 1941 1285 1975 paenitentiam
1309 1942 1445 1976 imposita,
1470 1943 1575 1969 veniant
1597 1942 1631 1969 ad
1655 1942 1797 1969 Dominum

1009 1993 1068 2012 cum
1087 1994 1160 2019 pace.
1181 1985 1239 2014 Hoc
1261 1986 1315 2015 illis
1336 1987 1468 2015 duntaxat
1492 1987 1644 2023 Cyprianus
1672 1989 1797 2022 indulsit,

1008 2031 1053 2065 qui
1069 2031 1174 2059 libellos
1189 2040 1205 2059 a
1220 2033 1386 2068 martyribus
1402 2033 1591 2068 accepissent;
1609 2038 1735 2066 caeteros,
1748 2034 1796 2069 qui

1008 2077 1073 2105 iisce
1099 2077 1197 2106 libellis
1221 2083 1357 2112 carerent,
1388 2085 1546 2114 exspectare
1578 2080 1673 2107 tandiu
1700 2080 1796 2115 jussit,

1007 2122 1093 2150 donec
1109 2122 1237 2150 Ecclesiae
1262 2131 1314 2158 pax
1331 2129 1404 2151 esset
1425 2123 1540 2151 reddita.
1560 2123 1742 2157 Quamobrem
1761 2132 1797 2152 ne

1007 2167 1034 2193 in
1047 2168 1174 2202 praesenti
1189 2169 1299 2203 quidem
1315 2168 1411 2196 mortis
1422 2168 1582 2196 discrimine
1594 2170 1799 2204 posterioribus

174 2218 262 2241 tentes
284 2214 317 2241 ad
340 2222 415 2249 spem
442 2215 672 2243 reconciliationis
701 2216 853 2245 θάιηῑιιειοε,
877 2219 954 2251 Quod
971 2219 994 2247 ι)
1009 2212 1062 2240 illis
1077 2220 1170 2247 pacem
1185 2213 1289 2240 tribuit.
1307 2213 1414 2248 Alioqui
1434 2213 1501 2240 nihil
1518 2213 1588 2240 inter
1601 2213 1668 2241 istos
1681 2218 1709 2241 et
1723 2215 1794 2250 prio-

172 2259 198 2286 in
225 2258 383 2286 Novatianis
405 2260 583 2288 nihilominus
602 2261 774 2295 reprehendit
797 2262 957 2292 Ambrosius

171 2305 218 2332 lib.
235 2313 243 2332 ι
261 2305 298 2332 De
316 2314 384 2340 ρωη.
402 2313 461 2340 cap.
485 2306 524 2333 1.:
545 2306 615 2338 Quid
631 2311 716 2334 autem
731 2307 833 2341 durius,
858 2309 955 2344 inquit,

170 2359 249 2385 quam
267 2356 294 2377 ut
312 2352 429 2378 indicant
446 2352 638 2385 pwnitentiam.
651 2361 730 2387 quam
747 2362 798 2381 non
819 2354 958 2382 relaxant?

172 2396 223 2424 Sed
244 2397 313 2424 alius
330 2397 467 2424 Ambrosii
487 2398 584 2425 saeculo
602 2398 657 2431 jam
677 2407 743 2427 usus
758 2401 956 2435 perc'rebuerat,

171 2443 275 2470 nullum
299 2448 328 2469 ut
348 2447 517 2477 peccatorum
532 2451 616 2479 genus
630 2444 744 2479 amplius
755 2445 955 2474 excluderetur.

169 2487 228 2516 Nisi
251 2487 320 2515 forte
341 2489 430 2516 adlmc
451 2489 478 2515 in
501 2489 630 2524 Hispania
654 2491 816 2525 quibusdam
837 2492 863 2519 in
888 2493 957 2520 locis

171 2533 277 2568 antiqui
295 2534 379 2562 moris
396 2535 538 2570 vestigium
554 2540 683 2569 exstaret,
705 2544 791 2572 eoque
807 2545 888 2565 sensu
904 2539 957 2565 Pa—

171 2579 267 2608 cianus
282 2580 455 2615 accipientlus
470 2581 514 2613 sit,
532 2589 594 2608 eum
617 2582 668 2609 tria
695 2582 740 2610 illa
757 2583 882 2618 capitalia
901 2584 956 2612 cri-

171 2627 246 2654 mina
273 2626 375 2653 nullam
407 2626 553 2661 impetrare
576 2635 670 2662 pacem
701 2629 862 2664 veniamque
894 2638 958 2664 pro-

173 2672 291 2700 nuntiat.
315 2672 438 2706 Quorum
459 2673 585 2701 conscios
611 2681 672 2701 cum
698 2675 731 2702 ad
753 2676 956 2710 procurandum

173 2718 352 2746 nihilominus
368 2718 520 2747 remedium
537 2719 671 2753 hortatur,
693 2720 749 2747 ﬁeri
762 2725 861 2756 potest,
880 2727 910 2750 ut
924 2723 958 2750 ad

172 2765 367 2799 capessendam
398 2765 457 2792 sine
474 2765 528 2792 ulla
552 2773 600 2800 spe
619 2766 850 2794 reconciliationis
871 2769 960 2803 paeni-

175 2810 286 2837 tentiam
309 2810 437 2846 impellat.
470 2811 550 2839 Ccrte
573 2812 667 2846 negari
695 2819 748 2839 non
774 2817 863 2847 potest
890 2814 957 2849 quin

175 2853 291 2882 obscure
307 2862 339 2883 ac
359 2855 485 2890 perplexe
506 2855 539 2884 dc
556 2855 606 2883 hac
622 2862 651 2882 rc
671 2854 804 2884 Pacianus
826 2856 958 2892 disputet,

1009 2267 1052 2286 res
1067 2259 1220 2289 interesset.
1231 2266 1300 2293 quos
1313 2264 1401 2286 tamen
1413 2259 1518 2286 meliori
1534 2259 1624 2294 aliqua
1638 2260 1795 2287 conditione

1008 2304 1048 2331 uti
1064 2303 1194 2339 oportuit.
1216 2303 1252 2330 At
1268 2304 1340 2330 enim
1360 2303 1578 2339 exhomologesis
1593 2304 1664 2338 apud
1683 2303 1796 2339 Cypria.

1008 2357 1073 2377 num
1090 2349 1327 2382 sacramentalem,
1345 2354 1376 2376 ut
1391 2354 1500 2383 vocant,
1522 2349 1722 2378 confessionem
1739 2358 1796 2378 non

1008 2396 1153 2431 signiﬁcat,
1169 2404 1259 2431 neque
1277 2403 1330 2431 pax
1352 2396 1541 2432 absolutioque
1559 2396 1604 2424 illa
1620 2397 1734 2432 perinde
1748 2405 1795 2425 sa-

1007 2443 1141 2470 cramenti
1164 2450 1228 2478 pars
1250 2442 1313 2474 fuit,
1337 2449 1399 2469 cum
1416 2443 1499 2469 etiam
1520 2450 1535 2470 a
1556 2443 1672 2470 diacono
1696 2451 1795 2472 manus

1008 2488 1110 2523 imponi
1134 2487 1238 2522 iubeat,
1264 2487 1317 2514 nisi
1341 2488 1493 2523 presbyteri
1521 2488 1599 2522 copia
1627 2493 1793 2523 suppeteret.

1008 2534 1045 2561 De
1062 2533 1265 2569 exhomologesi
1287 2533 1376 2560 dicam
1401 2538 1493 2568 postea
1516 2534 1650 2568 pluribus.
1667 2534 1744 2568 Quod
1758 2534 1792 2562 ad

1008 2587 1102 2614 pacem
1120 2579 1426 2614 reconciliationemque
1437 2579 1566 2614 pertinet,
1587 2580 1730 2607 sciendum
1751 2587 1794 2608 est

1008 2626 1143 2660 duplicem
1159 2625 1187 2653 in
1204 2633 1235 2652 ea
1249 2630 1352 2660 partem
1367 2632 1399 2653 ac
1415 2626 1489 2653 velut
1503 2625 1620 2653 fructum
1637 2626 1794 2660 exstitisse;

1009 2680 1072 2700 nam
1090 2675 1117 2700 et
1138 2680 1153 2699 a
1175 2671 1303 2707 peccatis,
1321 2672 1374 2699 hoc
1388 2676 1430 2700 est
1443 2671 1523 2707 culpa
1539 2672 1609 2707 ipsa,
1629 2680 1711 2707 quam
1730 2673 1794 2701 diu-

1009 2724 1090 2746 turna
1101 2719 1262 2754 paenitentia
1273 2718 1420 2750 diluerant,
1436 2718 1655 2751 absolvebantur,
1669 2723 1696 2747 et
1709 2719 1736 2746 in
1750 2719 1794 2747 in-

1009 2770 1114 2800 tegrum
1136 2766 1255 2793 restituti
1278 2765 1310 2792 ad
1331 2764 1479 2800 perfectum
1500 2773 1562 2794 cum
1581 2765 1702 2794 Ecclesia
1728 2766 1792 2793 ﬁde-

1009 2812 1136 2846 libusque
1158 2811 1350 2839 commercium
1376 2819 1408 2838 ac
1429 2811 1584 2841 divinorum
1600 2812 1793 2849 mysteriorum

1012 2858 1231 2887 communionem
1248 2857 1455 2887 adhibebantur.
