1925 3043
105 159 175 187 1025

560 157 605 185 DE
623 157 860 186 ΡίΕΝΙΤΕΝΤΙΔΞ
881 157 1017 186 VETERE
1038 158 1236 187 DISCIPLINA.

1661 156 1674 184 1
1679 156 1731 185 0‘26

138 218 208 245 Cum
229 214 323 253 igittii‘
324 216 359 245 ab
372 214 505 250 antistite,
522 217 563 244 vel
577 217 719 246 sacerdote
733 225 827 253 pacem
843 226 892 246 ac-
905 220 929 249 Α
943 218 989 246 illo
1013 218 1173 246 Tertulliani
1200 217 1310 251 sacculo,
1340 225 1395 254 quo
1420 216 1541 253 peccatis
1566 217 1730 252 quibusdam

103 264 237 299 ciperem,
263 267 411 298 utrumque
437 263 622 290 merebantur.
645 263 694 291 Sin
710 264 783 291 nulla
798 272 889 292 sacer-

103 310 198 341 dotum
220 315 292 337 esset
313 314 444 345 potestas,
470 313 528 336 tum
552 309 680 337 Ecclesiae
698 311 889 338 tantumtnodo

102 354 242 383 conciliati
264 361 358 389 pacem
374 362 389 382 a
404 347 527 382 diaconis
540 354 732 389 impetrabant,
748 355 827 390 cujus
841 363 889 383 cu-

102 401 208 428 mulum
226 408 242 428 a
259 400 401 428 sacerdote
425 400 598 435 postmodum
622 401 784 428 obtinerent.
798 401 889 434 Quare

101 447 256 482 Cyprianus
281 446 381 474 libellis
400 451 554 482 martyrum
583 447 720 482 praeditos,
746 447 770 475 si
797 448 888 476 minus

102 498 260 527 utrumque,
283 492 399 519 alterum
416 497 488 520 certe
502 492 663 520 beneﬁcium
684 493 815 528 consequi
836 501 887 520 vo-

101 538 163 570 luit,
172 546 228 573 quo
238 537 418 565 Eucharistia:
431 538 527 566 saltem
538 543 679 573 compotes
693 539 750 566 ﬁeri
765 543 887 574 possent.

101 583 195 619 Neque
209 584 281 611 enim
293 584 450 612 existimare
460 585 532 616 licet,
544 584 569 611 id
581 585 654 620 quod
669 585 750 612 hodie
764 585 802 619 fit,
812 586 887 620 prius

102 631 164 657 illos
180 638 196 657 a
209 631 328 665 peccatis
341 631 491 664 absolutos,
504 639 583 666 quam
600 631 769 666 ptenitentia,
785 631 837 659 hoc
847 637 888 659 est

101 682 247 709 corporum
274 675 372 709 pinnis,
401 683 433 703 ac
455 676 588 704 lucluosis
611 676 738 704 sordibus
760 676 888 704 Ecclesia:

100 721 309 749 satisfecissent.
327 721 395 749 Huic
417 722 519 755 alliues,
537 723 583 750 sed
599 723 720 750 mitiores
735 727 826 750 tamen
845 731 888 750 re-

101 765 184 800 liquie
197 765 248 793 inae
260 773 396 793 canonum
427 766 582 794 sanctiones
596 774 628 795 ac
647 766 759 794 Patrum
779 767 886 794 decreta

101 817 176 846 sunt,
191 821 253 848 quae
267 813 458 848 peccatoribus
472 813 613 841 nonnullis
626 818 783 848 perpetuam
799 812 887 848 poeni-

100 858 215 885 tentiam
229 858 266 885 ita
281 858 470 893 praescribunt,
498 865 637 893 nunquam
662 862 692 885 ut
717 858 886 885 communio-

101 911 163 931 nem
196 904 511 939 reconciliationemque,
535 904 587 931 nisi
605 904 632 930 in
655 903 708 931 line
722 903 784 932 vitae
799 903 887 938 perci-

100 955 206 985 perent.
224 949 383 985 Cujusmodi
412 949 594 978 sunt«Basilii
618 950 653 977 ad
675 950 887 984 Amphilochium

100 1004 164 1023 can.
178 996 223 1029 75,
239 995 402 1031 Ancyranus
414 996 459 1029 2'5,
469 995 526 1030 jam
544 1004 567 1024 a'
578 996 657 1024 nobis
670 997 757 1024 citati.
774 997 887 1024 Accedit

100 1047 127 1070 et
141 1042 243 1070 Arelat.
260 1050 268 1069 ι
285 1049 372 1069 canon
397 1041 453 1069 ﬂ:
478 1041 514 1069 De
537 1041 576 1068 his
598 1042 642 1077 qui
667 1041 736 1076 falso
760 1046 885 1068 accusant

99 1089 196 1124 fratres
208 1096 280 1120 suos,
295 1087 396 1122 placuit
413 1095 455 1114 eos
474 1095 555 1122 usque
569 1087 604 1114 ad
620 1088 719 1115 exitum
738 1088 885 1114 communi-

97 1141 170 1161 care.
193 1132 355 1160 Toletanum
379 1139 489 1167 quoque
505 1139 523 1163 t,
542 1139 603 1159 can.
621 1131 654 1159 l9
670 1132 771 1165 sanxit,
789 1136 817 1158 ut
830 1132 886 1166 epi-

100 1179 181 1215 scopi,
196 1179 235 1207 uel
245 1179 352 1206 diaconi
364 1178 432 1214 filia,
449 1179 472 1205 si
484 1178 576 1205 deuota
590 1178 680 1213 fuerit,
694 1184 719 1205 et
729 1180 884 1214 peccaverit,

99 1230 124 1253 et
141 1226 267 1252 maritum
287 1226 403 1258 duxerit,
419 1231 485 1258 etc.,
502 1226 525 1252 si
544 1226 643 1252 vivente
661 1225 757 1252 marito
773 1233 885 1252 secesse-

100 1272 146 1303 rit,
162 1275 186 1298 et
204 1271 365 1305 paenituerit,
381 1270 455 1298 nullo
468 1272 544 1298 modo
559 1271 610 1298 nisi
625 1272 679 1297 vita
691 1270 824 1305 deﬁciens,
840 1278 885 1296 ac-

99 1319 180 1354 cipiat
189 1318 405 1345 communionom.
415 1317 466 1345 Sed
475 1323 502 1345 et
514 1317 685 1345 Valentinum
695 1325 755 1345 can.
771 1318 787 1344 5
798 1317 883 1350 deiis,

99 1366 144 1401 qui
161 1373 188 1392 se
202 1370 260 1400 post
287 1373 368 1391 unum
388 1370 412 1391 et
427 1370 546 1392 sanctum
565 1363 700 1391 lavacrum
712 1364 749 1391 uel
764 1363 884 1398 profanis

100 1411 240 1445 sacriﬁciis
259 1409 418 1442 dtemonum,
445 1409 484 1436 vel
502 1410 600 1436 incesta
616 1409 718 1436 ratione
732 1408 883 1443 polluerint,

98 1456 205 1488 statuit,
218 1460 246 1482 ut
254 1456 294 1482 Itis
301 1455 383 1490 juxta
390 1456 519 1490 synodum
534 1454 683 1487 Nicwnom,
693 1455 884 1489 satis/actionis

99 1502 205 1536 quidem
229 1501 318 1528 aditus
339 1509 388 1527 non
407 1506 523 1535 negetur,
539 1508 570 1527 ne
585 1500 732 1535 infelicibus
749 1499 883 1535 lacrymis,

100 1547 139 1574 uel
151 1547 243 1574 solatii
256 1547 342 1580 janua
360 1547 539 1580 desperatione
556 1546 708 1578 claudatur,
724 1546 811 1573 acturi
826 1553 884 1573 uero

99 1593 281 1627 penitentiam
294 1601 377 1628 usque
391 1593 418 1619 in
432 1593 501 1619 diem
522 1593 624 1624 mortis,
648 1600 699 1618 non
715 1592 771 1619 sine
786 1599 829 1625 spe
845 1596 885 1618 ta-

99 1647 157 1665 men
174 1639 348 1670 remissionis,
364 1643 416 1666 etc.
430 1639 460 1666 ln
471 1646 526 1674 quo
541 1638 641 1666 mirum
654 1643 705 1671 est,
721 1646 782 1665 cum
796 1637 885 1664 Nicae-

99 1690 152 1710 nus
168 1690 257 1710 canon
275 1683 305 1710 Η
328 1683 486 1710 eorumdem
510 1691 570 1711 reos
586 1683 719 1710 scelerum
741 1683 884 1710 duodecim

101 1728 180 1756 annis
193 1729 326 1756 duntaxat
346 1729 502 1757 satisfacere
518 1729 622 1765 jubeat,
643 1734 724 1765 atque
737 1729 775 1757 ita
788 1736 885 1756 recon-

101 1775 199 1808 ciliari,
216 1774 376 1803 Valentinos
402 1775 463 1803 illos
489 1775 594 1807 Patres,
617 1776 666 1810 qui
691 1783 720 1803 se
744 1775 882 1802 Nicaznam

101 1820 234 1856 synodum
252 1822 328 1856 sequi
345 1822 518 1856 prolitentur,
537 1826 611 1849 tanto
628 1821 770 1857 rigidiores
796 1829 828 1849 ac
841 1829 885 1849 se-

101 1866 221 1893 veriores
245 1865 340 1894 ruisse.
366 1867 406 1894 Ad
431 1867 488 1894 haec
505 1867 532 1894 in
550 1867 664 1903 synodo,
685 1875 746 1902 quae
771 1866 834 1895 Side
856 1868 883 1894 in

101 1910 258 1947 Pamphylia
273 1916 368 1939 contra
382 1912 561 1941 lllassalianos
584 1913 677 1941 habita
697 1914 794 1948 legitur
811 1914 882 1949 apud

98 1956 226 1985 Photium
251 1965 278 1993 p.
305 1958 350 1992 l8,
375 1958 514 1986 decretum
543 1964 594 1991 est,
628 1965 658 1987 ut
671 1960 796 1995 quisquis
822 1966 883 1995 post

97 2003 258 2031 damnatum
271 2004 340 2031 hanc
352 2003 468 2032 ltazresin
482 2012 530 2032 seu
546 2005 646 2038 verbis,
663 2013 709 2033 seu
727 2006 805 2033 factis
818 2015 883 2034 con-

96 2047 208 2082 tagione
221 2047 293 2075 illius
306 2048 436 2075 infectum
451 2056 481 2077 se
492 2056 553 2076 esse
567 2049 728 2084 prodiderit,
742 2059 881 2086 nunquam

98 2093 126 2120 in
143 2098 283 2127 posterum
299 2093 468 2126 admittatur,
491 2095 615 2129 quamvis
635 2096 734 2123 millies
751 2104 780 2124 se
797 2098 884 2131 potni-

97 2140 214 2167 tentium
230 2140 329 2174 gradus
346 2147 441 2168 omnes
456 2142 624 2176 expleturum
645 2143 785 2177 promittat
799 2153 805 2170 :
823 2145 884 2180 Μη-

97 2185 158 2212 κέτι
175 2185 266 2212 λοιπὸν
282 2186 374 2222 χώραν
389 2186 471 2222 ἔχειν,
489 2187 549 2222 μηδ’
568 2188 601 2214 ἂν
620 2189 749 2224 μυριάκις
765 2189 884 2224 ἐπαγγέ-

940 271 1016 299 spem
1032 271 1141 292 omnem
1159 264 1367 292 reconciliandae
1387 264 1480 299 gratiae
1496 268 1657 299 prmrcptam
1682 265 1731 290 do-

941 310 1059 343 cuimus,
1075 318 1108 338 ne
1123 311 1149 338 in
1164 311 1226 338 vitae
1237 311 1347 345 quidem
1363 311 1437 338 exitu
1450 315 1646 345 repraesentata
1656 317 1731 337 com-

941 356 1037 383 munio
1053 355 1098 388 sit,
1114 355 1195 390 idque
1213 356 1294 390 vulgo
1310 363 1342 383 ac
1356 356 1457 390 passim
1473 356 1647 389 observatum
1667 355 1728 383 fue-

940 403 986 430 rit.
1005 403 1075 430 Sunt
1089 404 1135 438 qui
1152 408 1215 430 ante
1238 402 1364 438 Cypriani
1390 407 1510 438 tempora
1536 410 1639 430 morem
1654 403 1728 430 hunc

939 448 966 474 in
983 447 1103 476 Ecclesia
1119 448 1239 484 viguisse
1257 453 1388 476 censent:
1404 456 1457 483 quo
1472 449 1591 483 quidem,
1608 453 1636 475 ut
1653 448 1726 483 ingov

939 501 991 520 nue
1008 494 1145 528 proﬁtear,
1167 493 1327 521 Tertulliani
1344 501 1375 521 ae
1390 494 1567 528 reliquorum,
1580 494 1626 529 qui
1640 493 1725 521 disci-

938 539 1020 575 plinre
1044 541 1124 567 istius
1150 540 1343 572 meminerunt,
1367 541 1545 575 propensiora
1569 540 1726 569 teSIimonZa

940 589 1013 613 sunt.
1025 584 1076 613 Sed
1089 590 1114 613 et
1128 586 1291 621 Cyprianus,
1306 587 1412 622 quoties
1429 587 1547 614 instante
1563 587 1637 613 obitu
1650 594 1726 614 eom-

938 632 1098 658 munionem
1115 631 1200 666 lapsis
1222 632 1355 667 impartiri
1375 632 1508 667 praecipit,
1526 633 1606 660 tacite
1622 633 1726 668 signiti-

938 669 994 708 cat,
1006 685 1100 705 recens
1114 677 1179 704 illud
1197 685 1257 705 esse
1272 678 1423 711 decretum,
1443 681 1470 705 et
1487 678 1550 713 χθὲς
1568 679 1615 705 καὶ
1631 677 1729 713 πρώην

938 723 972 750 ab
986 722 1108 751 Ecclesia
1126 724 1316 756 constitutum,
1337 732 1392 759 quo
1407 729 1482 752 vetus
1502 730 1528 752 et
1544 725 1679 752 contraria
1691 725 1727 752 sit

938 769 1067 804 abrogata
1087 770 1202 797 sanctio.
1223 769 1346 797 Primum
1361 771 1433 797 enim
1456 770 1519 805 quid
1536 770 1668 797 attinebat
1682 770 1725 797 la-

937 816 994 850 psis
1010 815 1043 844 iis
1061 816 1106 851 qui
1119 816 1271 843 libellorum
1290 816 1417 851 praesidio
1432 817 1591 848 niterentur,
1609 817 1636 843 in
1650 823 1725 843 mor-

938 861 973 888 tis
994 861 1183 888 tantummodo
1206 861 1363 888 discrimine
1386 862 1604 889 communionem
1625 869 1724 889 concc-

940 907 1014 938 dere,
1031 913 1130 941 ncgare
1145 907 1265 940 caeteris,
1289 906 1312 933 si
1334 907 1436 934 nemini
1463 907 1513 934 sub
1536 913 1650 934 mortem
1671 901 1724 934 ἠο-

940 951 1026 986 ganda
1044 959 1096 986 pax
1116 951 1204 979 esset?
1223 951 1324 978 Deinde
1344 959 1405 979 cum
1427 951 1567 979 Romanus
1586 953 1675 980 clerus
1693 952 1727 980 de

940 997 1033 1024 eodem
1055 997 1165 1032 negotio
1181 997 1276 1024 scribit
1293 997 1327 1023 ad
1344 996 1516 1032 Cyprianum,
1532 1002 1611 1032 epist.
1627 998 1671 1032 5l,
1691 1006 1726 1026 ex

940 1042 998 1076 ipsa
1010 1041 1137 1077 loquendi
1149 1042 1253 1069 ratione
1264 1050 1317 1069 non
1327 1043 1442 1070 obscure
1453 1043 1522 1070 idem
1535 1043 1704 1071 demonstrat
1715 1054 1722 1072 :

940 1086 1033 1121 Cujus,
1050 1087 1148 1121 inquit,
1175 1088 1373 1121 temperamenti
1394 1088 1599 1115 moderationem
1616 1097 1662 1116 nos
1682 1090 1724 1116 hic

940 1137 1026 1159 tenere
1042 1137 1199 1164 quterentes,
1224 1133 1281 1164 diu,
1304 1137 1330 1159 et
1354 1134 1459 1168 quidem
1484 1134 1560 1161 multi
1573 1139 1598 1161 et
1619 1136 1724 1170 quidem

939 1187 997 1205 cum
1014 1179 1172 1214 quibusdam
1186 1179 1313 1213 episcopis
1328 1180 1419 1207 vicinis
1435 1181 1519 1214 nobis,
1538 1187 1564 1208 et
1579 1182 1724 1216 appropin-

938 1225 1090 1259 quantibus,
1107 1229 1130 1250 et
1145 1232 1209 1259 quos
1230 1232 1262 1252 ex
1285 1225 1346 1252 aliis
1371 1226 1510 1260 provinciis
1535 1226 1610 1262 longe
1630 1229 1723 1261 positis

937 1269 1126 1304 persecutionis
1141 1271 1220 1297 istius
1238 1271 1319 1297 ardor
1331 1271 1454 1305 ejecerat,
1476 1276 1537 1299 ante
1556 1274 1724 1302 constitutio~

939 1323 997 1342 nem
1019 1317 1133 1350 episcopi
1156 1316 1224 1342 nihil
1240 1316 1416 1344 innooandum
1440 1322 1565 1352 putamus
1581 1319 1625 1355 (de
1639 1319 1722 1354 lapsis

938 1361 1062 1389 videlicet
1085 1362 1270 1397 recipiendis),
1293 1362 1337 1389 sed
1353 1362 1486 1397 lapsorum
1510 1372 1600 1390 curam
1623 1365 1722 1391 medio-

938 1409 1018 1435 criter
1039 1408 1235 1443 temperandam
1257 1417 1312 1435 csse
1329 1409 1478 1441 credimus;
1495 1413 1524 1436 ut
1537 1410 1642 1436 interim
1659 1409 1724 1436 dum

937 1452 1074 1487 episcopus
1097 1453 1157 1478 dari
1179 1460 1194 1478 a
1217 1451 1271 1478 Deo
1291 1452 1363 1479 nobis
1380 1453 1534 1485 sustinetur,
1553 1454 1581 1480 in
1597 1462 1725 1488 suspenso

938 1506 1039 1531 eorum,
1053 1498 1099 1533 qui
1115 1506 1202 1524 moras
1215 1503 1325 1532 possunt
1339 1498 1477 1526 dilationis
1493 1500 1630 1533 sustinere,
1642 1509 1724 1527 causa

939 1548 1072 1576 teneatur;
1085 1551 1175 1570 eorum
1187 1549 1283 1576 autent,
1306 1552 1416 1579 quorum
1434 1545 1494 1572 vita!
1507 1554 1563 1572 sure
1576 1546 1656 1580 ﬁnem
1675 1554 1723 1572 ur-

938 1598 1000 1624 gens
1014 1590 1100 1616 exitus
1117 1590 1273 1616 dilationem
1294 1598 1345 1616 non
1364 1595 1447 1624 potest
1469 1591 1547 1625 ferre,
1564 1596 1624 1618 acta
1642 1591 1725 1626 pinni-

939 1636 1020 1662 tentia
1040 1640 1064 1662 et
1075 1635 1195 1670 professa
1212 1636 1360 1670 frequenter
1376 1634 1485 1663 suorum
1502 1637 1673 1665 detestatione
1686 1639 1726 1673 fa-

938 1687 1052 1714 ctorunt,
1067 1681 1090 1708 si
1107 1681 1243 1715 luarymis,
1262 1681 1285 1707 si
1303 1681 1453 1715 gemitibus,
1470 1682 1493 1709 si
1506 1682 1611 1716 ﬂetibus
1631 1683 1724 1710 dolens

939 1727 974 1754 tis
1000 1735 1031 1753 ac
1050 1735 1105 1753 vere
1120 1726 1269 1761 poznitentis
1285 1727 1367 1752 amnti
1381 1727 1457 1761 signa
1474 1727 1647 1761 prodiderint,
1664 1737 1724 1755 cum

938 1780 994 1808 spes
1007 1772 1108 1799 vivendi
1123 1772 1266 1799 secundum
1279 1773 1409 1799 hominem
1423 1772 1497 1799 nulla
1512 1773 1667 1805 substiterit,
1684 1774 1724 1801 ita

938 1818 1042 1845 demum
1054 1823 1129 1845 caute
1137 1823 1161 1845 et
1173 1819 1286 1846 sollicite
1295 1819 1435 1846 subveniri.
1449 1819 1529 1854 Vides
1538 1827 1618 1854 quam
1631 1820 1723 1854 anxie,

938 1872 1075 1900 quamque
1088 1865 1216 1896 sollicite,
1231 1872 1262 1892 ac
1273 1869 1332 1900 post
1347 1865 1455 1899 longam
1470 1870 1646 1900 exactamque
1662 1873 1725 1892 con-

939 1910 1125 1944 sultationem,
1140 1918 1172 1937 eo
1189 1910 1298 1937 demum
1318 1910 1486 1942 inclinarint,
1503 1914 1533 1937 ut
1548 1911 1726 1946 periclitanti-

938 1955 1002 1988 bus,
1025 1963 1057 1983 ac
1074 1956 1224 1991 desperatis
1241 1956 1346 1991 potius,
1369 1956 1590 1984 communionem
1616 1957 1725 1984 conl'er-

938 2006 1008 2029 rent.
1028 2001 1065 2029 De
1083 2009 1139 2036 quo
1157 2002 1248 2037 utique
1261 2003 1465 2030 deliberandum
1481 2011 1534 2030 non
1549 2007 1618 2035 erat,
1633 2003 1655 2030 si
1668 2008 1724 2030 tum

938 2048 1086 2084 legitimum
1101 2053 1127 2075 et
1139 2048 1269 2076 usitatum
1282 2053 1363 2080 esset,
1385 2050 1519 2076 neminem
1534 2048 1560 2075 in
1575 2049 1647 2075 exitu
1663 2049 1725 2076 vita:

939 2101 954 2121 a
969 2095 1161 2122 communione
1175 2094 1322 2128 prohiberi.
1343 2093 1444 2121 Eadem
1466 2101 1498 2120 ex
1523 2093 1645 2129 Dionysii
1659 2093 1724 2120 Ale-

938 2140 1064 2167 xandrini
1085 2140 1176 2167 verbis
1196 2140 1353 2174 conjectura
1378 2143 1467 2174 potest
1490 2139 1562 2170 elici,
1580 2139 1627 2174 qui
1652 2138 1723 2174 apud

939 2187 1038 2215 Euseb.
1058 2187 1103 2214 lib.
1120 2194 1145 2213 vt
1162 2194 1223 2221 cap.
1240 2186 1294 2221 μβ¹,
1313 2186 1355 2213 vel
1368 2185 1401 2213 3G
1415 2186 1440 2212 in
1455 2186 1499 2212 illa
1515 2185 1671 2220 Serapionis
1684 2186 1725 2212 lti-

96 2230 187 2267 ληται,
204 2231 254 2266 τὴν
267 2231 342 2264 τάξιν
355 2232 528 2268 ἀναπληροῦν
542 2233 595 2260 τῶν
613 2234 822 2268 μετανοούντων.
840 2234 884 2262 Sic

939 2234 1034 2265 storia,
1049 2232 1082 2260 de
1095 2240 1149 2267 qua
1168 2232 1294 2267 superius
1314 2232 1478 2259 mentionem
1493 2232 1608 2267 egimus.
1628 2231 1724 2259 scribit

97 2277 169 2311 apud
184 2275 330 2304 Eusebium
342 2276 389 2303 lib.
402 2285 429 2304 vt
447 2278 519 2304 Hist.
537 2285 562 2305 c.
584 2278 627 2314 μβ¹
642 2279 683 2306 vel
700 2279 734 2306 56
751 2280 882 2315 Serapion

98 2331 193 2355 senex,
214 2323 256 2350 vir
272 2323 408 2359 egregius,
427 2324 500 2359 quod
527 2325 553 2352 in
580 2326 767 2360 persecutione
791 2327 885 2362 lapsus

97 2372 180 2400 esset,
204 2368 313 2396 tametsi
334 2370 553 2397 communionem
573 2377 693 2405 persrepe
710 2372 883 2406 postulasset,

97 2421 239 2449 nunquam
259 2419 301 2442 est
315 2415 451 2443 admissus
464 2424 470 2442 :
488 2413 572 2448 Οὗτος
585 2417 715 2449 πολλάκις
727 2418 821 2451 ἐδεῖτο,
837 2420 884 2446 καὶ

96 2460 186 2492 οὐδεὶς
199 2462 344 2496 προσεῖχεν
355 2461 440 2497 αὐτῷ,
459 2463 506 2489 καὶ
519 2462 573 2498 γὰρ
590 2463 722 2496 ὲτεθύκει,
737 2468 768 2491 ut
782 2465 816 2490 ad
828 2464 884 2491 Fa-

98 2507 171 2534 bium
185 2508 281 2535 scribit
295 2498 657 2544 Dionysius‘Alexandrqqui
670 2509 813 2538 Novatiani
834 2511 884 2538 ad-

97 2560 185 2588 eoque
208 2552 334 2588 Cypriani
362 2558 441 2581 aetate
467 2553 568 2582 ﬂoruit.
594 2554 675 2583 Addit
707 2556 883 2584 nihilominus

98 2597 246 2634 Dionysius
274 2599 467 2628 moribundum
487 2600 545 2635 jam
569 2600 743 2636 Serapionem
771 2610 786 2629 a
809 2610 838 2631 se
856 2604 884 2630 in

97 2645 318 2672 communionem
338 2650 488 2679 receptum.
505 2644 568 2673 Haec
587 2650 613 2673 et
634 2646 687 2673 alia
707 2647 834 2682 superius
850 2655 883 2675 ex

97 2690 285 2725 antiquiorum
294 2691 456 2718 auctoritate
466 2691 548 2718 libata
563 2691 673 2726 planum
686 2692 758 2719 istud
768 2692 882 2727 iaciunt,

98 2743 296 2770 nonnunquam
316 2730 516 2764 absolutionem
540 2737 752 2772 postulantibus,
775 2746 808 2765 ex
831 2746 882 2766 usu

97 2781 196 2808 veteris
212 2780 341 2810 Ecclesiae
360 2782 520 2817 denegatam
540 2782 641 2817 fuisse;
657 2783 712 2811 imo
728 2792 793 2812 vero
807 2792 840 2812 ne
854 2785 880 2812 in

98 2833 156 2859 ipso
172 2826 282 2861 quidem
299 2827 395 2856 mortis
415 2827 537 2863 periculo
551 2828 690 2864 plerisque
709 2837 880 2859 concessam.

99 2869 146 2898 llic
162 2871 244 2907 justis
267 2872 302 2900 de
321 2873 413 2902 causis
436 2872 595 2909 ambigitur,
620 2877 709 2903 utrum
730 2876 881 2904 austeriore

937 2279 1068 2314 optimum
1094 2278 1170 2305 illum
1195 2286 1287 2305 scncm
1314 2278 1548 2313 appropinquante
1567 2277 1624 2312 jam
1647 2278 1722 2304 obitu

936 2333 1050 2360 puerum
1071 2325 1104 2352 ad
1127 2325 1315 2360 presbyterum
1337 2325 1465 2352 misisse:
1483 2324 1608 2359 Ἐντολῆς
1625 2324 1653 2350 δὲ
1676 2324 1723 2350 ὑπ’

937 2371 1004 2406 ἐμοῦ
1018 2371 1172 2406 δεδομένης,
1194 2372 1256 2402 τοὺς
1272 2370 1527 2405 ἀπαλλαττομένους
1544 2370 1590 2396 τοῦ
1611 2370 1679 2405 βίου,
1698 2372 1722 2398 εἰ

935 2416 1047 2448 δέοιντο,
1070 2416 1116 2442 καὶ
1142 2416 1258 2452 μάλιστα
1274 2417 1298 2443 si
1316 2416 1363 2442 καὶ
1386 2416 1517 2451 πρότερον
1534 2416 1723 2448 ἱκετεύσαντες

935 2462 1054 2497 τύχοιεν.
1077 2461 1227 2497 ἀφίεσθαι,
1253 2462 1296 2488 ἵνα
1326 2461 1463 2494 εὐέλπιδες
1486 2462 1721 2490 ἀπαλλάττωνται.

936 2509 1064 2535 Mandata
1083 2517 1099 2535 a
1114 2516 1164 2540 me,
1180 2508 1278 2543 inquit,
1295 2508 1375 2540 edito,
1395 2512 1422 2534 ut
1435 2509 1479 2543 qui
1495 2516 1526 2535 es:
1540 2509 1588 2535 hac
1598 2509 1650 2535 vita
1666 2509 1723 2535 dis-

936 2555 1054 2582 cederent
1083 2555 1260 2589 (poenitentes
1275 2555 1379 2582 scilicet
1392 2562 1424 2582 ac
1436 2555 1527 2590 lapsi),
1544 2556 1567 2582 si
1585 2555 1613 2581 id
1629 2559 1722 2589 postu-

935 2600 1030 2632 larent,
1054 2601 1170 2634 adeoque
1189 2604 1249 2626 ante
1266 2600 1419 2634 suppliciter
1435 2605 1580 2635 rogassent,
1606 2599 1723 2625 absolve-

935 2649 1036 2677 rentur,
1060 2652 1110 2679 quo
1136 2645 1240 2671 meliori
1265 2653 1323 2671 cum
1347 2653 1391 2678 spe
1413 2646 1564 2679 migrarent.
1581 2643 1722 2670 Postremo

935 2698 998 2718 cum
1023 2690 1049 2717 in
1072 2691 1215 2725 Ancyrana
1239 2691 1343 2726 synodo
1365 2697 1427 2717 can.
1443 2694 1504 2716 ante
1521 2689 1605 2716 citato
1620 2695 1722 2722 praece-

934 2742 1010 2772 ptum
1027 2737 1072 2768 sit,
1088 2741 1118 2763 ut
1135 2737 1278 2764 homicida
1291 2736 1410 2764 nonnisi
1427 2736 1478 2763 sub
1494 2739 1609 2762 mortem
1623 2742 1722 2761 recorr—

935 2784 1071 2816 cilientur,
1089 2788 1249 2819 argumento
1269 2788 1320 2815 est,
1339 2783 1403 2810 olim
1419 2790 1453 2809 ne
1466 2782 1493 2809 in
1509 2785 1597 2808 morte
1611 2780 1722 2816 quidem

934 2837 1028 2865 pacem
1046 2829 1099 2856 illis
1114 2829 1200 2857 fuisse
1217 2836 1386 2857 concessam.

975 2875 1028 2903 Sed
1050 2875 1115 2903 huic
1138 2875 1281 2903 assertioni
1308 2875 1432 2903 nonnihil
1457 2874 1588 2910 refragari
1606 2873 1723 2907 videtur.
