1925 3043
198 172 267 201 1027

745 167 919 197 APPENDIX
939 165 1253 195 DISSERTATIONUM.

1764 167 1834 196 i098

196 233 269 268 quod
285 232 312 258 in
326 239 423 266 magna
435 231 544 258 Nicmna
555 229 661 266 synodo
677 236 739 257 can.
754 229 788 256 15
800 228 936 256 sancitum
949 227 983 255 le-
1001 229 1023 258 Α
1038 227 1160 261 omnique
1176 226 1294 258 luxuria,
1311 225 1459 254 damnabili
1471 226 1576 262 quidem
1588 226 1659 261 apud
1675 224 1831 257 Dominum.

197 279 269 315 gitur
282 287 288 305 :
299 278 367 314 Περὶ
382 278 409 304 δὲ
422 277 476 304 τῶν
493 276 670 308 ὲξοδευόντων
684 277 698 302 ὁ
714 275 827 307 παλαιὸς
844 275 892 301 καὶ
907 282 987 301 κανο-

197 323 271 353 νικδς
285 321 366 357 νόμος
382 321 585 356 φυλαχθήσεται
608 321 655 347 καὶ
674 320 732 352 νῦν,
753 319 824 346 ὥστε
843 318 870 345 εἴ
887 327 928 351 τις
942 318 987 351 ὲξ-

196 367 299 399 (ﬁebat,
329 366 374 393 τοῦ
396 366 552 393 τελευταίου
577 366 624 393 καὶ
641 365 858 400 ἀναγκαιοτάτας)
881 364 987 399 ἑφοδίου

199 412 236 448 μὴ
255 411 473 448 ἀποστερεῖσθαι.
491 412 616 446 Appellat
636 410 751 438 παλαιὸν
778 411 824 437 καὶ
847 410 988 438 κανονικὸν

197 457 291 492 νὸμον,
317 464 372 492 quo
396 457 568 484 moribundis
591 457 708 484 dandam
727 463 820 491 pacem
842 463 903 483 esse
920 463 988 491 pra:-

198 503 344 535 scribitur;
364 503 438 537 quod
455 508 548 530 utrum
564 502 597 530 ad
614 510 703 530 :cvum
718 501 847 538 Cypriani
863 501 988 537 restringi

198 548 304 579 debeat,
338 548 454 583 amplius
481 547 666 583 cogitandum.
693 548 828 575 Caeterum
857 548 890 575 ad
917 547 988 582 ejus,

198 599 280 626 quam
299 591 440 626 hucusque
453 591 702 620 demonstravimus
719 592 881 625 severitatis,
902 599 934 620 ac
947 600 992 619 ne-

198 641 266 671 gata:
286 637 490 665 communionis
511 638 590 665 tidem
613 638 748 673 pertinet;
769 638 841 674 quod
860 638 990 673 deinceps

199 681 312 709 uberius
324 681 520 716 disputandum
536 683 616 710 nobis
635 687 687 716 cst,
704 683 812 718 publica
831 683 916 710 semel
931 690 991 718 pte-

200 727 313 754 nilentia
329 726 475 760 defunctis,
501 728 523 756 si
547 729 641 756 eadem
663 729 689 756 in
705 729 821 756 crimina
838 728 992 756 relaberen-

200 777 255 805 tur,
271 780 380 800 omnem
393 774 426 800 ad
458 773 644 808 paenitentiam
660 781 692 802 ac
706 781 799 809 pacem
813 773 917 800 aditum
935 781 993 801 ma-

198 817 273 853 jores
288 823 397 846 nostros
411 818 612 855 interclusisse,
634 823 682 847 aut
705 827 776 856 agre
792 819 940 847 admodum
959 826 993 847 ac

200 871 263 891 raro
287 864 426 892 tribuisse.

201 919 390 947 Paenitentiam
411 928 443 947 ac
464 928 553 955 parem
579 920 667 952 semel,
694 928 727 946 an
753 919 849 954 sa'pius
872 918 992 947 Ecclesia

473 961 545 982 vetus
564 955 715 981 indulserit.

236 999 296 1028 Non
323 1001 355 1028 ad
378 1001 568 1036 antiquissima
591 1001 678 1028 solum
702 1008 735 1028 ac
757 1000 893 1028 severiora
926 1005 994 1028 tem-

202 1053 270 1081 pora
289 1045 424 1073 dubitatio
445 1046 495 1073 ista
513 1045 639 1080 pertinet,
668 1045 715 1072 sed
731 1045 813 1072 etiam
830 1045 992 1080 posteriora,

201 1091 353 1126 cadentque
367 1091 553 1119 commodiora
572 1091 770 1126 complectitur.
794 1090 848 1118 Nec
862 1091 895 1118 de
907 1091 995 1126 pinni-

204 1137 298 1164 tentiaz
309 1144 409 1172 genere
426 1137 512 1170 omni,
530 1137 577 1164 sed
590 1136 625 1164 de
640 1137 685 1164 illa
701 1137 758 1164 sola
776 1137 918 1172 quaeritur,
934 1145 995 1172 qua:

202 1183 239 1210 oh
254 1183 387 1210 atrociora
407 1182 506 1210 delicta
528 1183 637 1217 publice
656 1183 854 1218 susciperetur,
872 1183 916 1211 cui
932 1190 995 1218 pro-

203 1228 263 1261 prie.
280 1236 331 1263 pax
347 1232 375 1255 et
391 1228 580 1255 reconciliatio
604 1228 772 1264 respondere
794 1229 902 1257 dicitur.
929 1229 994 1256 Eam

203 1281 270 1301 vero
296 1274 379 1301 semel
406 1274 433 1301 in
459 1275 533 1301 omni
561 1275 614 1301 vita
641 1275 814 1310 permissam,
830 1275 994 1311 jampridem

203 1319 305 1347 eruditi
324 1320 375 1347 viri
393 1320 557 1348 docuerunt.
579 1319 647 1347 Nam
667 1325 694 1348 et
710 1321 783 1348 istud
799 1321 889 1356 ipsum
904 1329 937 1348 ex
951 1329 996 1349 ve-

205 1367 367 1394 tustissimis
379 1366 506 1394 Patribus
519 1366 707 1394 Tertullianus
716 1389 723 1401 ,
750 1375 782 1394 ex
797 1368 996 1402 posterioribus

204 1413 377 1447 Augustinus
388 1418 416 1439 et
436 1412 600 1440 Ambrosius
620 1413 800 1441 disertissime
814 1415 905 1442 testati
920 1419 992 1443 sunt.

205 1457 367 1485 Tertulliani
387 1466 420 1485 ex
436 1459 484 1486 lib.
503 1459 539 1486 De
549 1460 640 1494 ptcnit.
656 1460 739 1487 verba
755 1464 838 1487 sunt:
850 1459 996 1488 Collocavit

206 1503 233 1529 in
251 1503 380 1530 vestibulo
391 1505 573 1538 pmnitentiam
589 1504 741 1537 secundam,
756 1513 815 1540 quat
828 1506 995 1540 pulsantibus

206 1549 372 1583 patefaciet;
391 1550 436 1576 sed
455 1550 513 1584 jam
537 1550 627 1581 semel,
644 1550 707 1584 quia
721 1549 780 1585 jam
804 1551 935 1584 secundo;
951 1551 996 1578 sed

207 1594 322 1629 amplius
349 1603 494 1630 nunquam,
522 1596 585 1630 quia
603 1595 722 1629 proxime
743 1595 858 1630 frustra.
882 1595 997 1631 Scripsit

208 1644 300 1667 autem
316 1641 389 1668 hunc
400 1640 499 1668 librum
514 1640 700 1668 Tertullianus
715 1646 862 1676 antequam
874 1642 907 1669 ad
919 1641 997 1669 Mon-

209 1686 265 1712 tani
284 1685 383 1722 dogma
398 1687 573 1720 descisceret,
601 1695 634 1715 ne
649 1687 712 1723 quis
728 1687 756 1715 in
773 1695 806 1715 eo
831 1689 997 1717 cavillationi

208 1732 286 1759 locus
304 1739 366 1759 esse
389 1732 492 1767 possit;
511 1733 592 1768 idque
613 1734 680 1762 satis
697 1735 754 1770 ipse
767 1743 815 1770 per
832 1743 891 1764 sese
905 1737 997 1764 decla-

209 1782 262 1812 rat,
281 1786 439 1814 quanquam
457 1784 546 1806 utrutn
565 1779 725 1808 Tertulliani
740 1781 787 1814 sit,
810 1781 941 1810 Erasmus
965 1790 998 1810 ac

210 1824 360 1851 Rhenanus
376 1824 527 1860 ambigunt.
552 1825 607 1853 Nec
629 1826 798 1854 diﬂitcndum
815 1833 858 1856 cst
871 1828 997 1856 dissimili

210 1874 226 1897 a
240 1869 345 1897 caeteris
361 1870 431 1905 stylo
445 1878 507 1898 esse
530 1871 728 1906 conscriptum.
755 1880 788 1900 ac
813 1873 892 1908 paulo
916 1874 998 1902 dilIu-

211 1918 297 1949 siore,
310 1924 391 1952 quam
408 1921 505 1944 auctor
521 1917 566 1945 ille
582 1918 676 1946 soleat.
699 1918 751 1946 Sed
768 1919 826 1947 sive
839 1919 999 1949 Tertulliani

212 1962 260 1994 sit,
281 1962 355 1997 quod
376 1961 554 1990 verisimilius
573 1970 635 1990 cum
654 1963 775 1992 Pamelio
790 1973 851 1992 esse
864 1967 999 2001 suspicor,

212 2008 272 2035 sive
296 2007 426 2040 alterius;
449 2008 628 2036 vetustissimi
651 2009 731 2044 plane
749 2011 892 2045 scriptoris
913 2017 954 2040 est
973 2017 1000 2040 et

215 2053 326 2080 eruditi.
345 2052 429 2079 Multo
451 2052 477 2079 id
497 2054 619 2087 apertius
640 2055 723 2082 tradit
739 2056 906 2090 Augustinus
919 2057 998 2092 epist.

212 2099 259 2133 54,
272 2107 286 2126 a
307 2105 362 2133 quo
383 2106 444 2125 cum
468 2097 642 2127 Macedonius
664 2100 774 2135 quidam
795 2101 835 2127 vir
854 2102 1001 2136 primarius

213 2145 356 2180 qumsisset
376 2148 466 2172 utrum
490 2145 598 2179 pietatis
639 2151 745 2181 putaret
770 2154 843 2179 esse,
865 2149 1001 2184 episcopis

213 2198 324 2218 reorum
339 2199 436 2226 poenas
447 2190 657 2226 deprecantibus
670 2200 800 2226 annuere,
818 2193 908 2228 itaque
923 2195 1003 2222 dubi-

1037 272 1082 300 sed
1096 272 1167 306 apud
1185 271 1303 299 homines
1321 271 1457 306 plerosque
1472 272 1553 299 etiam
1574 271 1721 298 laudabili.
1737 271 1791 297 Aut
1809 271 1832 297 si

1039 325 1079 345 me
1094 318 1127 345 ab
1144 318 1193 345 hac
1208 318 1327 354 nequitia
1346 319 1484 355 reuocatis,
1499 318 1580 345 dicite
1595 323 1686 344 utrum
1703 317 1769 344 mihi
1782 317 1834 344 ali-

1038 364 1102 398 quid
1121 365 1204 399 prosit
1227 365 1262 390 ad
1282 364 1363 390 uitam
1382 364 1518 398 futurum,
1539 364 1562 391 si
1582 371 1611 390 in
1633 363 1687 390 ista
1707 364 1762 390 vita
1774 363 1834 390 ille-

1039 407 1230 435 cebrosissimtc
1243 408 1386 443 voluptatis
1399 408 1579 435 blandimenta
1596 413 1787 442 contempsere,
1811 409 1834 434 si

1039 453 1181 481 libidinum
1197 454 1368 481 incitamenta
1387 454 1535 488 frenavero,
1550 455 1573 482 si
1593 455 1628 482 ad
1646 455 1834 490 castigandum

1040 508 1135 534 corpus
1150 509 1235 528 nteant
1248 500 1333 528 ntulta
1350 501 1413 528 mihi
1428 502 1508 528 etiam
1522 501 1597 528 licita
1611 506 1635 528 et
1652 509 1776 528 concessa
1787 509 1833 528 ne—

1040 555 1147 582 gavero,
1161 547 1184 574 si
1201 555 1241 573 me
1256 547 1406 581 paenitenda
1420 556 1500 583 quam
1511 548 1584 582 prius
1598 547 1777 574 vehementius
1788 555 1834 574 ex-

1041 592 1207 624 cruciavero;
1224 594 1247 619 si
1264 592 1442 620 miserabilius
1460 593 1619 628 ingemuero,
1633 593 1656 619 si
1665 592 1763 626 [levem
1773 591 1835 619 ube-

1041 639 1110 672 rius,
1123 638 1147 665 si
1163 639 1251 666 vixero
1266 638 1372 671 melius,
1391 640 1415 666 si
1432 647 1559 673 pauperes
1583 643 1764 666 sustentavero
1778 638 1835 664 lar-

1042 686 1114 720 gius,
1127 686 1151 713 si
1166 686 1309 719 charitate,
1326 694 1385 721 qua!
1399 687 1482 720 operit
1497 685 1696 712 multitudinem
1711 689 1835 720 peccato-

1042 739 1112 763 rum,
1134 732 1280 767 ﬂagravere
1301 732 1439 759 ardentius
1451 741 1460 759 :
1472 733 1530 767 quis
1541 736 1662 759 nostrum
1674 732 1712 758 ita
1725 732 1834 766 desipit,

1042 782 1071 804 ut
1088 777 1149 804 Ituic
1166 777 1267 804 homini
1289 777 1361 805 dicat
1378 785 1388 804 :
1405 777 1483 804 Nihil
1503 777 1552 804 tibi
1570 777 1624 804 ista
1645 777 1791 812 proderunt
1807 777 1834 803 in

1042 827 1192 857 posterum;
1207 823 1281 856 vade,
1299 823 1391 851 saltent
1407 823 1486 858 hujus
1503 823 1562 858 rita:
1575 822 1705 850 suavitate
1715 822 1836 857 per/"rue-

1044 869 1090 896 re?
1110 870 1217 897 Avertat
1240 869 1311 897 Deus
1328 875 1382 897 tam
1396 870 1538 897 immanem
1553 869 1763 904 sacrilegamque
1786 868 1832 894 de-

1007 907 1030 938 Β
1044 913 1187 940 mentiam.’
1210 914 1335 947 Quamvis
1357 923 1418 950 ergo
1433 918 1509 941 caute
1533 914 1724 949 salubriterque
1743 913 1834 948 provi-

1043 966 1102 985 sum
1120 959 1166 990 sit,
1183 965 1210 985 ttt
1229 959 1302 986 locus
1321 959 1394 987 illius
1412 959 1570 986 humillimw
1582 959 1742 993 paenitentia:
1754 957 1835 985 sentel

1043 1005 1070 1031 in
1083 1004 1201 1032 Ecclesia
1217 1006 1388 1039 concedatur,
1408 1014 1439 1033 ne
1458 1006 1589 1033 medicina
1603 1005 1662 1032 vilis
1677 1010 1743 1032 esset
1755 1012 1835 1040 a’gro-

1044 1050 1090 1084 tis,
1102 1059 1161 1086 qua:
1176 1056 1250 1078 tanta
1262 1053 1347 1087 magis
1359 1051 1474 1079 salubris
1490 1056 1540 1084 est,
1556 1056 1656 1087 quanto
1673 1051 1762 1077 minus
1773 1059 1835 1078 con-

1044 1097 1197 1131 temptibilis
1215 1098 1306 1133 fuerit,
1326 1099 1385 1134 quis
1403 1103 1491 1126 tamen
1505 1099 1602 1126 audeat
1617 1098 1703 1125 dicere
1718 1106 1728 1125 .'
1745 1097 1835 1130 Quare

1043 1143 1105 1170 huic
1117 1144 1228 1177 homini,
1243 1145 1289 1180 qui
1301 1149 1360 1179 post
1376 1145 1491 1180 primum
1504 1144 1685 1180 pmnitentiam
1702 1151 1796 1170 rursus
1809 1151 1836 1169 se

1044 1189 1146 1225 laqueis
1174 1191 1326 1227 iniquitatis
1351 1191 1504 1226 obstringit,
1532 1191 1620 1218 adhuc
1647 1191 1741 1218 iterum
1773 1198 1836 1225 par-

1044 1236 1103 1264 cis!
1113 1241 1165 1264 etc.
1180 1237 1335 1272 Augustino
1346 1237 1512 1273 suffragatur
1525 1237 1688 1264 Ambrosius
1703 1236 1751 1263 lib.
1766 1243 1785 1263 ll
1801 1236 1836 1262 De

1043 1283 1212 1319 ptcnit.,cap.
1226 1283 1260 1310 10
1275 1293 1282 1311 :
1297 1284 1392 1312 Merito
1414 1284 1651 1320 reprehenduntur,
1671 1283 1716 1318 qui
1738 1283 1836 1318 sa'pius

1045 1329 1177 1364 agendam
1198 1330 1378 1364 paenitentiam
1404 1335 1509 1365 putant,
1533 1331 1597 1365 quia
1618 1330 1793 1357 luauriantur
1810 1329 1836 1355 iu

1045 1374 1162 1402 Christo.
1173 1374 1245 1402 Nam
1259 1377 1282 1403 si
1294 1384 1350 1403 vere
1363 1382 1468 1412 agerent
1480 1376 1669 1411 pwrtitentiam,
1685 1375 1836 1402 iterandam

1046 1429 1097 1448 non
1118 1427 1253 1456 putarent,
1276 1423 1338 1457 quia
1362 1423 1429 1450 sicut
1451 1431 1532 1450 unum
1557 1423 1696 1456 baptisma,
1721 1423 1762 1449 ita
1785 1430 1837 1448 una

1046 1467 1219 1501 ptenitentia;
1238 1475 1298 1501 qua:
1313 1472 1399 1494 tamen
1419 1468 1522 1503 publice
1543 1469 1631 1502 agitur
1644 1475 1654 1494 :
1671 1476 1732 1494 nam
1747 1468 1837 1503 quoti-

1047 1513 1121 1540 diani
1131 1521 1178 1540 nos
1195 1513 1269 1540 debet
1282 1514 1405 1549 pamitere
1419 1514 1537 1548 peccati;
1550 1514 1594 1541 sed
1610 1514 1664 1541 lucc
1679 1514 1838 1541 delictorum

1049 1558 1185 1589 leviorum.
1199 1558 1247 1586 illa
1263 1559 1425 1594 graviorum.
1442 1559 1556 1586 Dcmum
1572 1558 1703 1594 Origenes
1720 1559 1838 1586 hom.l5

1047 1604 1074 1631 in
1089 1612 1142 1632 xxv
1167 1611 1227 1639 cap.
1244 1604 1328 1632 Levit.
1347 1614 1353 1631 :
1367 1604 1398 1631 In
1414 1605 1577 1639 gravioribus
1596 1605 1666 1632 enim
1681 1605 1838 1632 criminibus

1047 1649 1128 1676 semel
1142 1655 1255 1683 tantum,
1269 1650 1310 1677 uel
1324 1659 1385 1677 raro
1402 1651 1563 1685 paenitentia:
1577 1650 1731 1676 conceditur
1741 1649 1815 1676 locus
1829 1658 1838 1682 ,-

1048 1695 1100 1722 ista
1113 1703 1172 1722 vero
1185 1696 1345 1728 communia,
1357 1704 1415 1731 quia
1429 1696 1577 1731 frequenter
1588 1696 1760 1729 incurrimus,
1774 1704 1839 1723 sent-

1048 1749 1093 1776 per
1109 1742 1291 1776 paznitentiam
1306 1742 1447 1776 recipiunt,
1463 1746 1487 1769 et
1508 1742 1564 1769 sine
1580 1742 1776 1769 intermissione
1797 1751 1838 1769 rc-

1047 1788 1193 1814 dimuntur.
1205 1786 1292 1820 Quam
1304 1787 1393 1814 cmteri
1403 1795 1542 1822 nunquam
1555 1787 1645 1814 iterari
1657 1788 1837 1821 contendunt,

1048 1831 1178 1867 Origenes
1194 1832 1340 1865 interdum,
1364 1833 1411 1860 sed
1436 1840 1511 1867 raro,
1531 1833 1593 1868 plus
1607 1833 1691 1860 semel
1711 1834 1838 1862 adhiberi

1049 1878 1195 1913 signiﬁcat.
1221 1877 1313 1912 Quare
1334 1879 1380 1907 hic
1407 1879 1484 1906 locus
1517 1879 1633 1915 insignis
1657 1883 1708 1906 est.
1738 1879 1838 1908 Verum

1049 1923 1232 1956 Alexandriae,
1243 1924 1362 1959 atquein
1379 1924 1450 1957 aliis,
1464 1924 1487 1952 si
1502 1924 1581 1956 forte,
1593 1925 1738 1959 provinciis
1751 1925 1839 1952 direr-

1050 1977 1111 1996 sum
1122 1974 1203 2004 atque
1232 1969 1259 1996 in
1285 1970 1392 1998 caeteris
1418 1978 1498 1998 usum
1515 1970 1602 1998 fuisse
1621 1971 1762 2006 probabile
1787 1976 1838 1999 est.

1049 2013 1144 2050 Neque
1159 2015 1244 2048 ettim,
1258 2016 1366 2051 opinor,
1389 2016 1548 2051 posterioris
1567 2016 1653 2044 astatis
1667 2015 1781 2051 rigidior
1796 2017 1838 2044 di-

1051 2062 1166 2097 sciplina
1175 2062 1236 2094 fuit,
1246 2067 1286 2094 ut,
1301 2070 1364 2090 cum
1375 2068 1455 2090 antea
1469 2063 1635 2097 poenitentia:
1643 2070 1675 2091 ac
1683 2063 1839 2091 reconcilia-

1052 2108 1133 2135 tionis
1159 2108 1289 2135 iteranda:
1314 2112 1434 2142 potestas
1463 2107 1548 2141 ﬁeret,
1577 2115 1609 2135 ea
1637 2111 1698 2143 post
1722 2108 1840 2142 primam

1052 2154 1182 2188 deinceps
1195 2153 1286 2188 negari
1299 2153 1419 2188 coeperit.
1434 2152 1472 2180 Ita
1486 2153 1595 2187 quidem
1607 2153 1839 2188 pronuntiandum

1051 2199 1169 2231 videtur,
1188 2199 1239 2226 nisi
1257 2199 1334 2226 aliter
1349 2198 1473 2234 Origcnis
1487 2199 1579 2226 Graeca
1595 2207 1624 2226 se
1647 2199 1776 2232 habeant,
1795 2203 1841 2226 aut

213 2241 317 2264 tasset:
331 2235 402 2263 Nam
419 2237 442 2264 si
457 2245 473 2263 α
488 2236 600 2263 Domino
617 2243 723 2272 peccata
740 2238 805 2266 adeo
821 2240 996 2274 prohibentur,

1055 2245 1099 2272 hic
1113 2245 1173 2280 ejus
1186 2245 1264 2272 locus
1277 2245 1459 2280 interpolatus
1471 2244 1570 2272 fuerit:
1585 2253 1645 2272 nam
1658 2244 1684 2272 in
1701 2253 1733 2272 eu
1747 2246 1840 2273 docto-

213 2288 243 2310 nt
261 2292 292 2311 ne
305 2283 445 2318 pwnitendi
464 2283 568 2318 quidem
585 2284 659 2317 copia
674 2289 731 2318 post
745 2286 858 2318 primum
873 2288 1000 2321 paeniten-

216 2331 280 2357 tiam
295 2330 441 2362 tribuatur,
453 2329 673 2364 quentadntodum
686 2338 732 2357 nos
743 2339 881 2365 possumus
893 2341 926 2359 ea:
940 2333 1003 2360 reli-

216 2377 292 2412 gione
308 2375 472 2409 contendere,
496 2380 525 2402 ut
545 2377 618 2403 nobis
636 2377 814 2414 qualecunque
825 2379 892 2405 illud
905 2381 1002 2407 crimen

217 2422 309 2457 fuerit,
331 2421 504 2448 dimittatur?
527 2421 697 2457 Augustinus
719 2423 755 2450 ita
780 2424 948 2458 respondet:
970 2424 1004 2452 In

218 2472 321 2494 tantum
336 2471 424 2494 autem
445 2467 580 2494 hominum
596 2467 739 2503 aliquando
753 2469 878 2504 iniquitas
896 2478 1005 2506 progre-

218 2514 303 2546 ditur,
319 2513 439 2540 utetiam
451 2518 508 2548 post
523 2518 609 2540 actam
626 2515 816 2548 paznitentiam,
833 2521 892 2550 post
908 2516 1004 2544 altaris

218 2560 470 2592 reconciliationem,
493 2560 530 2588 rel
550 2561 660 2593 similia,
681 2561 720 2588 υει
741 2562 863 2596 graviora
881 2564 1004 2591 commit-

219 2611 350 2640 tant,etc.
362 2607 395 2634 Et
409 2608 526 2642 quamvis
540 2607 576 2634 eis
592 2608 620 2634 in
635 2606 755 2635 Ecclesia
766 2608 838 2635 locus
849 2608 1005 2636 humillima:

217 2654 378 2690 paenitentitc
400 2661 450 2680 non
474 2653 644 2686 concedatur,
666 2653 736 2680 Deus
755 2658 841 2681 tamen
864 2662 942 2689 super
962 2663 1005 2682 eos

218 2708 273 2727 suae
288 2699 421 2735 patientia
439 2707 489 2726 non
507 2699 680 2726 obliviscitur.
703 2698 744 2725 Ex
763 2707 875 2734 quorum
898 2709 1005 2728 numero

219 2755 240 2772 si
256 2746 313 2781 quis
335 2745 408 2773 nobis
424 2746 495 2772 dicat
509 2752 518 2771 .'
532 2747 584 2772 Ant
610 2745 670 2771 data
692 2745 754 2771 mihi
773 2745 891 2773 eumdem
910 2746 1005 2773 iterum

219 2793 361 2827 paenitendi
376 2792 472 2824 locant,
487 2796 533 2818 aut
552 2791 718 2825 desperatum
743 2799 784 2818 me
804 2792 957 2826 permittite,
978 2797 1006 2820 ut

220 2838 319 2871 y‘aciam
333 2837 461 2872 quidquid
476 2837 593 2868 libuerit,
606 2841 735 2871 quantum
748 2838 811 2864 mcis
825 2837 917 2872 opibus
930 2839 1008 2873 adju-

221 2890 266 2909 wr
293 2887 317 2909 et
338 2883 461 2910 humanis
488 2883 586 2920 legibus
612 2890 662 2909 non
684 2882 833 2918 prohibeor,
860 2884 888 2910 in
913 2886 1007 2911 scortis

1053 2300 1114 2319 rum
1129 2297 1312 2319 consentanea
1326 2292 1430 2327 judicia
1448 2297 1532 2320 sunt:
1549 2293 1736 2327 pmnitentiam
1751 2295 1839 2328 publi-

1053 2346 1113 2365 cam
1126 2345 1180 2365 non
1197 2339 1314 2373 amplius
1327 2346 1408 2373 quain
1423 2338 1506 2366 setnel
1520 2339 1691 2373 impetratam
1708 2338 1805 2366 fuisse.

1088 2381 1127 2408 Es
1149 2389 1204 2416 quo
1224 2381 1388 2416 perdidicilis
1413 2383 1520 2410 exsistit
1544 2384 1680 2418 qumstio:
1699 2384 1765 2419 quid
1790 2384 1841 2412 illis

1055 2427 1162 2455 tandem
1178 2427 1335 2457 hominibus
1350 2428 1451 2456 factum
1469 2429 1514 2461 sit,
1528 2429 1572 2464 qui
1584 2433 1644 2465 post
1654 2430 1772 2466 priorem
1787 2438 1841 2466 pte-

1055 2472 1198 2499 nitentiam
1212 2472 1239 2499 in
1256 2472 1350 2500 eadem
1363 2473 1465 2500 scelera
1482 2481 1578 2510 rursus
1593 2475 1782 2507 incurrerent;
1799 2482 1842 2502 vc-

1055 2526 1152 2546 rumne
1167 2519 1202 2546 sit
1218 2519 1252 2546 ab
1265 2518 1386 2546 Ecclesia
1404 2520 1518 2554 rejectos
1534 2520 1594 2547 illos
1607 2520 1728 2555 penitus,
1745 2528 1795 2548 nec
1810 2520 1841 2548 ad

1055 2565 1187 2599 privatam
1206 2565 1302 2592 saltem
1320 2565 1439 2600 aliquam
1459 2570 1594 2600 receptum
1612 2566 1751 2600 habuisse,
1766 2567 1842 2600 cujus

1056 2611 1187 2639 beneﬁcio
1203 2612 1229 2638 in
1247 2612 1380 2647 integrum
1397 2612 1554 2639 restituliad
1572 2612 1726 2640 divinorum
1743 2619 1842 2648 myste—

1057 2656 1161 2683 riorum
1189 2657 1410 2684 communionem
1441 2657 1571 2684 redirent.
1600 2655 1652 2690 Qui
1680 2656 1842 2691 antiquioris

1058 2701 1185 2730 Ecclesia:
1205 2701 1319 2730 formam
1343 2709 1376 2729 ac
1397 2702 1623 2730 consuetudinem
1648 2709 1680 2729 ex
1706 2702 1842 2729 hodiernis

1058 2747 1191 2775 institutis
1207 2752 1235 2775 et
1249 2747 1372 2776 moribus
1394 2745 1529 2776 aestimare
1550 2748 1677 2779 voluerit,
1699 2747 1780 2776 facile
1795 2749 1842 2776 mi-

1059 2793 1152 2821 tioretn
1168 2793 1194 2820 in
1210 2797 1312 2828 partem
1326 2793 1482 2827 inclinabit;
1504 2801 1554 2821 nec
1569 2794 1602 2821 ab
1616 2794 1690 2821 'omni
1706 2794 1841 2825 Ecclesiae.

1059 2843 1345 2874 saeramentorumque
1369 2839 1509 2867 consortio
1525 2839 1683 2875 rcpudiatos
1703 2839 1765 2868 illos
1786 2848 1842 2874 per-

1060 2885 1176 2913 suadere
1203 2885 1256 2913 sibi
1275 2886 1383 2922 potcrit.
1403 2886 1488 2920 Quam
1512 2886 1540 2913 in
1557 2886 1720 2914 sententiam
1737 2886 1843 2921 copiose
