1925 3043
95 162 156 191 i029

548 159 592 187 DE
611 157 849 187 POENITENTi/E
869 157 1007 187 VETERE
1025 158 1227 188 DlSClPLlNA.

1649 165 1661 192 i
1666 165 1719 193 050

95 219 197 254 quidam
221 225 306 253 nuper
321 217 356 245 ita
375 217 515 245 disseruit.
534 216 678 249 Triplicem
693 217 731 244 ait
744 216 813 251 apud
827 223 875 242 an-
889 217 911 245 A
927 217 1036 251 smpius,
1051 225 1132 252 quam
1150 225 1244 245 eorum
1263 217 1310 252 qui
1326 218 1410 246 semel
1423 218 1450 245 in
1463 218 1517 246 vita
1530 218 1718 255 deliquissent.

95 265 177 299 tiquos
200 263 285 291 fuisse
296 264 483 299 paenitentiam
503 273 510 290 :
527 263 664 298 publicam
680 270 763 289 unam
776 262 810 289 ob
826 269 876 296 pu-

94 310 155 337 biica
175 314 308 344 peccata;
326 309 438 335 alteram
462 308 595 343 privatam
617 315 648 334 ac
670 311 803 335 secretam
813 313 876 341 pro-

94 359 147 389 pter
168 354 293 387 occulta;
317 353 424 381 tertiam
450 353 485 381 ob
512 353 605 380 eadem
633 353 738 380 occulta
761 352 876 380 crimina

94 401 193 436 publice
206 406 371 435 susceptam.
387 399 463 426 Hanc
480 407 543 426 vero
556 403 722 434 postremam
738 405 791 425 non
812 405 874 425 eum

94 451 191 474 tantum
218 446 347 473 habuisse
376 445 505 478 fructum,
528 449 558 471 ut
578 449 751 479 peccatorum
767 443 873 478 culpam

93 501 122 520 ae
139 493 295 527 sempiterni
321 491 446 526 supplicii
470 499 568 518 noxam
588 490 771 525 abstergeret,
784 489 831 516 sed
847 494 876 516 ut

93 538 265 571 temporarias
282 537 391 571 insuper
415 544 510 571 pmnas
530 536 656 567 dilueret,
671 543 702 562 ac
717 541 875 570 peceatores

92 584 117 611 in
134 585 264 618 integrum
281 583 497 610 cumulatissime
511 583 673 610 restitueret.
689 581 807 609 Proinde
819 589 873 608 non

91 630 144 666 ejus
165 631 270 665 copiam
289 630 443 664 promiscue
462 637 521 657 esse
542 628 651 662 factam,
667 636 754 664 neque
765 629 873 663 quoties

91 677 203 712 quisque
227 680 339 710 peteret,
371 674 450 703 facile
478 675 651 710 permissam,
679 676 726 703 sed
755 674 782 702 in
799 674 873 701 omni

91 723 141 750 vita
169 722 253 749 semel
282 722 425 749 duntaxat.
451 720 513 748 Haec
533 721 588 753 ille,
619 728 652 748 ex
669 721 779 755 quibus,
800 725 827 748 et
841 727 874 747 ex

91 769 122 796 iis
136 776 196 803 qua:
207 773 408 802 consequenter
426 767 557 802 disputat,
578 768 646 795 velle
660 767 731 795 istud
746 767 872 794 videtur:

91 815 240 842 istiusmodi
253 815 398 842 criminum
415 821 477 841 reos
488 818 549 848 post
557 813 674 848 priorem
685 813 873 848 pceniteutiam

89 861 122 888 ad
135 861 266 895 privatam
277 859 445 896 confugisse,
461 860 575 895 ejusque
587 859 721 887 beneﬁcio
736 858 874 886 nihilomi-

89 913 138 933 nus
152 905 373 933 communionem
386 910 527 932 assecutos
541 912 610 932 esse.

122 951 173 979 Sed
204 951 238 979 ad
253 957 372 980 veterum
397 951 510 979 Patrum
539 950 706 983 testimonia,
728 957 760 978 ac
778 950 875 986 prisca:

87 997 158 1024 illius
182 997 311 1025 Ecclesiae
338 1005 474 1031 normam,
497 1002 523 1025 et
539 1004 712 1025 communem
729 997 798 1024 adeo
814 1004 875 1024 sen-

88 1050 146 1070 sum
166 1043 289 1071 animum
298 1043 445 1078 .adjicienti
460 1043 536 1075 mihi,
551 1050 647 1078 parum
661 1043 804 1070 commode
818 1042 875 1077 ple-

89 1096 169 1124 raque
197 1088 330 1123 expiicata
360 1088 496 1116 videntur.
533 1086 639 1115 Etenim
665 1087 688 1114 si
719 1086 874 1122 graviorum

89 1135 247 1162 delictorum
255 1135 357 1162 conscii
370 1135 438 1162 citra
452 1134 586 1169 publicam
599 1133 683 1165 illam,
700 1140 781 1168 quam
795 1137 875 1159 antea

88 1180 280 1215 suscepissent,
307 1180 498 1216 paenitentiam
524 1185 673 1214 emergere,
696 1182 724 1205 et
747 1178 780 1205 ad
797 1185 875 1205 com-

89 1227 244 1254 munionem
266 1218 424 1262 pacemque
443 1225 543 1254 reverti
572 1224 686 1252 alterius
709 1232 742 1252 ac
764 1224 876 1260 privatae

87 1273 217 1301 beneficio
245 1273 399 1308 potuerint;
427 1279 517 1299 nonne
537 1271 634 1299 melior
658 1270 777 1304 illorum,
793 1278 874 1305 quam

87 1325 260 1351 ceterorum,
278 1318 397 1346 conditio
416 1318 478 1350 fuit,
493 1318 591 1353 quibus
612 1318 672 1346 sine
695 1317 803 1353 publica
818 1324 876 1352 poe-

87 1364 200 1392 nitentia
224 1364 327 1392 reditus
354 1364 381 1391 in
410 1363 558 1392 Ecclesiam
585 1371 638 1390 non
665 1363 768 1398 patuit?
792 1362 874 1397 Atqui

88 1417 168 1437 nemo
194 1415 249 1437 tam
281 1417 377 1437 vecors
405 1410 468 1442 erit,
495 1409 541 1444 qui
568 1409 715 1437 humanius
739 1416 799 1436 eum
822 1409 875 1436 illis

87 1461 177 1482 actum
203 1459 289 1490 putet,
304 1456 350 1490 qui
368 1455 394 1482 in
421 1456 514 1482 eadem
533 1455 632 1490 saepius
647 1454 836 1487 incurrissent,
850 1458 877 1481 et

88 1497 197 1532 quidem
222 1498 356 1525 horrenda
369 1497 480 1531 ﬂagitia,
495 1505 574 1532 quam
594 1504 656 1524 cum
675 1497 713 1524 eis
732 1497 777 1532 qui
792 1498 876 1524 semel

930 262 1006 294 Quod
1021 263 1121 298 quibus
1135 263 1243 290 tandem
1258 265 1421 298 persuadere
1433 266 1580 299 poterunt?

964 308 1033 336 Cum
1055 309 1100 336 liic
1121 309 1157 336 sit
1172 309 1331 344 qumstionis
1355 312 1603 347 controversiteque
1621 318 1721 348 status,

928 361 1063 389 exponam
1079 354 1196 382 breviter
1207 356 1437 390 quemadmodum
1453 364 1496 384 res
1513 362 1588 385 tanta
1604 359 1719 387 dissolvi

929 407 990 427 meo
1012 400 1116 436 judicio
1148 401 1334 437 explicarique
1350 403 1445 437 possit.
1461 402 1600 439 Principio
1621 413 1720 440 pecca-

929 449 1018 472 torum
1042 446 1112 480 apnd
1140 447 1268 480 antiquos
1283 447 1392 474 invenio
1416 455 1515 482 genera
1540 447 1625 475 fuisse
1641 449 1718 476 duo:

906 505 910 509 ν
928 491 982 518 alia
997 491 1133 525 mortalia,
1153 493 1210 520 sive
1223 492 1351 527 capitalia
1365 493 1537 527 dicebautur,
1554 501 1607 520 non
1626 497 1655 520 ut
1669 502 1719 521 nos

928 537 1079 573 intelligere
1090 539 1169 573 vulgo
1178 539 1308 572 solemus,
1319 547 1489 574 qumeunque
1502 539 1548 566 Dei
1569 547 1619 566 nos
1631 540 1718 574 gratia

929 590 961 610 ac
977 583 1145 617 spiritalibus
1168 584 1310 612 eliaritatis
1330 585 1496 612 ornamentis
1515 585 1648 620 spoliant.
1671 585 1718 613 sed

929 627 1010 663 hujus
1041 629 1147 663 generis
1172 635 1246 657 certa
1276 630 1418 662 duntaxat,
1438 638 1497 664 qua:
1515 637 1577 657 cum
1592 631 1717 664 graviora

928 674 1033 701 caeteris
1045 679 1146 708 essent,
1164 680 1220 702 tum
1235 675 1387 703 canonihus
1395 683 1427 702 ac
1440 675 1606 711 synodorum
1624 676 1719 703 decre-

927 719 963 748 tis
979 720 1137 748 nominatim
1149 729 1288 756 expressa.
1305 720 1379 754 llaze,
1394 721 1515 756 inquam,
1530 721 1655 757 capitalia
1670 729 1719 749 no-

928 766 1087 800 minabant,
1117 767 1217 801 quibus
1244 774 1332 802 preme
1352 774 1368 794 a
1389 767 1540 795 canouiibus
1559 767 1717 802 singillatim

927 813 1082 848 proposita).
1109 811 1202 848 Neque
1227 813 1299 840 enim
1317 813 1501 840 vetustissima
1527 813 1571 840 illa
1593 817 1718 848 tempora

928 865 1088 893 persequor,
1105 859 1205 894 quibus
1213 867 1243 886 ea
1253 859 1386 886 duntaxat
1401 860 1527 895 capitalia
1537 861 1717 895 vocabantur,

925 910 986 938 qua;
1000 903 1033 930 ab
1045 905 1118 930 omni
1134 911 1181 939 spe
1195 905 1399 933 communionis
1413 910 1574 933 arcerentur
1586 913 1593 932 :
1611 907 1643 933 de
1656 907 1718 941 qui-

925 949 977 976 bus
992 956 1024 976 ex
1037 949 1156 977 Paciano
1184 950 1300 985 aliisque
1322 958 1405 986 supra
1427 950 1558 980 diximus.
1576 951 1635 979 Alia
1654 959 1720 979 vero

925 994 1027 1021 leviora
1051 999 1077 1022 et
1101 994 1260 1030 quotidiana
1284 995 1445 1023 dicebantur
1455 1002 1469 1029 ,‘
1486 995 1543 1024 sive
1567 1003 1628 1031 quae
1667 1004 1720 1024 nos

925 1040 1041 1068 venialia
1053 1048 1253 1076 nuncupamus,
1270 1041 1327 1068 sive
1344 1041 1446 1076 alioqui
1464 1041 1602 1073 mortalia,
1621 1041 1667 1068 sed
1687 1042 1720 1068 do

926 1088 1025 1123 quibus
1044 1089 1117 1115 nulla
1129 1088 1289 1116 nominatim
1301 1093 1423 1116 exstaret
1438 1089 1464 1115 in
1477 1082 1656 1116 conciliorum
1672 1089 1719 1115 de-

926 1134 1007 1161 cretis
1020 1133 1132 1160 mentio.
1148 1133 1244 1166 Quale,
1259 1133 1332 1160 verbi
1351 1132 1448 1167 gratia,
1464 1140 1525 1160 esse
1537 1137 1626 1167 potest
1640 1140 1719 1166 aspe-

926 1181 985 1208 rius
1015 1180 1042 1206 in
1059 1186 1224 1215 quemquam
1248 1179 1443 1213 maledictum,
1466 1183 1514 1206 aut
1540 1179 1716 1211 convicium;

925 1227 1087 1262 perjurium,
1103 1226 1210 1260 aliaque
1226 1228 1364 1257 sexcenta,
1380 1231 1440 1259 qurr
1453 1231 1610 1259 quanquam
1626 1223 1717 1250 letalia

925 1272 992 1304 sint,
1022 1269 1104 1297 nulla;
1137 1273 1227 1296 tamen
1254 1268 1287 1296 iis
1315 1275 1330 1296 τι
1355 1268 1508 1296 canonibus
1531 1273 1609 1296 erant
1626 1274 1714 1303 poena:

925 1318 1092 1347 constituite.
1118 1315 1242 1343 Deelarat
1255 1315 1306 1342 hoc
1320 1313 1450 1349 Origenes
1465 1315 1526 1342 loco
1541 1320 1620 1343 antea
1635 1317 1719 1344 citato

924 1364 1015 1392 verbis
1050 1363 1111 1391 istis
1129 1361 1180 1390 :Si
1194 1370 1247 1394 vos,
1269 1361 1368 1396 inquit,
1386 1361 1477 1396 aliqua
1500 1361 1577 1396 culpa
1596 1363 1718 1390 mortalis

925 1412 1063 1443 invenerit,
1077 1418 1135 1446 qua:
1157 1418 1209 1438 non
1231 1410 1257 1436 in
1276 1409 1385 1436 crimine
1399 1408 1517 1442 mortali,
1532 1417 1583 1435 non
1598 1410 1626 1436 in
1644 1409 1718 1436 blus-

923 1459 1027 1493 pltemt'a
1051 1456 1130 1492 ﬁdei,
1160 1463 1218 1491 quia
1238 1463 1314 1481 muro
1347 1454 1519 1481 ecclesiastici
1535 1459 1558 1481 et
1580 1455 1719 1489 apostolici

925 1503 1057 1538 dogmatis
1082 1503 1170 1529 cincta
1189 1505 1239 1534 est,
1265 1501 1310 1528 sed
1332 1501 1371 1528 uel
1394 1501 1421 1527 in
1440 1501 1614 1533 sermonibus,
1636 1502 1674 1529 uel
1691 1503 1719 1528 in

87 1550 117 1570 ea
132 1543 337 1571 commisissent
347 1552 354 1570 :
364 1543 437 1578 quod
449 1550 482 1570 ex
492 1542 535 1569 illa
548 1542 675 1577 opinione
687 1542 873 1576 consequitur.

929 1556 1032 1575 morum
1064 1548 1127 1575 vitio
1149 1548 1287 1579 consistat,
1311 1547 1358 1574 hoc
1375 1551 1413 1574 est
1434 1547 1580 1574 vendidisse
1598 1547 1717 1579 domum,

87 1589 247 1624 Cuiusmodi
264 1597 326 1617 vero
341 1589 412 1617 istud
429 1589 570 1617 est:velnt
581 1588 674 1624 gratiae
704 1595 735 1614 ac
754 1588 876 1615 beneticii

87 1636 147 1663 loco
165 1636 302 1672 publicam
330 1636 404 1663 illam
425 1635 613 1671 ptenitentiam
627 1634 715 1675 spisse
729 1641 761 1662 ac
779 1633 876 1661 dilliei—

87 1684 150 1712 liter
164 1682 317 1711 induitam?
341 1681 409 1709 Nam
425 1681 448 1709 si
475 1681 579 1716 privata
595 1685 622 1708 et
645 1679 751 1707 occulta
766 1679 877 1714 defungi

86 1734 211 1765 possent,
227 1733 253 1756 et
270 1728 296 1755 in
307 1728 401 1755 eodem
418 1735 450 1755 ac
472 1727 563 1754 caeteri
582 1727 643 1754 loco
658 1733 727 1758 esse,
745 1726 806 1761 quis
823 1733 878 1752 non

87 1779 164 1802 tanto
191 1773 377 1801 molestiarum
404 1780 435 1800 ac
463 1771 592 1806 temporis
613 1771 773 1806 compendio
787 1771 879 1798 mallet

85 1819 139 1851 uti,
153 1818 385 1853 cupidissimeque
412 1825 451 1850 se,
464 1816 572 1852 publica
599 1815 643 1842 illa
662 1819 825 1850 contempta,
844 1815 878 1842 ad

84 1863 302 1892 commodiorem
327 1863 439 1890 alteram
473 1862 681 1897 brevioremque
700 1861 878 1888 transferret?

85 1908 156 1936 Volo
168 1909 241 1936 enim
266 1907 332 1935 illud
354 1908 418 1934 milii
444 1908 626 1942 respondeant
641 1907 712 1940 :Qui
734 1907 877 1934 atroeioris

83 1955 175 1990 culpa:
191 1955 318 1982 conscius
334 1959 390 1981 tum
406 1954 523 1989 primum
541 1954 574 1981 ad
590 1954 776 1988 pcenitentiam
797 1961 876 1981 acce-

82 2001 173 2032 deret,
195 2005 287 2027 utrmn
303 1999 406 2034 absque
425 1999 533 2034 publica
550 2007 598 2034 per
614 2000 744 2034 privatam
770 1999 876 2027 restitui

83 2046 218 2081 potuerit,
243 2053 277 2072 an
303 2045 459 2072 necessario
476 2045 631 2079 usurpanda
658 2045 702 2072 illa
728 2045 819 2072 fuerit.
847 2044 876 2072 Si

82 2092 162 2126 prius
170 2091 660 2126 dixerint;si,inquam,necessariam
670 2091 722 2118 illis
741 2091 874 2126 publicam

83 2135 275 2170 pcenitentiam
287 2136 452 2170 negaverint,
462 2135 632 2170 antiquitatis
645 2135 728 2163 totius
743 2136 875 2163 memoria

82 2187 155 2208 teste
173 2181 331 2208 refellentur
347 2181 501 2215 :siquidem
519 2185 608 2208 vetera
629 2182 720 2214 omnia
748 2182 874 2214 concilia,

931 1602 989 1628 qua!
1004 1594 1030 1620 in
1044 1602 1108 1628 agro
1119 1599 1168 1625 est,
1181 1593 1220 1620 vel
1230 1594 1257 1619 in
1270 1593 1335 1624 uico,
1359 1593 1402 1618 cui
1415 1600 1505 1619 "turus
1519 1600 1570 1618 non
1582 1598 1632 1619 est.
1653 1593 1720 1620 Iia’c

930 1646 991 1673 ergo
1022 1638 1136 1664 venditio
1173 1630 1325 1672 hujus-modi
1359 1637 1438 1671 culpa
1464 1645 1566 1671 semper
1598 1637 1718 1671 reparari

930 1688 1024 1718 potest,
1040 1691 1086 1710 nec
1104 1682 1248 1717 aliquando
1267 1683 1313 1709 tibi
1338 1682 1505 1709 interdicitur
1524 1682 1555 1709 de
1570 1682 1717 1709 commissis

930 1729 1110 1764 hujuscemodi
1139 1729 1319 1763 paenitentiam
1351 1736 1448 1763 gerere.
1489 1728 1521 1755 In
1551 1728 1717 1764 gravioriqu

928 1775 998 1801 enim
1022 1773 1175 1800 criminibus
1195 1771 1274 1799 semel
1297 1776 1410 1804 tantum,
1425 1772 1464 1799 uel
1481 1780 1541 1799 raro
1559 1773 1718 1806 parnitentia:

928 1818 1080 1845 conceditur
1112 1817 1195 1844 locus.
1223 1816 1354 1851 Quisquis
1381 1817 1463 1852 igitur
1482 1817 1582 1852 prioris
1608 1820 1716 1852 generis

928 1865 1031 1893 crimen
1052 1863 1161 1899 aliquod
1186 1866 1380 1898 perpetrasset,
1399 1863 1443 1890 hic
1464 1863 1497 1890 ad
1521 1863 1669 1891 antistitem
1685 1872 1718 1892 ac

928 1910 1098 1938 sacerdotem
1128 1908 1262 1936 accedens
1297 1907 1412 1942 publica:
1434 1908 1468 1935 ab
1495 1915 1528 1935 eo
1550 1908 1718 1943 pmuitcnlize
1747 1918 1750 1921 '

925 1957 971 1992 jus
987 1956 1120 1991 capiebat,
1139 1955 1290 1990 przestituto
1305 1962 1337 1982 ex
1350 1955 1501 1982 canouibus
1516 1954 1597 1981 modo
1610 1961 1641 1981 ac
1649 1959 1718 1982 tem-

928 2011 1009 2038 pore;
1029 2010 1084 2038 quo
1111 2002 1220 2029 demum
1248 2001 1356 2036 expleto
1383 2009 1398 2028 a
1417 2001 1537 2036 peccatis
1558 2001 1716 2032 absolutus.

928 2048 1114 2076 communioni
1123 2048 1328 2080 restituebatur,
1337 2055 1425 2082 neque
1437 2047 1488 2074 alia
1503 2047 1620 2078 ratione,
1632 2054 1716 2081 quam

927 2094 1034 2129 publice
1064 2094 1138 2120 obita
1177 2093 1360 2128 pcenitentia,
1393 2092 1566 2120 reconciliari
1594 2096 1716 2126 poterat;

926 2139 998 2174 quod
1016 2139 1130 2165 inlinitis
1144 2138 1212 2165 locis
1227 2145 1289 2164 cum
1304 2136 1400 2163 Patres
1412 2136 1513 2169 caeteri,
1529 2140 1585 2162 tum
1603 2134 1717 2170 Cypria—

929 2194 981 2213 nus
1015 2184 1218 2213 evidentissime
1238 2183 1368 2211 declarat.
1393 2182 1514 2208 Aliorum
1550 2188 1633 2208 causa
1656 2184 1716 2208 erat

81 2235 237 2262 omnesque
249 2235 384 2254 canonum
408 2227 562 2256 conditores
587 2227 623 2255 ita
641 2228 775 2262 publicam
791 2229 874 2264 lapsis
892 2228 912 2256 Π
927 2231 1097 2266 explicatior,
1112 2236 1228 2264 quorum
1255 2228 1343 2255 letalis
1364 2227 1466 2261 alioqui
1482 2226 1561 2261 culpa
1582 2226 1655 2252 nulla
1670 2232 1716 2252 ca-

80 2273 274 2307 pmnitentiam
299 2273 487 2307 praescribunt,
509 2281 542 2300 ac
558 2278 665 2308 tempus
687 2274 874 2310 rationemque

80 2319 238 2352 definiunt;
254 2319 289 2345 ita
308 2327 388 2353 porro
400 2318 592 2351 Tertullianus,
605 2319 766 2355 Cyprianus,
781 2320 875 2348 Pacia-

80 2372 148 2396 nus,
162 2365 266 2399 antiqui
280 2364 314 2391 ad
324 2372 407 2391 unum
421 2372 516 2392 omnes
526 2365 637 2393 eosdem
653 2365 714 2393 illos
726 2365 872 2397 hortando,

77 2410 289 2443 comminando,
301 2410 469 2446 objurgando
486 2411 527 2438 vel
545 2412 644 2439 invitos
676 2417 771 2447 urgent
784 2417 811 2440 et
822 2412 874 2439 im-

77 2456 200 2490 pellunt,
217 2460 247 2483 ut
262 2456 377 2484 minime
396 2457 447 2485 hoc
462 2457 516 2485 illis
532 2459 667 2493 integrum
688 2457 772 2486 fuisse
786 2458 873 2493 signi-

77 2503 177 2530 ﬁcent.
203 2501 297 2530 Restat
326 2503 418 2538 igitur,
439 2504 514 2531 nullo
535 2508 565 2531 ut
586 2505 652 2538 alio,
668 2512 701 2532 ac
712 2512 746 2532 ne
761 2504 873 2539 privatae

75 2548 194 2582 quidem
221 2549 387 2584 pmnitentize
403 2550 535 2581 subsidio.
550 2551 634 2585 recipi
652 2551 679 2578 in
702 2551 873 2579 communio-

75 2601 146 2621 nem
166 2593 294 2622 Ecelesiae
309 2595 431 2630 potuisse
445 2596 605 2623 concedant.
623 2596 699 2629 Quod
713 2603 776 2624 cum
791 2597 873 2625 dede-

74 2639 149 2671 rint,
184 2644 240 2666 tum
271 2640 304 2667 de
328 2641 381 2668 illis
407 2640 472 2676 quid
495 2642 615 2668 sentiant
642 2642 798 2677 requiram,
825 2642 873 2678 qui

74 2683 207 2712 secundo
230 2685 257 2712 in
271 2685 394 2719 graviora
407 2690 516 2720 peccata
529 2686 595 2721 lapsi
610 2687 716 2722 publica
730 2687 768 2714 uti
784 2688 872 2722 pugni-

74 2731 168 2758 tentia
189 2737 242 2757 non
265 2732 520 2766 poterant;ecquid
542 2739 589 2759 eos
612 2737 740 2760 censeant
758 2741 806 2768 per
817 2734 872 2768 pri-

73 2779 172 2802 vatam
200 2775 386 2810 paenitentiam
422 2777 593 2804 reconciliari
622 2778 768 2812 potuisse?
803 2778 869 2806 Nam

73 2819 99 2845 si
121 2819 197 2847 istud
210 2824 344 2852 asseram,
360 2828 469 2848 necesse
484 2821 536 2848 erit
557 2830 610 2849 una
634 2822 781 2856 fateantur,
810 2824 871 2852 feli-

73 2864 186 2893 ciorem
215 2866 299 2894 multo
321 2866 505 2894 conditionem
530 2874 626 2895 eorum
650 2870 797 2902 exstitisse,
822 2871 868 2905 qui

929 2285 1031 2305 nonum
1049 2276 1207 2303 deﬁnitione
1225 2274 1511 2308 comprehemieretur.
1531 2272 1648 2306 Ideoque
1658 2271 1715 2306 pri~

929 2328 990 2350 vala
1018 2322 1176 2357 poenitentia
1207 2319 1429 2350 satisfaciebant,
1451 2326 1533 2353 quam
1563 2317 1716 2346 sacerdotis

928 2368 1070 2404 prudentia
1086 2366 1289 2395 moderabatur.
1307 2366 1345 2392 Ac
1372 2365 1476 2405 priores
1497 2364 1534 2391 illi
1552 2363 1715 2399 posnitentes

927 2414 1037 2450 proprie
1054 2413 1224 2441 dicebantur.
1246 2412 1398 2440 Concilium
1417 2410 1579 2437 Toletanum
1597 2417 1605 2436 l
1622 2417 1682 2437 can.
1699 2410 1716 2436 2

928 2461 1091 2496 ptenitentes
1116 2460 1142 2487 in
1159 2460 1262 2487 clerum
1283 2457 1403 2492 cooptari
1416 2457 1551 2492 prohibet.
1573 2455 1643 2482 Tum
1663 2455 1715 2482 ista

928 2506 1061 2541 subjicit:
1081 2503 1146 2531 Eum
1167 2511 1226 2530 vero
1251 2503 1415 2536 paenitentem
1446 2501 1576 2533 dicimus,
1594 2500 1638 2535 qui
1657 2504 1716 2534 post

928 2553 1088 2588 baptismum
1107 2556 1153 2578 aut
1174 2559 1221 2585 pro
1243 2549 1395 2581 homicidio,
1413 2552 1459 2574 aut
1474 2556 1522 2582 pro
1537 2547 1646 2574 diuersis
1664 2545 1717 2572 cri-

927 2599 1040 2626 minibus
1049 2597 1264 2633 gravissimisque
1275 2596 1388 2631 peccatis
1395 2595 1528 2630 publicam
1537 2593 1715 2629 pomitentiam

927 2653 1017 2680 gerens
1030 2645 1076 2672 sub
1092 2645 1189 2676 cilicio,
1204 2643 1294 2670 diuino
1308 2642 1386 2677 fuerit
1401 2641 1585 2668 reconciliatus
1606 2639 1713 2665 altario.

927 2688 1060 2716 Cancrum
1084 2694 1144 2723 post
1163 2688 1297 2723 publicam
1323 2687 1395 2714 illam
1410 2685 1608 2721 paenitentiam,
1630 2683 1652 2710 si
1668 2683 1716 2709 iis-

926 2734 987 2762 dem
1004 2741 1033 2762 se
1041 2733 1202 2762 criminibus
1210 2732 1432 2763 obstrinxissent,
1447 2731 1481 2757 ab
1493 2728 1614 2756 ecclesiae
1628 2727 1714 2759 aditu,

926 2785 954 2808 et
977 2789 992 2807 a
1014 2780 1205 2815 mysteriorum
1236 2777 1430 2806 communione
1459 2776 1567 2812 penitus
1609 2774 1714 2802 exclusi

926 2825 1099 2852 reconciliari
1127 2824 1245 2859 amplius
1268 2831 1322 2850 non
1335 2827 1479 2858 poterant;
1494 2821 1566 2856 quod
1580 2821 1608 2847 in
1618 2820 1715 2855 primis

926 2871 1096 2905 Augustinus
1125 2871 1250 2899 atlirmat.
1277 2870 1437 2904 Quanquam
1457 2868 1513 2896 fieri
1527 2872 1626 2903 potest,
1642 2872 1671 2896 ut
1688 2868 1713 2895 in
