1925 3043
197 154 264 182 1051

742 150 913 178 APPENDiX
934 147 1249 178 DlSSERTATIONUM.

1756 145 1769 172 ί
1774 144 1825 172 052

198 210 361 248 quibusdam
392 208 521 237 Ecclesiis
546 207 734 244 paenitentiam
753 207 852 235 iterare
867 207 984 238 licuerit,
999 205 1122 236 Amaria
1149 205 1182 232 ad
1208 212 1270 232 cum
1297 203 1443 231 conﬁtendi
1468 210 1551 230 causa
1579 209 1638 230 sese
1659 202 1824 231 contulerat.

197 265 262 285 eum
293 256 320 283 id
352 263 425 288 raro,
449 255 571 289 adeoque
594 261 792 288 nonnunquam
810 253 869 280 ﬁeri
885 253 986 280 scribat

198 303 340 338 Origenes.
357 301 451 336 Neque
471 307 536 327 vero
560 299 585 326 id
611 304 658 326 aut
676 299 843 332 incredibile,
856 303 903 326 aut
918 299 985 326 adeo

198 348 323 376 mirabile
351 347 438 374 videri
466 353 516 381 par
541 349 594 377 est,
619 345 642 373 si
661 345 723 380 quis
752 345 844 372 animo
871 348 984 379 repetat,

198 398 299 429 quanta
309 392 335 419 in
349 392 494 427 plerosque
510 395 668 425 peccatores
684 397 821 417 canonum
840 389 986 416 austeritas

196 444 224 466 et
239 438 393 466 constantia
406 437 497 469 fuerit,
510 436 592 471 utqui
613 436 696 463 semel
715 436 848 462 duntaxat
861 435 985 469 graviora

197 486 298 521 ﬂagitia
312 484 506 515 commisisset,
519 482 709 517 inexpiabilcm
729 489 826 509 noxam
842 481 986 509 contraire-

197 537 254 564 ret;
269 531 394 558 autinter
401 528 680 563 poenitentesassidue
693 527 794 562 degens
805 527 923 554 instante
939 526 986 553 de-

197 583 272 603 mum
286 575 360 602 obitu
377 581 469 609 pacem
485 573 647 608 perciperet.
666 571 703 599 Ut
718 571 862 599 homicida:
883 571 909 598 in
928 571 985 598 An—

196 629 299 655 cyrano
329 629 389 648 can.
421 620 466 653 21,
492 619 593 646 Christi
617 624 760 653 negatores
786 619 813 645 in
842 618 986 647 Basilianis

197 668 348 696 canonibus
371 674 432 694 can.
450 665 493 698 7i,
509 665 618 699 aliaque
644 665 670 691 id
686 672 783 699 genus,
795 668 842 691 aut
855 664 889 691 iis
903 664 985 691 etiam

197 714 346 744 severiora,
365 720 426 747 qua:
438 719 472 739 ex
483 710 617 746 superiori
633 710 817 744 disputatione
832 710 886 738 huc
898 715 987 738 trans-

197 759 261 786 ferri
281 762 407 793 possunt.
423 757 544 790 Accedit,
560 757 632 792 quod
650 762 772 784 extremo
787 757 849 784 vita:
864 761 985 792 tempore

197 804 392 833 communione
401 802 493 830 donati
507 806 580 834 sunt,
601 801 751 837 praisertim
765 806 825 835 post
845 800 984 829 Nicaenum

197 858 331 878 canonem
360 849 475 881 editum,
495 848 543 883 qui
563 847 733 875 moribundis
749 847 839 882 negari
855 847 984 875 viaticum

196 896 352 932 prohibuit;
390 894 464 930 quod
487 880 589 929 ubique
611 897 746 920 terrarum
777 880 905 928 deinceps
937 880 1021 920 ob-B

197 941 288 969 tinuit.

233 986 370 1020 Quoniam
387 984 546 1013 Novatianae
570 983 683 1012 haeresis
710 983 904 1018 cognoscendae
929 988 986 1010 stu-

196 1033 284 1066 dium,
308 1036 335 1060 et
351 1031 504 1067 argumenti
529 1031 645 1058 dulcedo
662 1030 786 1064 quatdam
807 1038 839 1057 eo
856 1037 905 1057 nos
921 1037 984 1064 pro-

196 1079 281 1112 vexit,
296 1083 325 1106 ut
335 1078 368 1106 de
381 1077 540 1112 poenitentia
554 1080 608 1103 tam
622 1076 708 1103 multa
725 1076 808 1103 verba
822 1075 984 1109 faceremus,

196 1124 373 1161 producenda
385 1123 526 1158 paululum
540 1122 629 1149 oratio
645 1127 698 1155 est,
712 1129 745 1149 ac
759 1122 792 1149 de
808 1122 985 1149 celeberrimo

197 1171 243 1199 illo
260 1169 379 1198 Nectarii
405 1169 488 1201 facto,
509 1177 565 1204 quo
581 1168 783 1196 confessionem
800 1176 832 1195 ac
851 1169 986 1203 pmnitcn-

196 1218 262 1244 tiam
277 1217 425 1251 abrogasse
436 1215 557 1250 jactatur
571 1215 607 1242 ab
620 1215 764 1248 hazreticis,
781 1220 918 1250 postremo
927 1215 985 1242 dis-

197 1265 356 1298 putandum.
381 1262 467 1297 Cujus
508 1262 632 1289 historia:
659 1262 785 1288 tractatio
809 1261 843 1288 ad
864 1269 907 1294 ea,
925 1269 985 1297 quae

196 1309 323 1344 superius
351 1307 538 1342 exposuimus,
565 1306 727 1334 illustranda
755 1313 884 1341 magnum
905 1305 984 1340 adju-

196 1360 318 1382 mcntum
336 1353 439 1386 aﬂ'eret,
456 1361 490 1380 ne
506 1354 552 1381 cui
569 1353 683 1380 nimium
700 1353 759 1380 haac
774 1352 862 1380 aliena
877 1360 909 1380 ac
924 1352 985 1380 lon-

196 1401 298 1436 ginqua
315 1400 385 1428 forte
401 1400 554 1427 videantur.

197 1457 236 1484 De
248 1457 411 1483 memorabili
425 1455 545 1482 Nectarii
561 1455 848 1490 Constantinopolitani
863 1455 983 1489 prwsulis

240 1492 372 1523 historia;
386 1496 410 1518 et
425 1496 515 1518 utrum
528 1490 573 1517 ille
589 1491 777 1525 confessionem
795 1490 940 1518 sustulerit.

233 1536 308 1564 Nihil
338 1537 373 1564 ad
395 1536 553 1564 elevandam
578 1536 761 1564 confessionis
791 1536 981 1563 auctoritatem

197 1583 288 1619 urgeri
304 1583 338 1610 ab
352 1582 485 1610 haereticis
501 1582 593 1610 acrius
607 1582 687 1615 solet,
703 1589 785 1616 quam
809 1581 928 1609 Nectarii
943 1581 984 1609 fa-

196 1629 275 1656 cinus
299 1627 377 1660 illud,
401 1628 473 1663 quod
497 1628 569 1662 apud
592 1627 731 1655 Socratem
749 1632 775 1654 et
800 1627 983 1655 Sozomenum

197 1675 336 1702 memoria:
359 1674 496 1709 proditum
511 1678 563 1707 est,
582 1681 637 1708 quo
654 1673 699 1701 ille
719 1678 828 1709 propter
844 1675 983 1708 vulgatum

196 1719 306 1747 diaconi
329 1719 460 1754 ﬂagitium
477 1718 660 1746 confessionis
676 1726 708 1746 ac
724 1719 889 1754 poenitentiae
906 1726 983 1746 usum

196 1766 344 1801 abrogasse
361 1765 457 1793 fertur.
474 1764 524 1792 Cui
537 1765 648 1799 quidem
669 1764 792 1799 plerique
807 1765 872 1792 dum
888 1771 985 1793 occur-

196 1819 268 1844 rere,
285 1818 318 1838 ac
337 1811 443 1838 veritati
465 1811 631 1846 patrocinari
653 1811 773 1844 student,
797 1811 824 1838 in
850 1811 984 1838 absurdos

196 1861 223 1883 et
239 1856 441 1884 inextricabiles
457 1856 563 1883 fabulas
573 1860 640 1883 aestu
657 1855 775 1890 quodam
789 1855 984 1890 disputationis

197 1902 302 1937 abrepti
328 1906 401 1930 sunt.
438 1900 584 1929 Nonnullis
612 1902 693 1929 etiam
721 1901 877 1928 Cassiodori
904 1907 985 1936 atque

195 1948 322 1975 Historiae
346 1947 489 1982 tripartito:
510 1948 674 1982 depravatus
691 1947 768 1975 locus
787 1948 889 1975 erroris
910 1955 986 1975 orca-

195 1993 301 2020 sionem
316 1992 399 2025 dedit,
415 1992 480 2019 dum
496 2000 529 2020 ex
553 1991 658 2019 Latinis
674 1991 866 2026 interpretibus
881 1992 982 2026 potius,

195 2046 278 2074 quam
295 2046 329 2066 ex
352 2037 454 2066 Gracis
474 2037 607 2071 fontibus,
635 2038 821 2064 narrationem
840 2036 921 2064 istam
945 2045 985 2065 re-

195 2087 299 2119 petunt.
318 2082 448 2118 Utrisque
462 2090 537 2115 vero,
553 2083 599 2110 sed
615 2083 718 2110 nostris
730 2082 903 2118 potissimum
918 2090 985 2110 con-

196 2129 287 2157 sulere
301 2129 354 2156 hoc
369 2129 458 2164 capite
474 2129 651 2156 decrevimus.
677 2127 744 2155 Nam
759 2128 832 2163 quod
848 2129 881 2155 ad
900 2129 984 2155 haere-

194 2176 266 2204 ticos
296 2179 411 2210 spectat,
440 2175 466 2202 id
491 2182 545 2208 me,
574 2175 628 2202 Deo
649 2175 772 2210 juvante,
800 2174 982 2209 perfecturum

1036 251 1086 279 Cui
1103 259 1163 278 cum
1181 255 1300 285 peccata,
1323 257 1383 285 qua:
1403 253 1465 284 post
1479 249 1646 284 baptismum
1663 248 1824 280 admiserat.

1036 297 1128 324 omnia
1152 296 1308 331 singillatim
1329 295 1512 330 exposuisset,
1535 295 1611 322 obire
1633 295 1824 329 penitentiam

1034 342 1156 377 jubetnr,
1167 349 1198 368 ac
1208 341 1319 376 jejuniis
1330 345 1356 368 et
1369 339 1538 367 orationibus
1551 339 1671 367 assiduis
1683 338 1825 367 insistere.

1036 389 1065 416 ln
1081 397 1134 421 quo
1149 388 1258 423 longius
1281 394 1422 422 progressa
1439 386 1502 422 (hoc
1515 391 1566 418 est,
1585 390 1614 412 ut
1629 386 1749 413 declarat
1772 385 1825 412 So-

1037 442 1178 466 zomenus,
1195 433 1298 461 diutius
1323 434 1348 460 in
1383 432 1497 460 ecclesia
1525 433 1726 467 perseverans),
1752 432 1826 459 aliud

1037 480 1172 514 quoddam
1199 479 1288 506 scelus
1315 486 1395 506 suum
1411 478 1526 513 aperuit,
1543 483 1668 512 stuprum
1688 478 1839 510 videlicet,’

1036 527 1109 561 quod
1122 534 1184 554 cum
1198 527 1313 553 diacono
1328 526 1514 553 commiserat.
1532 525 1617 552 Τοῦτο
1635 525 1743 560 λεχθέν,
1774 526 1828 552 hoc

1037 577 1099 600 est:
1115 580 1175 598 cum
1196 572 1243 598 hoc
1265 572 1365 598 dictum
1393 576 1469 604 esset,
1490 571 1621 599 diaconus
1647 573 1674 598 in
1699 571 1827 598 ordinem

1037 617 1163 644 redactus
1178 621 1229 644 est.
1248 616 1390 644 Fremente
1402 624 1479 649 vero,
1493 624 1525 644 ac
1540 617 1721 644 tumultuante
1737 616 1826 651 plebe,

1036 668 1063 690 et
1078 663 1254 697 flagrantibus
1273 663 1375 690 invidia
1391 663 1506 695 clericis,
1524 662 1666 691 Nec-larius
1683 663 1828 690 Eudaemo-

1036 709 1079 737 nis
1105 709 1248 744 cujusdam
1272 709 1421 744 presbyteri
1437 716 1535 744 genere
1557 708 1733 736 Alexandrini
1759 716 1828 735 con-

1037 755 1115 786 silio,
1154 754 1385 789 ptenitentiarium
1416 754 1601 790 presbyterum
1638 753 1769 785 sustulit,
1799 757 1828 780 et

1035 808 1259 835 unumquemque
1288 807 1345 828 suae
1371 800 1545 828 conscientia:
1575 800 1713 834 permisit,
1739 805 1770 826 ut
1791 807 1828 826 ex

1036 846 1097 881 ejus
1118 847 1232 874 arbitrio
1248 847 1281 874 de
1297 846 1435 882 mysteriis
1456 847 1618 882 usurpandis
1636 846 1707 882 apud
1729 854 1759 874 se
1774 851 1828 873 sta-

1036 896 1132 919 tueret.
1151 891 1214 920 Haec
1230 895 1263 920 ad
1286 893 1399 920 verbum
1421 893 1557 926 Socrates,
1574 892 1727 928 eademque
1743 891 1828 920 Sozo—

1035 947 1132 967 menus
1149 939 1197 967 lib.
1215 947 1262 973 vn,
1277 947 1337 975 cap.
1357 940 1400 967 16.

1071 984 1111 1012 Ex
1125 985 1225 1020 quibus
1240 986 1412 1021 antiquatum
1428 983 1662 1020 Constantinopoli
1676 985 1826 1012 conﬁtendi

1035 1031 1129 1064 ritum,
1147 1039 1178 1058 ac
1193 1032 1358 1066 poenitentiae
1373 1037 1574 1059 sacramentum
1599 1039 1659 1063 esse
1683 1032 1825 1059 sublatum

1035 1082 1098 1111 post.
1123 1077 1266 1104 Calvinum
1292 1077 1410 1105 hatretici
1436 1085 1532 1105 omnes
1562 1078 1704 1113 colligunt.
1732 1078 1826 1106 Nostri

1035 1123 1133 1158 partim
1159 1123 1301 1151 conﬁctam
1328 1124 1399 1151 hanc
1415 1133 1430 1151 a
1444 1123 1602 1151 Novatianis
1625 1124 1766 1152 historicis
1790 1124 1827 1152 fa-

1037 1167 1127 1195 bulam
1147 1173 1302 1204 opponunt,
1329 1168 1355 1196 in
1379 1176 1477 1204 eaque,
1493 1174 1524 1197 ut
1551 1169 1579 1197 in
1602 1169 1662 1197 aliis
1685 1169 1825 1204 plurimis,

1036 1215 1166 1243 mentitos
1190 1215 1252 1242 illos
1272 1222 1333 1243 esse
1349 1214 1513 1249 defendunt;
1539 1215 1636 1250 partim
1655 1223 1710 1242 non
1735 1223 1826 1243 sacra-

1035 1262 1192 1294 mentalem,
1208 1265 1238 1289 ut
1252 1266 1360 1295 vocant,
1376 1261 1585 1295 confessionem,
1595 1269 1626 1289 ac
1641 1262 1766 1293 tacitam,
1778 1262 1826 1289 sed

1035 1308 1172 1342 publicam
1189 1312 1286 1342 putant
1309 1315 1370 1335 csse
1395 1307 1541 1335 sublatam.
1565 1306 1611 1334 Sic
1632 1307 1704 1334 enim
1727 1307 1825 1334 existi-

1035 1357 1122 1386 mant,
1151 1360 1198 1380 eos
1223 1353 1269 1388 qui
1298 1352 1404 1387 publice
1428 1353 1615 1388 paenitentiam
1641 1354 1824 1388 susciperent,

1035 1406 1084 1426 sua
1109 1398 1232 1433 quaedam
1255 1398 1381 1431 crimina,
1406 1406 1467 1433 quae
1493 1399 1620 1426 sacerdos
1644 1399 1825 1433 designasset,

1034 1444 1174 1479 propalam
1204 1450 1231 1472 et
1255 1445 1282 1471 in
1307 1444 1442 1480 frequenti
1461 1444 1588 1473 Ecclesia:
1601 1449 1672 1472 ccetu
1699 1444 1825 1472 conﬁteri

1035 1490 1130 1518 solitos
1145 1499 1152 1517 :
1169 1494 1195 1517 et
1207 1498 1266 1517 eam
1281 1490 1366 1525 ipsam
1383 1490 1518 1525 publicam
1537 1490 1737 1518 confessionem
1751 1490 1825 1517 anti-

996 1554 1017 1582 C
1035 1543 1135 1569 quasse
1154 1534 1328 1568 Nectarium;
1354 1543 1415 1570 quae
1432 1543 1486 1562 non
1511 1540 1567 1562 tam
1593 1535 1626 1562 ad
1653 1535 1738 1570 culpae
1761 1543 1826 1570 pro-

1036 1581 1192 1609 merendam
1213 1582 1331 1615 veniam,
1354 1589 1435 1617 quam
1464 1582 1498 1610 ad
1521 1590 1629 1617 patriam
1654 1582 1825 1610 satisfactio-

1035 1635 1153 1662 nemque
1176 1632 1322 1662 spectaret.
1338 1627 1444 1656 Etenim
1467 1633 1621 1656 matronam
1643 1628 1718 1656 illam
1734 1636 1750 1656 a
1765 1628 1827 1656 dia-

1035 1681 1106 1700 cono
1131 1678 1336 1709 constupratam
1350 1674 1444 1708 aiunt,
1467 1682 1529 1702 cum
1558 1675 1592 1702 ad
1621 1675 1759 1709 publicam
1791 1675 1826 1703 de

1036 1726 1111 1745 more
1135 1718 1336 1747 confessionem
1362 1719 1498 1752 venisset,
1525 1719 1698 1755 przcscriptos
1725 1720 1778 1747 sibi
1809 1727 1825 1747 a

1035 1764 1240 1798 pmnitentiario
1268 1765 1409 1792 sacerdote
1434 1765 1564 1793 terminos
1589 1773 1747 1801 egressam,
1774 1765 1826 1792 im-

1035 1809 1184 1844 prudenter
1217 1810 1351 1846 incestum
1385 1819 1437 1838 una
1466 1811 1542 1838 illum
1571 1812 1743 1846 patefecisse.
1771 1812 1824 1838 Alii

1035 1856 1147 1883 conscio
1170 1861 1197 1884 et
1222 1842 1333 1884 arietare
1358 1857 1500 1890 sacerdote
1522 1858 1677 1893 divulgasse
1699 1858 1822 1891 malunt,

1036 1901 1108 1935 quod
1122 1901 1157 1928 ob
1172 1909 1231 1928 eam
1245 1909 1302 1928 rem
1324 1901 1358 1929 ab
1375 1902 1463 1930 ofIicio
1478 1908 1599 1930 remotus
1617 1903 1706 1931 fuerit.

1072 1946 1125 1974 Sed
1146 1947 1179 1974 de
1199 1947 1307 1981 publica
1332 1946 1504 1975 confessione
1527 1956 1598 1976 mox.
1623 1948 1690 1976 Illud
1714 1949 1822 1976 interim

1036 1992 1264 2020 considerandum
1280 1993 1351 2020 unde
1363 1993 1470 2021 tandem
1483 1994 1648 2029 acceperint,
1663 1995 1822 2022 mandat-Im

1035 2038 1154 2070 mulieri,
1174 2037 1214 2064 uti
1229 2045 1278 2065 sua
1293 2045 1343 2073 pro
1358 2039 1489 2066 concione
1504 2043 1614 2073 peccata
1628 2039 1757 2066 omnibus
1771 2039 1825 2066 edi-

1035 2089 1118 2111 ceret.
1129 2082 1187 2110 Duo
1198 2083 1295 2110 suntin
1305 2083 1398 2111 Graeca
1410 2085 1565 2111 narratione
1572 2085 1664 2116 verba,
1672 2091 1705 2111 ex
1721 2084 1824 2119 quibus

1035 2135 1176 2165 utcunque
1199 2130 1294 2157 deduci
1311 2135 1417 2165 potest;
1446 2138 1509 2158 nam
1523 2131 1593 2166 apud
1612 2131 1773 2158 Socratem:
1792 2130 1822 2156 Ἦ

1035 2177 1064 2203 δὲ
1082 2177 1274 2212 προϐαίνουσα,
1292 2178 1339 2204 καὶ¹
1354 2177 1418 2204 ἄλλο
1436 2178 1559 2212 πταῖσμα
1581 2177 1679 2212 ἑαυτῆς
1704 2177 1823 2212 κατηγό-

195 2221 315 2254 conﬁdo,
330 2225 361 2248 ut
374 2220 489 2248 inscitiae
508 2228 565 2248 sua:
581 2220 778 2247 monimentum
801 2221 826 2247 iu
847 2221 899 2247 hac
914 2219 983 2254 obji-

1037 2231 1087 2257 ρει.
1112 2222 1179 2254 Quia
1198 2222 1382 2258 προϐαίνουσα
1397 2223 1464 2250 dixit
1475 2227 1501 2250 et
1515 2222 1673 2257 κατηγόρει,
1689 2223 1822 2257 interpres

195 2267 291 2295 cienda
311 2266 389 2295 nobis
411 2266 525 2294 historia
549 2266 676 2293 deﬁxisse
698 2266 798 2300 potius,
816 2273 897 2300 quam
922 2273 982 2292 mo-

197 2317 318 2340 mentum
345 2312 430 2340 ullum
457 2311 491 2339 ad
516 2318 626 2339 causam
655 2319 732 2338 suam
758 2311 882 2339 attulisse
912 2311 982 2345 τεᾳυὶ

196 2366 292 2386 omnes
306 2363 333 2385 et
347 2357 434 2393 iniqui
449 2361 580 2385 statuant.

233 2403 284 2431 Sed
299 2407 333 2442 ut
348 2411 363 2430 a
383 2403 472 2438 capite
487 2403 546 2438 ipso
558 2402 774 2437 disputationem
799 2410 981 2435 arcessamus,

196 2457 346 2482 proponam
361 2453 424 2476 ante
438 2449 540 2482 omnia,
556 2456 616 2483 quae
629 2449 662 2476 de
679 2449 731 2476 hac
748 2449 862 2476 historia
882 2449 983 2476 Socra-

197 2503 238 2523 tes
263 2503 295 2523 ac
320 2496 489 2522 Sozomenus
518 2495 629 2530 scriptis
654 2495 902 2523 commendarunt:
921 2503 983 2522 nam

197 2543 232 2570 ab
257 2542 317 2570 istis
341 2542 368 2569 in
392 2534 558 2575 reliquorum
582 2542 746 2576 scriptorum
770 2542 984 2569 commentarios

197 2589 261 2616 facti
277 2588 350 2616 illius
367 2592 409 2615 est
425 2587 546 2615 derivata
559 2588 702 2616 memoria.
726 2587 827 2615 Scribit
844 2588 926 2622 igitur
956 2587 983 2614 in

196 2633 294 2669 primis
319 2633 444 2661 Socrates
470 2633 518 2667 lib.
542 2641 569 2665 ν,
596 2641 656 2669 cap.
680 2634 721 2666 19,
740 2641 771 2661 ex
795 2641 828 2660 eo
850 2637 982 2668 tempore,

197 2688 250 2715 quo
268 2679 410 2707 Novatiani
434 2680 551 2714 primum
568 2685 747 2712 emerserunt,
770 2680 912 2715 episcopos
930 2687 985 2715 pce-

197 2725 382 2753 nitentiarium
397 2726 584 2760 presbyterum
611 2726 779 2761 adjunxisse,
802 2731 831 2753 ut
853 2727 900 2762 qui
922 2731 984 2761 post

196 2771 362 2807 baptismum
389 2771 569 2807 deliquissent
598 2780 646 2799 sua
673 2773 743 2807 apud
768 2773 844 2800 illum
874 2777 983 2807 peccata

196 2817 399 2845 conﬁterentur.
425 2816 557 2845 Eumdem
580 2825 663 2852 porro
688 2818 922 2855 Constantinopoli
940 2820 983 2848 his

197 2862 232 2891 de
250 2861 341 2891 causis
357 2861 524 2899 abrogatum'
537 2863 634 2893 fuisse.
655 2864 767 2894 Femina
784 2866 905 2898 quaedam
924 2867 980 2902 pri-

1035 2267 1071 2294 ita
1087 2267 1165 2294 vertit
1186 2279 1191 2294 ;
1210 2267 1307 2294 Mulier
1327 2268 1430 2303 longius
1455 2268 1483 2294 in
1508 2268 1655 2302 conﬁlendo
1672 2275 1821 2302 progressa,

1035 2313 1143 2340 alterius
1158 2313 1241 2348 culpa:
1252 2314 1364 2348 seipsam
1378 2314 1525 2340 insimulat.
1546 2313 1604 2340 Non
1617 2317 1700 2345 recte,
1722 2314 1744 2340 si
1759 2312 1823 2347 quid

1034 2360 1062 2386 in
1078 2360 1120 2387 liis
1136 2360 1223 2388 video.
1249 2359 1341 2395 Neque
1365 2361 1437 2387 enim
1454 2360 1636 2396 προϐαίνουσα
1659 2361 1692 2386 ad
1722 2359 1824 2387 confes—

1035 2404 1142 2431 sionem
1158 2405 1294 2439 pertinet;
1313 2405 1398 2432 multo
1421 2407 1512 2432 minus
1533 2405 1565 2431 ad
1585 2404 1735 2439 publicam,
1751 2403 1821 2438 quod

1035 2450 1067 2477 de
1085 2459 1134 2478 suo
1149 2451 1200 2478 viri
1213 2451 1325 2485 quidam
1340 2451 1403 2478 boni
1420 2451 1507 2478 solent
1524 2455 1653 2478 attexere.
1674 2450 1728 2478 Sed
1744 2451 1822 2477 nitni-
1841 2440 1846 2446 ’

1035 2504 1106 2528 rum,
1131 2502 1159 2524 ut
1180 2504 1213 2524 ex
1229 2496 1382 2525 Suzomcno
1404 2497 1550 2533 colligitur,
1574 2505 1635 2524 cum
1652 2498 1679 2524 in
1699 2497 1822 2524 obeunda

1034 2543 1205 2578 pmnitentia,
1230 2544 1257 2571 in
1276 2545 1410 2576 oratione,
1425 2544 1538 2579 jejunio,
1555 2544 1755 2579 frequentanda
1777 2551 1823 2571 ec-

1034 2588 1129 2623 clesia,
1156 2589 1263 2624 longius
1280 2590 1448 2625 procederet,
1471 2591 1586 2617 alterum
1615 2589 1692 2617 nefas
1715 2591 1822 2616 interim

1034 2635 1182 2667 commisit,
1205 2640 1233 2662 et
1257 2636 1372 2663 subinde
1393 2636 1557 2668 declaravit;
1577 2635 1766 2671 κατηγόρησεν
1782 2635 1821 2661 \‘el

1034 2683 1237 2718 κατεμήνυσεν,
1267 2687 1296 2710 ut
1321 2683 1402 2711 habet
1429 2682 1614 2716 Sozumenus;
1645 2689 1699 2708 non
1730 2683 1822 2714 utique

1033 2729 1186 2764 propalam,
1207 2736 1257 2756 nec
1277 2729 1304 2756 in
1322 2729 1432 2764 publico
1445 2733 1591 2760 conventu,
1622 2729 1668 2756 sed
1684 2728 1820 2763 privatim,

1033 2780 1060 2802 et
1076 2782 1167 2802 coram
1183 2775 1387 2810 poenitentiario
1401 2775 1550 2806 sacerdote,
1567 2772 1638 2809 aptid
1650 2782 1731 2808 quem
1748 2774 1822 2801 iden-

1033 2821 1117 2849 tidem
1141 2827 1251 2857 peccata
1273 2823 1437 2857 deponeret;
1463 2826 1510 2848 aut
1533 2820 1614 2847 etiam
1638 2821 1707 2848 citra
1733 2827 1822 2847 sacra-

1034 2872 1156 2896 mentum
1177 2876 1239 2896 cum
1255 2875 1299 2902 co,
1317 2874 1364 2897 aut
1385 2868 1439 2896 alio
1461 2867 1629 2903 colloquens.
1648 2865 1762 2900 Quidvis
1775 2865 1821 2893 de-
