1925 3043
129 147 198 179 1033

592 143 635 176 DE
655 147 894 176 ruanrrnmm:
917 145 1054 174 VLTERE
1075 150 1279 180 DISCIPLINA.

1689 153 1760 182 1054

127 215 210 248 nique
232 211 324 247 potius
350 216 431 245 quam
454 215 483 236 ut
504 209 639 244 publicam
663 209 695 236 ad
717 208 918 235 confessionem
934 209 956 237 Α
971 209 1121 237 consuevit.
1147 202 1278 245 Exemplo
1305 210 1340 237 sit
1365 217 1380 236 e
1397 209 1489 236 multis
1514 207 1590 242 illud,
1615 211 1687 245 quod
1708 213 1760 240 sub

127 259 251 286 adactam
268 256 420 283 dixerimus
440 259 487 282 aut
505 255 648 281 mulierem
664 254 756 287 istam,
772 257 820 281 aut
835 251 918 280 ullum

127 303 242 331 οιιιιιίιιο
267 301 436 329 mortalium.
465 298 523 328 Hoc
553 300 636 336 igitur
662 308 677 327 a
700 300 858 332 sacerdote,
885 300 919 327 ab

127 349 262 380 antistite,
276 352 291 374 a
310 348 405 383 paucis
419 347 538 382 denique
555 347 656 382 ﬂagitio
667 351 818 382 comperto,
837 347 920 381 depo-

128 395 198 423 situs
218 397 259 421 cst
284 393 329 420 ille
352 393 484 420 diaconus
502 401 508 420 :
525 401 558 420 ex
577 395 632 427 quo
657 393 786 427 paulatim
813 400 920 427 percre-

130 441 274 469 bresccnte
291 439 362 466 fatua
387 447 443 466 rcm
458 439 641 467 subodoratus
659 444 700 466 est
711 438 836 473 populus.
853 439 920 466 llinc

129 487 182 516 illae
201 487 338 522 lacrymae.
354 485 477 517 Mentiar,
491 485 543 512 nisi
559 484 704 513 manifeste
723 485 747 513 is
761 485 829 520 ipse,
841 485 920 520 cujus

130 533 293 560 auctoritate
317 531 460 565 nituntur,
491 530 673 563 Sozomcnus,
687 531 784 559 falsam
811 531 919 559 illorum

130 579 316 614 conjectum")
343 577 499 612 redarguat.
526 576 578 610 Qui
605 577 764 605 instituendi
788 578 922 612 pumilea-

130 625 203 652 tiarii
226 623 377 652 sacerdotis
402 630 499 651 causas
523 623 664 658 disputans
693 624 846 659 εΦορτικὸν
861 623 921 659 (ait)

129 671 159 704 ἐξ
175 670 263 706 ἀρχῆς
283 670 339 702 τοῖς
363 669 481 705 ῑερθῦσιν
507 668 607 702 ἔδοξεν,
628 669 666 701 ὡς
686 670 715 696 ὲν
743 669 849 706 θεάτρῳ
870 670 922 696 ὑπὸ

132 717 253 752 μάρτυρι
280 714 320 751 τῷ
347 714 445 750 πλήθει
468 715 518 751 τῆς
538 714 686 751 ἐκκλησίας
712 715 762 747 τὰς
786 709 922 751 ἁμαρτίας

130 761 314 796 ἐξαγγέλλειν.
341 760 529 797 Πρὲσϐύτερον
553 760 582 787 δὲ
601 761 654 787 τῶν
671 760 769 796 ἄριστά.
786 760 922 788 πολιτευο-

133 810 222 845 μένων
238 807 372 844 ὲχὲμυοόν
397 816 427 834 τε
447 802 493 834 καὶ
509 806 633 842 ἔμφρονα.
653 806 700 832 ἐπὶ
714 806 794 833 τοῦτο
809 806 922 841 τετάχα-

131 864 185 887 σιν,
199 851 222 889 ᾧ
236 850 268 889 δὴ
296 853 455 890 πὶροςιόντες
475 853 499 879 ol
512 851 705 888 ἡμαρτηκότες
718 851 752 878 τὰ
768 850 923 887 βεόιωμὲνα

131 901 299 936 ὡμολόγουν.
319 900 347 926 '0
361 899 390 927 δὲ
407 898 475 934 πρὸς
491 897 540 933 τὴν
557 897 672 924 ἑκάστου
694 896 841 933 ἁμαρτίαν,
858 897 872 923 ὅ
895 905 921 924 τι

131 948 185 984 χρὴ
204 947 315 982 ποιῆται
330 946 346 981 ἢ
364 946 470 972 ἐκτῖσαι
487 944 623 978 ἐπιτίμιον
639 942 706 975 θεὶς,
718 942 831 974 ἀπέλυε,
846 942 922 978 παρὰ

132 995 208 1029 σφῶν
230 993 321 1020 αὐτῶν
343 991 392 1027 τὴν
407 991 484 1026 δίκην
501 989 738 1026 εἰσπραξαμένους
759 989 780 1015 ’.
807 988 921 1022 Durum,

132 1041 237 1076 inquit,
256 1046 280 1067 et
303 1038 499 1066 intolerandum
522 1037 601 1064 initio
623 1035 771 1063 sacerdotes
785 1043 841 1062 esse
850 1034 923 1069 judi-

133 1088 239 1118 catunt,
253 1087 290 1114 sic
306 1088 430 1119 tanquam
454 1083 482 1110 in
506 1083 619 1113 theatro.
635 1090 683 1117 pro
712 1081 829 1109 ecclesia
854 1083 921 1108 coetu

133 1143 165 1162 ac
186 1133 309 1160 concione
334 1134 442 1167 peccata
465 1129 648 1164 pronuntiare.
675 1127 765 1160 Quare
783 1127 923 1162 presbyte—

133 1182 192 1206 rum
218 1178 357 1214 quemdam
378 1179 537 1204 secretorum
568 1179 684 1201 tenacem
715 1181 746 1200 ac
769 1172 924 1208 prudentem

133 1227 156 1253 ei
173 1224 274 1252 muneri
290 1228 500 1259 prtepostierunt,
528 1220 562 1247 ad
575 1227 651 1255 quem
665 1224 812 1254 peccatores
828 1219 924 1246 adeun-

134 1279 171 1299 tes
185 1271 245 1298 vitae
258 1278 313 1297 sum
335 1271 418 1297 noxas
434 1271 601 1302 exponerent.
619 1266 652 1292 At
673 1265 718 1292 ille
736 1273 783 1297 pro
798 1264 924 1299 cujusque

133 1322 241 1352 peccato
267 1316 375 1344 meritas
400 1319 490 1350 plenas
512 1313 633 1347 t'nﬂiger’ts
655 1311 815 1344 dimittebat,
836 1319 894 1338 cum
908 1319 925 1337 a

134 1364 229 1399 seipsis
243 1361 305 1390 illas
327 1361 483 1396 exegissent.
499 1358 566 1392 Qua:
581 1357 724 1386 Sozomeni
742 1357 823 1384 verba
837 1355 925 1391 publi-

134 1418 198 1439 cum
214 1410 281 1438 illud
299 1407 446 1437 conﬁtendi
461 1411 546 1442 genus
560 1406 679 1433 alienum
692 1411 706 1431 a
732 1403 867 1439 majorum
881 1403 923 1430 in-

135 1457 232 1485 stituto
250 1456 277 1484 et
301 1463 317 1483 a
345 1452 539 1490 poenitentiarii
572 1447 646 1479 illius
669 1449 758 1478 cilicio
782 1449 926 1485 perspicue

135 1502 302 1539 signiﬁcant.
321 1500 373 1528 Sed
393 1500 491 1527 mirum
515 1505 597 1533 quam
619 1498 676 1524 hinc
698 1496 815 1524 absurde
834 1495 924 1522 Latini

135 1555 264 1578 auctores
287 1546 456 1582 interpretati
482 1545 548 1578 sint,
575 1544 622 1579 qui
646 1551 662 1570 c
686 1544 839 1570 Sozomeno
855 1542 960 1579 hancc

135 1596 278 1624 historiam
295 1596 501 1629 expresserunt.
526 1590 594 1617 Nam
613 1590 639 1617 in
660 1589 762 1616 Ilistor.
779 1587 925 1622 tripartite,

137 1640 185 1671 lib.
203 1651 242 1675 Ix,
259 1649 319 1675 cap.
337 1640 383 1672 '55,
402 1639 438 1666 ita
451 1638 581 1672 scriptum
593 1640 635 1664 est
651 1645 657 1663 :
676 1634 808 1668 Quoniam
821 1633 926 1660 omnino

136 1697 190 1717 non
214 1695 321 1723 peccare
346 1685 465 1712 divinum
486 1688 510 1709 et
539 1682 612 1709 ultra
635 1682 779 1708 humanam
802 1685 927 1707 naturam

134 1743 191 1764 esse
203 1734 388 1768 cognoscitur;
408 1729 574 1765 peccantibus
602 1733 689 1755 autem
706 1732 731 1754 et
747 1726 928 1762 ptenitentiam

137 1780 273 1815 agentibus
285 1779 387 1804 veniam
408 1774 475 1802 Deus
487 1774 548 1800 duri
564 1773 707 1808 pra'cepit;
723 1771 768 1807 qui
784 1779 843 1798 vero
863 1778 925 1796 ton-

136 1826 207 1861 ﬁteri
230 1824 376 1858 refugiunt,
394 1821 479 1856 majus
502 1824 669 1855 peccatorum
685 1826 750 1844 onus
764 1817 904 1852 acquirunt
918 1823 927 1842 :

136 1876 273 1905 propterea
285 1869 368 1896 visum
387 1869 425 1894 est
441 1866 556 1901 antiquis
571 1863 750 1900 pontiﬁcibus,
768 1867 796 1889 ut
813 1861 880 1888 velut
899 1862 927 1888 in

138 1917 239 1944 theatra
271 1913 318 1941 sub
346 1911 495 1939 testimonio
519 1908 692 1936 ecclesiastici
717 1905 807 1942 populi
829 1906 928 1934 delicta

137 1960 300 1997 panduntur,
323 1964 375 1987 etc.
402 1957 468 1991 Qua“
484 1960 549 1983 sunt
569 1955 624 1982 veri
643 1961 740 1982 sensus
755 1953 926 1984 inanissima,

138 2015 171 2035 ac
187 2014 242 2034 non
268 2005 356 2032 solum
382 2011 397 2030 a
421 2001 523 2030 Grecis
550 1998 693 2027 Sozomeni
721 1998 810 2026 verbis
828 1998 928 2025 abhor-

138 2058 217 2085 rent,
232 2051 279 2080 sed
291 2052 319 2078 et
332 2052 452 2085 pttgnant
470 2048 526 2082 ipsa
545 2053 648 2074 secum.
666 2044 756 2079 Quare
771 2044 843 2071 haud
858 2052 927 2071 vana

137 2099 260 2134 suspicio
276 2098 320 2125 est
338 2095 511 2124 librariorum
537 2093 616 2127 culpa
634 2097 727 2119 vocem
744 2088 862 2126 aliquam
879 2098 927 2117 ex-

137 2147 256 2177 cidisse,
284 2143 366 2178 atque
392 2142 429 2169 ita
456 2140 650 2167 restituendum
675 2146 760 2166 esse:
784 2136 928 2172 Propterea

137 2193 224 2220 visum
238 2194 277 2218 est
297 2188 434 2216 molestum
451 2186 566 2221 antiquis
581 2180 761 2220 pontiﬁcibus,
778 2187 832 2211 etc.
858 2182 925 2210 Nam

970 253 1069 289 stylum
1086 255 1168 282 modo
1181 255 1274 283 subiit.
1284 254 1385 282 Scribit
1399 251 1442 282 ille
1458 252 1507 281 lib.
1520 262 1547 288 v,
1559 262 1619 290 cap.
1638 255 1691 291 xp',
1705 257 1761 284 (Iac-

970 302 1054 328 sarea:
1067 300 1095 328 in
1110 300 1279 337 Cappadocia
1295 309 1353 333 eos,
1372 301 1418 336 qui
1436 306 1498 336 post
1514 302 1680 337 baptismum
1698 311 1761 339 pec-

970 346 1102 379 caverint,
1116 352 1131 374 a
1146 348 1339 375 communione
1355 346 1442 381 rejici,
1460 348 1689 382 quemadmodum
1706 342 1761 377 No-

971 391 1070 418 vatiani
1093 391 1246 419 instituunt.
1274 392 1352 425 Quod
1383 397 1425 419 est
1453 393 1710 425 tnemlacissimum.
1732 393 1762 422 u't

970 445 1002 464 ex
1018 437 1116 465 Basilio
1127 439 1241 472 ejusque
1253 439 1485 473 [utititentialibus
1500 440 1651 469 canonibus
1665 441 1760 476 liquet.

971 482 1103 520 Loquitur
1113 493 1178 512 vero
1190 482 1315 513 Socrates
1327 485 1360 512 de
1374 485 1511 513 veteribus
1525 485 1706 514 Ecclesiarum
1717 493 1763 514 το-

972 531 1061 558 πικῶν
1079 531 1194 566 τίιίὺιιδξ
1224 539 1258 559 ne
1275 532 1337 566 quis
1358 537 1418 567 post
1448 531 1537 560 Basilii
1553 532 1657 560 obitum
1683 527 1762 561 aliter

972 577 1123 605 obtinuisse
1145 577 1282 612 conjiciat.
1306 576 1445 612 Ejusmodi
1469 578 1561 613 igitur,
1577 571 1629 606 hoc
1642 583 1684 606 est
1696 586 1762 606 con-

973 623 1064 651 lictum
1080 631 1150 655 esse,
1168 623 1340 650 vehementer
1355 623 1489 658 suspicor,
1508 624 1580 658 quod
1603 624 1655 651 sub
1671 622 1762 650 Nova-

973 669 1108 696 tianorum
1122 669 1254 696 duntaxat
1275 673 1364 696 ortum
1383 669 1597 704 pmnitcntialem
1620 669 1762 706 presbyte-

973 717 1033 742 rum
1058 717 1236 743 cOnstitutum
1264 723 1326 744 esse
1352 716 1419 743 dixit
1440 725 1446 743 :
1470 724 1551 752 quem
1572 723 1634 745 cum
1661 717 1699 743 ait
1723 716 1763 751 τῷ

973 761 1065 788 κανόνι
1082 761 1289 797 προστεθεῖσοαι
1302 762 1336 789 ab
1357 762 1504 797 episcopis,
1522 767 1591 791 tecte
1618 762 1762 790 admodum

973 812 999 834 et
1025 807 1122 835 callide
1156 806 1313 835 Novatiana:
1340 808 1508 835 crudelitatis
1532 808 1608 836 virus
1637 807 1762 840 instillat,

974 851 1052 886 quasi
1068 857 1125 878 tum
1147 852 1256 880 demum
1273 857 1360 879 totum
1376 852 1428 881 ltoc
1444 852 1610 888 poenitentiae
1624 852 1762 888 negotium

974 897 1155 932 excogitatum
1175 898 1256 925 fuerit
1276 906 1308 926 ac
1331 906 1400 926 novo
1429 905 1534 928 canone
1549 898 1694 926 sancitum.
1711 892 1766 926 Ne-

973 951 1026 978 que
1036 944 1108 970 enim
1123 947 1197 972 recte
1221 943 1260 980 τῷ
1281 944 1374 971 κανόνι
1398 944 1606 980 προστεθεῐσθαι
1627 941 1766 980 accipiunt

973 989 1054 1024 vulgo
1072 992 1135 1017 eum
1157 989 1313 1025 interprete,
1342 989 1371 1017 ut
1389 990 1426 1018 sit
1441 991 1537 1018 canom'
1549 991 1681 1026 adjicere;
1701 994 1764 1018 nant

974 1035 1090 1063 canonis
1107 1035 1216 1062 decreto
1233 1035 1290 1062 vult
1305 1043 1367 1063 eum
1385 1036 1572 1071 presbyterum
1594 1035 1764 1071 adjunctum.

974 1080 1065 1113 Quare
1089 1089 1149 1109 mox
1173 1081 1297 1116 sequitur
1316 1090 1323 1108 :
1340 1081 1412 1109 hunc
1432 1083 1563 1109 curionem
1581 1081 1616 1109 ab
1637 1082 1765 1110 Omnibus

974 1123 1036 1151 aliis
1057 1129 1206 1159 receptum,
1221 1132 1237 1152 a
1257 1124 1418 1153 Novatianis
1442 1126 1573 1153 duntairat
1592 1127 1764 1161 repudiatum

974 1169 1069 1198 fuisse.
1102 1169 1200 1198 Verum
1228 1175 1259 1198 ut
1285 1171 1319 1198 de
1347 1171 1528 1199 institutionis
1554 1176 1675 1207 tempore
1697 1166 1765 1199 nihil

975 1223 1137 1251 pugnemus.
1153 1216 1225 1251 quod
1241 1216 1275 1244 ad
1299 1220 1435 1244 summam
1451 1217 1523 1245 haud
1539 1217 1655 1245 multum
1679 1217 1762 1246 interi

974 1265 1026 1293 est,
1052 1261 1102 1293 sic,
1126 1261 1234 1296 opinor,
1265 1261 1401 1296 explicare
1425 1261 1476 1290 istti
1501 1270 1672 1298 possumus:
1692 1263 1762 1291 Cum

974 1307 1029 1333 duo
1044 1306 1114 1342 apud
1131 1312 1234 1335 veteres
1248 1312 1348 1340 essent,
1373 1308 1403 1335 ut
1426 1313 1505 1335 antea
1527 1308 1682 1343 docuimus,
1700 1315 1765 1344 pec—

975 1357 1098 1379 catorum
1122 1357 1239 1388 genera;
1262 1353 1316 1380 alia
1342 1354 1467 1388 graviora
1492 1355 1519 1382 et
1542 1354 1679 1389 capitalia,
1705 1355 1766 1390 quati

977 1397 1135 1425 nominatim
1161 1400 1279 1427 canenes
1310 1400 1576 1436 contplectebantur,
1609 1401 1764 1436 quibusque‘

977 1444 1084 1480 publica
1111 1444 1269 1479 pm'bitcntia'
1286 1453 1354 1480 opus
1376 1451 1452 1479 erat;
1472 1446 1573 1474 leviora
1595 1448 1691 1481 altera,
1715 1448 1767 1476 hoc

976 1493 1017 1516 est
1033 1496 1047 1516 a
1065 1490 1218 1517 canonibus
1241 1490 1386 1526 praztcrita,
1404 1491 1501 1527 primis
1518 1489 1646 1521 Ecclesia:
1661 1497 1766 1529 tempo-

976 1534 1063 1565 ribus.
1088 1535 1133 1570 qui
1151 1543 1180 1563 sc
1205 1535 1303 1571 prioris
1330 1538 1438 1572 generis
1461 1538 1580 1572 peeca'lis
1602 1538 1767 1567 obstrinxls;

977 1587 1048 1613 sent,
1066 1582 1098 1608 ad
1115 1582 1258 1618 episcopos
1284 1583 1462 1618 utplurimnm
1487 1584 1618 1612 adeuntes
1633 1585 1767 1619 praescri-

977 1633 1049 1662 ptam
1069 1628 1104 1655 ab
1120 1628 1154 1654 iis
1171 1628 1358 1663 paenitentiam
1381 1629 1534 1664 explebant.
1552 1632 1591 1658 Ac
1604 1631 1626 1659 si
1645 1631 1707 1666 quis
1719 1637 1766 1659 ve-

978 1673 1127 1701 tustissima
1145 1679 1318 1702 monumenta
1337 1674 1493 1710 diligentius
1501 1676 1632 1711 exploret,
1647 1673 1766 1705 inveniet

977 1719 1012 1746 :tb
1023 1719 1158 1754 episcopis
1176 1719 1243 1754 ipsis
1266 1720 1452 1748 administrata
1479 1720 1564 1748 ferme
1583 1722 1685 1755 omnia,
1704 1725 1766 1757 quas

977 1764 1009 1791 ad
1026 1764 1187 1799 pmnitentes
1204 1765 1366 1797 attinebant,
1385 1770 1446 1792 cum
1468 1770 1495 1793 et
1516 1767 1659 1801 paueiorcs
1677 1767 1767 1796 adhuc

977 1809 1123 1837 Christiani
1146 1810 1245 1843 iurent,
1261 1815 1288 1837 et
1304 1811 1407 1838 rariora
1436 1811 1532 1839 delicta
1551 1818 1613 1847 quae
1629 1813 1764 1847 publicani

977 1856 1164 1890 pwnitentiam
1189 1857 1337 1892 exigerent.
1364 1856 1544 1892 Prtsteaqnam
1574 1865 1639 1886 vero
1665 1859 1766 1894 pariter

977 1906 1004 1929 ct
1021 1902 1140 1929 ﬁdelium
1171 1910 1302 1931 numerus
1318 1907 1345 1931 et
1360 1904 1472 1938 majoris
1486 1903 1530 1931 illa
1546 1904 1710 1939 paenitentiae
1723 1912 1766 1934 θεέ

977 1955 1023 1983 ges
1051 1948 1172 1976 excrevit
1199 1948 1335 1985 [graviora
1375 1949 1479 1977 scilicet
1509 1950 1687 1986 capitaliaque
1710 1952 1765 1979 cri-

982 1991 1080 2029 mina],
1094 2002 1155 2021 cum
1171 1998 1240 2022 unus
1257 2001 1307 2029 par
1323 1995 1450 2025 omnibus
1465 2004 1525 2024 esse
1539 2005 1591 2024 non
1606 1996 1696 2032 posset
1707 1997 1765 2032 cpi-

978 2046 1092 2076 scopus;
1110 2041 1240 2068 vicarium
1252 2041 1303 2068 sibi
1319 2041 1506 2077 presbyterum
1526 2042 1677 2075 substituit,
1697 2049 1767 2077 quo:

978 2094 1040 2114 cum
1058 2086 1176 2114 laborem
1195 2088 1352 2121 partiretur,
1364 2088 1466 2122 quique
1481 2088 1513 2115 iis
1529 2088 1700 2122 potissimum
1717 2089 1767 2116 ati-

978 2133 1084 2160 diendis
1095 2139 1212 2165 vacaret,
1225 2134 1271 2168 qui
1287 2133 1392 2168 publica
1406 2132 1564 2168 paenitentia
1580 2135 1612 2161 cit
1628 2135 1766 2162 c'animunt

978 2179 1119 2207 sanctione
1139 2184 1311 2213 tenerentur;
1329 2187 1390 2207 nam
1408 2188 1466 2213 eos,
1482 2180 1528 2215 qui
1552 2181 1684 2215 privatam
1706 2184 1766 2208 tan-

138 2234 240 2270 alioqui
258 2232 322 2269 quid
351 2239 421 2268 opus
444 2235 503 2258 erat
522 2229 655 2265 ἐχέμυοον
691 2228 858 2256 sacerdotem
881 2228 926 2254 de-
943 2230 965 2258 Ι)
981 2224 1121 2270 tummodo
1136 2224 1330 2270 desiderarent,
1352 2232 1367 2270 a
1394 2224 1585 2270 minutioribus
1596 2224 1766 2270 presbyteris

139 2281 231 2317 ligare,
246 2280 268 2308 si
286 2278 360 2306 velut
379 2278 405 2304 in
425 2277 531 2304 theatro
550 2274 734 2302 tra‘duccndits
753 2279 825 2301 esset
840 2273 926 2308 paeni-

139 2332 208 2358 tens,
230 2327 256 2352 et
274 2324 308 2351 ab
333 2324 458 2358 ipsemet,
476 2323 521 2348 ant
541 2327 556 2346 a
573 2319 712 2347 sacerdote
728 2318 800 2346 illius
817 2321 925 2353 peccata

139 2370 300 2406 publicanda
309 2366 323 2395 ‘I

174 2416 240 2450 Quae
257 2422 320 2443 cum
338 2412 534 2441 absurdissima
560 2410 624 2454 sint,
641 2413 668 2436 ct
693 2408 726 2436 iis
750 2408 822 2436 haud
840 2408 926 2436 multo

139 2462 263 2494 mclidra,
286 2467 347 2495 quae
374 2457 542 2486 anonnullis
571 2456 740 2491 atteruntur,
767 2462 817 2482 nos
844 2454 870 2481 in
893 2462 925 2481 ea

139 2506 324 2537 controversia
348 2505 403 2533 duo
429 2503 554 2538 quaedam
581 2501 741 2529 excutienda
765 2500 894 2528 duximus
917 2510 924 2528 :

139 2555 253 2584 alterum
270 2557 401 2588 quorsrrm
429 2548 472 2576 ille
491 2547 619 2576 sacerdos
641 2547 792 2579 institutus,
810 2546 924 2574 alterum

140 2602 274 2636 quatenus
290 2598 363 2626 illius
378 2597 413 2624 sit
430 2596 558 2630 abrogata
584 2591 698 2621 functio.
716 2594 754 2621 Ac
776 2593 809 2620 dc
826 2592 926 2620 Socra-

140 2647 176 2674 tis
192 2646 254 2676 tide,
270 2645 320 2672 etsi
336 2643 407 2679 quod
430 2642 462 2669 ad
485 2642 572 2676 ipsum
590 2638 755 2667 narrationis
768 2644 850 2673 caput
864 2639 926 2666 atti-

140 2695 198 2725 net,
214 2692 282 2720 nihil
298 2691 350 2718 hoc
367 2691 426 2717 loco
442 2687 608 2718 dubitemus,
627 2685 761 2721 permulta
784 2686 874 2712 tamen
892 2685 925 2711 ad

140 2739 283 2768 historiam
303 2738 336 2764 ab
357 2736 451 2764 eodem
465 2737 567 2761 attenta
587 2731 734 2763 eretlimiIs,
750 2735 779 2758 ut
798 2731 925 2759 Novatil-

142 2792 238 2813 norum
267 2786 378 2813 sectam,
404 2781 447 2808 cui
473 2784 532 2807 erat
553 2778 687 2811 addictus,
710 2777 871 2805 commentis
894 2785 925 2804 ac

143 2829 290 2858 mendaciis
314 2827 466 2854 sublevaret
486 2834 493 2851 τ
517 2823 589 2858 quod
606 2824 764 2858 plerumque
792 2827 924 2858 ttSurpaI-c

179 2890 187 2905 ¹
201 2886 232 2915 ιμ’.
250 2887 491 2924 εἰσπραξομένους.

304 2935 438 2964 msice.
459 2934 517 2962 (iu.
538 2931 620 2962 XL“

979 2269 1119 2297 absolutos
1132 2276 1191 2297 esse
1205 2268 1334 2297 Credibile
1350 2266 1388 2297 tit.
1407 2262 1439 2297 Et
1451 2269 1561 2305 quidem
1576 2269 1641 2297 olim
1654 2270 1768 2298 absente

979 2315 1107 2350 episcopo
1122 2316 1260 2349 nunquam
1276 2323 1292 2342 a
1312 2315 1477 2350 presbyteris
1492 2315 1662 2343 reconciliari
1676 2317 1767 2352 paeni-

980 2365 1067 2389 tentcs
1085 2360 1218 2393 solebant,
1233 2361 1281 2388 sed
1296 2361 1541 2388 extraordinarium
1558 2361 1603 2396 jus
1616 2362 1682 2390 illttd
1697 2368 1766 2395 erat,

979 2410 1006 2434 ct
1020 2407 1166 2435 identidem
1191 2407 1224 2434 ab
1247 2407 1376 2442 episcopo
1390 2407 1558 2439 mandatum,
1580 2409 1635 2436 non
1656 2409 1766 2437 ordina-

980 2453 1051 2481 rium
1060 2459 1092 2482 ac
1108 2453 1352 2482 certishoniinibus
1370 2454 1396 2480 in
1414 2455 1573 2488 perpetuum
1587 2456 1762 2484 attributum.

1014 2500 1104 2533 Quare
1127 2499 1158 2526 ut
1183 2498 1253 2534 apud
1281 2495 1418 2526 Romanos
1439 2499 1596 2534 capitalium
1620 2501 1767 2529 causarum

979 2546 1098 2581 cognitio
1117 2545 1235 2580 primunt
1253 2552 1268 2571 a
1282 2544 1388 2577 senatu,
1402 2545 1508 2580 quoties
1522 2547 1591 2581 opus
1611 2547 1680 2578 erat,
1701 2553 1769 2574 con:

979 2592 1068 2619 sulum
1086 2591 1164 2618 a‘ltcri
1194 2590 1371 2622 ambobusve,
1398 2594 1445 2618 aut
1474 2591 1536 2618 aliis
1561 2591 1768 2627 magistratibus

978 2637 1219 2670 committebatur;
1235 2639 1327 2671 postea
1354 2638 1504 2673 quzcstione
1529 2635 1635 2673 publica
1664 2640 1768 2667 consti-

978 2683 1047 2716 tuta,
1069 2683 1184 2718 singulis
1213 2683 1385 2715 criminibus,
1412 2685 1473 2719 quae
1499 2685 1608 2719 quidem
1631 2684 1766 2713 atrociora

978 2732 1080 2762 chcnt,
1095 2737 1162 2757 suus
1178 2729 1220 2756 est
1238 2730 1319 2764 judcx
1335 2738 1366 2757 ac
1383 2735 1480 2764 przetor
1495 2730 1636 2765 appositus
1653 2741 1660 2757 :
1677 2731 1718 2758 sic
1739 2731 1765 2759 in

980 2776 1100 2804 Ecclesia
1114 2775 1252 2810 qtiondam
1271 2776 1459 2811 painitcntium
1475 2783 1583 2807 caUsas,
1597 2776 1698 2811 quibus
1712 2776 1767 2804 vei-

979 2822 1026 2857 ict,
1046 2823 1237 2859 disceptandas
1255 2823 1398 2850 mandabat
1420 2823 1579 2858 cpiscopus;
1596 2822 1690 2858 pbstea
1706 2829 1767 2852 cer:

1587 2922 1628 2956 3.9
