1925 3043
181 154 251 194 tuas

724 165 898 194 APPENDIX
913 163 1233 193 DISSERTATIONUH.

1745 166 1814 192 1036

177 230 225 253 tus
243 234 272 251 ac
289 228 435 259 perpetuus
458 224 614 259 graviorum
639 224 785 252 criminum
808 225 899 258 iuncx,
918 232 959 252 not

1021 233 1074 251 των
1089 224 1137 256 τὰς
1159 224 1233 258 σφῶν
1257 221 1345 248 αὐτῶν
1370 220 1566 256 πλημμελείας,
1593 223 1638 249 καὶ
1661 223 1713 249 ὑπὸ
1737 224 1814 260 ἀκρι-

182 276 219 299 cst
235 271 349 306 publica:
363 270 528 306 ptcnitcntim
544 270 751 298 administrator
765 272 907 299 institutus
918 276 968 299 est.

179 317 319 348 Eiusmodi
336 316 557 352 pmnitentiarius
583 317 626 344 ille
641 317 781 353 presbyter
798 317 860 350 fuit,
880 317 971 344 orien-

179 364 254 391 tibus
277 362 453 397 Novatianis,
465 363 487 390 si
506 362 657 390 Novatiano
673 363 803 392 historico
821 363 969 393 credimus.

179 418 192 436 a
213 408 354 436 catholicis
379 409 493 436 ascitus.
520 409 592 436 idem
617 414 710 443 postea
734 409 820 444 stupri
838 408 910 436 illius
923 415 970 436 oc-

178 455 290 481 rosione
309 453 545 489 Constantinopoli
560 455 685 482 sublatus
696 474 704 486 ,
731 461 840 489 unaque
858 461 920 481 cum
936 461 969 481 eo

177 500 346 534 pmnitentia‘.
361 500 476 535 publica:
493 508 560 528 usus
579 501 747 536 interruptus
763 504 814 528 est.
830 498 968 527 Pceniten-

177 547 232 579 εἰπε,
248 547 372 581 inquam,
395 554 449 574 non
472 546 652 574 confessionis
674 546 800 581 publicae,
814 553 876 581 quae
893 545 967 572 nulla

179 600 299 628 unquam
314 593 342 621 in
356 601 446 621 rerum
464 598 562 621 natura
581 593 641 621 fuit.
667 592 744 626 Quod
767 591 839 619 enim
860 591 966 626 publica

177 640 311 667 duntaxat
334 640 492 675 paenitentia
508 647 653 675 suppressa
671 639 717 671 sit,
730 638 772 666 vel
798 643 893 665 auctor
909 638 967 672 ipse

179 689 241 719 post
257 683 397 712 Socratem
412 685 577 712 narrationis
596 684 669 712 illius
692 684 862 711 Sozomenus
877 686 967 710 osten-

176 730 239 757 dit:
257 730 305 765 qui
331 730 401 757 idem
416 750 424 762 ,
446 730 517 765 quod
541 729 778 764 Constantinopoli
806 729 965 763 abrogatum

176 775 293 807 dixerat,
310 775 374 813 alibi
392 779 538 808 terrarum,
557 779 583 802 et
603 775 630 802 in
650 775 805 805 Occidente,
820 782 852 802 ac
873 773 967 801 Romae

176 820 348 855 potissimum
376 828 566 856 perseverasse
589 821 686 854 docet;
712 820 785 855 quod
811 820 964 856 cujusmodi

173 871 246 894 esset
258 874 408 902 exponens,
423 867 526 894 nullum
544 867 618 894 aliud
635 866 687 894 nisi
702 866 817 901 publicae
830 866 965 902 pceniten-

1023 270 1099 302 θείας
1119 270 1173 296 τῶν
1199 269 1244 295 ἐπὶ
1267 267 1354 302 τούτῳ
1376 267 1555 301 τεταγμένων
1573 269 1685 303 κριτῶν.
1701 269 1814 301 Quando

1021 317 1126 351 quidem
1141 316 1254 347 minora,
1272 319 1300 341 ut
1323 314 1426 348 opinor,
1444 319 1519 340 erant
1540 321 1601 342 ante
1621 322 1740 350 peccata,
1755 325 1814 344 cum

1020 366 1127 396 propter
1144 369 1234 388 eorum
1259 359 1440 386 verecundiam
1457 360 1503 394 qui
1529 360 1577 387 illa
1599 362 1814 397 conﬁtebantur,-

1021 411 1077 433 tum
1089 405 1120 432 ob
1135 414 1225 434 eorum
1238 405 1284 441 qui
1299 405 1323 431 ci
1339 404 1442 439 negotio
1453 410 1585 439 prwerant
1600 407 1769 443 diligentiam
1783 417 1816 436 ac

1020 453 1238 480 sollicitudinem.
1249 451 1350 480 Verum
1365 452 1416 479 etsi
1432 451 1670 482 Novatianiverba
1684 461 1816 489 praestare

1020 499 1086 526 nihil
1107 507 1218 527 necesse
1237 499 1282 532 sit,
1301 504 1416 534 possunt
1438 508 1469 527 ea
1492 505 1580 527 tamen
1600 501 1640 528 sic
1660 501 1760 536 accipi,
1775 502 1814 528 uti

1020 545 1118 572 leviora
1136 544 1221 572 fuisse
1235 545 1350 573 crimina
1364 546 1469 579 doceat,
1485 547 1557 581 quod
1573 552 1599 574 et
1614 547 1658 575 illa
1677 548 1812 580 confiteri,

1019 591 1065 618 uni
1095 591 1221 618 videlicet
1244 591 1326 618 alicui
1354 592 1502 626 sacerdoti,
1526 594 1688 628 oportuerit.
1717 598 1813 629 utputa

1019 637 1231 671 pmnitcntiario,
1243 642 1270 664 et
1283 637 1318 664 ab
1327 638 1422 665 eodem
1435 638 1552 677 iullicgis
1564 647 1660 674 poenas
1671 641 1812 675 excipere.

1019 682 1131 710 Sublata
1144 690 1209 710 vero
1223 683 1395 718 pmnitentia,
1411 684 1520 712 tametsi
1536 685 1622 712 nihilo
1638 686 1729 713 secius
1745 694 1814 714 con-

1018 727 1169 761 titercntur,
1178 733 1267 755 tamen
1277 728 1385 763 publice
1399 729 1501 756 nullam
1514 730 1616 764 peccati
1628 731 1814 767 suisignitica-

1017 773 1118 800 tionem
1131 773 1252 807 dabant;
1269 774 1342 809 quod
1359 783 1446 802 unum
1465 776 1660 810 paenitentibus
1675 777 1814 805 molestis-

1017 819 1117 846 simum
1136 824 1195 847 erat
1212 824 1240 847 et
1260 820 1479 848 acerbissimum.
1502 821 1592 854 Quare
1609 822 1689 855 αἰδώς
1712 823 1758 850 illa
1786 829 1814 851 ct

1018 866 1179 894 verecundia
1194 874 1248 894 non
1267 872 1321 895 tam
1334 867 1367 895 ad
1380 867 1541 902 ἐξαγγελίαν
1557 868 1709 900 referenda.
1725 877 1811 904 quam

173 913 218 940 tiae
229 913 310 940 ritum
323 913 469 949 significat,
485 913 588 940 luctutn
601 912 737 945 videlicet,
753 913 888 948 lacrymas
900 919 962 940 cum
980 906 999 934 Β
1014 910 1047 937 ad
1066 911 1202 946 publicam
1220 911 1359 940 infamiam
1383 916 1411 940 et
1432 919 1552 947 poenam,
1567 921 1628 948 quae
1653 915 1811 948 graviorum

173 959 362 992 pomitcntium
378 958 512 994 ipsorum,
530 963 588 985 tum
600 958 719 993 episcopi
734 958 820 993 ipsius
836 965 868 985 ac
881 958 965 985 totius

173 1004 276 1038 populi.
291 1004 330 1030 Ad
344 1004 401 1031 haec
416 1003 531 1039 jejunio.
545 1003 656 1031 crebras
668 1003 808 1031 orationes
822 1011 855 1031 ac
869 1003 965 1031 statio-

173 1044 379 1081 ncsfscxccula
398 1050 423 1077 id
443 1057 541 1085 genus,
556 1057 674 1085 quorum
697 1049 724 1077 in
744 1049 882 1090 veteribus
897 1056 964 1077 con-

171 1096 243 1124 ciliis
269 1104 301 1124 ac
320 1101 478 1124 sanctorum
497 1096 608 1124 Patrum
628 1097 813 1125 monumentis
836 1096 964 1132 frequens

170 1147 212 1168 est
232 1147 260 1170 et
281 1148 408 1170 accurata
435 1143 547 1170 mentio.
575 1142 706 1178 Nuspiam
733 1147 824 1170 autem
848 1143 963 1177 publica:

170 1188 352 1217 confessionis
367 1196 448 1216 usum
463 1197 496 1216 ne
510 1189 598 1216 littera
613 1189 722 1224 quidem
738 1189 852 1223 attigere
866 1188 963 1216 Socra-

171 1239 212 1271 tes
230 1242 262 1262 ac
279 1235 469 1268 Sozomcnus-;
491 1243 578 1271 neque
597 1242 679 1270 porro
699 1235 822 1270 privatae.
838 1235 880 1262 vel
897 1243 962 1263 con-

172 1281 309 1313 fessionis,
324 1281 364 1308 vel
377 1281 544 1316 ptenitentim
559 1281 752 1312 meminerunt,
763 1288 845 1316 quam
861 1288 963 1309 utram-

171 1336 223 1361 que
247 1327 349 1354 salvam
376 1332 458 1362 atque
482 1326 647 1354 incolumem
663 1326 745 1354 ctiam
767 1326 962 1354 Constantino-

171 1372 225 1407 poli
254 1373 388 1400 mansisse
411 1371 513 1398 nemini
533 1371 647 1398 dubium
670 1378 732 1398 esse
757 1371 847 1398 debet.
870 1370 962 1406 Neque

169 1425 335 1452 quemquam
360 1421 476 1448 moveat,
500 1417 573 1451 quod
603 1416 732 1444 Socrates
759 1416 889 1450 subiicit,
908 1415 962 1444 Eu-

170 1464 321 1490 daunonem
337 1463 430 1494 istum,
447 1461 636 1501 qui’Neetario
656 1461 805 1497 abrogandi
826 1462 960 1496 paeniten—

170 1509 243 1535 tiarii
257 1508 407 1543 presbyteri
423 1508 568 1535 consilium
586 1507 671 1541 dedit,
687 1508 825 1535 hortatum
840 1515 912 1541 esse,
932 1512 961 1535 ut

169 1561 392 1589 unumquemque
414 1561 470 1581 suae
491 1554 664 1581 conscientiae
685 1553 872 1588 relinqueret:
889 1554 960 1588 Συγ-

169 1601 291 1637 χωρῆσαι
306 1600 335 1626 δὲ
349 1600 465 1627 ἕκαστον
483 1600 522 1635 τῷ
547 1600 604 1636 ἰδίῳ
624 1600 754 1627 συνειδότι
777 1600 832 1628 τῶν
855 1609 959 1636 μυστη-

169 1647 235 1682 ρίων
253 1647 376 1682 μετέχειν
387 1655 393 1662 ·
416 1651 444 1673 ut
461 1651 555 1682 suapte
570 1647 729 1674 conscientia
744 1646 826 1682 fretus
850 1647 958 1682 ejusque

167 1697 270 1720 secutus
287 1692 429 1719 arbitrium
445 1693 570 1728 mysteria
587 1698 740 1728 capesseret.
756 1692 823 1720 Nam
838 1693 903 1720 illud
917 1693 959 1720 in-

167 1743 208 1766 ter
225 1738 395 1774 antiquitatis
407 1739 598 1772 ecclesiasticae
610 1740 710 1773 peritos
724 1739 859 1772 convenit,
874 1738 959 1774 publi-

166 1793 227 1812 cam
242 1785 306 1811 olim
318 1785 516 1820 paenitentiam,
529 1784 581 1812 hoc
593 1788 635 1812 est
646 1792 742 1819 pmnas
757 1785 840 1820 ipsas,
858 1785 958 1820 quibus

165 1830 383 1864 satisfaciebant,
399 1838 549 1865 earumque
572 1834 679 1866 tempus
700 1838 733 1858 ac
749 1831 882 1858 rationem
903 1834 957 1857 tam

165 1881 380 1912 constanterac
403 1883 507 1908 severe,
533 1881 558 1904 et
586 1876 620 1904 ad
648 1884 767 1912 unguem
797 1877 958 1904 observasse

167 1921 285 1955 priscam
306 1920 467 1954 Ecclesium,
493 1925 522 1948 ut
547 1926 610 1949 ante
632 1922 734 1956 justam
754 1930 786 1949 ac
808 1922 956 1958 legitimam

166 1966 240 1993 illius
263 1965 428 1993 functionem
451 1966 528 1994 nefas
550 1974 611 1994 esse
633 1972 740 2002 putaret
763 1968 796 1995 ad
820 1976 912 2003 pacem
930 1973 958 1996 et

167 2011 388 2039 communionem
407 2012 545 2040 accedere.
562 2013 631 2040 llinc
643 2021 721 2041 acres
739 2022 771 2042 ac
785 2014 957 2042 vehementes

168 2059 220 2084 ilhc
239 2057 365 2093 Cypriani
384 2059 533 2093 prmscrtim
549 2060 678 2094 querelae,
693 2068 762 2095 quas
784 2061 810 2087 in
830 2061 900 2088 libro
918 2060 956 2088 De

166 2104 248 2138 lapsis
264 2108 291 2131 ct
308 2104 334 2130 in
353 2104 475 2138 epistolis
492 2105 619 2132 inculcat.
638 2107 703 2132 Ante
722 2107 829 2140 expiata
845 2106 955 2139 delicta,

165 2151 202 2172 illi.
215 2145 284 2172 libro
297 2145 334 2172 De
349 2145 443 2180 lapsis,
457 2152 518 2174 ante
529 2147 738 2183 erltomologesin
751 2147 851 2182 factum
865 2149 956 2175 crimi-

165 2191 216 2223 nis,
234 2195 295 2217 ante
315 2197 454 2227 purgatam
480 2194 667 2220 conscientiam
691 2194 824 2228 sacri/icio
835 2199 860 2220 et
875 2202 954 2221 manu

1016 956 1161 984 criminum
1174 958 1374 986 confessionem
1388 959 1544 986 necessario
1557 966 1727 994 sequeretur.
1741 959 1811 988 Nam

1014 1007 1063 1030 aut
1085 1003 1170 1036 nulla,
1193 1008 1241 1032 aut
1270 1004 1363 1032 leviori
1383 1005 1544 1033 verecundia
1575 1005 1703 1041 deinceps
1721 1005 1811 1034 atl’ecti

1015 1053 1090 1081 sunt,
1115 1049 1188 1084 quod
1210 1049 1312 1078 scirent
1330 1050 1439 1085 publica
1459 1058 1487 1078 se
1511 1051 1670 1086 ignominia,
1695 1060 1728 1080 ac
1755 1058 1810 1080 tam

1013 1095 1145 1129 diuturno
1166 1096 1290 1124 cruciatu
1313 1096 1460 1124 carituros.
1481 1097 1521 1124 Ad
1544 1104 1604 1124 eam
1633 1103 1752 1125 mentem
1779 1106 1812 1126 ac

1014 1142 1177 1169 sententiam
1193 1142 1272 1177 dirigi
1287 1147 1412 1177 possunt,
1429 1150 1491 1177 qua:
1505 1150 1520 1170 a
1534 1142 1731 1178 Chrysostomo
1746 1152 1809 1172 cum

1016 1187 1079 1214 aliis
1095 1187 1123 1214 in
1143 1187 1222 1220 locis,
1237 1192 1294 1214 tum
1311 1187 1386 1215 hom.
1403 1187 1419 1215 5
1437 1188 1475 1214 De
1494 1188 1623 1223 incompr.
1637 1188 1684 1216 Dci
1701 1195 1810 1222 natura,

1015 1240 1110 1266 parum
1129 1233 1273 1260 commode
1290 1233 1363 1260 dicta
1378 1233 1512 1265 videntur,
1535 1234 1580 1261 ubi
1606 1239 1764 1269 peccatores
1777 1243 1810 1262 ea

1014 1285 1043 1305 se
1059 1278 1116 1311 lege
1130 1283 1209 1313 negat
1228 1279 1409 1314 obstringere,
1424 1284 1454 1306 ut
1471 1280 1638 1314 hominibus,
1655 1283 1700 1309 sed
1718 1288 1747 1310 ut
1762 1283 1810 1309 uni

1013 1323 1145 1351 duntaxat
1170 1324 1224 1351 Deo
1248 1330 1358 1360 peccata
1385 1325 1530 1353 fateantur.
1551 1326 1602 1352 Διὰ
1618 1326 1697 1353 τοῦτο
1714 1336 1807 1364 παρα-

1013 1369 1098 1399 καλῶ,
1115 1369 1162 1396 καὶ
1179 1369 1286 1405 δέομαι.
1309 1369 1356 1397 καὶ
1373 1370 1507 1397 ἀντιϐολῶ
1528 1370 1748 1406 ἐξομολογεῖσθαι
1770 1373 1810 1407 τῷ

1012 1415 1071 1448 Θεῷ
1089 1415 1216 1451 συνεχῶς.
1238 1416 1304 1443 Οὐδὲ
1322 1416 1377 1452 γὰρ
1393 1417 1434 1448 εἰς
1450 1417 1480 1443 τὸ
1500 1416 1612 1453 Οὲατρόν
1633 1426 1662 1444 σε
1678 1419 1738 1453 ἄγω
1754 1419 1810 1445 τῶν

1013 1461 1081 1491 adn,
1098 1461 1159 1488 οὐδὲ
1175 1461 1328 1496 ἐκκαλύψαι
1350 1464 1406 1494 τοῖς
1427 1462 1581 1498 ἀνθρώποις
1603 1464 1751 1498 ἀναγκάζω
1775 1466 1810 1492 τὰ

1012 1506 1215 1542 ἁμαρτήματα·
1230 1508 1261 1534 τὸ
1283 1508 1401 1540 συνειδὸς
1416 1506 1568 1542 ὰῆράπτυξον
1589 1509 1743 1546 ἔμπροσθεν
1759 1511 1809 1538 τοῦ

1012 1551 1090 1582 Θεοῦ,
1109 1552 1156 1579 καὶ
1173 1552 1247 1588 αὐτῷ
1260 1553 1346 1587 δεῖξον
1361 1554 1396 1580 τὰ
1411 1555 1566 1592 τραύματα,
1581 1556 1628 1583 καὶ
1646 1558 1709 1592 παρ’
1724 1558 1808 1585 αὐταῦ

1012 1597 1046 1624 τὰ
1059 1598 1194 1633 φάρμακα
1219 1598 1341 1634 αἴτησον.
1363 1599 1425 1626 Non
1444 1605 1478 1632 te,
1495 1601 1593 1636 inquit,
1612 1602 1639 1628 in
1655 1610 1761 1630 scenam
1775 1612 1807 1630 ac

1010 1652 1191 1671 conservorum
1204 1649 1308 1672 tuorum
1323 1654 1473 1673 consessum
1494 1648 1600 1682 prodire
1613 1648 1692 1682 jnbeo
1702 1670 1711 1683 ,
1726 1658 1808 1685 neque

1010 1689 1158 1716 hominibus
1170 1695 1277 1724 peccata
1294 1695 1339 1717 tua
1351 1691 1499 1726 patefacere
1511 1701 1522 1719 :
1535 1693 1588 1720 imo
1602 1702 1660 1721 rora
1673 1696 1808 1722 conscien-

1010 1734 1075 1760 lium
1088 1739 1159 1761 luant
1174 1743 1263 1762 coram
1278 1735 1332 1763 Deo
1345 1738 1430 1772 aperi,
1459 1743 1511 1766 etc.
1543 1737 1648 1766 Etenim
1662 1742 1733 1774 quod
1750 1745 1806 1768 tum

1009 1781 1175 1815 poenitentia!
1187 1781 1302 1816 publicae
1321 1790 1388 1810 usus
1412 1783 1607 1818 intercidisset,
1626 1793 1736 1820 peccata
1757 1795 1805 1815 co-

1009 1834 1067 1853 ram
1082 1826 1239 1856 hominibus
1252 1828 1384 1863 publicari
1401 1829 1549 1864 desierant,
1567 1832 1618 1859 hoc
1634 1837 1677 1859 est
1689 1837 1805 1861 externo

1009 1873 1055 1900 illo
1069 1874 1197 1908 Squalere
1218 1882 1251 1902 ac
1271 1876 1408 1910 sordibus,
1427 1877 1530 1911 cilicio,
1562 1878 1740 1911 volutatione,
1762 1887 1804 1908 re-

1008 1919 1083 1955 liqua
1097 1921 1171 1948 omni
1185 1922 1313 1949 maeroris
1332 1929 1364 1950 ac
1384 1922 1475 1950 luctus
1486 1914 1688 1958 significatione
1703 1925 1802 1961 detegi.

1008 1968 1170 2001 Quanquam
1201 1968 1286 1995 multa
1317 1972 1381 1995 sunt
1413 1976 1428 1996 a
1453 1970 1634 1998 sanctissimis
1658 1969 1803 2004 Patribus,

1008 2011 1213 2046 praesertimquc
1233 2020 1248 2039 a
1261 2011 1458 2048 Chrysostomo
1480 2014 1506 2041 in
1531 2014 1651 2042 homiliis
1670 2023 1803 2051 aspersa;

1007 2064 1068 2091 qua:
1088 2057 1109 2084 si
1135 2058 1168 2085 ad
1192 2062 1295 2086 exacta:
1309 2059 1433 2087 veritatis
1459 2060 1580 2095 regulam
1595 2063 1804 2090 accommodare

1007 2103 1138 2136 volueris,
1164 2103 1228 2131 boui
1255 2111 1354 2132 sensus
1381 2104 1472 2132 inania
1500 2106 1683 2135 videbuntur:
1702 2108 1803 2144 quippe

1007 2147 1203 2176 declamatorio
1222 2148 1267 2176 illo
1281 2157 1357 2177 more
1379 2151 1412 2178 ad
1433 2151 1584 2186 imperitam
1603 2152 1659 2180 fere
1677 2154 1802 2182 multitu-

1006 2193 1110 2226 dinem,
1127 2195 1306 2229 exaggcrandi
1330 2203 1426 2230 causa,
1445 2202 1472 2224 ct
1498 2198 1591 2225 subito
1608 2199 1727 2234 quodam
1752 2201 1802 2228 im-

165 2236 320 2269 sarerdotis,
337 2242 399 2263 ante
419 2237 545 2271 offensam
567 2237 700 2272 placatum
721 2238 883 2274 indignantis
902 2239 953 2266 Do-
967 2251 995 2281 ι)
1009 2243 1070 2273 pelu
1088 2239 1195 2267 dicendi
1213 2247 1245 2268 ac
1260 2240 1352 2268 calore
1371 2241 1482 2276 profusa
1500 2243 1625 2271 feruntur
1639 2244 1801 2280 plerumque

165 2283 230 2309 mini
249 2287 273 2309 et
288 2283 424 2315 minantis,
443 2292 532 2317 pacem
547 2288 640 2318 putant
662 2292 728 2317 esse,
750 2293 830 2320 quant
849 2285 954 2320 quidem

163 2329 245 2355 verbis
261 2329 403 2363 fallacibus
418 2330 562 2357 venditant.

201 2374 275 2402 lianc
292 2376 456 2409 pmuitentitn
479 2375 594 2403 formam
616 2384 678 2404 cum
700 2377 819 2413 episcopi
838 2378 954 2414 diligen-

164 2425 205 2447 ter
226 2421 381 2455 exigerent,
407 2429 456 2448 nec
481 2422 531 2449 nisi
557 2422 680 2449 absoluta
707 2424 751 2450 illa
781 2423 954 2459 perfectaque

163 2475 328 2501 quemquam
348 2467 530 2500 admitterent,
545 2469 634 2496 ablata
650 2470 888 2504 Constantinopoli
901 2478 952 2504 pu-

163 2513 232 2539 blica
257 2513 432 2547 pwnitentia,
457 2514 581 2548 privatim
607 2515 754 2551 unicuique
782 2516 954 2543 moderaka

163 2560 236 2587 illius
257 2567 289 2587 ac
312 2560 489 2586 terminandae
513 2566 633 2595 potestas
655 2567 697 2589 est
719 2561 806 2594 facta;
832 2570 894 2589 eum
920 2570 952 2589 ca

165 2612 254 2633 tamen
268 2607 405 2638 cautione,
421 2611 449 2633 ut
460 2607 510 2634 uisi
524 2608 574 2634 rite
588 2612 613 2634 et
628 2615 676 2642 pro
689 2608 851 2635 delictorum
871 2608 952 2635 modo

163 2660 178 2678 a
194 2652 284 2686 scipso
300 2659 394 2686 punias
418 2658 558 2687 repeteret,
581 2653 651 2688 apttd
671 2653 754 2681 Deum
780 2661 950 2690 nequaquam

162 2697 239 2731 culpa
254 2702 366 2724 careret.
386 2698 530 2732 Aliquanto
546 2698 682 2726 difﬁcilius
700 2705 750 2732 est,
771 2701 844 2734 quod
862 2700 950 2728 Sozo-

162 2750 259 2770 menus
275 2743 392 2770 disserit.
411 2743 537 2776 Queritur
551 2745 623 2772 enim
642 2745 693 2772 hoc
714 2746 785 2772 velut
805 2745 882 2773 freno
901 2746 951 2774 de-

163 2793 249 2815 tracto
265 2789 393 2822 majorem
407 2790 440 2816 ad
460 2797 540 2816 omne
558 2790 647 2817 scelus
661 2791 847 2825 impunitatem
867 2800 898 2819 ac
917 2793 950 2819 li~

163 2836 277 2861 centiam
292 2836 438 2863 exstitisso.
448 2836 524 2862 Ἐπεὶ
532 2836 674 2871 πρότερον,
683 2837 720 2868 ὠς
734 2837 862 2873 ήγῡῦμαι,
879 2839 948 2873 μείω

159 2879 194 2905 τὰ
212 2880 396 2917 ἁμαρτήματα
412 2880 455 2917 ἦν,
476 2882 527 2908 ὑπό
545 2890 573 2908 τε
592 2881 682 2913 αἰδοῦς
701 2883 754 2909 τῶν
776 2883 949 2919 ἐξαγγελλόνι

1007 2285 1144 2313 licentius.
1172 2285 1247 2313 Unde
1271 2295 1305 2314 ex
1322 2287 1437 2315 aliorum
1456 2290 1658 2323 comparatione
1676 2290 1799 2319 locorum

1006 2331 1049 2358 vel
1063 2331 1242 2359 conciliorum
1263 2333 1354 2368 potius
1375 2341 1407 2361 ac
1431 2334 1542 2362 Patrum
1567 2338 1753 2372 temperanda,
1773 2343 1800 2366 et

1006 2376 1033 2402 in
1047 2383 1143 2411 gyrum
1164 2377 1285 2404 veritatis
1305 2379 1459 2406 revocanda
1474 2385 1548 2406 sunt.

1041 2421 1122 2457 Atqui
1136 2423 1278 2450 innumera
1294 2429 1357 2451 sunt
1373 2425 1544 2460 antiquitatis
1559 2427 1729 2461 testimonia,
1740 2437 1800 2465 qua:

1005 2474 1179 2503 peccatorum
1197 2469 1373 2501 confessioni,
1396 2476 1423 2498 et
1440 2472 1549 2506 quidem
1574 2477 1687 2501 secreta:
1705 2482 1739 2502 ac
1758 2480 1799 2502 ta-

1004 2515 1075 2546 citze,
1087 2513 1300 2543 luculentissime
1313 2516 1497 2552 suffragantur
1509 2527 1516 2544 :
1531 2526 1592 2553 qua:
1605 2527 1668 2546 cum
1681 2520 1733 2548 hac
1745 2529 1798 2548 una

1004 2562 1046 2589 vel
1072 2562 1156 2588 altera
1178 2562 1259 2596 paulo
1277 2563 1436 2590 obscuriore
1455 2563 1642 2599 Chrysostom'i
1661 2567 1798 2594 sententia

1004 2609 1175 2643 compensari
1193 2614 1316 2643 possunt.
1329 2608 1407 2641 Nam,
1426 2615 1453 2637 ut
1472 2618 1523 2644 ego
1534 2612 1630 2646 paucis
1646 2612 1796 2647 absolvam,

1003 2655 1169 2690 nequeenim
1184 2655 1208 2682 id
1222 2656 1302 2682 modo
1314 2656 1420 2690 agitur:
1433 2662 1609 2693 quotcunque
1617 2663 1739 2686 veterum
1751 2659 1797 2687 Pa-

1003 2706 1074 2728 trum
1088 2702 1188 2736 scripta
1211 2709 1284 2736 sunt,
1305 2704 1346 2732 vel
1369 2706 1547 2734 conciliorum
1567 2706 1796 2743 decreta,quibus

1001 2747 1168 2782 pmttitentitc
1183 2749 1279 2778 modus
1292 2750 1432 2785 indicitur,
1443 2753 1554 2780 totidem
1565 2753 1748 2783 confessionis
1758 2763 1795 2783 ar-

1001 2801 1076 2821 came
1093 2795 1262 2823 ﬁrmamenta
1282 2805 1314 2824 ac
1335 2798 1501 2827 monimenta
1518 2801 1682 2829 retinemus;
1695 2801 1795 2829 Jubent

1000 2841 1189 2876 antiquissima
1202 2841 1311 2870 Patrum
1325 2849 1405 2880 atque
1418 2845 1545 2874 Ecclesia:
1557 2847 1694 2879 consulta,
1705 2849 1794 2883 lapsos

1000 2894 1049 2921 pro
1058 2893 1229 2922 peccatorum
1241 2896 1264 2924 gr
1275 2891 1372 2919 civitate
1385 2891 1474 2927 plecti,
1485 2898 1509 2920 et
1519 2894 1550 2921 ab
1567 2894 1737 2922 antistitibus
1749 2899 1794 2922 aut
