1925 3043
149 184 218 212 1057

611 177 653 204 DE
674 174 909 204 Ptl-ZMTliNll/li
929 172 1064 201 VETEllE
1081 171 1279 198 lliSlill‘lJNA.

1708 167 1717 193 Ι
1725 165 1776 194 (‘58

147 238 336 267 sacerdotibus
362 235 508 272 poenio-udi
531 235 600 269 leges
622 242 653 261 ac
677 233 846 261 conditiones
865 231 935 258 acei—
953 240 972 260 Α
992 229 1188 264 tlbrysostomo
1217 226 1328 253 minime
1355 229 1518 252 revocatum.
1546 225 1585 250 Ub
1611 230 1656 250 cas
1680 229 1778 272 causas

148 293 220 321 pere,
239 289 278 316 ιιι,
293 291 387 310 eorum
408 290 491 309 causa
516 281 624 315 cognita
647 288 678 307 ar
698 279 846 315 prudenter
866 278 938 304 msti—

147 337 238 363 mata,
263 329 410 357 levioribus
436 329 495 355 illos
522 326 725 363 gravioribusve
748 325 836 360 poenis
859 332 937 352 coer-

147 380 236 404 ceant.
253 374 322 408 Quis
336 374 387 401 nisi
401 373 514 400 insanus
526 372 604 400 aliter
616 372 642 398 id
656 369 842 398 administrari
859 376 939 403 posse

149 424 234 456 putet,
248 427 331 454 quam
352 419 374 446 si
393 421 502 453 peccata
525 425 574 445 sua
597 417 640 444 ille
659 416 726 451 ipse,
751 415 796 449 qui
818 414 937 446 admisit,

148 466 290 502 exponat?
310 464 492 493 Confessione
510 464 592 498 igitur
607 471 639 490 ac
650 462 833 490 declaratione
849 461 939 496 aliqua

149 517 219 545 opus
233 516 285 536 est.
301 508 337 535 Ea
359 517 421 535 vero
444 508 549 542 privata
571 515 602 535 ac
623 507 717 537 tacita,
733 513 762 534 ιιι
786 506 866 534 hodie
887 511 938 537 est,

149 556 186 582 ita
203 560 334 590 perpettto
353 554 412 587 luit,
436 562 486 581 ttee
505 553 559 581 ulla
581 561 701 588 unquam
718 552 826 587 publica
843 561 892 579 ttsu
908 560 941 579 ae

150 601 274 628 morilnts
291 600 419 631 Ecclesia:
434 605 539 635 recepta
555 609 562 627 :
579 599 650 635 quod
668 604 806 634 postremo
821 600 881 627 luco
893 599 940 626 de-

151 647 358 674 monstrandum
375 647 558 682 suscepimus.

170 700 297 728 Fuerim:
320 701 452 736 qnomlant
472 701 577 736 publica
598 706 766 735 peccatorum
794 701 923 735 confessio

347 736 471 764 Ecclesiw
491 737 607 764 moribus
630 742 741 771 recepta.

187 781 346 809 luvrt‘eravit
358 783 496 818 1ιιιεςριριιι]
515 783 733 819 quamplurimos
744 783 831 811 astatis
844 789 942 811 nosme

152 828 301 863 scriptores
313 829 426 864 opinio,
444 829 579 864 publicam
601 834 773 863 peccatorum
792 829 941 857 confessio-

151 881 213 900 ttetn
228 875 394 908 poenitentia:
407 881 511 910 partem
524 875 609 903 fuisse
620 896 628 908 ,
641 876 819 911 eamdemque
832 876 942 910 perinde

152 923 183 946 ut
198 925 295 947 canora
318 920 390 947 illius
405 920 491 948 ollieia
512 921 650 948 connntttti
673 929 722 949 usu
746 929 778 948 ac
794 926 942 949 consuetu—

155 967 218 993 dine
242 972 389 1001 rueeptam.
411 967 463 994 Sed
494 967 647 1002 cujusmodi
662 967 772 994 demunt
794 975 826 994 ea
852 967 942 997 fuerit,

153 1013 308 1047 quibusque
327 1012 439 1040 definita
456 1017 629 1047 peccatorum
648 1014 804 1048 generibus,
822 1021 874 1040 non
896 1020 943 1040 eoo

154 1059 214 1086 dem
233 1059 315 1086 modo
339 1059 516 1093 pronuntiant
531 1067 635 1086 otuttes.
667 1059 764 1086 Verum
782 1059 827 1086 alii
845 1059 930 1086 tolera

156 1105 248 1136 bilem,
271 1105 316 1132 alii
334 1112 446 1139 prorsus
460 1105 609 1132 absurdum
629 1105 702 1132 hunc
716 1112 837 1132 errorem
860 1105 944 1132 inter~

155 1150 308 1185 pretationc
323 1158 373 1178 sua
390 1150 501 1178 faciunt.

144 1205 177 1229 vn,
191 1196 278 1223 Fuere
293 1196 338 1230 qui
366 1195 470 1223 ttttlluttt
496 1200 670 1230 peccatorum
688 1203 773 1230 genus
795 1202 810 1222 a
831 1195 945 1230 publica:

157 1243 214 1277 lege
229 1242 414 1269 confessionis
423 1242 597 1276 exciperent,
623 1249 655 1268 ne
678 1242 785 1269 occulta
813 1242 942 1276 quidem:

157 1296 227 1322 quos
241 1289 431 1323 prudentiores
443 1287 532 1315 caeteri
548 1288 646 1315 merito
661 1287 822 1322 rejicieudos
835 1293 942 1322 putant.

157 1334 209 1361 Alii
238 1333 344 1369 publica
366 1333 498 1361 duntaxat
521 1333 655 1364 critnina,
681 1333 816 1368 vulgoque
836 1335 945 1369 cognita

158 1379 272 1413 publica:
298 1379 335 1405 illi
365 1379 529 1414 professioni
559 1379 718 1414 subjiciunt.
753 1379 804 1406 Alii
830 1379 946 1414 denique

157 1431 231 1452 certa
243 1426 376 1452 duntaxat
387 1433 419 1452 ex
434 1425 562 1452 omnibus
577 1433 592 1452 a
606 1425 773 1459 pmnitentia:
786 1425 946 1460 praesidibus

159 1472 262 1500 delecta
279 1471 456 1499 contendunt.
474 1471 580 1499 Rursus
596 1472 681 1507 aliqui
699 1473 860 1506 pmnitentes
873 1473 946 1507 ipsos

158 1524 285 1546 asserunt
316 1518 343 1544 in
371 1517 531 1545 concionem
558 1518 705 1552 productos
731 1526 780 1545 sua
807 1519 945 1553 propalant

991 275 1102 302 dttbiutu
1121 273 1222 300 nemini
1248 271 1309 305 fuit,
1327 272 1392 306 qttitt
1428 275 1524 305 prater
1550 271 1681 304 privatam
1705 269 1777 296 illam

991 327 1021 346 ac
1037 318 1195 354 legitimam.
1211 322 1238 344 et
1253 324 1314 344 vete
1336 315 1530 346 necessariam,
1545 314 1690 349 qua-renda
1707 313 1780 341 esset

991 365 1088 392 altera.
1112 363 1356 398 constituendaque
1388 361 1506 397 publica.
1533 361 1582 388 Cui
1613 360 1781 388 stabilienda:

991 411 1198 445 asserendteque
1219 409 1293 436 varia
1323 408 1498 442 postmodum
1523 407 1647 442 pra'sid’ia
1666 406 1781 442 conqui-

991 457 1106 487 sierunt,
1118 465 1149 484 ex
1166 456 1347 491 quorunu’lam
1361 453 1472 481 Patrum
1490 453 1696 480 auctoritatibus
1706 463 1711 480 :
1723 459 1779 480 tuttt

993 511 1056 529 vero
1071 502 1296 537 i-xbomologesiu
1316 501 1387 527 illam
1407 508 1439 526 eo
1457 504 1594 526 traxerunt
1610 508 1615 525 :
1633 499 1713 533 cujus
1732 508 1780 526 att-

991 548 1103 583 tiquilas
1126 548 1216 575 ontnis
1246 547 1402 574 Christiana
1423 551 1543 581 pcrstepe
1563 546 1694 573 meminit.
1717 545 1779 574 [huc

992 593 1101 620 illorum
1117 594 1186 620 ratio
1199 592 1267 624 fuit,
1289 600 1378 620 nostra
1398 600 1462 620 vero
1480 598 1521 621 est
1535 593 1667 629 ejusmodi
1685 602 1691 619 :
1710 593 1778 619 Cum

993 639 1026 666 de
1047 638 1143 673 priscis
1170 638 1297 666 Ecclesia‘
1325 639 1422 666 ritibus
1449 639 1553 673 agitur,
1584 639 1652 665 nihil
1680 643 1781 666 temeto

994 693 1043 713 nec
1063 685 1167 720 absque
1185 690 1306 712 veterum
1324 686 1488 720 scriptorum
1510 686 1647 721 expressis
1662 685 1781 713 testiino-

994 730 1046 757 uiis
1058 729 1236 758 aliercndum.
1254 729 1348 764 Neque
1366 730 1438 757 enim
1455 731 1480 757 id
1497 738 1579 757 unum
1598 730 1697 757 intueri
1716 730 1784 757 satis

993 784 1063 808 csse,
1077 784 1158 811 quant
1176 781 1200 804 te
1215 776 1392 812 probabiliter
1405 784 1420 804 c
1433 776 1537 811 laqueis
1557 776 1715 811 quaestionis
1733 776 1783 802 alis

994 824 1075 857 cujus
1100 823 1230 857 explices,
1246 823 1317 856 quod
1344 824 1370 849 in
1395 823 1568 850 scholasticis
1588 822 1784 850 controversiis

997 876 1047 896 IISU
1084 868 1174 900 venit;
1201 868 1247 895 sed
1274 869 1454 903 quodcunque
1477 869 1586 895 deruunt
1621 866 1784 902 antiquioris

995 916 1122 943 Ecclesirc
1137 916 1261 943 moribus
1279 915 1450 950 aseripseris,
1463 915 1544 951 hujus
1559 924 1590 942 ex
1609 915 1720 942 historia
1737 913 1784 951 tibi

995 961 1135 989 veritatem
1149 969 1209 989 esse
1223 961 1415 996 prmstandam.
1432 960 1493 988 Jant
1511 969 1576 987 vero
1591 961 1634 988 hic
1658 961 1701 987 ille
1718 968 1783 987 cott-

995 1007 1121 1034 l‘essionis
1142 1007 1258 1042 publica:
1284 1014 1355 1039 mos,
1378 1013 1432 1041 quo
1449 1006 1482 1033 de
1500 1006 1607 1042 agitur,
1625 1014 1676 1032 ttou
1703 1006 1785 1032 tnodo

996 1053 1112 1081 solidum
1130 1053 1211 1080 habet
1231 1053 1297 1080 nihil
1320 1057 1365 1080 aut
1381 1061 1540 1087 expressum
1556 1061 1588 1079 es
1612 1053 1686 1079 l)lIII!l
1706 1057 1783 1079 vctu-

996 1099 1074 1126 statis
1089 1100 1230 1129 memoria,
1241 1107 1294 1133 quo
1310 1099 1377 1126 lucri
1390 1105 1449 1126 sese
1462 1099 1558 1135 possit,
1571 1100 1616 1125 se-I
1631 1099 1724 1126 multis
1739 1107 1785 1125 va-

996 1145 1193 1179 lidissimisque
1203 1145 1358 1172 rationibus
1367 1145 1506 1172 evertitur.
1521 1145 1573 1172 Sed
1584 1149 1717 1180 repugnat
1731 1152 1784 1179 pra:

995 1191 1101 1218 caeteris
1123 1191 1284 1226 gravissima
1300 1191 1329 1218 S.
1351 1191 1451 1220 Leonis
1466 1191 1632 1219 sanctissimi
1648 1190 1784 1227 pontificis

996 1237 1153 1268 auctoritas,
1167 1237 1212 1272 qui
1225 1237 1518 1272 ltaneprolitcndorum
1533 1237 1639 1273 publice
1651 1238 1785 1266 scelerum

996 1284 1222 1311 consuetudinem
1244 1290 1374 1319 tanquam
1390 1285 1547 1320 apostolica:
1566 1285 1665 1320 regulae
1679 1290 1790 1313 contra-

998 1329 1065 1356 riam
1082 1330 1217 1364 improbat
1229 1330 1344 1365 epistola
1359 1331 1403 1362 80,
1422 1338 1483 1366 cap.
1498 1331 1525 1358 2.
1541 1331 1626 1366 Cujus
1645 1332 1724 1359 verba
1745 1332 1788 1359 hic

997 1376 1108 1403 omnino
1123 1376 1301 1404 describenda
1313 1381 1377 1404 suttt
1392 1387 1398 1404 :
1411 1377 1505 1409 Illam,
1519 1378 1616 1412 inquit,
1633 1378 1713 1405 etiam
1726 1387 1801 1405 con-.

999 1427 1039 1449 ινα
1053 1421 1226 1457 apostolicam
1238 1423 1355 1458 regulam
1367 1423 1609 1458 prwsumptionem.
1618 1432 1697 1459 quam
1707 1425 1789 1459 nnprr

999 1469 1092 1503 agnovi
1117 1477 1134 1495 ιι
1158 1469 1318 1503 quibusdam
1338 1469 1434 1496 illicita
1460 1472 1631 1504 usurpatione
1650 1471 1790 1502 rontmitti,

1000 1516 1084 1542 modis
1108 1516 1228 1543 omnibus
1249 1516 1381 1542 constitua
1404 1516 1552 1542 submovcri
1567 1516 1617 1551 (de
1637 1516 1792 1552 pmnitentia

160 1569 268 1599 peccata
300 1563 460 1597 confessos;
486 1563 543 1597 alii,
567 1571 623 1598 quo
637 1563 744 1591 illorttm
769 1564 864 1598 pudori
882 1572 948 1592 con-
963 1572 985 1602 ο
1001 1562 1131 1595 videlicet,
1151 1570 1210 1597 qua:
1224 1562 1264 1589 ita
1276 1570 1292 1588 (ι
1306 1561 1429 1596 ﬁdelibus
1441 1562 1593 1597 postulatur
1605 1562 1625 1597 ),
1638 1570 1670 1589 ne
1688 1562 1721 1589 de
1732 1563 1791 1589 sin-

159 1610 303 1642 sulerctur,
330 1617 377 1637 eas
404 1614 495 1644 partes
529 1609 716 1637 sacerdotibus
744 1609 949 1637 demandandas

161 1661 300 1688 putarunt,
317 1656 363 1691 qui
387 1661 434 1683 aut
448 1658 615 1686 memoriter,
631 1660 679 1682 aut
693 1663 724 1682 ex
741 1655 843 1690 srripto
861 1657 949 1691 potni-

161 1702 274 1730 lcntimn
289 1703 406 1729 erimina
427 1703 452 1729 in
468 1702 597 1737 populum
614 1702 751 1729 alfcrrent.

196 1748 218 1775 A
245 1749 346 1783 quibus
369 1748 497 1775 omnibus
525 1748 699 1775 vehementer
723 1755 774 1783 ego
807 1749 947 1776 dissentto.

161 1793 254 1829 Neque
280 1794 352 1820 ettint
377 1794 475 1821 adduci
500 1801 610 1828 possunt
629 1799 657 1820 ιιι
671 1794 842 1827 existiment,
865 1795 949 1829 legem

164 1841 245 1868 ullam
269 1840 295 1867 itt
314 1840 434 1868 Ecclesia
460 1840 545 1868 fuisse
570 1848 690 1875 unquam
713 1839 865 1875 ejusmodi,
891 1849 952 1876 qua:

163 1891 273 1920 pem-ala
296 1887 411 1921 proferri
440 1887 546 1921 publice
574 1887 735 1914 decreverit.
763 1886 855 1913 Fuerit
877 1888 950 1914 enim

163 1933 299 1959 interdum
316 1932 427 1967 aliquis.
461 1933 507 1967 qui
530 1932 696 1960 abundantia
716 1933 832 1967 quadam
849 1932 952 1961 doloris

163 1986 195 2005 ac
215 1978 323 2012 pictatis
338 1978 437 2005 delicta
455 1987 503 2006 sua
519 1986 614 2005 eoratn
629 1979 757 2006 omnibus
772 1972 930 2014 exposuerit
944 1988 950 2006 :

165 2031 337 2058 nequaquam
365 2028 454 2050 tamen
486 2024 512 2050 id
545 2024 571 2050 in
598 2024 751 2058 exctnplunt
778 2025 953 2051 consuetudi~

166 2077 283 2105 nemque
305 2071 368 2105 jttre
392 2074 481 2104 potest
501 2069 654 2097 transferri.
683 2069 735 2097 Sed
758 2075 787 2097 ut
815 2071 901 2106 magis
926 2071 952 2098 in

165 2123 255 2143 arcent
270 2116 431 2150 quaestionis
455 2115 528 2143 illius
551 2116 721 2148 iurulentus,
740 2116 884 2151 utriusque
898 2121 955 2143 uto-

167 2166 257 2188 menta
270 2170 312 2196 pat
321 2162 354 2189 tis
366 2166 393 2189 et
405 2162 526 2197 pondera
539 2161 683 2197 diligenter
698 2162 858 2189 aestimanda
871 2167 953 2194 sunt;

167 2209 299 2243 negantis,
318 2208 440 2243 inquam,
461 2215 537 2240 mete,
558 2213 585 2234 et
603 2206 763 2234 allirntantis
778 2207 900 2234 alterius.

156 2271 164 2274 —
201 2254 264 2282 Hate
280 2255 362 2290 igitur
383 2262 416 2282 ex
440 2254 601 2282 Nectariana
619 2254 664 2282 illa
689 2254 803 2281 historia
828 2259 891 2281 nata
908 2261 956 2289 po-
971 2253 994 2281 ι)

167 2301 304 2328 tissitttttttt
325 2301 441 2327 videtur.
462 2297 549 2333 Quum
568 2307 630 2327 cutn
653 2299 740 2328 nostri
762 2299 896 2327 acerrime
919 2299 954 2326 ab

168 2347 303 2374 lttereticis
327 2346 426 2381 opponi
451 2350 612 2376 cernerent.
633 2353 723 2380 neque
747 2346 830 2372 aliunt
851 2345 954 2374 exitum

167 2392 338 2420 difﬁcultatis
357 2392 486 2426 expedire
512 2397 642 2426 possent,
666 2390 805 2426 ingeniose
829 2391 900 2418 istud
924 2399 956 2417 ac

168 2439 283 2469 solerter
312 2438 510 2471 excogitarnnt.
539 2436 673 2465 Videbunt
697 2437 769 2463 enim
793 2436 818 2463 id
845 2436 957 2464 omnino

168 2484 304 2511 sublatum
321 2492 336 2510 a
350 2483 487 2516 Nectarii),
504 2483 575 2511 ttnde
594 2489 668 2510 tanta
684 2491 714 2510 se
729 2482 836 2510 invidia:
848 2483 956 2510 flamma

169 2530 344 2559 concitasset.
368 2529 426 2558 Hoc
445 2535 536 2558 autem
558 2530 623 2565 quid
648 2529 721 2556 aliud
746 2537 816 2562 essu,
832 2537 914 2564 quam
932 2529 956 2556 id

169 2585 200 2604 ex
214 2585 269 2612 quo
285 2581 415 2604 matrona!
427 2581 563 2611 stuprum,
580 2585 613 2604 ac
625 2576 732 2604 diaconi
751 2576 882 2611 ﬂagitium
899 2584 957 2603 ma—

171 2627 249 2650 narat
272 2622 298 2649 in
322 2622 476 2657 pupulum?
504 2622 568 2648 liam
585 2630 649 2649 vero
666 2622 759 2657 proud
784 2622 868 2649 dubio
890 2630 957 2649 cott-

171 2669 318 2697 fessionem
336 2668 421 2695 fuisse
435 2678 441 2696 :
458 2669 529 2703 quod
547 2669 581 2695 ita
595 2668 690 2695 Latine
703 2669 774 2703 aptnl
794 2667 936 2696 Socratem
951 2677 957 2694 :

173 2715 269 2742 Mulier
280 2715 384 2750 longius
399 2715 426 2741 in
440 2715 588 2749 conﬁtendo
603 2723 752 2750 progressa.
772 2714 853 2742 Nefas
868 2719 958 2742 autem

171 2765 213 2788 est
227 2760 354 2787 arbitrari
372 2760 504 2794 privatam
527 2763 554 2786 et
579 2769 593 2784 ει
612 2758 737 2786 Nectario
758 2757 959 2785 (-oulessioncnt

171 2808 318 2836 extortam,
335 2804 450 2837 etquod
469 2808 550 2837 caput
574 2808 627 2836 est,
655 2803 688 2829 ab
707 2803 778 2830 illius
801 2809 960 2830 successore

210 2881 216 2897 '
239 2879 269 2908 Ρ.
289 2882 347 2916 qui.-

1000 1608 1121 1642 gulorutu
1137 1612 1304 1642 peccatorum
1317 1616 1418 1642 genere,
1437 1607 1533 1634 libellis
1550 1608 1650 1642 seripta
1664 1609 1792 1642 professio

1001 1653 1102 1687 publica
1122 1654 1256 1686 recitetur,
1272 1661 1330 1679 cunt
1345 1658 1432 1680 reatus
1447 1653 1666 1683 coitscirntiarum
1681 1654 1792 1688 sti/[ictat

1001 1700 1065 1726 solis
1076 1699 1255 1726 sacerdotibus
1270 1699 1384 1725 indicari
1395 1699 1556 1733 confessione
1569 1704 1678 1726 secreta.
1695 1700 1794 1733 Quam-

1003 1746 1038 1772 vis
1053 1745 1122 1772 enim
1137 1745 1272 1780 plenitudo
1286 1745 1349 1779 ﬁdei
1362 1745 1482 1772 videatur
1494 1753 1550 1772 esse
1571 1745 1717 1777 laudanda,
1734 1755 1792 1781 qua:

1001 1794 1106 1825 propter
1134 1790 1181 1818 Dei
1201 1791 1322 1818 timorem
1343 1785 1413 1825 apud
1429 1790 1547 1818 homines
1569 1791 1719 1819 erubescere
1740 1798 1792 1819 non

1003 1844 1121 1871 veretur,
1147 1844 1234 1866 tamen
1255 1838 1317 1874 quia
1342 1844 1393 1865 non
1420 1839 1536 1865 omnium
1559 1839 1710 1873 Itujurmodi
1730 1845 1792 1866 sunt

1002 1890 1126 1920 peccata,
1153 1890 1180 1912 ut
1202 1893 1250 1917 ea,
1273 1885 1351 1920 quw‘
1374 1885 1553 1920 pmititentiant
1580 1891 1690 1920 poscunt
1705 1905 1711 1917 ,
1741 1895 1793 1916 non

1004 1932 1112 1958 timeant
1126 1931 1272 1966 publicare,
1290 1935 1453 1958 removeatur
1467 1937 1523 1958 tam
1535 1931 1716 1966 improbabilis
1732 1940 1795 1959 wn—
1822 1927 1825 1930 ’

1003 1977 1125 2009 suetudo,
1143 1986 1173 2004 ne
1188 1978 1264 2006 multi
1282 1986 1297 2004 a
1316 1978 1474 2013 pwititcntia:
1498 1978 1619 2006 remedii;
1639 1983 1794 2011 arceantur,

1003 2024 1067 2051 dum
1082 2029 1128 2050 aut
1142 2024 1308 2057 erubescunt,
1324 2029 1370 2050 aut
1392 2030 1511 2051 metuunt
1527 2024 1643 2051 inimicis
1662 2031 1711 2050 sua
1723 2025 1796 2059 farta

1005 2070 1128 2103 reserari,
1145 2071 1238 2105 quibus
1253 2070 1354 2105 possint
1374 2068 1459 2105 legunt
1474 2071 1659 2097 constitutione
1676 2071 1792 2104 percelli.

1005 2115 1104 2150 Sufﬁcit
1118 2116 1186 2142 enim
1203 2115 1250 2142 illa
1264 2115 1393 2152 rortfcasio
1404 2136 1411 2147 ,
1430 2123 1488 2150 quia
1510 2116 1623 2150 primum
1646 2115 1701 2142 Deo
1716 2117 1795 2151 a/fer-

1006 2166 1066 2192 tur,
1090 2168 1145 2188 tum
1167 2162 1246 2188 etiam
1269 2163 1417 2194 sacerdoti,
1443 2163 1487 2196 qui
1513 2171 1560 2194 pro
1584 2163 1689 2190 delictis
1710 2164 1795 2196 pleni-

1006 2208 1116 2234 tentiunt
1127 2213 1248 2242 νινε-«ιον
1255 2208 1367 2234 accedit.

1047 2251 1094 2280 llis
1110 2253 1255 2280 verborum
1270 2254 1523 2288 sententiarumque
1544 2254 1704 2282 fulminibus
1719 2264 1795 2282 cont-

1006 2305 1126 2327 mentum
1143 2299 1208 2326 illud
1233 2299 1348 2334 publica:
1377 2299 1560 2329 confessionis
1587 2302 1751 2336 percellitur.
1767 2303 1797 2330 Si

1007 2346 1094 2378 enim,
1111 2354 1145 2372 tte
1165 2346 1318 2373 volentibus
1339 2346 1449 2380 quidem
1474 2351 1555 2381 atque
1578 2348 1649 2374 ultro
1674 2348 1797 2383 ﬂagitan-

1010 2391 1082 2419 tibus
1093 2391 1240 2418 criminum
1253 2391 1435 2426 reis,publice
1449 2393 1501 2420 ista
1514 2394 1685 2428 pronuntiari
1702 2403 1798 2429 passus

1007 2442 1065 2468 est,
1082 2445 1198 2472 eamque
1213 2442 1307 2464 contra
1332 2438 1504 2466 traditionem
1530 2441 1705 2475 apostolicam
1730 2449 1798 2476 pra:-

1008 2486 1179 2518 sttnlpliouem
1196 2492 1257 2512 esse
1270 2485 1380 2512 delinit:
1395 2490 1473 2513 estne
1490 2492 1519 2514 ut
1531 2487 1660 2522 rejectum
1674 2495 1706 2515 ac
1721 2488 1798 2516 dant-

1009 2537 1103 2558 natuut
1131 2530 1196 2558 tanti
1224 2531 1361 2566 pontiﬁcis
1384 2531 1490 2565 judicio
1515 2541 1619 2561 morcnt
1646 2534 1796 2569 legitimum

1010 2577 1157 2612 aliquando
1174 2576 1259 2604 fuisse
1275 2582 1412 2612 putemus,
1427 2583 1454 2606 et
1466 2579 1606 2607 commutti
1619 2580 1654 2607 ab
1670 2580 1799 2608 omnibus

1012 2623 1140 2651 Ecclesite
1156 2624 1218 2658 jure
1236 2624 1395 2651 servaturi]?
1410 2625 1444 2652 At
1460 2625 1531 2652 enim
1549 2625 1671 2660 plerique
1690 2625 1731 2653 sic
1755 2634 1797 2654 rc-

1010 2670 1145 2704 spondent
1159 2679 1165 2696 :
1182 2669 1300 2698 Leonem
1315 2671 1348 2698 de
1361 2671 1476 2699 occultis
1488 2671 1622 2699 duntaxat
1635 2672 1798 2707 criminibus

1010 2714 1103 2750 loqui,
1129 2724 1190 2751 qua:
1212 2716 1319 2750 publice
1347 2717 1471 2745 confiteri
1492 2725 1572 2744 nemo
1594 2718 1727 2749 debuerit,
1745 2725 1798 2746 non

1011 2765 1101 2788 autem
1119 2761 1152 2788 de
1167 2761 1293 2796 publicis,
1311 2771 1371 2797 quze
1393 2763 1471 2790 unica
1487 2763 1602 2798 publica
1618 2764 1799 2794 confessionis

1013 2814 1090 2839 seges
1113 2808 1226 2835 exstitit.
1245 2808 1422 2835 Commodius
1451 2808 1495 2836 isti
1521 2817 1603 2842 sane,
1620 2811 1666 2844 qui
1694 2812 1728 2839 ab
1749 2812 1799 2840 hac
