1925 3043
156 194 223 221 MSS

700 192 871 219 APl‘lIMllK
896 192 1212 222 DISSEltTATIONUM.

1713 197 1779 224 1030

154 250 253 284 publici
282 249 339 283 lege
359 247 499 275 dedecoris
525 247 633 274 occulta
658 248 754 274 saltem
779 248 937 282 ειοίῃίιυιιε
956 253 975 279 Α
991 249 1071 277 debet.
1088 251 1191 278 referri.
1210 251 1287 284 Quod
1314 251 1526 286 prudentissime
1551 252 1586 279 ah
1613 253 1708 280 cedent
1736 253 1780 281 illo

153 296 225 329 quod
245 303 277 322 nc
300 295 343 321 alii
364 294 471 329 quidem
495 294 647 321 remittunt.
663 293 785 326 Quorutn
809 294 940 321 nonnulla

154 341 293 367 tcum-ritas
310 340 460 367 Tridentini
487 340 595 366 concilii
621 347 687 366 voce
710 347 742 366 ac
759 340 868 366 decreto
888 347 939 366 uo-

153 392 233 414 tatur.
245 386 347 414 Etenim
364 394 432 414 sess.
448 387 490 418 t4,
504 394 564 422 cap.
580 386 607 419 5,
620 394 681 414 cum
696 387 836 414 docuisset
851 387 940 422 publi-

153 441 213 460 cam
230 433 428 460 confessionem
447 433 520 459 nullo
535 433 625 460 divino
641 438 770 466 prweepta
785 434 940 460 man-imam

152 478 247 509 fuisse,
268 479 356 504 statim
384 478 494 513 adjicit:
517 478 572 505 Nec
596 479 663 505 satis
688 479 805 506 consulte
826 479 941 506 humana

152 524 241 558 aliqua
260 523 313 558 lege
326 523 531 557 praeciperetur,
553 528 582 550 ut
605 523 711 556 delicta,
733 525 878 558 pra'sertim
899 532 940 551 se-

152 575 234 601 creta,
247 570 354 604 publica
368 575 452 597 essent
467 571 631 605 confessione
644 571 795 605 aperienda.
813 571 940 599 Divinum

151 624 263 650 prorsus
280 623 312 642 ac
338 621 414 643 tanto
440 623 570 643 consessu
593 617 704 651 dignum
720 617 862 644 oraculum
877 637 884 649 ,
907 626 939 644 ex

150 670 205 695 quo
223 669 277 688 non
295 662 378 688 modo
388 661 422 688 de
435 667 603 689 secretorum
618 662 777 696 criminum,
798 664 845 690 sed
859 663 940 690 etiam

152 707 323 742 publicarunt
341 707 449 742 publica
465 707 637 742 professione
649 708 739 744 eolligi
755 713 854 744 potest,
868 710 940 737 nulla

151 762 272 788 unquam
298 754 427 785 humana,
444 755 495 782 hoc
516 760 557 782 est
572 755 755 783 ecclesiastica
773 755 841 791 lege,
858 764 940 791 quam

151 800 244 827 divino
259 805 394 835 praecepto
407 800 561 828 Tridentini
578 801 672 829 Palrcs
687 806 840 837 opponunt,
854 803 942 837 pceui-

153 848 272 874 tentibus
300 847 456 882 impositam
483 847 567 875 fuisse
589 856 621 875 ac
646 856 680 875 nc
708 849 809 883 itnpoui
831 849 940 884 quidem

150 894 299 928 prudenter
318 893 449 928 potuisse.
481 893 621 928 Siquidem
646 901 698 921 vox
723 894 768 921 illa
792 895 940 928 prtesertim

992 295 1151 323 Tl'ltlﬂltllllﬂ
1185 297 1301 323 eottcilio
1328 297 1483 324 declaratur
1517 298 1558 326 his
1585 299 1697 326 verbis:
1723 297 1781 326 Etsi

992 342 1114 370 Christus
1142 352 1193 370 non
1212 344 1343 376 retuerit,
1369 345 1433 379 quin
1463 345 1559 381 aliquis
1586 346 1612 372 in
1640 346 1781 373 rindictan

991 396 1099 414 urorum
1116 388 1252 418 scelerum.
1265 394 1289 415 et
1306 389 1347 415 sui
1361 389 1583 423 humiliutionem,
1600 399 1659 416 eum
1674 391 1704 417 ob
1717 391 1782 417 alio-

991 441 1049 459 rum
1064 433 1211 469 exemplum
1237 439 1261 460 et
1284 435 1326 460 sui
1349 434 1577 467 Itanﬁlt'att'ouem,
1595 441 1651 462 tum
1670 437 1700 463 ob
1734 436 1782 462 Ee-

991 479 1078 505 clesiw
1107 479 1214 513 o/fensm
1239 479 1460 514 tediﬁcationem,
1477 481 1575 508 delicta
1604 490 1653 508 sua
1680 482 1782 516 publice

991 525 1111 559 conﬁteri
1125 526 1226 558 possit:
1246 534 1297 552 non
1311 531 1348 552 est
1365 531 1451 553 tamen
1475 527 1523 553 hoc
1542 527 1630 554 divino
1651 535 1782 562 pra-cepto

992 571 1168 603 mandatum,
1185 580 1231 598 nec
1253 573 1319 599 satis
1341 573 1459 599 consulte
1477 573 1594 600 humana
1617 574 1708 607 aliqua
1728 574 1781 608 lege

990 618 1186 651 prtvciperetur,
1197 621 1250 645 etc.
1265 617 1369 645 Addam
1385 622 1412 645 et
1427 618 1499 646 alittd
1512 619 1640 653 denique,
1655 625 1683 645 nt
1698 627 1782 654 quant

989 671 1088 698 parum
1109 663 1160 690 sibi
1177 664 1271 698 opinio
1302 664 1346 691 illa
1369 667 1476 691 constet
1498 672 1594 692 omnes
1619 665 1780 700 intelligant.

992 708 1043 741 Qui
1058 708 1225 743 poenitentia:
1241 709 1356 743 publica:
1371 714 1475 744 partem
1493 708 1692 737 confessionem
1705 718 1782 744 atque

992 753 1129 788 publicam
1156 754 1281 787 faciunt,
1311 755 1393 782 iidctn
1420 754 1516 789 majori
1536 763 1569 782 ex
1585 759 1661 790 parte
1674 756 1781 783 occulta

992 799 1108 826 crimina
1129 800 1218 835 palam
1245 800 1379 828 declarari
1398 805 1497 835 negant
1517 801 1681 835 oportuisse.
1700 801 1780 836 Atqui

992 852 1180 879 saepenumero
1205 849 1318 881 propter
1341 846 1447 873 occulta
1474 845 1563 874 solum
1601 851 1628 874 et
1642 846 1678 884 ab
1709 846 1781 882 ipso,

992 891 1038 924 qui
1054 890 1240 921 commiserat,
1257 895 1354 925 sponte
1373 890 1492 926 prodita,
1504 890 1610 926 publica
1622 896 1663 919 est
1679 892 1780 919 indicta

151 939 223 966 hanc
241 939 323 966 habet
337 939 402 971 vim,
421 943 451 966 ut
465 944 563 967 caetera
580 947 690 975 quoque
704 948 799 976 parum
816 941 939 968 consulte
956 939 975 966 li
991 936 1158 971 pamitcnlia.
1173 936 1268 964 Caruit
1289 941 1345 964 tum
1368 937 1451 972 igitur
1476 937 1568 973 aliqua
1588 937 1630 965 sui
1650 941 1728 973 parte
1755 944 1781 965 et

150 983 321 1018 protumtiari
342 987 525 1017 censeantur,
544 985 667 1019 adeoque
684 993 745 1020 qua:
765 985 799 1012 de
818 986 871 1013 illis
888 993 940 1021 pu-

151 1029 221 1056 blice
239 1028 402 1057 eonfitcndis
424 1029 478 1056 lata
499 1028 581 1057 fuerit
600 1031 642 1057 lex
662 1031 815 1058 inconsulta
836 1033 872 1059 sit
889 1032 941 1058 mi-

151 1075 277 1111 nimcquc
292 1076 422 1111 prudens,
435 1077 487 1104 etsi
501 1075 585 1103 altera
608 1084 669 1111 qua:
683 1079 717 1104 de
737 1077 851 1105 secretis
870 1077 939 1105 idem

151 1126 297 1155 statueret,
318 1122 468 1158 prudentia:
487 1122 579 1150 minus
593 1122 701 1150 habeat.
724 1122 843 1158 Apparet
859 1123 941 1158 igitur

151 1177 183 1195 ex
208 1168 432 1196 Tridentinorum
458 1168 570 1196 Patrum
597 1166 679 1196 sensu
698 1169 801 1196 nullam
819 1177 940 1205 unquam

151 1214 304 1242 istiusmodi
319 1215 404 1250 legem
419 1214 570 1248 exstitisse,
582 1222 643 1249 quae
666 1215 699 1242 ad
720 1215 858 1250 publicam
873 1225 940 1252 quo-

150 1268 320 1294 rumcunque
347 1265 521 1296 peccatorum
545 1260 746 1288 confessionem
777 1262 940 1297 potuitcnlcs

150 1307 323 1352 astiingcret.
338 1305 428 1340 Quare
438 1306 537 1334 Leonis
548 1307 629 1334 etiam
642 1307 781 1334 decretum
798 1308 831 1335 ad
847 1309 939 1336 omnia

150 1357 322 1386 peccatorum
340 1360 438 1386 genera
454 1353 579 1388 pertinet.
594 1352 682 1387 Atque
699 1353 739 1380 vel
756 1361 789 1380 cx
807 1361 851 1387 co,
866 1355 940 1389 quod

146 1399 226 1425 l'atcri
242 1399 287 1425 isti
303 1404 448 1433 coguntur,
469 1398 574 1434 publica
598 1398 686 1426 solum
716 1399 831 1426 crimina
853 1401 939 1427 conti-

149 1445 228 1471 tcnda
266 1445 368 1477 fuisse,
386 1452 438 1472 non
470 1443 599 1477 ooculta,'
615 1444 717 1471 nullam
738 1445 851 1472 omnino
874 1453 940 1473 cou-

144 1489 296 1517 fessionem
325 1489 461 1524 publicam
490 1490 548 1524 lege
576 1489 754 1517 constitutam
779 1498 841 1518 esse
870 1491 940 1518 vali~

150 1535 263 1562 dissimo
282 1535 450 1569 probabitur.
470 1535 576 1562 Etenim
592 1542 654 1562 cum
673 1535 708 1563 ob
728 1536 852 1570 graviora
870 1537 940 1564 dun-

151 1585 224 1607 taxat
240 1585 267 1607 ct
281 1581 406 1615 capitalia
428 1581 529 1608 scelera
552 1581 710 1616 pmniteutia
730 1582 836 1616 publica
864 1590 932 1617 pra:-

149 1627 250 1662 scripta
269 1627 314 1659 sit,
332 1626 379 1661 qui
405 1627 463 1654 hrec
482 1627 590 1661 publice
618 1627 802 1662 omnibusque
820 1629 939 1656 consciis

150 1672 317 1705 admisisset,
336 1680 398 1699 cum
416 1672 522 1707 publice
544 1677 635 1708 postea
651 1674 802 1708 pmnitcrct.
823 1671 888 1709 quid
907 1683 938 1703 ca

150 1718 272 1745 ronliteri
298 1726 413 1746 necesse
436 1719 541 1752 habuit,
564 1725 611 1746 aut
628 1720 674 1754 qui
703 1721 812 1747 tandem
835 1721 862 1748 in
888 1721 940 1749 illis

149 1765 258 1799 publice.
283 1765 441 1799 prolitvndis
468 1765 553 1800 pudor
578 1773 610 1792 ac
639 1766 816 1800 verecundia,
844 1767 889 1794 cui
911 1767 939 1794 in

151 1811 305 1845 abroganda
331 1810 504 1838 confessione
530 1810 675 1839 Nectar-ius
699 1812 858 1839 consultum
878 1820 941 1840 eSse

151 1855 290 1882 voluerat?

185 1911 317 1944 Queritur
332 1904 512 1945 Sozomcn’us,
528 1912 636 1940 sublato
655 1913 705 1940 hoc
719 1913 788 1947 ipso,
799 1912 940 1948 quodcun-

150 1964 203 1991 que
217 1958 325 1983 tandem
341 1956 483 1985 Nectarius
498 1957 666 1992 antiquavit,
681 1958 754 1985 velut
777 1957 854 1985 freno
870 1965 940 1992 quo-

150 2003 213 2029 dam
228 1999 349 2030 detracto
360 2021 368 2034 ,
383 2003 514 2038 majorem
534 2003 567 2030 ad
591 2010 673 2031 omne
696 2003 786 2031 scelus
802 2003 940 2031 licentiam

150 2048 278 2076 homines
298 2049 436 2081 habuisse.
452 2056 515 2076 cum
531 2053 594 2076 ante
607 2048 658 2084 τῆς
678 2048 838 2084 ὲξαγγελίας
853 2054 940 2076 metus

152 2094 212 2121 illos
238 2101 270 2121 ac
288 2094 450 2122 verecundia
468 2101 615 2122 coerceret.
630 2093 721 2122 Nostri
736 2096 787 2122 hoc
800 2095 833 2122 ad
852 2094 954 2129 publir

152 2147 212 2166 catn
227 2139 426 2168 confessionem
442 2140 619 2168 transferunt.
630 2140 670 2175 Si,
686 2144 716 2168 ut
731 2140 836 2173 volunt,
853 2139 940 2175 publi-

152 2192 246 2212 cormn
261 2186 402 2220 duntaxat,
423 2186 486 2221 quis
505 2186 550 2214 ille
564 2191 656 2215 tantus
675 2186 763 2222 pudor
777 2186 869 2220 fuerit,
885 2194 940 2213 non

153 2231 231 2258 video
242 2252 250 2263 ,
267 2237 314 2259 aut
332 2232 394 2267 quis
408 2233 561 2267 praecipuus
582 2240 616 2260 ex
637 2240 669 2260 ea
690 2233 796 2260 fructus
808 2253 816 2266 ,
833 2233 941 2268 quodve

153 2276 186 2304 ad
199 2276 374 2304 deterrendos
389 2285 405 2303 a
420 2276 528 2312 ﬂagitiis
542 2277 665 2304 homines
682 2281 862 2310 momentum,
876 2284 938 2304 cum
955 2293 978 2321 Ι)

152 2323 244 2357 ignota
260 2330 320 2356 qua‘
335 2321 525 2357 plolitert-ntur
544 2327 636 2350 essent
651 2323 763 2350 nemini.
779 2322 814 2349 At
833 2323 940 2350 seclusa

151 2368 336 2401 confessione,
354 2369 478 2403 publicus
493 2369 539 2396 ille
558 2369 747 2405 pmttitcutium
764 2370 872 2403 lucius,
893 2369 942 2396 ab-

151 2414 231 2443 iectio
249 2415 305 2447 ipsa
321 2414 374 2445 sui,
389 2413 495 2446 sordes,
512 2413 683 2446 lamentatio,
701 2412 873 2448 supplicatio,
889 2420 943 2439 ca:-

152 2465 263 2494 teraque
278 2459 303 2485 id
319 2467 403 2494 genus
414 2460 480 2487 satis
496 2467 621 2494 magnam
637 2459 829 2486 verecundiam
846 2463 944 2493 praeter

152 2513 262 2533 sensum
277 2505 378 2533 doloris
389 2506 550 2538 attulerunt,
563 2506 665 2541 quibus
680 2505 811 2532 refrenari
828 2513 843 2532 a
857 2505 942 2537 vitiis,

151 2556 180 2579 et.
208 2552 235 2578 iu
261 2552 350 2578 otlirio
378 2552 512 2579 conlineri
537 2556 670 2587 possent:
695 2559 777 2586 quam
806 2556 832 2579 et
856 2551 942 2586 ipsam

152 2597 241 2624 fateor
269 2597 404 2631 publicam
435 2597 581 2632 quamdam
613 2598 716 2631 peccati
744 2596 942 2631 professionem

153 2642 248 2670 fuisse.
261 2643 302 2669 Ad
316 2651 398 2678 quam
412 2643 559 2670 accesserit
573 2650 640 2670 sane
652 2649 847 2676 nonnunquam
860 2642 943 2668 ctiam

152 2697 282 2724 expressa
294 2689 383 2716 verbis
408 2690 510 2722 altera,
531 2693 557 2716 ct
584 2684 707 2724 public‘a',
724 2690 770 2717 sed
786 2697 868 2724 quam
889 2697 944 2716 non

154 2735 208 2762 ulla
235 2735 420 2762 ecclesiastica
445 2735 487 2762 lex
513 2735 720 2770 prmscrihet'ct,
736 2743 767 2763 ac
784 2744 817 2762 ne
831 2735 944 2770 permit-

154 2786 222 2809 teret
251 2782 360 2817 quidem
377 2782 495 2809 fortasse
506 2802 513 2814 ,
530 2781 576 2809 sed
595 2783 741 2809 vehemens
759 2782 850 2816 potius
867 2782 944 2809 dolor

155 2836 186 2855 ac
196 2828 304 2862 pietatis
315 2835 414 2856 sensus
428 2828 601 2855 extunderet.
621 2827 745 2862 Denique
758 2828 830 2862 quod
847 2835 862 2854 a
879 2834 944 2862 pau-

153 2882 193 2900 εις
207 2874 353 2908 aliquando
370 2874 483 2906 factum,
510 2875 590 2909 idque
605 2874 779 2909 perobscurc,
796 2874 942 2908 colligitur,
959 2900 962 2904 ,

155 2927 209 2947 non
224 2920 250 2947 id
265 2921 292 2947 in
306 2922 544 2954 consuetudinem,
557 2929 588 2948 ac
605 2921 691 2949 multo
707 2920 797 2948 minus
815 2921 842 2947 in
858 2920 942 2954 legem

992 981 1101 1016 quidem
1125 983 1278 1010 necessaria
1304 983 1413 1018 publica
1444 984 1488 1011 illa
1509 984 1678 1019 pmnitentia.
1702 984 1780 1017 Quod

991 1033 1081 1055 autem
1098 1028 1179 1055 etiam
1197 1029 1305 1056 arcanis
1321 1029 1471 1057 sceleribus
1489 1030 1596 1065 publice
1609 1030 1709 1058 inﬂicta
1728 1038 1781 1066 paL

991 1073 1106 1101 nitentia
1133 1074 1187 1105 sit,
1207 1075 1285 1102 tidem
1315 1075 1417 1103 faciunt
1445 1076 1629 1111 antiquissimi
1650 1085 1779 1108 cauoues.

991 1119 1018 1146 in
1036 1119 1132 1153 primis
1148 1119 1256 1152 Basilii,
1271 1120 1317 1155 qtti
1332 1127 1394 1147 can.
1411 1120 1440 1147 6|
1459 1121 1493 1147 ad
1509 1120 1721 1154 Amphilochium
1748 1121 1782 1147 de

992 1164 1051 1192 fure
1079 1165 1119 1191 sic
1142 1165 1265 1200 praecipit
1284 1175 1290 1193 :
1308 1165 1408 1201 Siquis
1430 1171 1521 1201 sponte
1549 1175 1597 1193 sua
1611 1167 1780 1193 commissum

991 1210 1120 1244 fateatur,
1137 1214 1165 1237 ut
1182 1219 1236 1238 uno
1250 1211 1383 1238 duntaxat
1402 1220 1471 1238 anno
1489 1212 1670 1246 ptent'teutiam
1687 1212 1780 1244 obeat;

991 1255 1031 1282 sin
1048 1256 1182 1283 convictus
1195 1265 1227 1283 ac
1237 1256 1412 1291 deprehensus
1428 1257 1518 1292 fuerit,
1532 1257 1646 1286 biennio.
1659 1258 1688 1285 In
1701 1266 1780 1286 conc.

990 1302 1119 1338 Carthag.
1139 1310 1169 1330 Ill
1187 1310 1248 1330 can.
1263 1302 1298 1329 52
1315 1303 1453 1330 decretutn
1469 1308 1510 1330 cst
1523 1325 1531 1336 ,
1545 1308 1573 1330 ut
1588 1304 1723 1339 presbyter
1738 1304 1781 1331 in-

991 1349 1112 1376 consulto
1135 1345 1257 1384 epist'opo
1274 1358 1324 1376 non
1345 1349 1495 1376 reronriliet
1517 1351 1704 1384 pwnitentcm,
1728 1352 1780 1378 nisi

991 1396 1096 1433 absentfe
1107 1396 1238 1430 episcopo,
1252 1400 1276 1422 et
1293 1395 1447 1422 necessitate
1465 1400 1580 1429 cogente.
1595 1395 1781 1430 Cujusennque

991 1448 1078 1469 autent
1096 1442 1243 1476 paenitentis
1268 1441 1402 1476 publicum
1417 1448 1442 1467 et
1457 1441 1669 1476 uulgatissimum
1683 1442 1780 1468 crimen

990 1493 1039 1519 est,
1058 1488 1127 1523 quod
1155 1489 1275 1515 universa
1292 1487 1412 1514 Ecclesia
1437 1488 1558 1522 noverit,
1580 1494 1641 1514 ante
1662 1488 1780 1517 antideo:

991 1542 1086 1561 ntauus
1098 1534 1122 1561 ei
1137 1534 1299 1569 imponatur.

1027 1580 1090 1607 llzee
1115 1581 1173 1615 ipsa
1204 1581 1312 1608 concilii
1336 1582 1441 1608 sanctio
1469 1581 1621 1609 clarissime
1634 1581 1780 1616 signiﬁcat,

991 1627 1043 1654 alia
1061 1632 1157 1661 prtetcr
1173 1627 1280 1662 publica
1297 1627 1384 1656 fuisse
1400 1633 1509 1663 peccata
1520 1649 1527 1660 ,
1542 1636 1603 1663 quae
1621 1627 1780 1663 posuiteutizt

991 1678 1200 1701 coercerentur:
1219 1681 1281 1701 cum
1311 1681 1326 1701 a
1352 1675 1458 1702 castoris
1487 1674 1593 1709 publica
1619 1674 1780 1701 nominatim

990 1720 1119 1754 excipiat.
1146 1719 1249 1748 Deinde
1268 1728 1318 1748 nec
1345 1721 1410 1748 illud
1435 1721 1551 1749 obscure
1576 1721 1733 1756 colligitur:
1758 1721 1780 1747 si

992 1765 1065 1797 ulla,
1081 1766 1189 1800 qualem
1208 1766 1252 1794 isti
1271 1766 1393 1801 lingunt,
1411 1768 1518 1802 publica
1539 1766 1635 1794 fuisset
1656 1771 1781 1802 peccato-

991 1819 1051 1838 rum
1064 1811 1213 1845 coufessio,
1226 1820 1337 1847 perraro
1352 1817 1441 1840 tamen
1459 1821 1539 1840 usum
1554 1813 1627 1840 illius
1639 1812 1779 1840 incidisse.

990 1856 1059 1884 Nam
1084 1858 1108 1885 si
1129 1858 1236 1892 publice
1261 1863 1288 1886 et
1307 1859 1334 1886 in
1351 1858 1485 1894 frequenti
1503 1859 1630 1887 Ecclesia:
1646 1863 1780 1887 comentu

988 1903 1045 1938 jam
1060 1911 1091 1931 ea
1107 1905 1310 1939 prodidissent.
1327 1913 1376 1932 cur
1395 1906 1422 1932 in
1438 1905 1667 1933 manifestissimis
1683 1906 1781 1933 dunta-

992 1953 1039 1976 ttat
1059 1950 1196 1985 certisque
1221 1950 1384 1978 criminibus
1400 1959 1496 1979 manus
1522 1951 1557 1978 iis
1580 1955 1643 1978 ante
1659 1952 1780 1986 apsidcm

992 1995 1159 2030 imponitur?
1188 1996 1292 2030 Quippe
1317 1997 1439 2024 oumium
1463 1996 1523 2024 sine
1547 1996 1602 2023 ullo
1623 1996 1782 2024 discrimine

992 2041 1184 2076 potnitentium
1199 2047 1308 2076 peccata
1322 2042 1379 2077 jam
1394 2047 1472 2069 erant
1487 2043 1596 2069 illorunt
1609 2041 1781 2070 confessione

993 2086 1148 2115 manifesta.
1169 2087 1262 2122 Neque
1286 2096 1351 2115 vero
1379 2088 1433 2116 dici
1454 2088 1526 2115 istud
1554 2093 1655 2122 potest,
1683 2088 1782 2116 illustri

991 2132 1083 2167 aliqua
1100 2134 1264 2161 auctoritate
1285 2139 1405 2161 veterum
1432 2142 1464 2162 ac
1479 2133 1590 2161 Patrum
1611 2134 1659 2161 niti
1674 2134 1782 2162 confes-

992 2179 1096 2207 sionem
1112 2180 1192 2207 istam
1209 2180 1356 2214 publicam.
1379 2179 1446 2207 Nam
1466 2185 1565 2215 prater
1579 2178 1782 2211 Nectarianam,

992 2226 1031 2253 uti
1045 2225 1175 2258 diximus,
1187 2225 1330 2253 historiam
1347 2226 1414 2252 nihil
1427 2230 1469 2253 est
1483 2225 1641 2258 admodum,
1659 2224 1693 2252 ad
1709 2226 1781 2260 quod

992 2272 1148 2306 conjectura
1169 2273 1213 2299 illa
1235 2273 1322 2307 possit
1337 2273 1533 2300 adhaerescere.
1556 2272 1609 2300 Sed
1634 2273 1685 2300 hoc
1699 2280 1780 2308 quam

993 2319 1073 2345 inauc
1087 2319 1242 2353 prmsidium
1266 2319 1318 2352 sit,
1333 2319 1443 2354 copiose
1458 2319 1718 2346 demonstravimus.
1737 2318 1781 2345 Iu-

994 2365 1128 2392 tellectum
1146 2370 1187 2392 est
1203 2365 1276 2392 enim
1287 2385 1294 2397 ,
1309 2373 1362 2392 non
1380 2365 1503 2392 mulieris
1518 2365 1626 2400 publica
1645 2370 1672 2392 ct
1695 2365 1781 2392 eccle-

992 2411 1102 2438 siastica
1117 2411 1302 2444 conchs-ionc,
1318 2412 1363 2439 sed
1381 2411 1490 2439 aliunde
1505 2416 1630 2446 stuprum
1644 2411 1708 2438 illml
1721 2419 1782 2438 esse

993 2463 1186 2492 compertum:
1214 2462 1297 2485 totam
1317 2458 1435 2492 denique
1464 2458 1578 2492 publica:
1604 2457 1783 2485 confessioni.-

994 2504 1154 2538 tragotdiant
1167 2504 1202 2530 ab
1216 2504 1373 2538 interpretis
1387 2511 1481 2531 errore
1497 2504 1646 2530 derivatum
1662 2512 1668 2530 :
1687 2504 1733 2537 qui
1750 2505 1781 2530 al

994 2549 1042 2582 id,
1065 2549 1137 2584 quod
1157 2549 1283 2577 Socrates
1303 2550 1470 2584 scripserat,
1492 2550 1594 2584 longius
1616 2558 1782 2584 progressurus

993 2604 1048 2623 esse
1067 2587 1217 2629 mulierem,
1237 2596 1287 2623 levi
1305 2597 1441 2624 additioue
1454 2617 1460 2629 ,
1484 2597 1530 2623 sed
1547 2604 1645 2630 magna
1662 2597 1783 2623 veritatis

995 2642 1089 2669 fraude
1111 2643 1252 2676 confitendi
1277 2643 1440 2670 vocabulum
1469 2642 1601 2678 adjunxit.
1618 2642 1720 2670 thtera
1738 2643 1784 2670 dc~

995 2688 1077 2722 uique
1098 2688 1134 2714 ita
1158 2689 1308 2723 composita
1345 2689 1544 2724 explanataque
1565 2693 1646 2719 sunt,
1678 2689 1782 2716 nullutn

995 2738 1024 2761 ut
1040 2735 1100 2762 inde
1118 2734 1208 2761 fucum
1226 2735 1400 2769 coloremque
1425 2735 1476 2762 sibi
1497 2735 1626 2762 enitentita
1651 2735 1696 2761 illa
1717 2743 1783 2762 con-

994 2779 1077 2808 fessio
1108 2781 1194 2815 possit
1220 2789 1370 2808 arcessere.
1399 2780 1530 2816 Superest
1560 2780 1686 2816 Origeuis
1713 2789 1783 2808 unus

994 2827 1096 2854 alterve
1109 2827 1196 2858 locus.
1216 2827 1262 2861 qui
1275 2828 1392 2863 publica:
1405 2827 1586 2855 confessionis
1599 2828 1782 2862 suspicionem

995 2873 1114 2907 aliquam
1135 2873 1220 2907 possit
1243 2873 1365 2908 injicere.
1381 2874 1433 2900 Sed
1449 2874 1471 2901 si
1486 2873 1646 2909 diligentius
1659 2874 1785 2900 conside-

995 2926 1084 2951 retur,
1103 2918 1234 2946 adversus
1252 2917 1314 2946 illos
1329 2918 1404 2953 ipsus
1420 2926 1585 2954 magnopere
1607 2922 1725 2953 pugnat,
1737 2916 1783 2952 qui
