1925 3043
139 187 204 215 illi!

604 189 646 216 DE
666 189 902 217 l‘tENlTENTUE
920 189 1061 217 VETERE
1080 189 1282 218 DlSClPLlNA.

1699 189 1750 218 ιιι
1755 190 1770 216 2

138 244 200 279 t-jns
213 251 242 270 se
251 243 379 278 praesidio
393 243 554 272 defendunt.
572 245 703 281 Origenes
721 247 814 282 itaque
825 247 899 274 hom.
911 255 929 274 ιι
946 251 968 278 Α
983 251 1087 275 cretum
1103 268 1111 280 ,
1132 251 1159 274 et
1178 245 1329 274 Tridentini
1356 244 1464 273 concilii
1491 245 1638 275 auctoritas
1665 246 1772 275 evincat

139 292 166 318 in
199 289 272 317 l’sal.
291 297 394 320 xxxvii.
410 299 442 318 ca
459 291 568 319 Davidis
579 292 660 319 verba
673 293 835 321 declarans:
848 294 933 321 Amici

139 337 191 363 mei
220 340 244 362 et
269 336 385 370 proa‘imi
412 337 463 363 mei
485 337 625 364 adversum
645 346 685 365 me
710 339 934 374 appropinquare-

139 386 220 414 runt,
238 386 263 409 et
279 387 427 409 steterunt:
446 383 502 410 lucc
518 382 552 410 ad
573 383 749 418 paenitentum
771 384 873 417 refert.
886 385 933 420 qui

139 430 252 462 peccato
278 435 329 455 suo
353 427 520 455 medicinam
545 428 635 457 facere
659 430 766 462 volens.
781 431 933 458 amicorum

139 477 327 508 contemptum
349 473 561 509 irrisioncmque
586 475 714 510 negligat.
737 475 767 503 Si
792 485 871 512 ergo,
895 478 935 504 in-

140 518 212 552 quit.
226 513 472 554 Itujusmodi'homa
493 529 591 548 memor
614 521 705 548 delicti
719 522 761 549 sui
777 523 934 557 conﬁteatur

138 572 200 599 qua:
218 565 349 593 commisit
362 585 369 597 ,
389 570 414 593 et
438 567 555 594 luunana
578 568 730 603 confusione
750 570 825 604 parvi
836 573 934 604 pendat

140 618 200 642 eos,
218 611 264 645 qui
287 611 448 646 exprobrant
468 621 527 640 eum
545 614 731 648 conﬁtentem,
751 620 775 642 et
790 620 881 642 notant
896 616 935 642 vel

141 658 255 685 irrident
268 677 276 690 ,
291 658 337 685 ille
350 663 436 686 autent
456 659 604 695 intelligens
627 668 672 694 per
688 661 744 688 lucc
759 662 810 689 sibi
832 663 934 688 ueniant

141 704 214 736 dari,
232 709 284 731 etc.
304 704 334 731 Si
358 713 419 740 ergo
435 705 471 732 sit
487 705 584 741 aliquis
605 707 643 733 ita
659 707 745 741 ﬁdelis
757 727 765 739 ,
789 712 819 733 ut
833 707 857 734 si
871 707 935 742 quid

141 749 262 777 conscius
279 750 313 777 sit
331 750 399 781 sibi.
417 751 541 785 procedat
564 752 592 778 in
612 753 741 784 medium,
764 758 789 780 et
816 754 871 788 ipse
893 753 936 780 sui

142 800 284 822 accusator
296 798 425 823 exsistat:
442 796 469 822 hi
485 801 573 824 autent
589 797 635 832 qui
651 797 772 832 futttrum
789 798 840 825 Dei
861 798 936 833 judi-

141 840 214 867 cium
232 849 282 866 non
299 846 430 872 metuunt,
445 842 500 868 [nec
513 842 651 869 audientes
666 850 726 869 cum
737 842 935 876 infirmantibus

143 887 249 921 quidem
265 895 316 913 non
332 887 501 922 inﬁrmentur
513 906 520 918 .
536 895 595 914 cum
619 888 864 916 scandalizantibus
883 887 935 916 rion

144 937 268 965 urantur,
284 941 342 959 cum
358 933 442 967 lapsis
459 942 510 960 mm
521 933 641 968 jaccant,
658 935 702 961 sed
724 934 833 962 dicunt:
850 935 937 970 Longe

145 984 169 1005 te
187 978 231 1012 fac
249 987 265 1004 ιι
284 986 334 1010 me,
348 987 428 1014 neque
443 980 553 1006 accedas
572 980 606 1006 ad
620 988 670 1012 me,
684 980 810 1015 quoniam
823 980 937 1007 mundus

144 1032 221 1055 sitm,-
235 1029 260 1051 et
274 1024 399 1052 detestari
418 1026 549 1060 incipiant
563 1034 634 1060 eum,
653 1034 728 1061 quem
742 1031 804 1054 ante
819 1027 938 1054 admira-

146 1071 259 1101 bantur,
275 1075 301 1097 et
325 1071 357 1097 ab
378 1071 498 1098 amicitia
519 1072 641 1098 recalant
657 1072 714 1106 ejus
727 1093 734 1104 ,
753 1073 798 1108 qui
812 1073 938 1100 delictum

146 1124 223 1143 suum
245 1116 329 1144 noluit
351 1118 504 1144 occultare:
520 1126 598 1152 super
614 1118 654 1146 his
670 1127 732 1153 ergo
753 1124 940 1154 consequenter

146 1161 228 1194 dicit,
246 1162 291 1196 qui
311 1162 522 1197 cIIzomologesiu
535 1183 542 1194 ,
563 1163 590 1189 id
607 1168 645 1190 est
663 1164 850 1198 confessionem
863 1185 871 1196 ,
895 1164 937 1198 fa-

146 1206 195 1238 cit,
207 1211 261 1233 etc.
277 1205 329 1234 Sed
345 1211 439 1242 postea
457 1207 558 1234 clarius
575 1207 645 1235 idem
670 1208 812 1240 declarat,
830 1216 893 1235 cum
905 1209 938 1235 ad

148 1251 190 1277 sui
212 1252 416 1282 accusationem
439 1256 466 1278 et
487 1251 690 1280 confessionem
717 1253 886 1284 adhortans.
902 1254 938 1280 ita

147 1297 289 1332 loquitur:
316 1296 511 1325 Tantummodo
536 1299 706 1333 circumspice
725 1299 877 1334 diligentius
896 1299 938 1326 cui

148 1343 243 1370 debeas
258 1344 378 1377 confiteri
397 1349 534 1378 peccatum
559 1349 644 1372 tuum.
664 1344 751 1371 Proba
766 1345 840 1379 prius
856 1345 938 1371 medi-

148 1398 206 1417 cum
217 1410 224 1421 ,
244 1391 286 1416 cui
301 1390 392 1417 debeas
407 1398 515 1416 causam
530 1390 667 1425 languoris
681 1399 817 1425 exponere,
831 1397 896 1423 etc.,
910 1396 939 1417 ut

149 1436 188 1463 ita
203 1437 307 1463 domum
319 1436 343 1462 si
355 1436 418 1471 quid
431 1436 476 1463 ille
492 1436 601 1466 dixerit.
618 1436 663 1471 qui
680 1444 706 1463 se
723 1437 796 1470 prius
809 1441 834 1464 et
848 1437 939 1464 erudi-

150 1487 206 1508 tum
227 1482 357 1509 medicum
391 1482 533 1510 ostenderit
555 1487 580 1509 et
602 1482 815 1515 misericordem,
836 1483 860 1510 si
876 1483 939 1518 quid

146 1527 252 1554 consilii
269 1527 385 1559 dederit,
410 1527 498 1562 facias
525 1532 549 1554 et
574 1528 714 1561 sequaris,-
731 1528 752 1554 si
768 1527 939 1561 intellexerit,

985 293 1085 328 (neque
1098 293 1171 320 enim
1185 292 1308 327 ejusdem
1323 290 1462 326 opinionis
1479 290 1547 318 alios
1561 290 1694 325 quosdam
1711 298 1772 318 mo-

984 345 1098 370 ramnr,
1118 337 1165 372 qui
1184 344 1218 364 ex
1241 336 1350 364 arcanis
1381 335 1448 370 ipsis
1473 335 1634 366 criminibus
1648 335 1772 370 quodan-

983 383 1120 411 etiamad
1141 382 1278 418 publicam
1308 381 1505 416 professionem
1538 381 1678 415 designata
1706 388 1773 407 cen-

984 434 1056 464 sent,
1072 436 1188 463 quorum
1204 433 1247 456 est
1270 427 1362 458 minus
1379 427 1537 454 tolerandos
1556 426 1646 462 crror)
1657 445 1664 458 ,
1691 426 1775 461 pluri-

984 482 1059 502 mum
1074 475 1169 506 abest,
1189 479 1218 501 ut
1232 482 1266 501 cx
1284 473 1339 501 illis
1353 472 1480 508 Origcnis
1501 472 1666 500 testimoniis
1685 480 1775 507 operte

985 521 1101 556 pretium
1119 521 1205 547 ullum
1228 520 1261 547 ad
1284 519 1431 547 commenti
1461 519 1503 546 sui
1528 519 1709 554 patrocinium
1735 518 1775 546 fa-

985 567 1068 594 ciant.
1088 566 1154 599 Qua1
1171 572 1234 593 cum
1263 564 1300 592 ita
1318 571 1380 592 sese
1395 564 1514 592 habeant
1526 585 1534 597 ,
1554 564 1633 591 aliter
1648 563 1774 599 Origenis

985 611 1141 646 accipienda
1160 610 1204 638 illa
1223 610 1302 637 verba
1316 614 1392 641 sunt.
1408 617 1469 637 cum
1486 610 1594 646 publice
1607 609 1773 642 accusanda,

986 657 1148 689 confitenda,
1165 661 1213 683 aut
1228 656 1389 691 exponenda
1411 660 1520 690 peccata
1535 655 1611 688 dicit,
1632 656 1674 682 vel
1689 655 1773 682 exlio-

986 704 1137 739 mologesin
1153 703 1364 730 instituendam:
1387 702 1461 737 quod
1474 701 1545 736 apud
1557 706 1670 730 cmteros
1679 701 1774 729 Patres

987 750 1013 777 in
1028 749 1176 785 primisque
1189 749 1354 784 Cyprianum
1384 748 1540 783 frequenter
1564 747 1694 774 occurrit.
1713 747 1777 774 ’Νε-

985 804 1039 831 que
1063 795 1136 823 enim
1165 799 1295 830 perpetuo
1328 794 1448 830 legitima
1480 794 1571 829 aliqua
1600 798 1773 827 peccatorum

985 842 1150 873 declaratio.
1164 848 1196 868 ac
1217 840 1388 875 singulorum
1404 839 1540 874 expositio
1559 839 1712 867 istiusmodi
1729 846 1777 865 vo-

987 889 1147 916 cabulorum
1165 886 1289 914 formulis
1304 886 1463 921 intelligitur
1473 905 1480 917 .
1502 885 1550 913 sed
1571 893 1602 913 ea
1616 885 1777 920 plerumque

990 934 1139 971 professio,
1155 941 1215 968 quae
1232 932 1313 960 factis
1341 932 1408 967 ipsis
1430 940 1463 960 ac
1476 932 1664 966 ptenitcntium
1681 930 1777 958 otllciis

989 980 1089 1013 editur,
1102 984 1151 1007 aut
1161 980 1184 1007 si
1202 986 1250 1007 ore
1263 978 1391 1006 fortassis
1403 985 1436 1005 ac
1451 977 1554 1008 verbis.
1571 985 1623 1004 non
1637 985 1668 1004 ea
1686 977 1778 1011 singu-

990 1028 1078 1054 lorum
1092 1026 1238 1053 criminum
1251 1024 1378 1053 condicto
1391 1024 1451 1052 loco
1464 1031 1498 1052 ac
1510 1028 1631 1059 tempore
1641 1022 1778 1051 confessio

990 1073 1061 1105 fuit,
1079 1079 1108 1100 ut
1122 1072 1164 1100 vel
1178 1080 1211 1100 ex
1225 1072 1330 1106 scripto
1343 1092 1351 1104 ,
1367 1071 1410 1099 vel
1422 1078 1455 1098 ex
1471 1070 1601 1098 memoria
1616 1068 1777 1104 pronuntia-

991 1123 1084 1145 rentur
1097 1137 1104 1149 .
1120 1117 1167 1145 sed
1198 1117 1333 1152 generalis
1349 1117 1482 1144 scelerum
1496 1115 1614 1150 agnitio,
1634 1119 1661 1142 et
1679 1115 1780 1148 impro-

990 1163 1083 1191 bitatis
1099 1157 1155 1191 sua-
1169 1162 1304 1198 professio
1319 1170 1353 1190 ac
1363 1162 1526 1190 detestatio:
1546 1159 1700 1195 cuiusmodi
1714 1167 1777 1186 esse

992 1211 1098 1238 videtur
1118 1209 1253 1245 generalis
1272 1209 1318 1236 illa
1335 1208 1517 1236 confessionis
1544 1207 1659 1234 formula
1671 1226 1679 1239 ,
1694 1214 1777 1242 quam

990 1261 1121 1286 accurata-
1137 1265 1170 1286 ac
1188 1257 1302 1292 privata:
1325 1260 1500 1291 peccatorum
1525 1253 1714 1290 explicationi,
1732 1257 1778 1280 aut

991 1303 1134 1331 incruento
1147 1302 1238 1330 missa:
1250 1302 1387 1330 sacriﬁcio
1402 1300 1565 1329 celebrando
1577 1300 1778 1336 praemittimus.

990 1349 1084 1385 Neque
1097 1354 1187 1377 tamen
1200 1349 1317 1382 inlicior,
1329 1348 1396 1384 quin
1409 1348 1631 1383 exhomologesis
1642 1346 1778 1374 interdum

991 1401 1084 1422 veram
1098 1398 1125 1421 et
1149 1393 1314 1422 sacramenti
1334 1392 1488 1428 propriam.
1502 1392 1626 1426 adeoque
1647 1391 1778 1425 privatam

991 1443 1166 1475 peccatosum
1184 1438 1384 1473 expositionem
1401 1437 1550 1473 signiﬁcet.
1572 1436 1619 1464 sed
1649 1441 1729 1464 caute
1749 1443 1781 1462 ac

992 1486 1139 1521 prudenter
1159 1485 1186 1512 in
1214 1485 1296 1519 hujus
1321 1485 1396 1512 vocis
1424 1483 1647 1518 interpretatione
1670 1490 1781 1510 versan-

992 1532 1057 1559 dum
1070 1536 1121 1564 rst,
1134 1536 1163 1558 ιιι
1173 1539 1207 1558 er
1222 1531 1282 1566 ipso
1296 1530 1462 1558 narrationis
1476 1534 1616 1559 contextu.
1630 1537 1685 1564 quo
1698 1537 1780 1556 sensu

149 1577 174 1600 ct
189 1573 339 1608 prazviderit
352 1573 430 1600 talem
438 1581 493 1600 esse
506 1573 659 1608 languorem
674 1578 760 1605 tuum,
776 1575 821 1608 qui
837 1575 864 1601 in
875 1582 939 1600 con-
954 1585 977 1615 ρ
992 1585 1008 1604 a
1022 1576 1148 1604 Panibus
1163 1582 1293 1611 usurpata
1305 1576 1351 1608 sit,
1363 1575 1514 1610 dijudicare
1527 1575 1677 1610 possimus.
1694 1574 1781 1607 Quam

148 1625 227 1646 uentu
243 1620 324 1646 totius
341 1619 469 1647 Ecclesice
488 1621 583 1655 exponi
615 1620 706 1649 debeat
737 1625 763 1647 et
786 1621 892 1653 curari,
909 1629 942 1648 ea:

149 1673 201 1699 quo
213 1665 336 1699 fortassis
349 1670 374 1692 et
394 1666 484 1692 ewteri
501 1666 633 1701 a'diﬁcari
651 1671 773 1700 poterunt
787 1686 794 1698 ,
807 1671 831 1692 et
848 1671 875 1692 tu
888 1666 942 1700 ipse

152 1711 231 1744 facile
246 1711 337 1738 sanari
350 1731 357 1743 ,
379 1711 464 1738 multa
485 1712 532 1738 hoc
550 1712 739 1738 deliberatione
752 1730 761 1743 ,
775 1716 799 1738 ct
814 1711 880 1738 satis
897 1720 943 1746 pe-

150 1757 204 1783 rito
221 1757 316 1782 medici
335 1757 408 1783 illius
426 1758 537 1784 consilio
560 1759 756 1792 procurandum
771 1762 821 1785 est.
843 1757 942 1785 Hacte-

153 1811 205 1830 nus
221 1803 360 1838 Origenes.
464 1839 468 1841 Δ

188 1846 286 1875 Nullus
301 1848 327 1875 in
342 1849 416 1876 omni
434 1855 571 1877 vetustate
589 1850 666 1877 locus
679 1856 736 1884 est,
754 1859 785 1878 ex
803 1859 857 1887 quo
874 1851 943 1879 vali-

153 1893 215 1920 dius
230 1894 255 1920 id
274 1894 402 1922 allirmari
429 1900 542 1930 putent,
556 1897 628 1931 quod
655 1897 688 1924 de
711 1898 819 1932 publica
839 1897 944 1926 confos-

154 1939 230 1967 simtc
242 1940 379 1967 sentiunt:
401 1949 463 1968 nam
482 1942 508 1968 in
527 1943 670 1976 posteriori
697 1944 817 1971 maxime
840 1949 945 1972 senten.

155 1986 191 2012 tia
214 1985 347 2012 delectum
377 1991 550 2021 peccatorum
576 1996 590 2014 a
618 1989 758 2016 sacerdote
789 1989 943 2018 faciendum

156 2032 298 2065 insinuat,
326 2041 387 2067 qua:
417 2035 552 2068 pmnitcns
579 2035 612 2062 ad
645 2036 767 2063 omnium
800 2037 944 2064 utilitatem

156 2077 262 2112 publice
278 2079 445 2112 profiteatur.
459 2079 540 2114 Atqui
554 2080 622 2107 nihil
636 2080 704 2108 istos
721 2080 852 2116 Origenes
868 2082 946 2116 adju‘

157 2127 217 2149 th:
237 2123 293 2149 imo
310 2131 374 2150 vero
392 2124 471 2151 obest
485 2124 525 2151 Vcl
543 2125 704 2159 plurimum,
721 2126 944 2161 quandoquidem

156 2169 190 2197 de
216 2170 325 2197 arcanis
347 2171 517 2206 occultisque
536 2173 671 2206 peccatis,
690 2180 743 2199 nun
764 2173 880 2207 publicis
906 2172 945 2200 lo-

157 2214 270 2248 quitur:
287 2214 321 2242 de
337 2215 388 2246 iis,
405 2215 516 2250 inquam
528 2236 535 2248 ,
552 2217 671 2250 pet-catis
689 2217 739 2244 ista
760 2217 947 2252 pronuntiavit

991 1622 1026 1649 ad
1056 1629 1112 1649 rem
1145 1621 1270 1657 egregius
1293 1626 1336 1648 est
1359 1620 1521 1648 Tertulliani
1553 1620 1646 1652 locus,
1678 1619 1725 1646 lib.
1747 1619 1782 1645 De

992 1668 1082 1703 punit.
1106 1675 1166 1702 cap.
1189 1668 1224 1694 9:
1251 1666 1362 1701 Hujus,
1384 1666 1490 1700 inquit,
1512 1665 1594 1700 igitur
1623 1665 1782 1699 pmnitcntilu

992 1713 1130 1745 secmtdte,
1154 1719 1178 1739 ct
1198 1713 1293 1744 unius,
1317 1717 1416 1747 quanto
1431 1713 1459 1738 in
1487 1717 1560 1738 arcto
1583 1711 1715 1746 negotianti
1732 1715 1782 1743 cst,

993 1765 1068 1787 tanto
1091 1760 1225 1794 operarior
1245 1759 1365 1793 probatio
1382 1763 1437 1790 est,
1456 1763 1484 1784 ut
1502 1766 1553 1784 non
1573 1757 1631 1784 sola
1647 1757 1783 1783 t'ousricu-

995 1806 1032 1832 tia
1045 1806 1219 1841 pra'feralur,
1234 1805 1280 1832 sed
1295 1805 1384 1838 aliquo
1396 1805 1475 1830 etiam
1494 1808 1554 1830 actu
1572 1803 1781 1830 administretur.

995 1849 1024 1877 Is
1039 1855 1130 1880 actus.
1154 1850 1201 1884 qui
1225 1849 1310 1884 magis
1327 1847 1417 1876 Gra’co
1431 1848 1557 1875 vocabulo
1580 1847 1737 1882 exprimitur
1757 1851 1783 1874 et

994 1897 1176 1931 frequentatur
1186 1915 1192 1927 ,
1210 1894 1416 1929 exhomologesi-s
1433 1899 1472 1921 est
1487 1913 1495 1926 ,
1510 1884 1572 1928 vqua
1588 1893 1712 1920 delictum
1729 1891 1784 1919 Do-

995 1942 1065 1968 mino
1080 1947 1169 1973 austro
1187 1940 1344 1975 conﬁtentur
1356 1959 1363 1971 ,
1380 1942 1436 1966 non'
1446 1939 1551 1974 quidem
1568 1943 1597 1965 ut
1616 1939 1723 1974 ignaro,
1739 1937 1784 1965 sed

994 1993 1122 2023 quatenus
1137 1987 1287 2021 satisfactio
1304 1986 1467 2020 confessione
1490 1986 1659 2019 disponitur,
1682 1985 1785 2019 confes-

995 2034 1067 2060 sione
1078 2033 1230 2067 pt'euitentia
1244 2032 1375 2064 irascitur,
1387 2032 1540 2066 paenitentia
1552 2031 1619 2058 Deus
1633 2031 1756 2065 mitigata
1762 2039 1783 2057 ι’.

997 2079 1090 2114 Itaque
1106 2078 1312 2113 exltomologesis
1343 2077 1525 2112 prasternendi
1543 2082 1568 2104 et
1591 2075 1789 2110 Immiliﬁcundf

996 2126 1109 2153 hominis
1137 2123 1279 2159 disciplina
1307 2129 1365 2155 est,
1398 2122 1621 2150 conversationem
1645 2122 1784 2157 injungens

996 2170 1188 2199 misericordiu’
1203 2170 1300 2197 ilicem.

1033 2218 1086 2245 Sed
1102 2217 1135 2244 de
1157 2215 1378 2252 ὲξομολογήσεως
1395 2214 1553 2242 nationibus
1578 2213 1662 2241 Variis
1675 2214 1785 2248 jampri—

156 2259 304 2295 Origcncs,
322 2261 420 2296 quibus
446 2261 491 2288 illa
504 2281 511 2294 ,
540 2270 622 2296 quam
640 2263 755 2296 suadet,
774 2262 947 2291 confessione
962 2264 985 2293 D
998 2265 1058 2292 dein
1073 2263 1158 2291 multa
1170 2267 1234 2290 sunt
1243 2270 1260 2289 a
1273 2262 1338 2289 viris
1348 2261 1463 2289 eruditis
1479 2261 1633 2288 observata.
1646 2258 1700 2287 Nos
1713 2261 1785 2295 apud

157 2306 316 2339 patefactis,
343 2307 391 2342 qui
411 2307 586 2334 confitentem
617 2308 748 2335 amabant
779 2314 806 2335 et
824 2309 946 2336 admira-

158 2351 258 2378 bantur
272 2356 351 2379 antea
362 2373 369 2384 ,
386 2353 515 2387 deinceps
530 2353 603 2380 velut
630 2354 665 2380 ab
679 2354 786 2388 impuro
814 2355 947 2382 containi-

157 2405 175 2424 ιι
195 2403 278 2432 toquc
297 2398 457 2431 discedant,
475 2398 546 2425 utin
570 2401 660 2433 priore
678 2399 738 2426 loco
760 2404 862 2426 narrat.
881 2399 946 2427 ltcm

157 2443 292 2478 ejusmodi
308 2449 416 2478 peccata
437 2444 481 2471 illa
499 2449 573 2477 sunt,
595 2452 655 2479 quae
668 2445 790 2472 conﬁteri
805 2445 902 2479 jubet,
919 2450 948 2473 ut

160 2497 213 2516 non
244 2495 344 2517 lcnlcrc
361 2490 388 2517 in
415 2490 526 2526 publico
549 2495 684 2517 conventu
705 2490 821 2518 debeant
838 2491 947 2526 exponi,

158 2536 206 2563 sed
222 2544 285 2563 cnm
300 2542 426 2564 accurata
441 2537 635 2563 deliberatione
645 2557 652 2570 ,
672 2542 700 2564 et
718 2537 870 2564 sacerdotis
883 2545 949 2565 con-

158 2582 223 2610 silio
237 2603 244 2615 ,
259 2583 331 2617 quod
358 2584 492 2618 posterior
511 2583 586 2610 locus
608 2583 745 2611 admonet.
764 2583 948 2617 Quamobrem

158 2628 267 2656 occulta
285 2628 330 2654 illa
345 2632 425 2660 situt,
442 2636 495 2655 non
516 2628 623 2662 pnblira
638 2633 721 2662 atque
738 2628 900 2661 manifesta,
916 2629 949 2656 dc

161 2674 262 2708 quibus
275 2674 382 2708 publice
393 2674 555 2701 contitendis
570 2681 602 2700 ne
617 2674 823 2701 deliberandum
837 2674 947 2709 quidem

161 2723 253 2752 esset,
273 2719 296 2746 si
316 2719 341 2746 id
368 2719 481 2754 publicae
508 2720 672 2754 paenitentiae
690 2719 758 2746 ratio
774 2724 800 2746 ct
822 2719 949 2747 Ecclesia-

161 2765 203 2793 lux
219 2765 375 2792 necessario
387 2766 544 2800 postularet.
563 2765 630 2798 (inm
650 2765 731 2800 igitur
747 2766 862 2800 publica:
883 2773 950 2793 cott-

163 2810 292 2838 fessionis
307 2811 412 2846 patroni
429 2812 529 2838 tttlllulll
546 2812 716 2839 occultorum
730 2812 888 2844 crimimtm,
903 2812 949 2839 sed

163 2857 333 2891 publicorum
352 2857 486 2884 dunlamt
499 2876 506 2888 ,
526 2857 661 2892 publicant
679 2857 879 2885 confessioni-tn
909 2859 946 2885 le-

163 2905 286 2939 gitimam
304 2903 389 2931 fuisse
414 2903 512 2936 velint;
539 2903 618 2938 idque
635 2908 660 2931 ct
685 2903 784 2932 Leonis
799 2904 886 2938 Magni
902 2904 949 2932 dc-

997 2311 1161 2347 (Zyprianum
1173 2308 1420 2336 animadvertimus
1433 2307 1654 2342 exhomologesin
1670 2315 1719 2342 pro
1731 2315 1787 2342 poe-

998 2355 1119 2383 nitentiae
1147 2354 1263 2389 publica:
1282 2358 1356 2381 certa
1375 2354 1518 2380 funt-tione
1542 2353 1632 2385 sumi.
1650 2360 1712 2388 quze
1739 2354 1786 2380 uni

996 2410 1031 2430 ex
1044 2406 1163 2436 quatuor
1178 2399 1369 2435 poenitentium
1385 2398 1515 2434 gradibus
1537 2399 1671 2434 praecipue
1685 2406 1787 2426 conve-

998 2448 1084 2474 niret:
1103 2446 1232 2474 nimirum
1254 2444 1421 2476 ὑποπτὼσει,
1433 2452 1494 2479 quze
1511 2445 1591 2472 tertio
1611 2445 1672 2473 loco
1688 2453 1786 2471 nume-

997 2498 1087 2520 ratur:
1109 2499 1171 2519 nam
1188 2491 1234 2526 qui
1250 2491 1276 2518 in
1293 2498 1326 2518 co
1340 2491 1424 2525 gradu
1445 2491 1627 2522 censebatur.
1649 2491 1724 2523 ἐντὸς
1737 2491 1787 2526 τῆς

997 2538 1044 2566 τοῦ
1063 2538 1128 2566 ναοῦ
1155 2537 1261 2573 πύλης,
1291 2537 1361 2564 intra
1383 2537 1476 2572 templi
1505 2543 1611 2573 portam
1636 2538 1785 2570 admissus,

999 2592 1060 2612 cum
1082 2583 1285 2611 catcclnnncnis
1307 2584 1440 2610 facessere
1462 2583 1628 2618 jubebatur.
1651 2591 1682 2611 ac
1706 2584 1787 2610 certis

998 2629 1095 2656 diebus
1105 2636 1197 2655 coram
1214 2628 1342 2663 episcopo
1360 2629 1505 2662 procidens
1519 2649 1526 2662 ,
1542 2629 1716 2663 impositioue
1730 2637 1788 2656 ma-

999 2682 1083 2702 nuum
1122 2681 1153 2701 ac
1179 2674 1293 2702 solemni
1326 2675 1482 2709 precatione
1507 2674 1661 2708 impertitus
1686 2673 1787 2701 dimitti

998 2720 1112 2748 solebat.
1144 2719 1221 2747 Unde
1243 2720 1400 2757 ὑπὸπξωσις
1418 2724 1459 2746 est
1483 2719 1573 2752 dicta,
1599 2720 1671 2754 quod
1688 2719 1787 2746 ὑπέπι.

999 2774 1077 2797 πτεν,
1093 2766 1143 2792 hoc
1157 2770 1199 2793 est
1215 2772 1307 2793 rorant
1327 2765 1448 2792 antistite
1466 2764 1639 2798 procidebat.
1657 2763 1704 2799 qui
1723 2772 1785 2791 cum

999 2811 1073 2838 onmi
1092 2810 1192 2846 populo
1209 2810 1354 2844 procidcns
1380 2814 1407 2837 ct
1435 2809 1493 2844 ipso
1510 2809 1627 2844 prinnnn
1641 2830 1649 2842 ,
1665 2814 1721 2836 ttnn
1739 2816 1786 2836 cx-

1000 2863 1125 2890 surgens.
1144 2863 1240 2882 mann~~
1251 2875 1258 2887 ,
1273 2855 1310 2882 uti
1323 2855 1381 2889 jlixi
1391 2875 1398 2886 ,
1411 2854 1606 2889 pmuitentibus
1620 2854 1786 2889 imponebat.

1001 2902 1078 2935 Quod
1098 2902 1234 2931 luculente
1253 2909 1315 2930 cum
1327 2901 1423 2937 primis
1436 2901 1591 2929 declaratur
1606 2908 1621 2928 ιι
1635 2900 1787 2929 Sozomcuo
