1925 3043
157 195 229 233 τοις

704 198 874 226 ΛΡΡΙΞΝΒΙἸ(
897 196 1215 227 ΒΙδΞΕΙὶΤΛΤΙΟΝΙΪΜ.

1721 199 1790 227 Ill“

160 258 207 292 lib.
225 265 262 284 vn
276 276 282 288 ,
298 264 357 291 cap.
377 256 408 283 l6
421 276 427 282 .
445 256 490 282 ubi
515 256 680 288 pmuiteutirc
709 256 852 283 formulam
872 263 949 290 expo-

1006 256 1147 292 μετανοίᾳ.
1165 256 1281 285 Verbum
1299 257 1344 284 τοῦ
1366 256 1494 284 ἀπολύειν
1515 257 1634 288 missam,
1651 256 1708 283 sive
1727 257 1791 282 niis—

161 304 212 339 nit,
227 311 289 337 qua:
304 302 541 336 Constantinopoli
557 301 685 337 abrogata
709 302 802 330 Roma:
818 306 948 337 perpetuo

161 349 272 375 mansit.
297 348 355 380 Qua
391 347 417 373 iu
445 347 590 374 Sozonicnl
619 348 804 382 descriptione
830 347 948 383 plurima

161 400 240 425 sunt,
259 402 317 429 qua:
334 394 366 421 ad
388 402 484 421 omnes
492 394 669 430 .pmuitcntia:
683 394 784 428 gradus
800 394 947 430 pertinent.

161 448 213 470 non
244 447 328 474 pauca
350 440 382 466 ad
409 440 566 467 6175thva
593 440 758 468 referuntur.
782 440 838 468 Cur
858 445 947 467 autem

159 485 380 519 exbomologesin
410 486 473 513 huic
495 486 574 513 tertio
603 486 770 521 pmnitentiae
791 485 884 521 gradui
906 493 950 520 po-

161 531 296 559 tissimum
313 530 462 566 assignant,
474 531 603 567 Cypriani
617 531 767 565 auctoritas
785 535 889 563 movet,
901 531 948 566 qui

160 581 221 610 post
251 576 317 603 aias
345 576 511 610 ρωιιὶιιιηιὶιε
540 575 695 605 functiones
723 576 948 610 exliomologesiu

159 622 296 649 collocare
311 623 400 653 solet.
417 627 444 651 ct
466 615 686 651 ~reconciliatioui
705 630 736 651 ac
761 622 949 651 communioni

161 667 315 703 propiorem
332 668 486 695 ostendere.
507 668 552 696 Sic
567 669 593 696 in
611 669 724 704 epistola
739 668 773 696 10
785 669 819 695 ad
831 668 952 696 Clarum:

163 713 232 741 Nam
246 722 305 741 cunt
320 715 346 741 in
368 715 514 743 minoribus
530 717 654 749 peccatis,
676 715 773 750 inquit,
791 720 870 750 agant
891 723 949 749 pec-

163 764 264 786 ratores
293 760 472 793 pa’nitentiam
497 761 572 794 justo
602 765 736 795 tempore,
761 765 785 790 et
807 760 950 787 secundum

162 806 310 839 disriplinw
322 806 440 833 ordinem
459 807 496 832 adv
510 807 721 842 exhomologesin
733 807 838 833 veniunt
849 827 857 838 ,
869 812 893 832 et
904 813 950 839 per

163 859 257 878 uiantis
273 852 466 885 impositimtem
481 852 599 887 episcopi
623 856 647 878 et
663 852 726 879 cieri
745 852 792 887 jus
806 851 950 878 communi-

163 897 274 930 cationis
295 899 443 932 accipiant,
459 906 527 925 nunc
542 899 624 925 crudo
640 903 754 932 tempore
771 897 950 932 persecutione

163 943 248 970 adhuc
260 947 451 977 perseverante,
464 944 580 977 nondum
596 944 718 971 restituta
730 943 856 972 Ecclesia
868 943 950 978 ipsius

163 996 226 1021 pace
250 989 284 1015 ad
306 990 568 1016 conminuit-(itionem
589 990 784 1022 admittuntur,
801 994 824 1016 et
841 988 951 1024 offertur

164 1042 255 1062 nomen
272 1043 379 1068 eorum,
396 1041 420 1062 et
436 1036 551 1062 nondum
568 1035 720 1070 pauitantia
738 1040 798 1062 acta
809 1056 816 1067 ,
834 1035 949 1062 nondum

163 1080 357 1116 ex/tornologesi
375 1081 464 1116 facta,
489 1082 604 1108 nondum
624 1089 704 1108 manu
719 1082 758 1108 eis
782 1081 815 1108 ob
831 1081 950 1116 episcopo

162 1133 186 1153 et
199 1126 267 1153 clero
282 1126 418 1162 imposita,
431 1127 590 1154 cuclmristia
603 1126 658 1154 illis
666 1127 755 1153 datur.
773 1127 818 1154 Sic
826 1127 904 1160 epist.
918 1126 950 1154 10

164 1176 322 1206 pustaetam
342 1173 528 1207 paenitentiam
545 1172 655 1207 subjicit
671 1171 903 1208 exhomologesiu.
918 1172 951 1200 Et

163 1217 241 1251 epist.
257 1217 306 1244 ηε
325 1217 496 1244 Namcumin
512 1217 656 1244 minoribus
667 1217 780 1250 delictis,
792 1226 850 1253 qua:
864 1219 949 1245 nonin

165 1262 305 1290 Dominum
332 1264 554 1294 committuntur.
579 1264 732 1298 pauitantia
753 1269 850 1298 agatur
875 1265 950 1298 justo

164 1315 297 1344 (culpare,
321 1315 345 1336 et
360 1310 567 1345 exliomologesis
593 1310 640 1344 fiat
663 1311 780 1345 inspecta
805 1311 859 1337 vita
880 1310 948 1345 ejus,

162 1355 207 1388 qui
224 1355 277 1389 agit
297 1355 495 1388 pmniteutium,
518 1363 563 1382 nec
581 1355 615 1381 ad
627 1355 889 1382 communicationem
906 1363 949 1382 ee-

164 1401 220 1428 nirc
230 1401 289 1436 quis
309 1401 402 1435 possit.
423 1401 475 1428 nisi
493 1401 567 1435 prius
587 1401 628 1428 illi
653 1402 685 1427 ab
697 1401 817 1435 episcopo
841 1406 866 1428 ct
880 1401 949 1428 clero

165 1457 258 1476 manus
276 1449 355 1483 fuerit
376 1449 510 1482 imposito.
527 1447 598 1476 Idem
623 1448 650 1474 in
667 1451 737 1475 orat.
754 1447 792 1474 De
810 1447 907 1482 lapsis,
923 1452 949 1474 et

164 1495 226 1522 alibi
240 1495 339 1530 saepius
351 1495 446 1521 eodem
456 1494 551 1521 ordine
566 1498 772 1521 commemorat.
785 1493 947 1526 Quinetiam

164 1540 269 1570 Tertull
303 1540 350 1568 lib.
374 1539 412 1566 De
436 1548 503 1574 pwn.
521 1539 688 1566 enumeratis
710 1539 839 1566 onmibus
863 1538 949 1573 posui-

165 1587 278 1621 tputium
297 1586 478 1614 incommodis
495 1593 527 1613 ac
540 1584 731 1612 vexationibus
741 1604 748 1615 ,
772 1584 830 1611 haec
845 1584 926 1611 infert
940 1593 946 1611 :

166 1631 293 1659 Miserum
317 1636 354 1658 est
372 1632 413 1664 sic
437 1631 471 1658 ad
495 1631 707 1665 exhontologcsin
721 1630 861 1664 pervenire.
877 1629 950 1657 Malo

163 1678 233 1711 enim
255 1678 290 1704 ad
306 1678 440 1704 miseriam
463 1678 630 1711 pervertitur;
648 1677 693 1703 sed
709 1676 753 1703 ubi
774 1676 950 1711 paenitendum

162 1728 211 1754 est,
227 1723 322 1750 desiuit
337 1723 461 1749 miserunt
474 1741 482 1755 ,
501 1723 563 1756 quin
579 1722 681 1757 factum
706 1726 745 1749 est
760 1722 886 1749 salutare.
911 1721 950 1749 Ex

164 1769 264 1804 quibus
286 1768 460 1804 perspicuum
486 1768 607 1795 redditur
620 1788 627 1800 ,
645 1772 708 1795 ante
725 1767 949 1802 exhomologesiu
972 1801 977 1805 ὴ

165 1814 263 1842 multas
290 1814 479 1849 pmuitculium
508 1814 631 1841 actiones
659 1814 728 1841 alias
759 1814 949 1847 antecessisse,

165 1861 237 1887 illam
258 1865 349 1887 autem
373 1859 557 1891 ὑποπτώσεως
582 1860 746 1894 peculiarem
775 1866 856 1893 csse,
885 1859 949 1894 quia

165 1905 294 1937 σύστασις
312 1913 364 1933 nou
383 1906 439 1939 jam
465 1906 572 1932 miseria
587 1905 639 1933 dici
658 1909 764 1940 potest,
781 1913 842 1933 cum
861 1911 949 1933 status

166 1952 210 1978 hic
229 1950 396 1986 pmnitentite
410 1950 651 1978 commodissimus
668 1951 789 1977 omnium
801 1951 948 1978 exstiterit.

165 1996 199 2025 At
226 1996 383 2027 ὑπόπτωσις
413 1995 512 2022 multas
538 1995 787 2030 accrbissimasque
811 1996 950 2023 molestias

164 2041 274 2073 habuit,
300 2046 327 2068 et
342 2041 445 2076 majore
467 2048 530 2068 cum
546 2041 709 2068 verecundia
722 2041 867 2076 conjuncta
887 2041 949 2075 fuit,

163 2095 226 2114 cum
246 2088 272 2114 in
298 2087 385 2114 media
401 2087 491 2122 populi
515 2086 648 2115 concione
665 2087 765 2115 sistens
780 2095 840 2115 sese
858 2095 950 2122 chca-

164 2139 250 2161 torem
267 2133 458 2168 proﬁteretur,
485 2140 517 2162 ac
546 2133 699 2168 generalem
727 2132 948 2167 exhotuologcsiu

164 2179 319 2213 concipiens
331 2178 458 2214 lacrymis
473 2183 554 2214 atque
566 2178 714 2212 eiulatibus
729 2178 843 2206 instaret
856 2179 950 2206 arden-

163 2224 227 2258 tius.
244 2225 389 2258 Propterea
405 2225 550 2251 concilium
570 2225 756 2259 Ancyrauum,
771 2229 802 2252 ut
814 2232 895 2258 supra
910 2225 950 2251 vi-

163 2269 252 2295 dimus
263 2288 271 2301 ,
294 2276 355 2295 can.
373 2268 406 2295 19
420 2269 564 2296 voluntarii
586 2269 724 2304 parricidii
741 2277 803 2297 reos
816 2274 873 2297 toto
887 2270 948 2297 vita:
965 2277 987 2306 [δ

165 2318 286 2347 tempore
303 2312 467 2340 ὑποπίπτειν
479 2313 566 2348 jubet.
767 2309 786 2332 Γ

199 2360 288 2394 Atque
303 2359 426 2386 eamdem
440 2366 501 2386 esse
515 2366 626 2386 causam
649 2359 775 2394 suspicor
788 2379 795 2389 ,
815 2367 865 2385 cur
888 2365 946 2392 pa:-

165 2405 308 2434 nitentium
335 2406 445 2432 nomine
463 2412 534 2440 saepe
558 2405 594 2431 illi
616 2405 666 2432 soli
688 2405 950 2439 comprebemlantur

165 2450 318 2479 aconciliis
340 2455 367 2478 et
381 2449 518 2481 Patribus,
535 2450 581 2484 qui
599 2450 625 2476 in
643 2450 729 2477 tribus
745 2450 839 2484 primis
859 2449 948 2485 gradi-

164 2497 215 2525 bus
234 2497 375 2524 luercrcnt.
392 2494 459 2522 Nam
483 2495 509 2522 iu
532 2495 650 2530 liturgiis
671 2502 703 2522 ac
725 2493 868 2522 sacriﬁciis
889 2501 949 2530 post

155 2538 368 2577 'Scripturarum
389 2541 532 2569 lectionem
550 2546 577 2567 et
593 2541 676 2568 divini
697 2541 770 2568 verbi
780 2541 950 2576 praedicatio-

164 2597 236 2626 nem,
259 2589 415 2623 priusquam
433 2586 466 2614 ad
483 2594 582 2614 arcana
595 2587 808 2622 augustioraque
822 2589 949 2623 mysteria

161 2634 396 2670 progrederemur,
404 2632 821 2667 catcclituncuos,euergumeuos
828 2641 889 2661 cum
897 2642 951 2669 pcu-

163 2680 310 2707 nitcutibus
330 2680 464 2706 lacessere
479 2678 610 2705 diaconus
627 2679 786 2712 imperabat.
805 2679 950 2715 Dionysius

163 2725 210 2752 lib.
226 2724 263 2751 De
272 2724 363 2751 eccles.
376 2723 474 2749 Izicrar.
484 2733 489 2747 ι
499 2730 544 2757 ap.
555 2723 571 2750 5
581 2732 586 2749 :
601 2724 655 2750 Καὶ
663 2724 731 2758 μετὰ
738 2724 838 2756 ταύτας
847 2725 950 2759 (lectio-

163 2778 212 2798 nes
227 2770 329 2803 sacras)
344 2769 396 2802 ἔξω
413 2769 530 2802 γίνονται
539 2769 587 2804 τῆς
602 2769 677 2804 ἱερᾶς
701 2770 831 2805 περιοχῆς
842 2771 866 2796 οἱ
886 2779 951 2797 κατ-

164 2815 319 2850 ηχούμενοι,
332 2814 377 2840 καὶ
392 2813 459 2850 πρὸς
469 2815 561 2845 αὐτοῖς
573 2815 597 2840 οι
613 2815 813 2849 ἐνεργούμενα,
827 2816 873 2842 καὶ
880 2816 904 2842 οἱ
922 2816 951 2842 ἐν

165 2860 295 2903 ηετινοίᾳ
323 2859 409 2890 ὄντες.
444 2860 489 2887 Sic
521 2860 548 2886 in
581 2860 694 2895 Constit.
729 2866 813 2894 apost.
845 2862 862 2888 l.
891 2869 950 2894 \‘Ill,

165 2913 222 2951 cap.
241 2905 278 2932 9:
296 2904 348 2931 Καὶ
370 2906 384 2932 ὁ
406 2905 527 2937 διάκονος
552 2906 661 2940 λεγέτω·
687 2907 860 2950 ξΑπο).ύεσοε,
879 2909 901 2933 οἱ
923 2910 951 2935 ἐν

1002 303 1102 330 sionem
1118 304 1270 339 signiﬁcat,
1289 308 1318 331 ut
1336 305 1362 330 iu
1375 304 1551 339 Expositione
1567 302 1628 330 ﬁdei
1648 302 1791 330 catholicae

1003 347 1030 374 in
1046 348 1098 375 ﬁne
1111 349 1201 383 operis
1215 348 1296 384 hujus
1307 349 1468 375 videbimus.
1488 347 1681 374 [’mniteutium
1698 347 1791 381 itaque

1003 394 1137 424 discessio
1149 395 1239 428 ﬁebat,
1256 395 1384 423 duntaxat
1402 402 1508 426 eorum,
1529 396 1574 429 qui
1587 394 1614 421 in
1632 394 1719 421 tribus
1734 393 1790 428 pri-

1002 442 1056 470 mis
1071 441 1201 477 gradibus
1213 446 1400 473 censerentur,
1421 440 1460 468 uti
1477 445 1582 468 veteres
1601 448 1722 469 canones
1740 447 1791 467 nos

1001 486 1113 519 docent,
1122 486 1270 521 pr:esertim
1280 485 1401 521 Gregorii
1411 484 1605 520 Tliaumaturgi
1618 484 1791 517 undecimus,

1003 532 1086 568 idque
1101 532 1226 568 pluribus
1239 532 1361 559 Zonaras
1377 536 1405 560 et
1427 531 1554 558 Balsamo
1568 531 1729 566 interpretes
1743 530 1792 558 ob-

1003 583 1120 606 servant.
1134 578 1201 606 Nam
1214 578 1261 614 qui
1275 579 1301 606 in
1313 583 1411 614 quarto
1425 579 1521 613 gradu,
1534 578 1634 605 lioeest
1645 578 1678 613 τῇ
1693 578 1791 604 συστά-

1004 631 1045 649 σει
1069 624 1303 656 numerabaulur,
1325 631 1387 651 cum
1417 623 1541 651 ﬁdelibus
1563 623 1790 657 perseverabant:

1004 669 1021 705 ἡ
1039 670 1169 702 σύστασις
1182 670 1230 706 (ait
1251 669 1482 706 Thaumaturgus)
1499 670 1541 696 ἵνα
1558 669 1714 696 συνίσταται
1735 670 1791 701 τοῖς

1004 717 1120 748 πιστοῖς,
1132 716 1180 743 καὶ
1197 716 1234 752 μὴ
1251 715 1394 752 ὲξέρχηται
1408 715 1476 751 μετὰ
1493 715 1546 742 τῶν
1560 715 1788 750 χαπηλουμένων.

1004 759 1168 788 llincmarus
1187 761 1213 788 in
1239 761 1358 796 Epistqu
1379 761 1413 788 ad
1436 760 1609 788 Hincmarum
1635 760 1791 787 Lo‘nduuen—

1004 815 1055 833 serti
1077 807 1236 840 episcopatu,
1256 814 1338 841 quam
1355 805 1486 834 Justellus
1505 806 1570 833 citat
1589 815 1594 832 :
1617 805 1735 838 Quidam
1748 806 1791 841 ju-

1005 852 1099 879 bentur
1113 859 1192 886 usque
1207 852 1241 878 ad
1260 852 1369 878 missam
1386 852 1632 878 cateclmmcnorum
1647 859 1752 878 manere
1763 852 1791 878 in

1004 898 1125 930 ecclesia,
1147 898 1254 932 quidam
1290 904 1378 924 autem
1397 897 1454 924 sola
1478 898 1549 924 intra
1569 897 1704 924 ecclesiam
1723 898 1790 932 ﬁde-

968 937 988 964 Β
1004 944 1067 970 lium
1084 944 1203 970 oratione
1214 943 1292 978 jungi
1305 950 1388 970 sacrm
1405 943 1588 977 mysteriorum
1603 942 1759 971 celebritati.
1775 951 1791 969 α

1005 987 1150 1014 Dominica:
1165 993 1250 1014 autent
1266 994 1362 1014 meum
1372 987 1488 1013 convicio
1502 987 1643 1021 segregari.
1657 986 1790 1019 Quocirca

1004 1034 1071 1065 οῑὲὲν
1093 1033 1222 1060 συστάσει
1245 1033 1321 1065 ὄντες
1345 1038 1420 1060 extra
1444 1033 1634 1073 pwnitcntium
1667 1034 1789 1061 ordinem

1004 1088 1036 1106 ex
1053 1079 1097 1106 illa
1129 1087 1265 1106 canonum
1288 1086 1320 1107 ac
1345 1077 1454 1106 Patrum
1477 1078 1604 1114 loquendi
1624 1079 1729 1107 ratione
1745 1087 1789 1107 se~

1004 1124 1070 1152 creti
1082 1128 1157 1152 sunt.

1005 1188 1126 1222 Quonam
1140 1190 1168 1215 in
1189 1189 1348 1223 pmnitcutize
1365 1189 1449 1223 gradu
1468 1188 1669 1216 sacramenta”:
1683 1188 1787 1216 absolu-

1259 1224 1295 1250 tio
1309 1231 1431 1250 concessa
1447 1224 1536 1258 fuerit.

1040 1269 1079 1296 Ex
1094 1273 1149 1304 (tuo
1167 1269 1211 1296 illa
1224 1277 1289 1297 sane
1303 1277 1357 1296 non
1372 1269 1439 1297 levis
1451 1270 1559 1297 exsistit
1571 1269 1686 1304 qua‘slio
1702 1277 1709 1296 τ
1722 1276 1790 1304 quo-

1005 1323 1067 1342 nam
1085 1319 1215 1350 tcmpore,
1235 1321 1323 1349 quove
1342 1314 1369 1342 in
1391 1314 1474 1350 gradu
1496 1321 1659 1350 postremam
1680 1315 1753 1342 illam
1774 1323 1788 1341 a

1005 1360 1122 1395 peccatis
1136 1359 1336 1387 absolutionem
1353 1360 1515 1395 paenitenlcs
1529 1360 1692 1387 obtinerent.
1711 1360 1787 1392 Quod

1004 1405 1075 1432 enim
1103 1404 1218 1432 subinde
1245 1410 1307 1439 post
1324 1405 1423 1432 editam
1439 1409 1611 1440 peccatorum
1637 1405 1786 1432 confessio-

1005 1458 1066 1478 nem
1095 1450 1199 1478 absolvi
1229 1458 1282 1477 nou
1308 1450 1436 1484 solerent,
1453 1450 1534 1485 idque
1557 1450 1664 1477 nonnisi
1682 1451 1788 1485 expleto

1004 1495 1168 1530 pmuitentite
1181 1500 1301 1531 tempore
1315 1501 1558 1530 consequerentur,
1573 1496 1695 1530 pluribus
1709 1501 1788 1523 antea

1003 1539 1219 1567 demonstratum
1242 1544 1293 1567 est.
1317 1539 1394 1567 Nunc
1417 1540 1482 1567 illml
1515 1541 1611 1567 merito
1637 1541 1786 1571 dubitatur,

1005 1588 1160 1610 utrumnam
1180 1588 1278 1618 quarto
1295 1584 1406 1619 insuper
1429 1584 1525 1619 gradu,
1552 1584 1604 1612 hoc
1627 1590 1667 1612 est
1690 1585 1787 1612 συστά-

1004 1639 1056 1663 σει,
1075 1630 1153 1665 prius
1173 1629 1374 1665 defungendum
1401 1631 1454 1658 illis
1476 1631 1575 1663 fuerit,
1593 1640 1674 1666 quam
1694 1639 1788 1660 sacra-

1004 1674 1162 1705 meutalem.
1190 1679 1221 1701 ut
1249 1679 1356 1707 vocant,
1377 1675 1575 1702 absolutionem
1601 1676 1785 1710 impetrarent,

1003 1724 1037 1745 au
1051 1722 1112 1752 post
1126 1718 1284 1745 ὑπόπτωσιν
1299 1718 1505 1746 absolverentur
1519 1727 1534 1746 a
1547 1720 1664 1753 peccatis
1680 1720 1718 1746 illi
1731 1721 1787 1754 qui-

1001 1761 1074 1794 dem,
1091 1761 1136 1789 sed
1158 1762 1277 1788 nondum
1294 1766 1383 1788 tamen
1408 1762 1441 1788 ad
1468 1761 1600 1790 Dominici
1619 1763 1788 1790 communio-

1004 1812 1066 1832 nem
1083 1805 1206 1838 eorporis
1222 1805 1440 1833 admitterentur.
1457 1807 1496 1834 Ac
1506 1807 1590 1834 videri
1608 1816 1675 1835 sane
1689 1812 1785 1842 liotest.

1003 1855 1063 1885 post
1084 1851 1252 1883 ὑπόπτωσιν,
1275 1857 1447 1886 peccatorum
1468 1852 1520 1881 illis
1541 1854 1658 1884 veniam,
1681 1854 1732 1880 huc
1747 1858 1786 1881 est

1002 1896 1225 1924 sacramentalcm
1262 1897 1336 1924 illaut
1366 1898 1563 1926 relaxationem
1589 1907 1649 1926 esse
1675 1907 1786 1926 conces-

1002 1950 1070 1969 sam.
1098 1942 1163 1970 Nam
1188 1950 1250 1970 cum
1277 1944 1358 1971 tertio
1382 1953 1415 1972 ex
1440 1945 1486 1972 illo
1512 1945 1596 1979 gradu
1623 1945 1655 1972 ad
1688 1946 1785 1972 σύστα-

1003 1996 1045 2014 σιν
1064 1993 1240 2022 ernersorant,
1257 1990 1421 2024 pmnitentcs
1438 1998 1500 2018 eSse
1524 1991 1732 2026 quodammodo
1745 1992 1787 2018 dc-

1002 2034 1139 2065 siuebaut,
1155 2039 1185 2062 ut
1202 2035 1283 2071 paulo
1298 2042 1361 2063 ante
1379 2036 1598 2064 dcclaravimus:
1617 2038 1689 2072 quod
1706 2046 1784 2072 argu-

1003 2084 1096 2107 mento
1108 2087 1170 2108 esse
1195 2086 1294 2116 potest,
1317 2082 1436 2110 relaxata
1449 2082 1504 2118 jam
1522 2083 1576 2110 illis
1589 2090 1621 2110 ac
1635 2083 1785 2110 condonata

1002 2133 1063 2153 esse
1079 2126 1206 2159 crimina,
1221 2132 1332 2162 propter
1343 2136 1404 2163 qua:
1424 2128 1451 2155 in
1468 2128 1542 2155 illam
1559 2128 1690 2156 obemulze
1702 2128 1787 2163 [ninni-

1003 2171 1094 2198 lentia:
1110 2172 1299 2199 necessitatem
1322 2173 1503 2201 iucurrerant.
1518 2173 1594 2201 Adde
1611 2174 1704 2200 omnia
1723 2174 1786 2204 illis,

1005 2222 1059 2242 uno
1072 2220 1185 2249 excepto
1201 2214 1307 2243 Domini
1323 2224 1448 2252 corpore,
1466 2223 1528 2244 cum
1540 2217 1646 2245 caeteris
1664 2217 1786 2244 lldclibus

1003 2261 1089 2287 fuisse
1111 2262 1295 2289 communia:
1320 2263 1410 2290 locum
1439 2263 1466 2290 in
1496 2263 1591 2295 primis
1617 2271 1650 2291 ac
1681 2269 1787 2298 tempus

1002 2307 1153 2340 orationis;
1178 2309 1350 2342 nequeenim
1365 2316 1425 2336 cum
1449 2309 1643 2344 pmuiteutibus
1666 2309 1786 2342 exibant,

1002 2360 1052 2380 nec
1071 2352 1145 2384 alibi,
1168 2361 1250 2387 quam
1277 2354 1323 2382 ubi
1351 2355 1443 2382 ﬁdeles
1467 2355 1574 2388 caeteri,
1598 2356 1784 2383 versabantur.

1003 2396 1072 2424 Tum
1101 2398 1235 2425 sacriﬁcia
1262 2399 1320 2433 ipsa
1346 2404 1373 2426 et
1402 2400 1524 2434 Iiturgias
1541 2421 1548 2432 ,
1573 2408 1689 2434 quorum
1720 2399 1786 2425 citra

1001 2443 1235 2475 communionem,
1253 2449 1330 2472 crant
1351 2445 1507 2479 participes.
1532 2445 1633 2472 Deinde
1653 2452 1717 2472 Vero
1741 2453 1786 2471 ue-

1003 2489 1068 2516 tuiui
1087 2490 1199 2517 dubium
1219 2490 1283 2518 illud
1300 2496 1353 2523 est,
1367 2499 1413 2526 per
1430 2491 1628 2525 impositioncm
1644 2498 1785 2520 manuum,

1002 2540 1098 2562 caetera
1125 2541 1155 2562 ut
1177 2536 1317 2567 omittam,
1341 2542 1514 2571 peccatorum
1539 2537 1591 2564 illis
1620 2537 1786 2571 temporibus

1002 2583 1130 2609 tributam
1150 2590 1211 2610 esse
1234 2582 1352 2608 veniam.
1378 2582 1479 2609 Doceut
1502 2583 1553 2609 hoc
1576 2583 1719 2609 innumera
1735 2583 1786 2617 (2y-

1004 2628 1091 2663 priani
1107 2628 1273 2660 testimonia,
1294 2635 1412 2662 quorum
1435 2630 1566 2654 hactenus
1583 2628 1711 2662 pleraque
1726 2637 1786 2664 pio-

1002 2675 1142 2707 duximus,
1164 2675 1306 2710 inquibus
1328 2682 1374 2708 per
1395 2682 1492 2701 manus
1513 2674 1715 2709 impositioneiu
1737 2682 1785 2708 pax

1001 2725 1030 2748 ct
1047 2720 1234 2748 reconciliatio
1252 2720 1518 2754 communicatioquc
1533 2720 1700 2747 conceditur.
1719 2719 1786 2745 'l‘uui

1003 2768 1029 2794 in
1043 2767 1172 2800 Carthag.
1189 2774 1266 2794 conc.
1282 2773 1319 2798 ιν,
1332 2773 1392 2792 can.
1409 2766 1442 2792 76
1455 2766 1486 2793 de
1498 2773 1529 2793 eo
1541 2766 1587 2800 qui
1602 2766 1785 2800 pmniteutiam

1004 2814 1030 2841 in
1060 2814 1217 2841 iulirmitate
1243 2813 1362 2848 postulat
1385 2823 1391 2840 :
1421 2813 1454 2839 Et
1481 2814 1503 2840 si
1528 2813 1663 2845 continuo,
1691 2812 1786 2846 inquit,

1004 2861 1119 2887 creditur
1135 2859 1290 2890 moriturus,
1308 2859 1490 2885 reconcilietur
1509 2866 1553 2892 per
1569 2866 1661 2884 nuruus
1681 2857 1786 2891 imposi-

1005 2910 1120 2936 tiancm.
1144 2910 1171 2932 ει
1185 2905 1343 2940 infundatur
1363 2906 1402 2930 cri
1432 2905 1487 2939 cius
1513 2904 1691 2930 Eurum-istic.
1724 2903 1786 2929 lum
