1925 3043
177 124 246 152 1045

176 229 351 256 Etltltttttslla.’
377 229 535 262 acceperint,
563 231 614 255 non
642 237 669 255 se
697 229 804 255 credant
826 228 960 256 absolutos

174 275 230 301 sine
243 281 336 299 rnanus
347 273 525 307 impositione,
546 274 569 300 si
585 274 785 306 supervixerint.
801 273 830 300 In
846 273 959 300 Constit.

173 324 260 354 npost.
275 319 294 346 I.
312 327 347 351 ιι,
362 327 422 354 cap.
437 320 483 351 41,
503 319 685 355 ἡχειροθεσίσ.
698 319 889 354 paenitentibus
903 319 962 345 ἀντὶ

173 366 219 393 τοῦ
238 367 391 403 λούσματος
414 373 475 394 esse
493 365 605 392 dicitur.
626 366 662 392 At
682 373 746 392 vero
763 372 859 392 manus
874 365 963 399 impo-

173 413 235 440 sitio
249 413 358 448 propria
379 413 429 448 τῆς
450 411 634 444 ὑποπτώσεως
661 411 747 439 luisso
770 411 886 438 videtur.
902 410 962 444 Quo

172 459 198 487 in
217 461 302 494 gradu
319 460 484 494 poenitentes
502 459 553 487 sub
568 458 688 494 episcopi
699 466 796 486 manus
809 457 939 485 subibant
954 467 960 485 :

173 505 245 532 unde
260 505 311 540 τῆς
324 505 508 537 ὑποπτώσεως
524 505 686 532 vocabulum
706 503 862 531 deductum.
876 503 963 538 Atque

174 552 225 579 hoc
242 557 305 579 ante
335 557 500 586 postremam
526 551 724 578 absolutionem
750 557 782 577 ac
804 550 963 577 reconcilia-

174 597 275 624 tionem
292 596 390 631 sa-pius
403 596 574 623 factitabant.
599 595 627 623 In
646 595 758 622 Laodic.
784 595 899 627 can.I9,
918 595 962 622 ubi

172 642 344 677 Iiturgiarum
357 642 581 669 celebrandarum
596 640 682 668 forma
694 640 891 675 priescribitur,
900 640 964 676 περὶ

171 688 219 715 τοῦ
243 688 299 714 δεῖν
320 688 374 723 ἰδίᾳ
404 687 513 723 πρῶτον
539 687 607 723 μετὰ
628 687 678 718 τὰς
702 686 811 722 ὁμιλίας
831 685 885 712 τῶν
905 686 964 712 ὲπι-

172 735 291 766 σκὸπων,
308 734 419 760 καὶτῶν
437 734 648 769 κατηχουμένων
663 734 746 769 εὐχὴν
766 732 963 765 ἐπιτελεῖσθαι,

172 780 218 807 καὶ
237 779 307 815 μετὰ
325 780 356 806 τὸ
374 779 493 812 ἐξελθεῖν
517 780 580 811 τοὺς
603 779 835 816 κατηχουμένους,
856 778 911 805 τῶν
935 779 964 805 ὲν

173 826 305 862 μετανοίᾳ
321 825 370 861 τὴν
382 825 463 862 εὐχὴν
478 825 611 860 γίνεσθαι,
629 825 676 852 καὶ
690 825 792 852 τούτων
802 824 964 861 προσελθόν-

172 881 225 898 των
245 871 297 898 ῡπὸ
313 873 402 907 χεῖρα,
419 873 465 898 καὶ
482 871 733 910 ὑποχωρησᾲντων,
752 870 839 902 οὕτως
855 870 907 902 τὰς
918 869 963 896 εὐ·
979 864 999 892 Β

171 917 221 951 χὰς
247 917 301 943 τῶν
326 916 429 944 πιστῶν
449 917 571 951 γίνεσθαι
594 915 678 952 ἴρεῖς.
702 916 856 951 Agathcnse
881 923 959 943 conc.

171 970 233 989 can.
251 962 284 990 I5
299 972 306 990 :
323 962 481 990 Pwnitentes
505 967 630 997 tempore,
655 970 706 997 quo
726 961 907 996 pmnitentiam
923 969 963 995 pe-

172 1013 241 1040 tunt,
261 1008 454 1043 impositionem
470 1017 596 1035 manttum
617 1013 642 1035 et
662 1007 780 1035 cilicium
793 1015 870 1042 super
883 1012 961 1040 caput

171 1063 188 1082 a
209 1056 357 1085 sacerdote.
384 1056 451 1082 sicut
477 1055 572 1089 ubique
594 1054 766 1081 constitutum
788 1057 845 1084 est,
871 1061 962 1080 conse-

170 1105 297 1136 quantur.
313 1100 377 1127 Item
396 1101 522 1135 Carthag.
547 1108 583 1132 IV,
605 1107 666 1127 can.
678 1098 712 1126 80
729 1107 736 1125 :
753 1098 832 1125 Omni
848 1102 962 1132 tempore

167 1146 265 1181 jejunii
282 1154 373 1173 manus
386 1146 571 1181 ptenitentibus
584 1154 599 1172 a
608 1144 786 1172 sacerdotibus
799 1144 957 1178 imponatur.

206 1192 298 1227 Itaque
312 1200 374 1219 cum
391 1192 426 1219 ab
454 1191 610 1218 ὑποπτώσει
634 1194 667 1218 ad
686 1195 813 1225 quartum
836 1189 960 1217 ordinem

170 1245 203 1265 ac
215 1242 382 1273 pOstremum
400 1238 559 1273 migrarent,
584 1236 724 1271 probabile
744 1242 786 1264 est
806 1243 855 1271 per
875 1235 963 1270 impo—

170 1283 298 1310 sitionem
323 1290 453 1310 manuum
480 1283 704 1311 sacramentalom
731 1282 786 1309 illis
811 1282 963 1309 absolutio-

170 1337 232 1356 nem
251 1328 415 1364 impertitum
437 1328 532 1356 fuisse.
556 1328 648 1363 Neque
668 1328 753 1362 enim,
771 1328 845 1364 quod
865 1328 962 1360 sciam,

170 1375 276 1409 antiqui
297 1382 419 1402 canones
444 1380 505 1410 post
521 1375 650 1402 σύστασιν
668 1375 863 1410 paenitentibus
876 1375 963 1410 impo-

170 1421 251 1449 sitam
267 1428 328 1448 esse
346 1420 510 1455 significant,
531 1421 579 1448 sed
597 1429 657 1448 eam
679 1421 885 1456 impositionem
899 1428 962 1447 cum

175 1466 333 1494 ὐποπτώσει
346 1467 526 1502 coniungunt.
539 1466 605 1500 Qum
620 1466 776 1502 conjectura
790 1467 813 1494 si
828 1466 871 1494 cui
885 1465 964 1495 {orsi-

173 1517 219 1539 tan
247 1512 389 1547 placuerit,
408 1512 442 1539 ad
459 1513 589 1540 nonnulla
616 1511 727 1540 Patrum
748 1512 807 1539 loca
824 1511 964 1540 transferri

169 1556 427 1591 accommodat-ique
443 1557 552 1591 poterit.
572 1557 598 1584 in
614 1557 713 1592 quibus
729 1557 887 1592 paenitentia
904 1558 964 1585 sine

169 1602 363 1629 communione
374 1602 456 1630 certis
470 1603 657 1637 peccatoribus
665 1610 795 1630 concessa
811 1603 918 1638 legitur.
930 1603 965 1631 Ut

169 1654 232 1674 cum
244 1647 418 1674 Innocentius
436 1655 503 1682 papa
513 1648 616 1679 scribit.
634 1648 698 1676 olim
716 1648 759 1680 iis,
773 1648 819 1683 qui
843 1649 966 1676 reconci-

170 1691 308 1720 liationem
335 1694 386 1721 sub
408 1698 561 1720 extremum
578 1698 685 1728 tempus
700 1693 762 1720 vita:
775 1693 961 1728 postulabant,

171 1742 268 1773 negata
283 1738 488 1771 communione,
502 1745 662 1766 concessam
676 1746 736 1766 esse
749 1738 936 1772 puuritentiam
951 1747 957 1764 :

171 1792 234 1810 nam
259 1784 424 1819 pmnitentim
454 1784 565 1812 nomine
588 1785 794 1812 sacramentalis
824 1784 972 1812 absolutio'

171 1834 260 1865 potest
273 1830 394 1866 intelligi,
411 1838 493 1866 quam
515 1831 583 1858 citra
608 1830 740 1858 Dominici
757 1831 883 1866 corporis
899 1838 961 1865 par-

804 123 847 150 ItE
864 123 1149 153 CIIOREPISCOPIS.

174 192 234 211 can.
262 182 316 210 78:
334 181 499 211 Pwnitcnles.
528 183 572 217 qui
597 184 622 209 in
655 183 812 218 inﬁrmitate
839 183 966 209 viaticum
982 188 1002 214 Α
1019 183 1203 218 ticipationem
1242 183 1463 219 impetraverint;

1733 126 1805 154 10w

1502 183 1654 219 Cyprianus
1693 183 1806 219 insuper

1012 228 1091 264 epist.
1102 229 1131 256 II
1145 229 1227 256 :Antc
1236 230 1445 266 actaakinquit,
1461 230 1649 263 ptenitentiam,
1659 235 1718 256 ante
1728 230 1806 256 callo-

1013 277 1155 312 mologesin
1175 277 1324 312 gravissimi
1343 282 1421 312 atque
1452 277 1563 304 extremi
1584 276 1674 304 delicti
1695 277 1802 311 factamv

1013 327 1073 350 ante
1086 331 1191 350 manum
1207 323 1239 350 ab
1252 323 1373 358 episcopo
1384 328 1408 350 et
1425 323 1495 350 clero
1511 323 1537 350 in
1554 323 1737 357 paenitentiam
1754 323 1806 349 int-

1016 369 1141 403 positam.
1167 368 1203 396 Ibi
1228 369 1387 404 pmnitentia
1413 377 1463 404 pro
1484 369 1657 396 absolutione
1678 368 1805 403 usurpari

1015 414 1133 445 videtur,
1155 418 1184 441 ut
1203 418 1230 441 et
1245 413 1310 441 alibi
1330 414 1443 449 passim,
1468 414 1575 449 quoties
1595 413 1629 442 de
1649 414 1808 441 reconcilia-

1013 460 1087 487 tione
1103 459 1219 494 loquens
1239 460 1272 488 iis
1291 460 1381 488 verbis
1402 460 1486 488 utitur
1507 469 1514 486 :
1535 467 1616 486 manu
1633 459 1660 488 in
1677 460 1806 493 peniten-

1014 506 1079 532 tiam
1110 506 1244 540 imposita.
1283 505 1416 540 Quocirca
1445 506 1472 533 in
1504 505 1557 533 line
1598 505 1649 540 τῆς
1677 504 1805 532 ὑποπτώ-

1014 560 1083 584 σεως
1106 551 1212 580 for-[ean
1227 560 1324 580 manus
1341 552 1368 580 in
1389 552 1575 587 paenitentiam
1599 552 1725 587 imposita
1743 552 1803 583 fuit,

1014 598 1066 626 hoc
1084 603 1128 625 est
1161 598 1297 626 absolutio
1318 598 1559 632 reconciliatioque
1581 599 1643 625 data
1668 597 1804 632 peniten-

1015 643 1096 676 tibus.
1112 643 1152 671 sic
1170 648 1199 670 ut
1216 643 1347 678 tantisper
1363 651 1378 670 a
1395 642 1533 678 mysteriis
1546 642 1724 673 abstinerent.

1050 689 1151 717 Verum
1172 697 1206 717 nc
1227 689 1290 717 huic
1316 688 1481 725 conjecturae
1501 688 1617 716 nimium
1647 688 1804 719 conﬁdam.

1014 743 1099 763 unum
1114 735 1178 763 illud
1195 735 1274 766 facit,
1296 733 1369 770 quod
1385 734 1562 762 vetustissimi
1584 733 1690 765 Patres,
1706 734 1733 761 in
1750 733 1805 768 pri-

1015 779 1121 815 misque
1133 779 1286 815 Cyprianus
1316 784 1379 815 post
1397 780 1621 816 exhomologesin
1641 783 1806 807 extremam-

1015 833 1068 860 que
1082 833 1214 854 manuum
1232 826 1434 861 impositionem
1452 825 1545 854 statim
1560 826 1593 853 ad
1610 825 1803 861 mysteriorum

1013 871 1236 899 communionem
1245 871 1291 908 jus
1304 871 1434 900 habuisse
1446 871 1612 906 poenitentcs
1625 878 1680 898 non
1689 870 1806 897 obscure

1012 916 1209 944 demonstrant.
1226 916 1271 944 Sic
1284 917 1310 943 in
1326 917 1405 953 epist.
1425 916 1459 944 10
1472 916 1506 944 ad
1517 917 1642 944 Clerum:
1659 915 1731 942 Nam
1746 923 1805 942 cum

1013 963 1041 989 in
1061 961 1209 994 minoribus
1231 962 1346 996 peccatis
1367 961 1507 997 (Cypriani
1530 960 1614 995 verba
1630 962 1704 991 sunt)
1725 964 1806 995 agant

1012 1011 1161 1041 peccatores
1175 1006 1355 1040 ptenitentiam
1375 1006 1448 1038 iusto
1471 1011 1595 1039 tempore,
1616 1010 1641 1032 et
1664 1004 1806 1032 secundum

1012 1052 1160 1086 disciplina:
1175 1052 1294 1080 ordinem
1307 1052 1341 1078 ad
1362 1051 1574 1086 ezltomologesin
1594 1050 1707 1082 veniant,
1722 1055 1747 1077 et
1761 1057 1807 1084 per

1013 1106 1107 1125 vannus
1127 1098 1321 1132 impositionem
1341 1097 1457 1132 episcopi
1475 1103 1498 1124 et
1514 1096 1578 1124 cleri
1593 1096 1640 1130 jus
1659 1096 1806 1123 communi-

1013 1144 1125 1170 cationis
1141 1143 1284 1178 accipiunt,
1304 1151 1374 1170 nunc
1390 1143 1473 1170 crudo
1485 1148 1610 1177 tempore,
1624 1141 1806 1176 persecutione

1014 1189 1099 1216 adhuc
1135 1193 1333 1224 perseverante,
1368 1188 1486 1216 nondum
1519 1188 1642 1215 restituta
1678 1186 1806 1214 Ecclesia:

1013 1236 1096 1271 ipsius
1113 1244 1188 1271 pace,
1215 1237 1249 1263 ad
1273 1235 1539 1264 communicationem
1567 1235 1758 1267 admittuntur,
1781 1238 1807 1259 et

1013 1283 1123 1318 offertur
1133 1291 1227 1310 nomen
1239 1290 1338 1316 earum,
1350 1287 1374 1310 et
1389 1282 1504 1310 nondum
1519 1281 1712 1317 exliomologesi
1722 1282 1804 1315 fama.

1013 1328 1131 1357 nondum
1154 1337 1234 1355 manu
1258 1328 1295 1357 eis
1330 1328 1363 1354 ab
1384 1328 1505 1364 episcopo
1529 1331 1555 1355 et
1579 1327 1648 1354 clero
1669 1326 1805 1360 imposita,

1015 1373 1189 1403 Eucltaristia
1204 1374 1259 1401 illis
1272 1376 1364 1402 datur.
1383 1373 1456 1402 Idem
1472 1373 1569 1409 repetit
1582 1372 1662 1408 epist.
1678 1373 1708 1399 II
1727 1378 1759 1399 ac
1772 1371 1806 1398 I2

1014 1423 1041 1446 et
1055 1419 1191 1446 sexcentis
1207 1418 1269 1446 aliis
1284 1418 1361 1446 locis.
1378 1418 1417 1446 Ex
1431 1418 1533 1453 quibus
1547 1418 1677 1450 eiicitur,
1697 1416 1806 1444 nonnisi

1016 1469 1127 1500 peracta
1143 1464 1313 1500 poenitentia,
1329 1469 1356 1492 et
1373 1465 1424 1492 sub
1437 1465 1518 1492 linem
1534 1464 1690 1496 συστάσεως
1706 1467 1809 1499 postre-

1016 1518 1089 1538 mam
1104 1510 1177 1537 illam
1195 1517 1325 1538 manuum
1340 1509 1553 1545 impositioncm,
1568 1517 1622 1544 qua
1650 1515 1808 1536 sacramen-

1017 1557 1079 1584 talis
1111 1556 1248 1584 absolutio
1287 1555 1499 1588 continebatur,
1536 1555 1701 1590 pcenitcntes
1736 1553 1808 1579 obti-

1021 1603 1125 1631 nuisse.
1150 1602 1222 1629 Nihil
1251 1602 1322 1629 inter
1348 1606 1485 1636 parentet
1503 1599 1755 1628 reetmeiliationem
1776 1606 1809 1625 ac

1017 1649 1208 1684 mysteriorum
1236 1647 1487 1682 participandorum
1511 1647 1557 1683 jus
1580 1645 1806 1679 interponendum

1018 1694 1123 1722 videtur
1145 1702 1152 1720 :
1175 1698 1203 1721 ct
1224 1699 1370 1728 utrumque
1393 1692 1595 1720 communionis
1625 1691 1808 1726 appellatione

1013 1739 1264 1775 comprehenditur.
1289 1737 1338 1766 llic
1364 1738 1446 1775 igitur
1472 1737 1581 1773 ἐπέχω.
1606 1737 1694 1772 deque
1720 1744 1751 1763 ca
1779 1745 1808 1764 re

1015 1786 1160 1817 doctorum
1184 1789 1211 1813 ct
1226 1785 1398 1820 antiquitatis
1412 1783 1606 1812 ecclesiastica:
1617 1782 1806 1810 consultorum

1018 1831 1161 1859 hominum
1175 1831 1309 1866 judicium
1325 1835 1463 1866 exspecto.

172 1917 1784 1936 W—

700 1995 772 2038 Ι)Ιέ
811 1992 1307 2041 CHOREPISCOPIS.

679 2088 719 2115 Ad
737 2089 800 2116 haar.
820 2097 895 2121 thx,
911 2093 978 2116 tom.
990 2089 1022 2121 ll,
1038 2091 1092 2118 col.
1110 2090 1174 2123 201,
1191 2096 1248 2118 not.
1264 2091 1308 2118 62.

207 2167 296 2207 Ὀσαι
310 2179 365 2214 γὰρ
382 2178 558 2212 Ἐκκςιησιαι
571 2178 627 2213 τῆς
641 2177 814 2212 καθολικῆς.
832 2177 958 2213 Singula-

1009 2179 1064 2207 sint
1079 2180 1247 2207 constitutor:
1263 2187 1376 2214 quarum
1388 2179 1543 2215 presbyteri,
1556 2179 1619 2214 quia
1628 2180 1672 2206 die
1682 2180 1734 2206 isto
1747 2189 1806 2214 pra-

172 2233 229 2253 rem
243 2231 307 2253 tunc
320 2226 451 2260 temporis
467 2225 639 2252 Alexandria:
658 2232 761 2251 morem
781 2223 853 2252 hunc
869 2224 964 2259 fuisse,
981 2218 1005 2248 Ι)
1017 2230 1075 2260 pter
1089 2225 1188 2260 plebem
1201 2225 1252 2252 sibi
1267 2226 1435 2252 commissam
1451 2225 1587 2252 nobiscum
1606 2226 1742 2253 convenire
1758 2235 1809 2253 non

172 2272 214 2299 vel
225 2271 321 2298 saltem
335 2271 428 2306 paucis
439 2271 466 2298 in
478 2271 608 2298 Ecclesiis
619 2275 791 2305 usurpatum.
804 2278 837 2298 ex
852 2278 884 2298 eo
896 2278 964 2299 con-

170 2318 262 2353 jicias,
276 2318 348 2352 quod
365 2323 419 2345 tam
433 2325 561 2352 expresse
576 2316 731 2345 istiusmodi
744 2317 964 2350 consuetudinis,

173 2367 302 2398 tanquam
311 2362 500 2390 Alexandrina:
514 2362 641 2390 Ecclesiae
655 2362 809 2397 peculiaris.
824 2362 965 2390 meminit:

174 2408 214 2435 uti
230 2408 357 2435 nimirum
374 2408 465 2443 plures
477 2409 503 2434 in
516 2408 611 2435 eadem
629 2408 695 2435 urbe
707 2407 776 2434 tituli
792 2407 892 2439 forent.
905 2408 967 2443 qui-

173 2453 225 2481 bus
247 2454 362 2489 singulis
389 2461 456 2481 suus
479 2453 628 2481 attributus
651 2458 724 2480 esset
745 2453 896 2489 presbyter,
921 2454 969 2489 qui

175 2499 375 2527 ecclesiasticas
388 2499 540 2527 functiones
552 2499 607 2527 illic
618 2499 715 2527 obiret.
731 2498 783 2526 Sed
794 2499 861 2527 alibi
877 2504 969 2527 tamen

172 2543 336 2578 jampridem
350 2544 505 2571 institutum
518 2544 588 2572 idem
604 2544 703 2575 fuerat,
719 2544 792 2571 velut
805 2543 909 2578 Romae,
922 2544 970 2572 ubi

175 2596 223 2624 per
240 2589 334 2617 titulos
351 2590 489 2617 distributi
506 2590 657 2626 presbyteri
675 2597 740 2618 suos
763 2590 866 2625 quique
882 2597 971 2625 popu-

175 2635 218 2662 los
235 2635 373 2670 regebant,
397 2635 437 2662 Ad
451 2644 499 2663 eos
509 2636 629 2671 episcopi
645 2635 794 2663 Dominicis
808 2635 905 2663 diebus
918 2635 972 2663 I'er-

177 2684 312 2713 mentum,
338 2680 396 2708 sive
417 2681 588 2708 benedictum
610 2689 706 2716 panem
725 2682 751 2708 in
769 2681 972 2709 communionis

179 2726 333 2761 symbolum
362 2727 469 2754 mittere
498 2731 705 2755 consueverant.
736 2727 910 2754 Innocentius
937 2727 972 2754 at!

179 2771 332 2799 Decentium
348 2780 406 2806 cap.
420 2772 436 2800 ὅ
455 2781 462 2800 :
480 2772 517 2799 De
539 2773 665 2807 fermento
679 2781 750 2805 vero,
767 2773 837 2807 quod
856 2773 899 2800 die
918 2772 974 2800 Do-

180 2815 278 2842 minico
295 2824 340 2849 per
352 2816 442 2843 titulos
456 2817 602 2848 mittimus,
620 2818 751 2852 superﬂue
769 2826 814 2844 nos
834 2818 970 2845 consulere

182 2861 299 2894 coluisti,
322 2870 380 2889 cum
397 2870 484 2889 omnes
496 2863 612 2890 crclctiw
632 2870 729 2891 nostra:
747 2865 817 2891 intra
836 2865 969 2892 cititutem

1016 2276 1135 2306 possunt,
1151 2271 1209 2298 ideo
1226 2271 1384 2305 fermentum
1395 2280 1411 2298 a
1430 2272 1504 2298 nobis
1526 2271 1673 2306 confectum
1687 2280 1733 2305 per
1746 2282 1809 2299 nco‘

1017 2318 1102 2354 lytltos
1114 2318 1296 2352 accipiunt,ut
1310 2326 1339 2345 se
1351 2327 1366 2344 a
1382 2322 1472 2345 nostra
1487 2319 1680 2346 communione.
1694 2319 1810 2345 maxime

1018 2366 1066 2392 illa
1079 2365 1122 2392 die
1145 2372 1196 2392 non
1209 2364 1331 2399 judicent
1353 2368 1499 2399 separatas.
1529 2363 1605 2397 Quod
1622 2372 1637 2391 a
1664 2363 1812 2392 Melcbiade

1019 2411 1198 2439 constitutum
1218 2410 1303 2438 fuisse
1316 2410 1384 2437 liber
1399 2409 1565 2438 Pontilicalis
1583 2409 1692 2438 Damasi
1716 2411 1809 2438 tradit.

1020 2456 1131 2485 Laodic.
1156 2464 1233 2483 conc.
1262 2463 1324 2484 can.
1349 2456 1397 2489 Ill,
1419 2456 1590 2491 culogiarum
1616 2456 1731 2484 istarum
1755 2462 1812 2483 me-

1021 2502 1116 2530 minit:
1149 2502 1220 2538 Hept
1241 2502 1288 2529 τοῦ
1313 2502 1350 2537 μὴ
1369 2502 1403 2528 τὰ
1424 2502 1489 2536 ἅγια
1509 2503 1549 2534 εἰς
1576 2501 1656 2536 λόγον
1681 2501 1810 2536 εὐλογιῶν

1021 2547 1090 2574 κατὰ
1109 2547 1159 2583 τὴν
1178 2547 1275 2583 ἑορτὴν
1296 2547 1345 2574 τοῦ
1364 2547 1460 2583 Πάσχα
1480 2548 1520 2579 εἰς
1546 2547 1642 2583 ἑτέρας
1665 2547 1811 2582 παροικίας

1022 2589 1238 2624 διαπέμπεσθαι.
1255 2589 1307 2617 Sed
1321 2589 1355 2617 de
1368 2589 1420 2618 hoc
1435 2590 1489 2618 ritu
1506 2589 1629 2625 pluribus
1643 2590 1670 2617 in
1686 2589 1812 2617 Ecclesia:

1024 2643 1086 2662 tum.
1103 2634 1237 2663 Baronius
1252 2643 1277 2663 a.
1298 2636 1359 2663 313.
1386 2635 1445 2663 Non
1463 2636 1558 2663 dubito
1576 2635 1725 2671 majoribus
1738 2635 1811 2663 dun-

1023 2686 1097 2709 taxat
1110 2681 1136 2708 in
1148 2682 1261 2709 urbibus
1274 2682 1366 2717 plures
1378 2682 1448 2709 intra
1460 2681 1590 2716 pomatria
1608 2681 1701 2709 titulos
1714 2682 1809 2714 fuisse,

1023 2734 1085 2755 cum
1100 2727 1170 2754 intra
1184 2726 1278 2754 eadem
1294 2717 1369 2762 septa
1386 2726 1519 2754 contineri
1546 2733 1653 2760 Imaque
1666 2727 1809 2755 convenire

1025 2779 1078 2799 non
1093 2777 1220 2807 possent:
1242 2772 1363 2806 atle0que
1377 2771 1548 2806 presbyteros
1561 2771 1675 2806 singulis
1689 2773 1812 2801 ecclesiis

1026 2817 1179 2852 impositos.
1197 2819 1226 2845 In
1243 2818 1395 2845 minoribus
1420 2822 1508 2844 autem
1529 2824 1560 2844 ac
1575 2816 1666 2844 minus
1686 2816 1813 2851 [εἰ-«μιυιυο

1026 2864 1098 2892 tibus
1116 2864 1221 2899 oppidis
1246 2871 1327 2891 unam
1351 2863 1483 2892 duntaxat
1502 2863 1646 2892 ecclesiam
1663 2863 1813 2895 exstitisse,
