1925 3043
145 139 211 175 iuit

656 138 831 169 APPENDIX
853 138 1163 170 DISSERTATIONIJM

1698 137 1767 164 1M8

145 196 173 223 in
187 202 269 231 quam
283 195 401 223 universi
418 196 594 224 conﬂuerent.
616 196 776 231 Cujustttodi
788 197 868 233 Cypri
886 205 932 224 ur-

987 198 1115 234 κειμένας
1126 198 1216 232 αὒτοῖς
1228 196 1386 234 ἐκκλησῖας,
1398 197 1444 223 καὶ
1454 197 1487 232 τῇ
1503 195 1607 223 τούτων
1621 194 1766 231 ἁρκεῖτθαι

145 239 193 272 bes
221 244 306 267 erant.
333 239 409 267 Unde
431 241 503 274 quod
517 240 687 268 Alexandria:
706 247 844 276 receptum
862 247 930 275 erat,

983 244 1112 279 φροντίδι,
1122 244 1168 270 καὶ
1176 243 1322 279 κηδεμονίᾳ
1331 252 1337 258 ·
1348 243 1478 278 καθιστᾷν
1488 243 1515 268 δὲ
1527 242 1714 276 ἀναγνώστας,
1723 240 1769 266 καὶ

146 285 217 313 velut
228 285 469 319 popularibus'suis
481 286 650 321 peregrinum
663 291 689 313 et
698 287 870 319 inusitatum,
885 287 932 314 ad-

985 290 1184 321 ὑποδιακόνους,
1198 290 1244 316 καὶ
1256 288 1431 324 ἐπορκιστὰς,
1447 289 1492 314 καὶ
1507 289 1540 323 τῇ
1556 287 1658 314 τούτων
1673 287 1768 322 ἀρκεῖς

145 330 250 365 notavit
264 330 440 365 Epiphanius.
465 330 534 358 Hinc
553 331 628 366 origo
644 332 835 366 parteciarum,
859 333 931 367 quod

146 377 306 404 vocabulum
318 384 332 402 ο
346 377 493 405 rusticanis
512 377 635 405 ecclesiis
650 378 683 405 ad
697 378 805 406 urbicas
818 378 932 406 transla-

146 427 214 454 tum.
234 421 366 457 Παροικεα
382 423 490 457 proprie
506 422 598 458 χώραν
614 430 721 450 onmem
738 424 932 459 regionemque

145 467 288 502 signiﬁcat,
301 476 362 502 qua:
377 470 410 495 ab
429 469 495 495 urbe
513 469 618 497 distans
631 470 754 497 ecclesiae
767 475 849 499 certat
866 478 932 498 con-

145 512 282 544 tribuitur,
309 506 538 553 quemadmodum
563 514 627 541 olim
643 514 736 542 Romae
762 516 878 551 singulis
892 516 932 543 vi-

144 557 214 584 cinis
240 557 333 590 πάγοι,
352 558 409 585 sive
428 559 510 586 coiles
527 559 666 587 constituti
684 560 794 589 fuerunt
806 568 821 592 a
837 560 932 588 S-rvio

144 601 233 629 Tullio
249 610 320 638 rege,
335 607 464 638 tanquant
482 603 671 639 κρησφύγετα,
689 605 745 632 sive
762 610 886 640 receptus
900 613 932 632 ac

144 647 267 682 perfugia
280 667 287 679 ,
303 656 358 683 quo
373 656 403 676 se
418 649 452 675 ab
467 649 602 684 ingruenti
619 649 697 678 hoste
710 653 873 678 tutarentur.
902 649 931 678 ln

145 687 178 720 iis
196 692 312 720 collibus
336 701 389 721 arae
405 694 560 722 collocatae:
577 695 651 722 Θεῶν
663 696 821 723 ἐπισκόπων
838 705 868 723 τε
885 698 932 724 καὶ

145 738 272 773 φυλάκων
293 740 340 766 τοῦ
355 740 454 775 πάγου,
477 741 523 773 οὓς
538 741 615 774 ἔταξε
632 742 738 775 ουσιαις
768 745 871 775 κοιναῖς
885 752 932 778 γε-

146 784 262 828 ραίρειν,
279 790 334 813 ctc.
353 787 391 813 ait
407 786 543 815 llalicarn.
562 788 609 815 lib.
628 796 663 815 tv.
682 788 739 816 lmo
751 797 815 816 vero
829 794 856 816 et
871 790 931 825 pagi

145 831 244 865 singuli
261 836 404 859 curatores
418 840 482 860 suos
497 832 661 865 habuerunt.
675 841 745 868 quos
767 835 932 867 ἐπισκόπους

143 880 171 909 et
185 877 350 912 περιπόλους
377 877 447 905 idem
471 884 567 906 auctor
583 880 709 914 appellat.
739 880 844 914 Quibus
858 881 934 909 Cbri-
950 870 969 897 Β

144 921 295 949 stianorum
319 923 344 952 in
373 923 444 957 agris
463 924 589 957 parmene
605 932 687 959 quam
709 925 854 953 simillima:
873 925 932 953 fue-

143 971 217 994 runt.
249 967 316 994 Nam
335 973 362 995 et
377 968 434 996 illic
451 964 607 1003 ἐπίσκοποι,
627 971 684 998 sive
709 971 798 1006 potius
813 972 933 1008 χωρεπί-

145 1021 240 1040 σκοποι
261 1013 324 1040 olim
343 1014 519 1048 praefui-runt,
538 1023 607 1050 quos
620 1016 801 1051 episcoporum
822 1018 933 1044 vicario:

146 1059 247 1095 Latina:
270 1060 394 1095 quaedam
412 1067 548 1089 canonum
563 1062 801 1097 interpretationes
816 1069 931 1092 vocant:

144 1106 204 1141 alia:
228 1107 403 1141 rcgiouarios,
421 1114 469 1135 seu
489 1109 603 1141 vicanos,
623 1108 702 1143 longe
718 1117 800 1144 quant
825 1109 876 1137 illa:
891 1118 934 1138 re-

143 1151 225 1179 ctius.
251 1151 313 1179 Fuit
325 1159 420 1179 eorum
439 1152 557 1188 dignitas
585 1158 612 1187 et
630 1159 750 1188 potestas
767 1156 933 1191 presbyteris

144 1198 324 1233 simplicibus.
340 1203 369 1226 ut
386 1198 503 1232 videtur,
519 1191 647 1236 ampliorl
668 1205 693 1227 et
707 1200 853 1236 episcopali
868 1209 933 1238 sup-

145 1252 208 1278 par;
221 1251 283 1271 nam
299 1249 326 1271 et
339 1244 481 1272 inferiores
494 1245 606 1273 ordittcs
619 1246 653 1273 ab
665 1245 699 1279 iis
713 1246 859 1275 collocatos
873 1255 933 1275 esse

143 1293 260 1317 constat.
281 1289 339 1322 Qua
363 1291 396 1317 de
411 1297 440 1317 re
455 1290 590 1319 obscurus
604 1295 647 1318 est
669 1291 806 1327 Ancyraui
823 1293 931 1325 concilii

143 1343 204 1363 con.
221 1336 510 1372 ΙῦεΧωρεπισκόπους
529 1337 566 1372 μὴ
583 1335 683 1371 ἐξεῖναι
698 1336 901 1373 πρεσϐυτέρους
915 1338 932 1374 ἣ

144 1381 283 1414 διακόνους
299 1383 462 1417 χειροτονεῖν
474 1390 481 1397 ·
500 1382 568 1409 ἀλλὰ
581 1383 648 1417 μηδὲ
662 1382 866 1418 πρεσϐυτέρους
882 1384 931 1409 πό-

143 1428 221 1461 λεως,
230 1429 314 1464 χωρὶς
324 1429 371 1455 τοῦ
386 1430 569 1464 ἐπιτραπῆναι
583 1429 635 1456 ὑπὸ
645 1429 692 1456 τοῦ
703 1429 852 1463 ἐπισκόπου
864 1430 933 1465 μετᾲ

143 1473 357 1509 γραμμάτωνιν
369 1473 450 1507 ἑτέρα
463 1474 607 1510 παροικίᾳ.
622 1473 701 1502 Vetat
714 1474 887 1511 presbyteros
900 1482 933 1504 ac

142 1520 273 1547 diaconos
288 1527 304 1547 a
317 1520 520 1555 cltorepiscopis
537 1520 702 1548 consecrari.

178 1566 233 1594 Sed
248 1566 443 1594 obscurissima
459 1572 522 1594 sunt
535 1574 597 1601 qua:
607 1566 766 1601 subjunxit:
781 1566 848 1594 ἀλλὰ
864 1567 933 1603 μηδὲ

144 1611 356 1648 πρεσϐυτέρους,
383 1619 499 1647 quorutn
520 1612 620 1647 duplex
643 1616 731 1648 potest
746 1619 807 1640 esse
822 1619 931 1641 sensus.

144 1658 197 1685 Aut
207 1658 279 1685 enim
288 1657 411 1686 eamdem
420 1657 533 1686 urbanis
541 1657 708 1695 presbyteris
721 1662 880 1693 potestatem
890 1657 934 1685 ad-

144 1704 218 1731 imit:
242 1704 314 1739 quod
329 1703 449 1732 otiosum
475 1708 502 1731 et
514 1703 635 1738 ineptqu
649 1703 765 1730 videtur.
780 1702 847 1736 Quis
860 1702 933 1730 enim

145 1751 318 1787 presbyteros
331 1758 347 1778 a
362 1749 528 1786 presbyteris
542 1749 683 1777 ordinatos
700 1757 820 1784 unquam
837 1749 934 1780 audiit,

147 1790 192 1831 aut
205 1797 265 1831 eius
278 1798 316 1825 rei
332 1801 492 1832 potestatem
509 1796 562 1824 illis
580 1798 614 1824 ab
627 1797 755 1831 episcopo
769 1804 817 1831 per
831 1797 935 1823 litteras

144 1852 206 1872 esse
229 1843 352 1872 iactam?
376 1843 450 1878 quod
478 1850 566 1870 canon
587 1843 712 1876 excipere
743 1841 859 1869 vitietur.
890 1841 935 1868 Vel

145 1895 219 1923 certe
246 1889 457 1924 cltorepiscopos
481 1888 605 1923 proltibet
629 1887 737 1915 urbicos
763 1887 936 1922 presbyteros

146 1935 274 1967 ordinare
289 1934 349 1961 sine
367 1933 485 1968 episcopi
511 1932 692 1961 consensione
712 1940 744 1960 ac
764 1933 872 1965 litteris,
898 1932 937 1959 id-

146 1988 199 2015 que
219 1980 245 2007 itt
261 1979 348 2007 aliena
366 1978 501 2014 partecia;
527 1983 609 2013 atque
634 1978 672 2005 ita
694 1977 836 2005 Balsamo:
861 1978 935 2012 quod

147 2028 186 2055 ne'
205 2025 294 2060 ipsuut
322 2023 431 2059 quidem
456 2022 602 2058 probatur;
631 2029 695 2049 nattt
719 2021 742 2048 si
764 2021 936 2056 presbyteros

146 2073 194 2097 aut
215 2068 344 2095 diaconos
372 2067 477 2102 penitus
496 2067 623 2094 ordinare
644 2066 755 2094 vetitum
780 2071 838 2098 est,
869 2065 935 2101 quid

146 2114 243 2141 attinet
264 2113 298 2141 de
321 2113 433 2141 urbanis
457 2113 622 2149 presbyteris
651 2112 812 2139 nominatim
840 2112 935 2140 memi-

147 2159 239 2187 nisse?
271 2158 429 2186 Mendusutn
458 2159 541 2193 igitur
564 2166 626 2186 csse
650 2157 775 2186 Graecum
801 2165 933 2185 canoncm

982 336 1045 362 σοαι
1057 336 1218 372 προαγωγῇ,
1236 335 1304 370 μήτε
1317 335 1345 361 δὲ
1359 334 1552 370 πρεσϐύτερον,
1567 333 1634 368 μήτε
1647 332 1770 359 διάκονον

981 383 1144 417 χειροτονεῖν
1157 382 1259 416 τολμᾷν
1275 380 1336 416 δίχα
1353 381 1400 410 τοῦ
1422 381 1451 407 ὲν
1466 381 1502 416 τῇ
1519 379 1594 405 πόλει
1609 378 1770 410 ἐπισκόπου,

980 424 998 463 ᾖ
1014 426 1170 453 ὑπόκεινται
1186 426 1266 458 αὐτός
1284 435 1313 452 τε
1340 427 1388 452 καὶ⁸
1403 427 1420 461 ἡ
1435 425 1521 461 χώρα.
1538 425 1567 451 Ei
1579 424 1607 450 δὲ
1623 423 1770 460 τολμήσειὲ

981 482 1023 504 τις
1039 473 1195 508 παραϐῆναι
1211 472 1245 498 τὰ
1258 471 1410 507 ὁρισθέντα,
1427 469 1614 506 καοαιρεῐσϐαι
1629 469 1710 495 αὑτὸν
1725 469 1772 494 καὶ

981 515 1015 553 ἧς
1038 518 1145 553 μετέχει
1165 518 1259 553 τιμῆς.
1292 516 1504 552 Χωρεπὶσκοπον
1519 515 1548 542 δὲ
1569 515 1694 550 γίνεσθαι
1720 513 1772 539 ὑπό

981 564 1030 598 τῆς
1045 560 1186 600 πόλεως,ᾖ
1201 563 1354 593 ὑπόκειται,
1369 562 1528 589 ἐπισκόπου.
1541 561 1625 594 Quem
1636 568 1770 588 cattonent

982 607 1022 634 sic
1039 606 1152 634 Latinus
1165 607 1297 641 interpres
1309 606 1442 634 reddidit:
1458 605 1652 640 Chorcpt'scopi,
1665 605 1771 631 tametsi

982 661 1077 680 manus
1098 653 1292 689 impositioncm
1310 653 1342 679 ab
1358 653 1476 687 episcopo
1493 657 1676 686 susceperunt,
1700 657 1724 677 et
1743 655 1772 677 ut

981 696 1097 732 episcopi
1105 702 1165 724 sunt
1177 698 1334 729 consecrati,
1350 702 1436 723 tamen
1444 696 1545 731 placuit
1557 701 1658 723 sancta'
1670 696 1772 730 synodo

982 749 1024 768 eos
1043 741 1148 768 modum
1166 742 1301 776 proprium
1315 743 1435 774 retinere,
1449 746 1473 768 et
1489 742 1633 778 gubernare
1646 741 1772 775 adjacen-

984 792 1020 814 κει
1035 787 1085 814 sibi
1106 787 1234 819 civitates,
1252 792 1275 813 et
1295 795 1350 813 esse
1366 792 1500 814 contentos
1517 787 1623 820 propria
1643 786 1773 812 sollicitu-

984 833 1045 859 dine
1057 837 1082 860 et
1103 833 1301 868 gubernatione,
1315 840 1395 867 quant
1410 837 1589 866 susceperunt.
1604 831 1772 858 Constituere

985 883 1073 905 autent
1084 879 1124 905 his
1141 879 1304 913 permittitur
1323 878 1442 911 lectores,
1452 883 1477 905 et
1492 878 1677 909 subdiaconus,
1693 882 1771 911 atque

983 925 1148 951 exorcistas:
1161 923 1255 959 quibus
1267 924 1378 958 sufﬁciat
1396 924 1507 950 istorum
1520 929 1622 950 tantum
1640 923 1772 957 graduum

983 969 1118 997 licentiam
1126 969 1264 1004 accepisse.
1283 969 1344 996 Non
1354 974 1441 996 autem
1452 969 1640 1004 presbyterum,
1654 977 1705 995 non
1714 969 1773 997 dia-

983 1023 1078 1042 conum
1098 1015 1213 1041 audeant
1235 1015 1358 1054 ordinare
1379 1020 1475 1049 praeter
1496 1015 1685 1042 conscientiam
1717 1015 1773 1048 epi-

983 1061 1055 1095 scopi
1069 1060 1193 1094 civitatis,
1213 1060 1252 1087 vel
1270 1060 1404 1093 Ecciesitc,
1419 1062 1462 1087 cui
1483 1061 1607 1095 adjacens
1621 1061 1770 1092 invenitur;

983 1116 1027 1134 seu
1038 1107 1103 1142 ipse,
1122 1115 1167 1134 seu
1183 1109 1264 1143 regio,
1285 1109 1311 1135 in
1333 1116 1385 1142 qua
1399 1116 1509 1142 pra’esse
1527 1108 1699 1142 dignoscitur,
1717 1111 1771 1134 etc.

983 1153 1190 1188 CItorepiscopus
1211 1159 1299 1180 autem
1320 1154 1351 1180 ab
1365 1155 1486 1189 episcopo
1502 1154 1625 1186 civitatis,
1651 1153 1690 1180 vel
1710 1154 1772 1186 ioci,

983 1200 1026 1226 cui
1042 1200 1111 1227 idem
1125 1199 1239 1234 adjacet,
1256 1200 1420 1227 ordinandus
1432 1205 1481 1227 est.

1018 1245 1147 1273 Poterant
1164 1246 1256 1281 itaque
1279 1245 1461 1273 subdiaconus
1492 1253 1525 1272 ac
1556 1245 1676 1271 minores
1691 1244 1772 1271 clcri-

983 1298 1031 1319 cos
1052 1290 1188 1322 ordinare.
1209 1295 1236 1318 et
1258 1299 1322 1318 vero
1336 1291 1509 1326 presbyteros
1538 1298 1570 1317 ac
1591 1291 1732 1321 diaconus,
1750 1291 1773 1317 si

983 1337 1017 1364 ab
1029 1336 1156 1371 episcopo
1170 1336 1246 1363 fieret
1261 1341 1391 1371 potestas.
1406 1336 1497 1369 Quare
1511 1337 1629 1371 amplius
1644 1336 1772 1370 quiddam

983 1388 1155 1418 erantquam
1171 1383 1378 1419 presbyteri,et,
1395 1385 1418 1411 si
1433 1392 1527 1412 verum
1542 1385 1702 1419 quaerimus,
1719 1384 1775 1418 epi-

983 1429 1057 1464 scopi
1069 1434 1157 1460 erant,
1175 1437 1236 1456 cum
1250 1429 1284 1456 ab
1296 1429 1360 1462 alio,
1375 1437 1455 1464 qttant
1469 1430 1503 1456 ab
1515 1429 1644 1464 episcopo
1652 1429 1773 1456 ordinari

984 1475 1140 1502 sacerdotes
1161 1482 1194 1506 ac
1212 1474 1319 1505 diaconi
1347 1475 1443 1502 saltent
1467 1479 1612 1509 nequeant.
1639 1474 1684 1501 Sic
1700 1475 1773 1501 enim

945 1534 967 1564 ο
984 1519 1168 1555 argumentari
1184 1520 1264 1547 licet:
1285 1519 1355 1553 Cum
1373 1520 1399 1548 in
1424 1521 1545 1548 secundo
1557 1520 1771 1555 apostolicorum

984 1573 1119 1599 canonum
1146 1566 1333 1604 pratscriptunt
1360 1566 1413 1598 sit,
1445 1571 1474 1598 ut
1499 1566 1533 1595 ab
1562 1574 1617 1594 uno
1646 1567 1775 1601 episcopo

984 1610 1135 1649 presbyter,
1145 1616 1174 1638 et
1187 1611 1328 1644 diaconus,
1342 1619 1374 1641 ac
1388 1612 1485 1646 rt-liqui
1496 1612 1590 1640 clerici
1602 1612 1773 1643 ordinentur.

984 1656 1169 1697 cltorepiseopi
1187 1661 1277 1684 autem
1296 1657 1479 1688 suitdiaconos
1511 1656 1707 1691 inferioresque
1722 1665 1774 1684 cte-

985 1706 1057 1729 teros
1073 1709 1120 1736 per
1134 1708 1203 1736 sese,
1214 1701 1384 1739 presbyteros
1400 1709 1432 1728 ac
1445 1701 1586 1734 diaconos,
1601 1702 1774 1736 permittente

985 1747 1124 1782 episcopo,
1137 1740 1297 1774 consecrare
1312 1746 1456 1781 potuerittt,
1468 1755 1578 1776 necesse
1591 1747 1701 1776 estillos
1717 1748 1774 1782 cpi-

985 1800 1083 1827 scopos
1104 1792 1199 1820 fuisse.
1233 1784 1322 1827 Atque
1337 1792 1389 1820 hoc
1411 1793 1554 1831 perspicue
1571 1800 1660 1822 canon
1677 1793 1774 1819 Antio-

985 1837 1090 1865 chenus
1104 1837 1248 1872 signiﬁcat,
1272 1845 1334 1864 cum
1349 1837 1403 1864 ait:
1427 1838 1457 1864 El
1475 1838 1521 1864 καὶ
1536 1837 1703 1873 χειροθεσίαν
1720 1835 1776 1864 εἷεν

986 1883 1143 1910 ἐπισκόπων
1160 1883 1310 1918 εἰληφότες.
1347 1883 1423 1919 Quod
1440 1883 1723 1920 DionysiusExiguus
1739 1884 1775 1910 ita

987 1929 1084 1957 vertit:
1109 1928 1235 1961 Quamuis
1261 1937 1355 1956 manus
1380 1929 1573 1963 impositioncm
1594 1930 1775 1963 episcoporum

987 1975 1157 2009 perceperint,
1181 1979 1205 2001 ct
1225 1979 1253 2001 ut
1277 1975 1392 2010 episcopi
1417 1976 1565 2005 consecrati
1579 1976 1642 2006 sint.
1674 1975 1726 2003 Sed
1749 1981 1775 2002 et

986 2020 1205 2048 Neocatsarieuse
1222 2021 1369 2050 concilium
1385 2029 1446 2048 can.
1472 2021 1516 2052 t5,
1537 2029 1598 2049 cum
1619 2022 1774 2056 prohibuis-

987 2071 1039 2098 set,
1056 2074 1089 2094 ne
1102 2066 1244 2102 ἐπιχώριοι
1259 2067 1438 2102 πρεσϐύτεροι
1457 2067 1537 2102 (quos
1553 2068 1715 2102 presbyteros
1730 2077 1775 2094 ru-

988 2113 1024 2139 ris
1045 2113 1238 2147 interpretatur
1267 2112 1428 2148 Dionysius:
1454 2114 1506 2140 alia
1534 2121 1671 2141 canonum
1693 2114 1776 2141 editio

987 2158 1193 2194 conregionales)
1214 2159 1243 2185 ἐν
1262 2158 1386 2194 κυριακῷ
1405 2159 1455 2194 τῆς
1479 2159 1582 2190 πόλεως
1604 2167 1696 2186 coram
1718 2160 1775 2194 epi-

146 2209 271 2240 oportct:
286 2204 364 2239 cujus
377 2204 539 2232 sententiam
554 2204 589 2230 ita
601 2203 695 2230 Latina
709 2203 792 2230 editio
803 2204 931 2237 concipit:
950 2210 971 2237 ι)
987 2212 1080 2238 scopo,
1095 2204 1136 2231 vel
1153 2204 1228 2231 urbis
1247 2205 1404 2240 presbytero
1420 2205 1584 2232 oblationem
1611 2204 1730 2232 facerent
1749 2210 1777 2234 ct

154 2252 266 2279 Vtcariis
283 2251 473 2285 episcoporum,
489 2259 552 2285 quos
569 2249 656 2277 σινιίεὶ
674 2250 870 2285 cltorepiscopos
891 2259 935 2277 vo-

146 2303 218 2336 cant,
239 2306 290 2325 non
302 2298 379 2324 licere
401 2296 438 2324 vel
461 2296 636 2331 presbyteros,
661 2296 699 2323 vel
720 2297 845 2323 diaconos
862 2297 935 2323 ordi-

146 2353 229 2376 nate:
244 2344 289 2379 sed
304 2352 348 2378 nec
364 2343 522 2378 presbyteris
536 2343 663 2375 civitatis,
674 2343 730 2370 sine
745 2344 858 2378 episcopi
871 2351 936 2377 pra:-

147 2390 354 2426 cepto,antplius
371 2389 473 2424 aliquid
483 2389 628 2424 imperare;
646 2397 692 2416 nec
707 2389 763 2415 sine
777 2390 944 2425 auctoritate

147 2437 295 2470 litterarum
312 2436 369 2470 eius
382 2436 409 2462 in
422 2443 577 2470 unaquaque
591 2434 717 2469 parochia
730 2434 831 2469 aliquid
848 2442 934 2469 agere.

147 2481 225 2515 Quod
237 2481 259 2508 si
271 2481 297 2507 itt
309 2480 404 2514 Grzcco
414 2487 516 2513 canone
527 2479 607 2506 verba
618 2479 663 2506 illa
674 2479 854 2513 cxpnnxeris:
868 2478 935 2505 ἀλλὰ

149 2527 216 2563 μηδὲ
234 2525 436 2562 πρεσϐυτέρους
457 2525 571 2557 πόλεως,
586 2533 684 2557 sensus
696 2525 748 2551 erit
765 2525 934 2558 aptissimus,

147 2582 202 2608 quo
216 2574 387 2601 interdictum
401 2572 604 2607 cltorepiscopis
616 2577 656 2599 est
671 2571 889 2607 presbyterorum
902 2579 935 2598 ac

148 2622 325 2655 diaconorunt
334 2618 514 2652 ordinatione,
524 2618 574 2645 nisi
585 2618 609 2644 id
618 2626 664 2652 per
671 2617 812 2652 cpiSCt-pos
819 2617 934 2644 licuerit.

148 2666 227 2700 Quod
241 2673 301 2693 cunt
315 2665 489 2698 Antiocltenm
503 2664 598 2699 synodi
611 2664 719 2690 dccreto
730 2663 867 2698 geminum
884 2668 935 2694 ομι.

148 2720 209 2746 qua:
223 2720 284 2739 catt.
300 2711 332 2738 l0
351 2711 385 2738 ita
398 2712 504 2743 sanxit:
521 2710 589 2743 Τοὺς
603 2711 633 2736 ὲν
646 2711 704 2740 ταῖς
716 2709 833 2744 κώμαις,
848 2709 864 2744 ἢ
876 2710 936 2741 ταῖς

150 2757 261 2793 χώραις,
271 2757 287 2791 ἦ
295 2757 357 2788 τοὺς
364 2756 545 2791 καλουμένους
555 2755 787 2790 χιυρεπισκόπους,
796 2755 820 2780 εἰ
831 2755 877 2781 καὶ
885 2764 936 2790 χει-

151 2795 274 2840 ροθεσίαν
284 2801 337 2844 εἷεν
350 2802 505 2828 ἐπισκόπων
516 2801 666 2835 εἰληφότες,
675 2799 746 2832 ἔδοξε
757 2802 790 2835 τῇ
799 2801 863 2835 ἁγίᾳ
872 2810 934 2827 συν-

150 2847 201 2887 όδῳ
217 2848 313 2874 ειδέναι
329 2847 362 2874 τὰ
379 2848 482 2884 ἑαυτῶν
501 2847 598 2883 μέτρα,
617 2847 663 2873 καὶ
679 2847 788 2873 διοικεῖν
805 2847 852 2880 τὰς
867 2849 933 2881 ὑπο,-

989 2250 1075 2278 sacris
1087 2254 1275 2283 operarentur.
1291 2251 1385 2277 eodem
1408 2257 1523 2281 canone,
1535 2250 1686 2277 secundum
1701 2250 1775 2278 Lati-

989 2304 1038 2324 nas
1046 2295 1189 2328 editiones,
1202 2295 1243 2322 vel
1257 2295 1392 2330 sequenti,
1405 2301 1434 2322 ut
1443 2295 1529 2322 Grazci
1543 2296 1650 2322 codices
1664 2296 1773 2328 habent,

989 2341 1191 2376 cltorepiscopis
1218 2341 1244 2368 id
1272 2341 1414 2375 permittit.
1439 2342 1510 2376 quod
1536 2343 1592 2373 τοῖς
1617 2341 1775 2376 ἐπιχωρίοις

989 2387 1185 2423 πρεσϐυτέροις
1202 2391 1357 2421 negaverat.
1386 2387 1418 2413 οἱ
1435 2386 1638 2422 χωρεπίσκοποί
1654 2388 1707 2413 εἰσι
1726 2389 1775 2422 μὲν

989 2435 1028 2465 εἰς
1042 2434 1127 2460 τύπον
1139 2433 1193 2460 τῶν
1209 2433 1404 2468 ἑϐδομήκοντα,
1419 2432 1456 2464 ὡς
1472 2433 1500 2459 δὲ
1516 2432 1716 2468 συλλειτουργοὶ
1731 2433 1775 2461 διὰ

989 2479 1038 2515 τὴν
1055 2478 1172 2513 σπουδὴν
1187 2480 1227 2510 εἰς
1239 2479 1302 2510 τοὺς
1318 2478 1443 2512 πτωχοὺς
1457 2477 1641 2513 προσφέρουσι
1656 2478 1776 2512 τιμώμε-

989 2534 1039 2552 νοι.
1065 2524 1123 2551 Non
1146 2524 1228 2559 igitur
1247 2524 1397 2559 presbyteri
1414 2524 1553 2557 simplices
1564 2529 1658 2551 erant:
1674 2525 1775 2559 alioqui

990 2571 1056 2598 niltil
1067 2571 1139 2598 aliud
1162 2575 1262 2602 essent,
1277 2578 1359 2605 quant
1373 2569 1514 2606 ἐπιχώριοι
1532 2570 1723 2606 πρεσϐύτεροι,
1750 2576 1776 2598 et

989 2625 1050 2645 cuttt
1070 2616 1269 2652 συλλειτουργοί
1289 2616 1473 2649 nominantur,
1491 2624 1552 2651 qum
1571 2624 1622 2652 vox
1644 2621 1674 2643 ιιι
1692 2617 1775 2651 pluti-

990 2670 1065 2689 tuum
1078 2662 1268 2696 episcoporum
1281 2662 1398 2695 collegas
1412 2662 1557 2696 signiﬁcat,
1568 2662 1601 2689 ad
1616 2670 1676 2689 eam
1688 2663 1776 2697 digni--

990 2715 1071 2737 latent
1083 2709 1246 2744 pertinuisse
1256 2708 1392 2734 videntur.
1406 2707 1478 2734 Sane
1489 2708 1515 2735 in
1529 2708 1620 2734 subsCI
1629 2707 1775 2741 iptionibus

989 2755 1167 2782 conciliorum
1176 2761 1370 2787 nonnunquam
1378 2753 1511 2786 episcopis
1517 2753 1775 2781 arccnsenturttltor-

989 2801 1119 2834 episcopi,
1137 2805 1166 2827 ut
1184 2800 1209 2826 itt
1227 2799 1360 2833 Epltcsina
1379 2799 1484 2833 synodo
1506 2807 1531 2833 p.
1554 2799 1615 2830 5‘22,
1639 2798 1774 2824 (la-sarius

991 2847 1211 2882 cltorepiscopus,
1226 2851 1252 2872 ct
1268 2845 1489 2876 Ncocasaricnsi,
1516 2845 1669 2886 Strpbanus
1692 2844 1773 2871 clior-
