1925 3043
163 159 229 188 MM

164 257 370 294 προειρημένων
385 258 545 292 διοικήσεων
569 259 645 294 παρὰ
660 259 707 285 τοῦ
739 261 953 295 ἀρχιεπισκόπου

164 303 491 335 Κωνσταντινουπόλεως.
520 311 574 330 non
596 305 688 332 statim
715 313 886 340 consequens
901 311 954 337 est,

164 348 252 376 solum
268 348 502 383 archiepiscopum
521 357 616 378 manus
632 350 783 384 imponere.
799 352 856 384 sed,
869 351 899 378 τὸ
911 351 956 378 κῦ-

165 402 212 429 ρος
225 394 308 428 ἔχειν,
325 399 353 421 ut
368 393 494 422 Nicaznus
511 403 600 422 canon
616 404 640 423 tv
655 396 777 431 loquitur
794 408 800 424 :
815 397 846 424 τὸ
864 397 891 424 δὲ
908 397 955 424 κῦ-

166 448 211 475 ρος
226 439 279 466 τῶν
292 439 444 475 γινομένων
463 440 585 467 δίδοσθαι
605 443 666 468 καθ’
684 443 803 477 ἑκάστην
821 443 956 478 ἐπαρχίαν

164 484 204 519 τῷ
226 485 421 521 μητρθπολίτῃ.
434 486 474 513 Ad
487 487 612 514 eumdem
628 488 719 522 itaque
736 488 846 516 modum
871 490 950 516 chor-

164 530 310 565 cpiscopus
325 539 340 557 ιι
358 531 483 566 pluribus
507 533 626 561 ordinari
649 534 747 568 potuit,
764 540 901 569 praeeunte
925 542 957 562 ac

166 575 326 602 moderante
343 576 449 603 scilicet
470 579 610 613 episcopo.
641 579 763 606 Alterum
780 580 853 614 quod
871 581 896 606 in
912 580 956 607 illa

166 619 274 648 Damasi
290 621 404 656 epistola
420 625 591 659 proponitur,
612 630 723 653 cautum
740 634 812 658 esse,
831 635 864 653 ne
880 627 906 654 in
922 627 958 653 ri-

166 666 206 694 cis
220 667 327 702 agrisvc
339 669 573 697 constituerentur
586 671 718 706 episcopi,
736 671 899 699 sententiam
913 681 958 699 no-

165 717 249 740 stram
266 715 396 748 majorem
412 715 440 742 in
452 716 562 743 modum
574 718 728 744 conlirlnat.
745 717 792 745 Est
804 718 876 746 enim
892 718 959 746 Lao-

165 759 254 786 diccni
265 761 375 787 concilii
386 769 474 788 canon
486 762 537 790 57:
552 763 614 789 ’Ὁτι
629 764 660 790 οὺ
675 763 715 790 δεῖ
725 764 754 790 ὲν
766 765 825 796 ταῖς
839 764 957 799 κώμαις,

166 805 213 831 καὶ
232 805 261 832 ὲν
284 808 343 838 ταῖς
365 806 468 842 χώραις
492 808 677 836 καθίστασθαι
699 811 875 842 ἐπισκόπους,
891 810 959 838 ἀλλὰ

166 851 354 886 περιοδευτάς·
369 853 432 885 τοὺς
453 853 544 888 μέντοι
569 854 846 889 προκατασταθέντας
877 855 960 891 μηδὲν

688 159 857 188 ΛΡΡΕΝΟΙΧ
876 160 1187 188 DISSEBTATIONUM.

162 217 272 242 creatur
296 221 304 239 :
328 213 544 248 Xatpotovﬁ’JOat
571 215 633 246 τοὺς
668 215 868 250 μητροπθλιτας
896 215 949 242 τῶν
966 221 986 246 Λ

1727 157 1738 183 ί
1743 157 1797 184 05‘}.

1038 215 1102 243 Mihi
1131 223 1195 241 vero
1209 215 1466 249 clmrepisroporum
1481 214 1557 248 origo
1572 213 1667 241 iisdem
1684 221 1717 240 ex
1731 221 1796 241 cau-

1006 262 1044 289 sis
1056 260 1218 295 proﬂuxisse
1231 260 1338 286 videtur
1348 279 1356 291 ,
1374 260 1409 286 oh
1425 266 1495 293 quas
1512 258 1681 285 Alexandria:
1694 257 1797 284 Laur:—

1006 315 1079 338 rum,
1094 307 1151 334 sive
1168 305 1351 332 Ecclesiarum
1364 305 1512 332 divisiones
1527 304 1665 331 institutas
1678 303 1798 338 Epipha-

1007 353 1069 380 nius
1086 351 1191 385 scribit,
1223 351 1370 386 itidemque
1391 349 1484 377 Roma:
1505 349 1657 376 Christiana
1675 348 1752 383 plebs
1770 348 1796 374 in

1007 399 1101 426 titulos
1120 398 1267 426 distributa
1290 397 1352 424 fuit.
1375 396 1443 424 Cum
1467 396 1540 422 enim
1556 395 1676 430 episcopi
1692 394 1798 422 urbana

1007 445 1085 479 plebe
1101 445 1218 479 regenda
1235 444 1426 480 pascendaque
1446 442 1573 474 districti,
1599 441 1625 468 in
1647 448 1729 475 agros
1751 448 1799 467 cx-

1007 486 1127 523 currcr‘e,
1144 496 1226 526 atque
1240 490 1424 518 ecclesiastica
1442 496 1554 516 munera
1582 492 1609 515 et
1625 492 1799 514 sacramenta

1009 537 1157 565 rusticanis
1184 537 1343 564 hominibus
1371 535 1527 571 impendere
1556 535 1648 562 minus
1674 537 1799 568 possent,

1009 583 1127 610 \icarios
1151 583 1246 609 eodem
1272 582 1483 617 clior-episcopos
1500 580 1669 614 allegabant;
1687 579 1713 605 in
1729 586 1800 613 quos

1009 637 1136 665 magnam
1155 629 1225 663 juris
1251 629 1448 664 pote-statisque
1465 634 1522 655 sum
1539 631 1642 661 partem
1665 625 1801 652 transfer-

1009 680 1080 707 rent,
1099 675 1241 703 nonnullis
1255 675 1359 702 scilicet
1375 673 1506 708 exceptis,
1525 680 1558 700 ae
1573 672 1623 699 sibi
1643 672 1800 704 reservatis,

1009 715 1127 755 quorum
1149 728 1214 748 usus
1241 728 1273 748 ac
1296 720 1399 747 functio
1422 719 1513 746 minus
1534 722 1655 753 urgeret;
1680 725 1743 752 qua:
1766 718 1801 744 ab

1011 765 1100 793 Leone
1125 771 1152 792 et
1185 766 1231 793 illo
1261 765 1379 792 Damaso
1403 768 1663 791 connnemorautur.
1695 762 1800 796 Quant-

1011 812 1104 839 obrem
1134 811 1327 846 antiquissima
1350 818 1412 838 esse
1435 810 1515 838 debet
1539 810 1800 844 chorepiscoporum

1011 855 1161 887 institutio,
1179 856 1304 890 adeoque
1321 857 1407 883 altera
1422 855 1467 882 illa
1485 855 1627 882 titulorum
1645 855 1672 881 in
1689 854 1803 883 urbibus

167 896 299 934 πράττειν
314 897 378 924 ἄνευ
401 898 515 935 γνώμης
535 899 583 927 τοῦ
606 901 635 927 ἐν
650 902 681 936 τῇ
698 901 786 928 πόλει.
808 901 885 934 Quod
909 910 960 929 non

1014 901 1147 929 divisione
1161 902 1302 929 vetustior.
1323 901 1462 936 Siquidem
1486 901 1562 927 initio
1578 908 1649 928 unus
1659 899 1804 934 oppidanis

166 948 284 977 oporteat
299 945 326 970 in
344 945 454 977 eillulis,
472 950 497 972 et
518 946 546 973 in
569 947 640 981 agris
662 947 796 982 episcopo:
820 948 957 980 constitui,

167 989 212 1016 sed
234 990 394 1018 visitatoret.
423 991 609 1019 Verumtamen
633 993 795 1027 jampridem
820 995 959 1022 constituti

168 1035 235 1062 nihil
251 1035 352 1070 faciant
375 1041 472 1070 prwler
491 1038 679 1065 conscientiam
699 1039 813 1074 episcopi
832 1039 958 1067 ciuitatis.

167 1081 206 1109 De
218 1082 424 1118 chorcpiscopis
440 1084 617 1117 praescribere
631 1084 749 1118 videtur,
767 1092 837 1118 quos
854 1085 960 1120 episco-

167 1135 218 1162 pos
235 1127 368 1163 agnoscit,
388 1128 434 1156 sed
453 1129 579 1164 usurpari
595 1129 621 1156 id
639 1130 757 1165 amplius
771 1135 853 1164 vetat,
872 1138 960 1166 neque

167 1173 301 1208 deinceps
312 1174 346 1202 iis
363 1174 390 1202 in
412 1175 480 1203 locis
493 1175 639 1210 episcopos
658 1176 732 1211 eligi.
749 1176 836 1209 Quam
849 1177 958 1212 quidem

168 1220 336 1247 sanctionem
362 1228 534 1256 nequaquam
554 1222 727 1249 observatam
742 1221 828 1250 fuisse
846 1223 913 1250 satis
927 1230 959 1250 ea

168 1265 368 1299 demonstrant,
386 1274 448 1301 quae
463 1275 496 1294 ex
514 1268 686 1296 Antiocheno
712 1268 830 1295 concilio
852 1272 879 1296 ct
893 1269 961 1296 al'o-

168 1319 230 1341 rum
250 1311 361 1339 l’atrnm
377 1313 494 1341 decretis
508 1314 660 1341 attulimus.

202 1357 243 1384 Ad
260 1366 397 1385 summam
422 1359 612 1394 chorepiscopi
626 1360 675 1395 τῆς
695 1360 797 1395 χώρας,
813 1368 874 1395 quae
893 1360 958 1388 olim

168 1403 277 1437 proprie
299 1405 431 1439 παροικία
445 1405 598 1438 dicebatur,
618 1406 750 1440 cpiscOpi,
768 1414 800 1434 ac
815 1406 961 1434 rusticanis

168 1448 384 1484 Ecclesiisprtep
396 1451 449 1477 tsiti
467 1450 587 1478 fuerunt.
606 1451 643 1479 Dc
654 1459 772 1486 quorum
791 1452 962 1480 institutione

170 1494 297 1522 lialsamo
311 1496 345 1522 ad
361 1495 394 1523 li
412 1504 474 1524 can.
491 1496 613 1525 Neocass.
628 1497 737 1526 concilii
759 1498 796 1526 ita
818 1498 938 1533 disputat
953 1508 960 1526 :

170 1540 322 1575 Episcopos
345 1541 494 1569 in.locum
519 1543 705 1577 apostolorum
730 1551 768 1571 ιιι
784 1544 961 1576 ευθενδδὶεειι,

170 1585 272 1620 quibus
303 1586 402 1620 ligandi
420 1587 598 1623 solvendique
614 1593 734 1624 potestas
755 1594 797 1617 est
815 1590 887 1617 data.
908 1591 961 1618 Sed

170 1639 233 1658 cum
249 1632 286 1664 ad
303 1632 442 1667 Evangelii
475 1635 695 1669 praedicationem
712 1640 880 1670 czetcrasque
898 1637 962 1664 fun-

170 1677 274 1704 ctiones
289 1678 430 1706 obeundas
444 1679 561 1713 apostoli
578 1680 691 1708 minime
709 1681 876 1714 sufﬁcerent,
890 1681 964 1708 adhi-

171 1723 284 1750 bitos-iu
300 1725 470 1752 consortium
496 1730 586 1754 certos
608 1726 744 1760 homines,
766 1727 813 1762 qui
839 1728 962 1761 discipuli

173 1768 279 1796 Domini
295 1774 467 1804 vocarentur,
480 1771 525 1806 qui
537 1772 646 1806 quidem
664 1772 890 1800 remittendorum
905 1781 965 1808 pec-

171 1819 294 1842 catorum
322 1821 456 1850 potestate
479 1822 614 1845 carerent.
639 1817 741 1845 llorum
757 1819 790 1846 ad
806 1819 962 1846 similitudi-

172 1868 233 1888 nem
247 1861 444 1896 cltorepiscopos
458 1862 544 1890 fuisse
557 1863 698 1895 sulfectos,
719 1865 765 1898 qui
789 1864 962 1892 ecclesiasti-

172 1915 220 1934 cas
236 1907 366 1941 pecunias
381 1908 408 1934 iu
426 1915 561 1943 pauperes
584 1908 746 1937 dividerent.
773 1909 851 1938 Unde
877 1918 964 1945 neque

174 1952 347 1987 presbyteros
367 1960 400 1980 ac
422 1952 554 1982 diaconos
575 1953 703 1981 ordinare
728 1960 854 1989 possunt,
876 1962 965 1990 neque

175 2003 288 2033 peccata
313 1998 463 2031 remittere,
492 1999 721 2034 quemadmodum
743 2008 793 2028 nec
808 2008 861 2028 Lxx
879 2001 963 2029 disci-

173 2044 231 2079 puli
252 2049 385 2079 poterant.
404 2045 473 2073 -lla.-c
491 2045 547 2073 fere
560 2045 696 2074 Balsamo.
714 2046 762 2074 Ubi
779 2048 851 2082 quod
871 2048 964 2075 remit-

176 2090 320 2118 tendorum
352 2095 514 2125 potestatem
551 2098 725 2127 peccatorum
761 2095 964 2130 cborepiseopis

175 2136 281 2169 adimit,
295 2144 328 2164 ac
339 2137 405 2164 solis
420 2137 556 2172 episcopis
571 2139 677 2172 tribuit,
692 2147 748 2174 quo
764 2147 847 2167 sensu
861 2140 963 2168 dictum

176 2181 213 2223 sit
220 2181 299 2216 paulo
309 2187 370 2216 post
378 2183 498 2210 declarat
505 2194 511 2211 :
521 2184 581 2212 Ὀτι
594 2185 617 2211 ot
628 2185 710 2220 ἱερεῖς
716 2185 746 2212 οὺ
759 2185 886 2213 δύνανται
895 2186 967 2222 δέχε-

177 2227 239 2254 σθαι
252 2227 410 2263 λογισμοὺς,
426 2230 474 2255 καὶ
487 2229 596 2263 ἀφιέναι
615 2230 763 2265 ἁμαρτίας,
783 2232 807 2257 εἰ
823 2232 861 2267 μὴ
883 2233 966 2267 ἐκχω-
980 2242 1004 2270 ι)

178 2273 282 2309 ρηθῶσι
297 2274 385 2302 ταῦτα
399 2275 475 2312 παρὰ
488 2276 534 2302 τοῦ
550 2277 711 2303 ἐπισκόπου.
729 2277 789 2304 Non
801 2283 910 2313 possunt
922 2288 966 2306 sa-

176 2319 304 2353 cerdotes,
330 2325 359 2346 ut
385 2328 431 2347 nec
451 2321 628 2356 cltorepiscopi
645 2323 820 2357 confessiones
836 2325 965 2359 excipere,

178 2373 260 2400 neque
272 2370 379 2400 peccatu
397 2367 538 2400 remitlere,
564 2368 615 2394 nisi
631 2367 663 2394 ab
680 2369 798 2402 episcopo
810 2375 965 2402 potestatem

177 2411 251 2445 prius
281 2412 488 2445 impetraverint.
516 2414 604 2448 Atque
623 2414 676 2442 hoc
694 2414 728 2442 de
754 2415 860 2449 publica
880 2416 967 2450 pomi-

178 2455 293 2483 tentium
318 2457 541 2485 reconciliatione
563 2459 735 2493 potissimum
762 2460 965 2495 intelligendum

176 2507 229 2534 cst,
245 2510 327 2537 quam
344 2503 378 2530 ab
395 2504 524 2539 episcopo
538 2505 621 2532 tribui
636 2513 755 2533 canones
769 2507 965 2541 prmscriltuut:

177 2549 249 2577 velut
261 2549 289 2576 in
301 2550 427 2586 Carthag.
440 2558 470 2577 ιιι
483 2559 545 2578 can.
561 2552 595 2579 52
608 2560 615 2578 :
629 2551 662 2578 Ut
671 2553 805 2587 presbyter
818 2553 966 2580 inconsulto

177 2596 309 2630 episcopo.
337 2604 388 2623 non
402 2597 551 2624 reconciliet
583 2599 759 2633 pazuitenlem.
776 2598 831 2626 Leo
857 2606 968 2634 quoque

178 2641 301 2675 pontifex
321 2642 402 2677 epist.
413 2642 448 2670 88
466 2643 537 2670 inter
558 2651 601 2677 ea,
622 2652 682 2679 qua‘
698 2645 748 2672 soli
762 2645 890 2680 episcopo
905 2654 968 2673 con-

178 2694 266 2721 cessa,
280 2688 476 2724 cltorcpiscopo
493 2695 589 2724 negata
604 2691 687 2723 dicit,
704 2691 756 2718 hoc
770 2691 858 2726 ipsum
874 2700 966 2719 recen—

178 2739 219 2760 sel
236 2742 243 2760 :
261 2733 362 2768 Neque,
381 2735 479 2770 inquit,
497 2736 601 2769 publice
616 2737 720 2771 quidem
741 2738 768 2764 in
785 2738 865 2764 ntissa
879 2746 969 2773 quem-

177 2787 258 2813 quam
270 2781 434 2814 pwnilcutem
444 2783 612 2809 rcconciiiure
635 2784 711 2815 Quod
726 2791 778 2810 una
789 2792 850 2810 eum
863 2784 968 2812 ett-teris

179 2825 207 2852 in
230 2828 372 2861 epistolam
396 2837 473 2856 snam
499 2829 632 2857 Damasus
649 2839 681 2857 et
701 2830 746 2857 illa
763 2829 863 2858 Leonis
879 2835 968 2858 trans—

181 2873 251 2899 tulit.

1011 947 1141 975 omnibus
1156 955 1205 983 par
1219 955 1280 975 esse
1294 951 1401 982 poterat
1417 947 1573 982 cpiscopus.
1591 946 1658 973 llinc
1675 951 1717 974 est
1730 946 1803 981 quod

1011 992 1039 1020 in
1057 991 1178 1020 Neocres.
1199 1001 1262 1021 can.
1278 994 1311 1021 15
1329 1000 1414 1020 unqu
1430 993 1563 1020 duxtaxat
1580 993 1657 1020 urbis
1672 992 1805 1027 κυριακὸν

1012 1039 1180 1070 nominatur,
1196 1040 1223 1066 in
1244 1046 1299 1074 quo
1315 1039 1419 1067 vicanis
1432 1039 1608 1074 presbyteris,
1622 1038 1806 1072 praesentibus

1012 1084 1125 1117 urbicis.
1140 1085 1226 1112 sacris
1243 1085 1350 1120 operari
1365 1091 1420 1112 non
1432 1084 1504 1112 licet.
1517 1083 1672 1119 Atqucltazc
1684 1083 1804 1118 Epipha-

1013 1131 1052 1158 nii
1067 1136 1122 1158 tant
1140 1136 1269 1158 accurata
1282 1131 1317 1158 de
1334 1129 1526 1158 Alexandtina:
1537 1129 1665 1158 Ecclesiae
1679 1130 1805 1165 pluribus

1010 1175 1135 1204 ecclesiis
1154 1175 1309 1203 observatio
1325 1183 1382 1203 rem
1404 1183 1454 1203 nec
1469 1175 1532 1202 alibi
1549 1175 1662 1210 passim,
1678 1182 1728 1203 nec
1739 1175 1803 1203 olim

1012 1227 1170 1256 usurpatam
1188 1229 1220 1248 ac
1241 1225 1378 1256 receptam
1398 1220 1482 1249 fuisse
1501 1221 1684 1248 demonstrat.
1709 1221 1745 1248 At
1774 1222 1802 1248 lu

1012 1268 1086 1302 agris
1110 1267 1294 1302 parteciarum
1315 1267 1553 1302 ceclesiarumque
1573 1266 1690 1294 divortia
1709 1266 1805 1301 primi-

1013 1318 1057 1341 tns
1073 1313 1197 1341 instituta
1214 1320 1295 1341 nemo
1315 1312 1435 1347 prudens
1460 1313 1608 1348 negaverit.
1628 1312 1735 1346 Quibus
1758 1312 1806 1339 ad-

990 1362 994 1366 '
1013 1359 1201 1386 ministrandis
1216 1366 1248 1386 ac
1271 1358 1456 1393 gubernandis
1465 1358 1665 1393 ehorepisoopi,
1675 1363 1805 1392 tanquam

1013 1405 1089 1432 ruris
1113 1404 1247 1440 episcopi,
1274 1405 1414 1440 praspositi
1439 1409 1514 1438 sunt,
1542 1412 1605 1432 cum
1635 1404 1804 1440 amplissima

1013 1451 1164 1485 quondam.
1189 1455 1220 1477 ut
1243 1450 1372 1482 vidimus,
1398 1450 1538 1482 facultate,
1557 1450 1717 1484 Optimaque
1738 1450 1804 1484 lege.

1014 1494 1102 1528 Quam
1120 1495 1220 1523 deinde
1236 1500 1399 1531 potestatem
1415 1495 1537 1531 episcopi
1552 1495 1806 1529 constringendam,

1014 1548 1047 1569 ac
1075 1542 1158 1570 certis
1182 1541 1390 1569 conditionibus
1417 1541 1621 1576 tentpcraudam
1646 1545 1777 1576 putarunt
1798 1549 1804 1566 :

1015 1589 1101 1614 donec
1114 1587 1262 1622 episcopali
1280 1587 1412 1622 dignitate
1438 1595 1470 1615 ac
1485 1587 1693 1615 consecratione
1708 1587 1806 1621 privati

1015 1634 1146 1669 primum,
1163 1634 1262 1661 deinde
1281 1641 1396 1668 prorsus
1412 1634 1537 1670 abrogati
1555 1634 1676 1662 fuerunt.
1703 1633 1757 1661 Pro
1775 1634 1807 1660 iis

1014 1680 1086 1707 enim
1103 1679 1280 1714 περιοδευτάς
1295 1680 1384 1707 creari
1396 1679 1583 1708 Laodicenum
1597 1679 1746 1707 concilium
1761 1681 1807 1706 de-

1014 1724 1099 1750 cretit
1115 1733 1122 1751 ε
1138 1731 1208 1758 quos
1223 1723 1320 1751 Latina
1340 1725 1529 1759 interpretatio
1546 1725 1699 1752 uisitatores
1713 1725 1805 1759 appel-

1014 1770 1052 1797 lat
1066 1778 1072 1797 :
1089 1770 1308 1802 circuitores,aut
1321 1771 1477 1798 lustratum
1490 1779 1587 1798 vocare
1603 1771 1710 1806 possis;
1727 1777 1756 1799 ut
1767 1776 1808 1798 est

1015 1816 1042 1842 in
1059 1815 1201 1844 Glossario
1221 1815 1280 1844 Vel.
1300 1816 1444 1844 Balsamou
1463 1817 1496 1845 ad
1521 1817 1632 1845 Laodic.
1649 1825 1711 1846 can.
1731 1818 1806 1845 illum

1015 1862 1048 1889 57
1065 1874 1071 1890 ;
1090 1862 1266 1898 Περιοδευτα).
1280 1862 1308 1889 δέ
1321 1863 1390 1889 εἰσιν
1409 1863 1434 1890 οι
1452 1863 1574 1898 σήμερον
1591 1862 1808 1898 προϐαλλόμενοι

1015 1907 1091 1943 παρὰ
1106 1908 1159 1934 τῶν
1177 1908 1336 1934 ἐπισκόπων
1359 1907 1478 1943 ἑξαρχοι.
1499 1904 1580 1935 οὗτοι
1595 1908 1649 1944 γὰρ
1670 1909 1808 1944 περιοδευ-

1014 1961 1085 1985 ουσι,
1102 1954 1149 1980 καὶ
1162 1953 1325 1989 ὲπιτηροῦσι
1340 1954 1374 1980 τὰ
1387 1954 1491 1989 ψυχικὰ
1508 1954 1665 1989 σφάλματα,
1680 1955 1728 1981 καὶ
1742 1963 1807 1981 κατ-

1016 1999 1158 2033 αρτίζουσι
1181 1999 1244 2031 τοὺς
1272 1999 1397 2031 metor);
1432 1999 1458 2026 In
1490 2001 1609 2028 concilio
1640 2001 1806 2028 Chalcedon.

1016 2043 1074 2071 Act.
1090 2044 1116 2076 4,
1127 2046 1141 2070 ὁ
1154 2045 1350 2077 εὐλαϐέσταςος
1365 2045 1560 2081 πρεσϐύτερος,
1576 2047 1622 2073 καὶ
1634 2047 1808 2082 περιοδευτὴς

1023 2090 1209 2125 Ἀλέξανδρος.
1229 2091 1295 2118 ltem
1307 2091 1400 2120 Actor.
1424 2091 1457 2118 10
1475 2092 1502 2118 in
1519 2091 1611 2119 libello
1626 2099 1717 2119 contra
1734 2093 1808 2119 Ibam

1017 2144 1032 2164 a
1047 2137 1155 2164 clericis
1171 2136 1316 2165 Edesscuis
1341 2137 1436 2165 oblato
1454 2147 1460 2164 :
1478 2137 1622 2165 Βαλέντιὸν
1645 2146 1707 2165 τινα
1729 2139 1807 2174 ἐπίρ-

1018 2183 1099 2217 ῥητον
1116 2183 1211 2218 ἄνδρα,
1227 2180 1257 2210 οὗ
1272 2183 1372 2215 πάντες
1393 2184 1417 2210 ol
1441 2184 1623 2219 συγκωμῆται
1640 2185 1809 2221 κατεϐόησαν

1018 2228 1163 2263 ὲγγράςως
1177 2229 1222 2254 καὶ
1237 2228 1369 2264 ἀγράφως
1382 2230 1515 2264 μοιχείαν,
1529 2230 1576 2256 καὶ
1589 2230 1803 2265 ἀρσενοκοιτίαν,

1017 2274 1439 2310 ἐχειροτόνησε.πρεσϐὑτερον,
1468 2275 1516 2302 καὶ
1544 2276 1731 2311 περιοδευτήν.
1765 2277 1802 2303 lbi

1017 2326 1215 2355 prucuratomu
1239 2320 1354 2348 Latinus
1381 2323 1514 2356 interpres
1544 2322 1624 2350 vertit
1645 2323 1734 2350 :alibi
1751 2324 1802 2349 cir-

1017 2367 1157 2394 cuitorem.
1173 2367 1234 2394 Fuit
1249 2367 1331 2401 igitur
1349 2368 1526 2403 περιοδευτής
1541 2368 1692 2404 prtsbyter,
1708 2373 1737 2396 et
1751 2369 1810 2403 qui-

1017 2412 1078 2439 dem
1092 2412 1122 2438 ὲν
1140 2411 1247 2447 κώμαις
1264 2412 1462 2447 cliorcpiscopo
1478 2413 1656 2441 substitutus.
1672 2413 1808 2441 Caeterum

1017 2465 1079 2485 cum
1095 2457 1290 2485 ecclesiasticae
1305 2466 1371 2492 epes
1386 2466 1418 2486 ac
1434 2459 1570 2493 pecuniae,
1590 2467 1652 2494 qua:
1665 2467 1763 2494 magna
1776 2466 1809 2486 ex

1018 2508 1095 2538 parte
1106 2505 1132 2530 in
1147 2511 1213 2531 usus
1223 2502 1373 2538 pauperu'm
1387 2503 1609 2537 insumebantur,
1622 2504 1733 2532 rusticis
1746 2512 1810 2538 quo-

1018 2558 1072 2585 que
1092 2549 1203 2584 praediis
1229 2550 1450 2582 continerentur,
1476 2549 1541 2578 inde
1557 2550 1660 2578 factum
1679 2550 1809 2582 arbitror,

1019 2601 1049 2623 ut
1062 2604 1157 2623 earum
1171 2603 1262 2623 rerum
1277 2596 1384 2624 curatio
1398 2595 1604 2631 cborepiseopis
1620 2596 1807 2624 mandaretur.

1018 2641 1152 2675 Quocirca
1179 2641 1326 2677 peculiaris
1346 2641 1404 2669 haec
1424 2641 1546 2676 ipsorum
1568 2641 1673 2670 functio
1692 2642 1758 2674 fuit,
1781 2646 1809 2669 ut

1018 2688 1141 2717 Neocaas.
1167 2695 1254 2716 canon
1282 2688 1315 2716 15
1339 2687 1478 2719 admenet.
1497 2688 1531 2716 ad
1549 2697 1630 2722 quem
1661 2689 1808 2716 Balsamnu

1018 2735 1054 2763 τὰ
1070 2734 1190 2770 κυριακά
1220 2735 1267 2760 καὶ
1285 2733 1412 2769 πτωχικὰ
1438 2734 1568 2769 χρήματα
1594 2735 1750 2769 dispensari
1776 2735 1810 2761 ab

1020 2781 1075 2809 illis
1089 2782 1212 2808 adnotat.
1232 2779 1353 2809 Zonaras
1373 2787 1485 2814 quoque
1502 2789 1509 2806 :
1536 2780 1590 2811 Τὰς
1607 2779 1662 2815 γὰρ
1677 2780 1733 2807 τῶν
1752 2781 1822 2808 ‘Ex-r

1019 2827 1150 2862 κλησιῶν,
1160 2823 1199 2854 ὧν
1212 2819 1386 2861 πρὸτσταντο,
1400 2826 1548 2861 προσόδηυς
1566 2827 1605 2857 εἰς
1632 2826 1758 2860 πτωχοὺς
1770 2827 1810 2852 ἀν-

1021 2874 1144 2901 αλίσκειν
1152 2873 1334 2909 ὢφ;ιλον,καί
1354 2873 1523 2909 πριινυείδθιλ
1541 2873 1638 2901 αὐξῶν,
1660 2874 1729 2900 Τιιιιι
1748 2879 1808 2900 vero
