1925 3043
91 183 161 211 103⁸1

461 185 503 212 DE
524 185 694 213 SIRMIENSI
717 185 760 213 ΕΤ
780 185 963 214 ANCYRANA
985 185 1268 215 PSEUDOSYNODO.

1651 187 1718 215 i058

90 240 266 269 intercalaris
290 242 393 270 mensis
418 244 591 278 appendicem
612 243 750 278 excipiat:
771 251 833 270 nam
855 248 883 270 et
898 248 918 274 Α
933 248 995 271 octo
1010 243 1156 278 detractis,
1179 252 1249 279 quos
1270 243 1390 278 superior
1420 243 1599 272 embolismus
1616 244 1720 272 exhau-

88 292 234 322 propterea
253 288 537 317 enneadccaetcridem
553 298 580 316 ιιι
596 289 747 324 ogdoadem
764 294 791 316 et
815 289 880 316 hen-

87 332 222 360 decadem
238 333 334 368 partiri
352 333 454 366 solent,
472 335 512 361 ιιιί
539 334 611 362 Beda
631 334 696 362 facit
715 334 763 362 lib.
783 334 819 361 De
834 343 880 360 ra-

91 378 167 405 ιὶοηε
182 381 625 417 temporum.cap.M,etogdoadi
647 384 702 408 tres
719 380 882 407 embolimos

88 432 213 457 menses,
229 425 380 453 hendecadi
394 422 543 460 quaternos
554 425 716 453 attribuunt.
729 424 798 453 llinc
809 425 882 452 Δι’ιί-

87 477 179 497 canus
191 470 263 505 apud
275 469 386 498 Hieron.
403 470 432 497 in
444 479 503 505 cap.
520 478 547 498 Ix
569 470 651 503 Dan.,
667 469 764 503 Graeci,
781 471 879 506 inquit,

87 521 113 543 et
135 516 228 543 Judwi
255 525 301 551 per
325 522 385 544 octo
400 525 483 544 annos
508 517 589 544 trium
614 517 742 543 mensium
772 517 882 552 ὲμῧολι-

88 561 178 596 σμούς
193 562 307 596 [αι’ἱιιηι.
324 561 363 588 Ac
380 561 487 589 tametsi
500 561 604 589 mensis
616 562 720 596 integer
739 569 793 588 non
809 567 884 588 oeta-

88 616 125 634 vo
140 615 233 640 anno,
253 607 301 635 sed
324 615 397 634 nono
411 615 444 635 ex
464 607 561 634 diebus
582 607 700 640 residuis
724 611 881 642 consurgat,

89 654 274 681 nihilominus
293 653 363 688 quod
377 657 405 680 et
419 653 543 688 proxime
557 652 672 680 solidam
690 653 723 680 ad
743 652 881 688 syzygiam

88 699 257 734 appendices
270 699 323 727 illae
334 699 393 726 dies
408 699 558 731 accedant,
577 703 605 727 et
623 699 696 734 quod
713 706 746 726 ex
760 698 881 734 superio-

88 753 153 772 rum
175 752 312 772 annorum
328 745 476 772 ratiocinio
491 752 600 780 semper
620 744 723 779 aliquid
750 744 883 780 supersit,

88 798 148 826 quo
162 791 287 818 defectus
303 791 349 818 ille
365 795 574 826 compensatur,
597 795 694 819 octavo
710 798 783 819 anno
802 791 883 819 inter-

89 837 192 864 calaris
207 836 375 872 adjungitur.

126 882 207 916 Quod
230 887 321 911 autem
345 882 468 910 nondum
484 882 560 917 justo
584 883 690 910 dierum
711 891 827 911 numero
851 891 884 911 ex

89 929 197 964 epactis
212 929 327 956 collecto
353 936 549 963 nonnunquam
561 928 739 957 embolismos
753 930 884 957 anteverti
902 922 922 951 Β

91 983 126 1002 ac
146 975 310 1010 praecipitari
329 974 461 1008 diximus,
478 973 608 1002 illustrari
624 979 711 1009 potest
725 981 759 1002 ex
779 974 886 1003 Iudaici

91 1020 162 1056 cycli
177 1019 368 1055 dispositione,
381 1019 491 1054 qualem
506 1018 601 1047 Glossa
618 1019 714 1054 primae
732 1020 819 1054 partis
835 1018 885 1047 Jad

93 1065 128 1092 ιι.
155 1064 233 1092 Mose
258 1063 386 1091 Tractatu
403 1063 543 1091 Kiddusclt
566 1063 730 1091 hac/rodesch
756 1063 888 1091 describit

91 1119 154 1147 cap.
167 1111 194 1144 t,
208 1110 267 1146 §2z
285 1110 416 1138 nimirum
434 1115 545 1145 epactas
563 1110 628 1137 anni
643 1118 651 1137 ι
669 1114 696 1138 et
715 1117 745 1143 ιι,
767 1110 795 1137 in
809 1111 887 1146 cyclo

91 1157 210 1185 Judaico
226 1164 290 1184 cum
301 1156 405 1195 epactis
416 1164 433 1183 v
446 1156 582 1184 mensium
597 1156 663 1183 anni
680 1155 751 1184 tertii
765 1156 799 1183 ad
812 1164 886 1184 xxvn

92 1204 154 1232 dics
175 1203 304 1231 accedere
323 1212 330 1230 :
355 1203 470 1238 ideoque
489 1203 523 1230 ad
547 1202 777 1237 complementum
792 1203 887 1231 embo-

93 1250 170 1278 lismi
191 1250 296 1278 mensis
314 1249 435 1277 triduum
450 1257 484 1276 ex
501 1249 582 1276 annis
596 1249 776 1284 sequentibus
793 1254 887 1276 mutuo

93 1296 192 1331 accipi.
208 1296 303 1323 Postea
325 1303 359 1323 cx
381 1294 494 1322 residuo
508 1294 572 1322 anni
589 1294 660 1322 tertii
683 1298 710 1322 et
733 1301 768 1322 ex
788 1299 888 1330 quarto

93 1349 126 1369 ac
142 1342 241 1376 quinto
258 1348 311 1368 una
331 1348 392 1368 cum
415 1339 557 1367 mensibus
573 1347 590 1367 v
605 1338 672 1366 anni
695 1339 776 1373 sexti,
797 1339 887 1374 colligi

93 1388 153 1414 dies
171 1387 228 1414 l'cre
241 1394 330 1414 xum
344 1396 350 1414 :
363 1394 397 1414 ex
412 1386 515 1421 quibus
530 1389 708 1421 compensate
723 1386 812 1413 triduo
829 1385 886 1417 illo.

95 1433 169 1467 quod
185 1433 364 1468 anticipatum
380 1431 480 1463 fuerat,
498 1431 637 1459 secundus
654 1431 834 1459 embolismus
847 1431 888 1458 in-

93 1479 205 1506 seritur.
218 1478 320 1505 Deinde
339 1485 373 1505 ex
393 1477 496 1513 epactis
516 1477 651 1506 mensium
666 1485 703 1505 vn
719 1477 784 1505 anni
805 1476 887 1509 sexti,

93 1528 121 1551 et
135 1523 201 1550 anni
221 1523 342 1558 septimi,
359 1531 468 1551 necnon
492 1528 547 1551 etv
560 1523 695 1551 mensium
710 1523 775 1550 anni
788 1522 887 1555 octavi,

95 1579 152 1598 un
169 1570 226 1598 fere
243 1571 303 1598 dies
321 1570 455 1598 conﬁunt.
470 1569 565 1605 Neque
580 1574 670 1597 tamen
690 1568 815 1596 diﬂcrtur
830 1575 888 1594 em-

94 1616 246 1644 bolismus:
259 1616 307 1643 sed
319 1623 368 1643 vm
384 1615 443 1642 dies
457 1623 490 1642 ex
505 1616 586 1642 annis
595 1614 772 1649 sequentibus
788 1620 888 1648 reprae-

94 1667 260 1694 sentantur,
282 1665 313 1689 nt
343 1661 449 1689 solidus
474 1661 577 1688 mensis
610 1659 765 1686 intercalari
790 1657 887 1693 possit.

95 1707 164 1735 Tum
185 1716 251 1735 vero
272 1715 306 1735 ex
331 1707 443 1736 residuo
468 1714 505 1734 vn
532 1706 680 1738 mensium,
702 1710 729 1732 et
751 1712 888 1732 annorum

94 1754 225 1785 duorum,
248 1753 375 1780 videlicet
398 1760 423 1779 ix
451 1759 483 1778 ac
507 1759 524 1778 ιι
546 1751 695 1785 itidemque
714 1750 849 1777 mensium
873 1757 888 1777 ν

95 1799 218 1834 priorum
241 1799 305 1825 anni
329 1806 356 1825 ιιι
381 1798 439 1825 dies
458 1797 626 1832 colliguntur
650 1803 735 1823 xxxm
758 1804 764 1822 :
788 1795 890 1830 quibus

932 294 1015 322 serat,
1024 290 1145 324 quinque
1156 294 1184 317 et
1194 290 1288 325 viginti
1302 294 1415 322 restant,
1425 290 1459 317 ad
1471 298 1541 325 quos
1554 290 1719 325 complenda.

933 337 1051 372 syzygite
1064 344 1078 362 ι’
1097 336 1143 364 alii
1156 336 1216 364 dies
1234 336 1431 371 anucipantnr,
1444 342 1471 363 et
1492 336 1635 364 undecimo
1648 344 1721 364 anno

931 382 1004 409 Adar
1016 382 1156 410 inseritur.
1174 382 1275 409 Eadem
1287 386 1330 410 est.
1344 382 1408 409 anni
1427 390 1473 409 xw
1490 382 1574 410 ratio.
1589 381 1720 409 Conliunt

932 427 1004 454 enim
1021 426 1081 454 dies
1111 432 1214 459 xxxm,
1240 434 1273 454 ex
1297 426 1399 461 quibus
1414 434 1431 453 v
1451 426 1549 454 diebus
1574 428 1720 461 exemptis,

933 470 980 506 qui
999 471 1026 498 in
1044 475 1218 498 antecessum
1237 471 1361 506 usurpati
1382 470 1505 504 fuerant,
1526 470 1721 506 relinquuntur

933 524 1017 543 xxvnl
1029 516 1098 548 dies,
1109 520 1137 543 et
1145 517 1257 544 biduum
1269 516 1303 543 ad
1315 516 1507 544 embolismum
1522 517 1721 545 cumulandum

933 567 948 586 a
966 560 1144 594 sequentibus
1157 561 1286 588 sumitur.
1301 560 1403 588 Deinde
1415 567 1488 588 anno
1501 568 1556 588 ml
1571 566 1674 596 epacta:
1687 562 1721 589 ad

933 604 993 633 dies
1008 614 1094 632 xxxm
1107 606 1287 641 perveniunt,
1298 606 1567 642 restitntoquebiduo
1590 607 1637 634 illo
1658 615 1720 634 mu-

933 652 1053 686 tnatitio,
1085 660 1117 679 ex
1151 660 1216 679 xxxi
1242 652 1359 686 reliquis
1386 652 1565 680 intercalatur
1588 646 1672 685 Adar,
1694 658 1723 680 et

934 706 1007 726 unus
1021 699 1080 726 dies
1096 704 1231 733 superest.
1247 699 1341 733 Itaque
1364 698 1392 725 in
1418 698 1471 725 line
1489 698 1558 734 cycli
1573 706 1648 726 xxvn
1663 698 1723 726 dies

934 749 1061 772 restant:
1089 749 1117 772 et
1144 744 1327 772 nihilominus
1351 751 1388 770 vn
1423 744 1601 771 intercaletur
1626 744 1722 771 embo-

933 790 1049 823 lismus,
1077 798 1149 818 anno
1178 798 1236 818 xix.
1260 789 1323 817 Haec
1347 789 1444 817 Glossa
1466 789 1501 818 de
1522 790 1590 826 cycli
1616 789 1722 818 indaici

934 841 1074 864 contextu.
1092 836 1121 864 In
1145 843 1201 871 quo
1220 837 1341 863 nondum
1364 836 1470 871 expleta
1496 837 1605 872 syzygia
1628 844 1724 864 versu-

935 890 993 910 ram
1010 882 1079 914 ﬁeri.
1093 885 1120 910 ct
1140 882 1285 917 anticipari
1308 882 1367 909 dies
1381 883 1488 916 aliquot
1510 882 1606 910 vides:
1627 887 1723 910 contra

936 936 1018 964 quam
1038 928 1162 964 Scaliger
1184 928 1231 955 lib.
1246 935 1283 955 vn
1300 927 1339 955 De
1361 928 1494 955 emendat.
1514 928 1541 955 in
1563 936 1653 963 comp.
1675 927 1725 955 .lu-

936 975 1016 1002 daico
1035 975 1112 1011 cyclo
1129 974 1308 1002 cmbolismos
1325 973 1493 1008 praecipitari
1517 974 1599 1004 nimis
1618 974 1724 1008 impru-

936 1022 1034 1050 denter
1055 1025 1147 1056 negat.
1161 1021 1324 1056 Quanquam
1347 1020 1445 1048 Glossa
1462 1020 1514 1048 ista
1532 1013 1655 1048 lunarem
1674 1028 1725 1047 an-

938 1075 1004 1095 num
1023 1067 1137 1102 praecise
1158 1067 1267 1094 dierum
1284 1073 1378 1093 cccuv
1394 1066 1551 1098 constituit,
1572 1073 1659 1100 neqttc
1678 1073 1726 1099 ap-

938 1113 1068 1149 pendices
1080 1113 1163 1140 horas
1189 1119 1222 1139 ac
1235 1111 1366 1139 minutias
1381 1111 1581 1146 complectitur,
1596 1119 1657 1146 qtae
1669 1115 1727 1138 toto

937 1159 1015 1194 cyclo
1031 1158 1153 1186 collecta:
1168 1158 1228 1185 dies
1242 1157 1393 1184 coniiciunt
1406 1165 1444 1188 vr,
1466 1164 1528 1184 cum
1547 1157 1622 1184 horis
1633 1164 1678 1183 ut
1699 1161 1727 1183 et

938 1203 1052 1230 minutis
1069 1203 1100 1230 51
1125 1211 1131 1229 :
1150 1203 1251 1237 quibus
1268 1202 1349 1237 primi
1368 1209 1401 1229 ac
1421 1203 1553 1237 postremi
1571 1202 1725 1230 cmbolismi

937 1248 1062 1276 defectus
1090 1253 1294 1284 compensatur.
1322 1248 1505 1281 Quamobrem
1531 1249 1608 1276 rudis
1633 1253 1676 1276 est
1699 1253 1727 1276 et

938 1295 1102 1323 adumbrata
1120 1294 1190 1330 cycli
1207 1293 1314 1322 Iudaici
1330 1295 1383 1322 ista
1396 1294 1556 1330 descriptio,
1569 1299 1596 1322 et
1610 1294 1642 1322 ad
1659 1294 1726 1322 faci-

938 1341 1035 1368 liorem
1050 1340 1210 1368 methodum
1226 1347 1259 1368 ac
1286 1340 1447 1375 popularem
1466 1345 1575 1375 captum
1591 1340 1726 1375 apposita,

938 1394 1001 1414 cum
1015 1386 1126 1414 interim
1138 1386 1192 1413 alia
1207 1386 1244 1414 sit
1258 1386 1329 1421 apud
1344 1385 1454 1414 Iudaeos
1469 1391 1627 1421 epactarnm
1642 1393 1728 1413 anno-

938 1439 1056 1467 rumque
1083 1431 1279 1459 conformatio.
1306 1430 1384 1464 Quod
1413 1431 1486 1458 idem
1516 1431 1551 1458 de
1580 1430 1727 1466 Epiphanii

939 1478 1112 1506 Octaeteride
1128 1477 1309 1513 prennntiare
1332 1477 1406 1510 licet,
1422 1485 1505 1512 quam
1520 1477 1564 1504 vel
1580 1477 1658 1509 nulli,
1674 1476 1727 1509 vel.

939 1524 963 1552 si
978 1523 1062 1558 forte,
1079 1523 1251 1559 paucissimi,
1273 1527 1335 1559 post
1351 1523 1492 1551 Nicaanum
1514 1531 1648 1551 canonem
1662 1531 1729 1550 cott—

939 1570 1026 1597 ditum
1039 1570 1072 1597 ad
1085 1569 1245 1598 Paschalem
1258 1577 1340 1597 usum
1351 1570 1546 1597 adhibuerunt.
1561 1568 1637 1596 lianc
1650 1569 1730 1596 nobis

939 1615 973 1643 de
994 1615 1166 1643 embolismis
1189 1615 1401 1649 disputationem
1421 1615 1526 1650 peperit
1555 1614 1729 1641 octaeteridis

939 1660 1136 1696 Epiphanianaa
1162 1661 1317 1696 dispositio.
1345 1661 1412 1693 Qua
1436 1660 1530 1687 tandiu
1558 1660 1602 1687 hic
1629 1660 1730 1687 habere

940 1706 1029 1734 locum
1044 1706 1150 1740 debuit,
1167 1706 1232 1733 dum
1251 1706 1378 1734 uberiore
1392 1713 1408 1733 a
1425 1706 1504 1732 nobis
1518 1705 1727 1737 commentario,

940 1756 1023 1784 quem
1045 1749 1080 1777 de
1104 1754 1260 1784 temporum
1281 1749 1407 1778 doctrina
1425 1749 1607 1782 meditantur,
1631 1749 1727 1777 eadem

942 1795 986 1823 illa
1003 1800 1198 1830 pertractelnr.

107 1862 1724 1880 imm

437 1940 488 1970 DE
508 1939 711 1969 SlliMlENSl
735 1939 786 1968 ET
807 1937 1024 1968 ANCYRANA
1048 1937 1379 1975 PSEUDOSYNODO,

677 2018 719 2037 ALl
725 2017 798 2041 ISQUE
819 2016 1035 2037 SEMMRIANORUH
1055 2016 1144 2041 ACTIS,

497 2080 662 2115 Socnnls,
679 2079 844 2109 Sozouam
865 2084 1133 2113 CETEnOnUMQUE
1151 2085 1322 2108 NARRATIO.

774 2141 813 2169 Ad
826 2141 922 2169 hazrcs.
934 2149 1007 2169 uix.

131 2249 180 2278 Ulli
195 2257 224 2277 sc
239 2249 339 2276 Ariana
355 2248 464 2284 perlidia
481 2248 507 2274 in
526 2247 620 2274 orbem
635 2246 820 2274 Christianum
841 2245 882 2273 cl‘-
899 2248 923 2277 ι)
937 2246 1003 2273 tales
1019 2245 1139 2280 episcopi
1151 2265 1159 2277 ,
1185 2243 1293 2272 Marcus
1313 2244 1494 2278 Arethusins,
1516 2245 1648 2281 Georgius
1668 2247 1730 2275 Aie-

95 2296 173 2328 l'udit,
192 2296 277 2323 scissa
292 2300 333 2322 est
355 2295 444 2321 varias
464 2294 490 2321 in
513 2299 613 2328 partes.
637 2300 669 2320 ac
695 2293 885 2332 multiplicium

94 2347 231 2369 sectarum
254 2345 282 2368 et
309 2340 457 2368 factionum
483 2344 547 2368 sunt
568 2343 630 2366 nata
657 2339 786 2365 divertia.
803 2337 837 2365 Ut
853 2337 887 2365 de

93 2387 198 2414 Galeris
226 2388 306 2413 modo
333 2391 458 2417 taceam,
489 2385 603 2420 insignis
631 2384 805 2419 potissimmn
835 2383 887 2411 fuit

95 2432 200 2459 l‘hotini
218 2432 376 2459 Sirmiensis
393 2431 529 2466 impietas,
546 2430 592 2465 qui
616 2430 729 2457 Sabellii
744 2434 770 2456 et
787 2429 886 2457 Samo-

94 2478 178 2505 sateni
204 2478 329 2512 dogmata
354 2477 436 2511 longo
459 2476 602 2503 intervallo
625 2475 774 2502 renovavit.
798 2475 885 2510 Cujus

95 2524 209 2551 ineresin
227 2523 322 2551 ordine
338 2531 370 2550 ιιι
388 2522 478 2562 posuit
502 2529 534 2550 ac
552 2521 681 2548 refutavit
702 2520 883 2556 Epiphanius.

95 2570 171 2597 llnnc
186 2575 215 2597 nt
226 2570 410 2605 opprimerent
427 2568 532 2599 Ariani,
553 2575 585 2595 ac
610 2572 710 2594 tantam
731 2574 745 2594 a
766 2575 796 2595 se
814 2566 884 2594 invi-

94 2617 162 2643 diam
180 2615 414 2650 ignominiamque
428 2614 603 2649 depellerent,
620 2613 716 2647 utique
731 2620 760 2640 se
776 2613 883 2640 tandem

93 2662 242 2688 catholicos
275 2669 336 2689 esse
365 2661 575 2696 proﬁterentur,
599 2659 752 2687 Constantii
786 2659 882 2694 imper.

91 2707 167 2742 jussu
186 2706 328 2739 Sirmium,
343 2714 405 2741 quae
418 2705 482 2732 urbs
497 2709 537 2732 est
561 2703 716 2736 Pannoniae,
730 2703 884 2731 Orientales

93 2760 279 2782 conrocantur
293 2755 428 2790 episcopi,
440 2754 669 2790 quemadmmlnm
689 2753 817 2782 Socrates
833 2754 882 2781 lib.

94 2809 128 2833 Iv.
149 2809 209 2836 cap.
229 2801 257 2832 5.
275 2802 375 2836 aliique
393 2805 514 2828 narrant.
535 2800 612 2834 Quod
639 2799 719 2828 iidem
736 2799 883 2835 contigisse

94 2848 186 2874 volant
201 2852 261 2882 post
278 2847 450 2874 consulatum
478 2846 565 2880 Sergii
588 2850 615 2872 ct
632 2845 763 2881 Nigriani,
779 2846 825 2880 qui
842 2849 884 2873 est

93 2900 180 2921 annus
193 2893 295 2921 Christi
310 2891 498 2922 35LAdi'ucre
514 2891 618 2927 synodo
635 2892 661 2919 in
674 2891 769 2927 primis
782 2891 880 2919 Orien-

941 2291 1071 2324 xandriaa,
1089 2290 1205 2318 Basilius
1227 2291 1342 2326 Ancyra:
1359 2290 1490 2326 episcopi,
1507 2290 1667 2320 Pancratins
1681 2293 1730 2321 Pe-

940 2336 1015 2368 lusii,
1033 2335 1201 2372 llypatianus
1217 2334 1364 2364 Heracleae.
1378 2335 1417 2366 Ex
1428 2336 1649 2366 Occidentalibus
1665 2346 1731 2366 vero

940 2382 1034 2410 eadem
1052 2381 1160 2410 infectis
1177 2382 1246 2414 labe,
1262 2380 1360 2410 Valens
1385 2381 1541 2409 Mursorum
1567 2383 1729 2418 episcopus;

941 2437 1047 2457 necnon
1071 2434 1099 2456 et
1125 2428 1208 2456 Osius
1232 2427 1418 2456 Cordubensis
1442 2427 1570 2456 Ecclesia:
1589 2429 1732 2457 catholicae

941 2483 988 2511 per
1004 2476 1048 2503 illa
1063 2480 1183 2510 tempora
1204 2475 1341 2507 columen,
1362 2474 1409 2509 qui
1431 2482 1464 2501 eo
1487 2474 1549 2502 licet
1566 2475 1668 2503 invitus
1684 2483 1731 2503 ac-

939 2522 1032 2550 cessit.
1047 2522 1074 2548 In
1085 2520 1145 2549 'hoc
1153 2521 1280 2555 concilio,
1294 2520 1476 2548 condemnato
1494 2521 1619 2553 Photino,
1634 2523 1730 2557 triplex

938 2569 1010 2596 edita
1023 2573 1065 2596 est
1079 2568 1113 2596 ab
1129 2567 1239 2595 Arianis
1264 2566 1324 2593 tidci
1341 2565 1459 2594 formula
1476 2576 1482 2594 :
1502 2567 1588 2602 prima
1604 2566 1697 2595 Graeca:
1713 2575 1730 2595 a

938 2615 1029 2642 Marco
1041 2614 1187 2642 Arethusia
1201 2617 1344 2648 concepta.
1357 2619 1439 2648 quam
1462 2612 1589 2640 Socrates
1604 2620 1664 2646 cap.
1682 2612 1728 2645 εδ.

937 2666 962 2687 ct
976 2665 1039 2686 autc
1053 2667 1115 2686 cum
1131 2658 1299 2686 Athanasius
1316 2658 1385 2684 libro
1402 2656 1437 2683 De
1456 2656 1563 2692 synodi:
1580 2655 1673 2684 Grazce
1686 2664 1730 2684 re-

938 2705 1046 2738 ferunt;
1061 2704 1156 2731 Latine
1171 2711 1236 2732 vero
1258 2703 1377 2730 llilarius
1390 2702 1458 2729 libro
1474 2701 1510 2728 De
1529 2701 1648 2736 synodir.
1667 2701 1730 2729 Date

937 2751 996 2778 alia:
1011 2751 1113 2778 Latinae
1134 2754 1208 2781 sunt,
1219 2757 1336 2784 quarum
1350 2749 1436 2783 prima
1454 2754 1469 2773 a
1483 2747 1595 2774 Socrate
1607 2751 1634 2773 ct
1646 2747 1730 2774 Atha-

937 2797 1015 2825 nasio
1043 2797 1138 2824 iisdem
1169 2797 1237 2824 locis
1264 2796 1400 2830 descripta
1425 2793 1597 2825 continetur;
1627 2798 1730 2827 νοω-ε·

937 2851 1021 2877 mam,
1034 2850 1095 2878 quae
1113 2843 1140 2870 in
1164 2841 1330 2869 Ariminensi
1357 2839 1462 2876 synodo
1485 2847 1499 2865 a
1523 2838 1634 2866 Valente
1661 2839 1731 2866 reei-

937 2895 992 2919 tala
1006 2889 1178 2926 postmodum
1200 2894 1253 2920 cst,
1274 2893 1300 2915 et
1324 2895 1338 2914 a
1363 2885 1506 2914 catholicis
1524 2885 1634 2920 rejecta,
1649 2884 1732 2912 habet
