1925 3043
197 177 264 203 μιῆς)

725 173 892 202 APPI‘INDIX
916 172 1232 202 DISSERTATIONUM.

1763 173 1838 201 1050

197 235 323 261 Socrates
346 242 404 268 mp.
427 234 478 266 ἐξ),
501 234 624 261 meminit
645 238 673 261 et
697 234 863 262 Athanasius
885 233 932 260 lib.
953 233 989 260 De
1005 235 1029 263 Λ
1043 233 1132 260 studio
1147 234 1323 261 Constantinus
1345 234 1488 266 revocatis,
1504 241 1573 268 quas
1597 232 1728 268 Asphaho
1743 232 1841 261 Eudo-

197 282 316 316 syttodis.
335 281 398 307 lina:
423 282 512 315 itaque
533 285 591 308 tum
617 281 741 308 formula:
756 281 848 308 Sirmii
866 279 988 316 promul-

196 331 266 360 gatae
288 331 373 353 sunt:
395 334 457 352 nam
483 327 590 353 tertiam
612 326 728 354 Arimini
753 330 846 361 postea
867 325 989 360 publiea-

197 375 270 398 runt.
301 372 328 398 In
356 371 450 398 eadem
473 371 577 406 synodo
600 370 718 399 Basilius
744 371 906 406 Aneyranus
926 377 988 398 cum

197 415 312 443 Photino
337 423 428 447 coram
453 416 618 451 imperatore
640 424 806 452 congressus
827 422 889 444 est:
912 416 990 449 cuius

195 462 389 496 disputationis
407 463 571 490 mentionem
592 463 620 490 in
641 462 801 490 Photiniana
823 463 919 490 haeresi
948 462 990 488 fa-

196 508 233 534 cit
261 507 437 542 Epiphanius.
463 507 546 535 Osius
569 515 634 535 vero
662 508 708 535 diu
732 515 795 535 cum
825 509 988 535 Arianorum

196 553 308 586 perlidia
328 558 355 580 ct
373 553 546 588 iruperatoris
563 554 722 581 crudelitate
738 554 869 586 luctatus,
889 561 922 581 ac
945 554 990 581 di-

197 599 315 626 rissimis
340 599 484 627 tormentis
503 600 722 632 excarnificatus,
743 606 882 636 postremo
903 600 990 627 eidem

198 645 328 679 impietati
347 646 519 680 subscripsit.
542 646 697 673 Secundum
719 647 776 673 hare
800 646 990 676 Constantius.

199 691 290 718 occiso
310 690 476 725 Magnentio,
502 691 581 725 cuius
609 692 695 719 caules
723 692 884 720 Constantio
908 691 940 718 Vl
964 695 992 718 et

198 735 276 762 Gallo
289 735 309 761 ll
322 743 406 768 coss,
422 737 468 771 qui
483 742 525 764 est
543 745 631 764 annus
650 737 713 769 555,
731 737 847 769 accidit.
869 745 903 765 ac
925 737 991 764 reli-

198 781 260 815 quis
273 782 397 816 tyrannis
412 781 569 810 felicissime
586 782 753 816 compressis
775 788 823 810 ant
837 783 990 815 exstinctis,

199 826 276 854 Gallo
295 827 408 862 insuper
431 833 538 859 necato,
559 828 720 855 Constantio
742 827 784 855 VII
806 833 833 855 et
860 828 938 856 Gallo
958 827 991 855 lll

198 879 282 903 coss.,
295 880 367 899 anno
380 872 442 906 554,
454 873 563 900 demum
576 873 721 901 Arbetione
732 879 757 901 cl
769 873 891 901 Lolliano
906 881 992 907 coss.,

199 925 272 945 anno
288 917 351 951 355,
369 918 482 946 Ruinam
508 923 538 946 ut
561 919 742 954 triutnpharct
769 920 915 954 profectus,
936 920 992 947 Me-
1009 911 1030 941 Β

200 963 303 991 diolani
325 964 458 999 synodum
481 964 555 999 cogit
577 965 707 992 adversus
728 965 919 993 Athanasium.
942 967 992 994 Cui

201 1016 262 1035 curn
295 1008 428 1035 acerrime
457 1007 660 1043 refragarcntur
692 1009 822 1036 catholici
855 1010 993 1045 episcopi,

202 1053 352 1088 prmsertim
371 1053 505 1081 Eusebius
521 1053 710 1086 Vercellensis,
727 1055 873 1090 Dionysius
893 1056 995 1084 Medio-

203 1098 334 1132 lancusis,
347 1098 477 1127 Paulinus
493 1099 678 1132 Trevorcnsis,
693 1100 802 1129 Lucifer
811 1101 995 1135 Calaritanus,

202 1144 327 1172 exsulare
338 1144 407 1179 jussi
424 1150 499 1172 sunt.

242 1189 341 1217 Eodem
363 1198 437 1218 anno
457 1196 484 1218 et
498 1191 622 1218 Liberius
644 1191 784 1220 Romanus
799 1193 932 1227 pontifex,
949 1195 997 1229 qui

203 1235 276 1263 Iulio
301 1241 481 1268 successerat,
509 1237 581 1271 quod
607 1237 787 1265 Athanasium
815 1239 998 1267 condemnare

205 1282 299 1312 nollrl.
316 1282 451 1317 relegatus
470 1288 524 1314 est,
538 1286 567 1309 nt
594 1282 674 1309 iidem
693 1283 815 1311 historici
830 1292 893 1312 cum
909 1284 999 1312 Theo-

206 1328 302 1355 doreto
312 1333 339 1355 et
354 1327 504 1356 Athanasio
517 1333 662 1356 testantur.
675 1328 712 1356 De
724 1329 833 1357 Liberio
840 1339 906 1358 vero
915 1332 997 1359 etiam

207 1372 369 1402 Ammianus
392 1374 438 1401 lib.
467 1382 512 1401 xv.
541 1373 588 1401 llis
612 1374 649 1401 ita
674 1375 824 1408 confectis,
852 1376 1000 1411 imperator

208 1427 281 1446 anno
303 1420 428 1454 sequenti
453 1420 534 1447 tertio
557 1420 671 1448 Kalend.
694 1421 779 1449 Maias
801 1422 915 1450 Romam
940 1432 1001 1452 sese

210 1465 337 1498 contulit,
365 1471 393 1493 ut
415 1466 485 1493 idem
516 1467 677 1494 Ammianus
701 1472 799 1496 auctor
816 1474 858 1497 est
881 1471 928 1497 lih.
944 1479 999 1498 tm.

211 1511 263 1543 Qui
292 1519 354 1538 cum
384 1511 439 1539 illic
463 1512 566 1540 diutius
591 1514 756 1541 commorari
783 1515 876 1548 vellet,
902 1516 1001 1544 auditis

212 1557 390 1584 barbarorum
404 1558 619 1590 incursionibus,
632 1567 658 1586 rv
673 1559 733 1587 Kal.
745 1559 808 1588 Jun.
823 1561 850 1588 in
866 1561 1000 1597 Illyricum

211 1603 350 1637 profectus
365 1607 417 1630 cst.
434 1602 503 1630 Cum
524 1608 614 1631 autem
638 1604 730 1632 Romae
755 1605 844 1633 adhuc
858 1606 1004 1641 imperator

213 1649 333 1683 degeret,
347 1648 399 1675 hoc
417 1654 459 1676 est
475 1655 537 1676 ante
547 1657 574 1677 tv
587 1649 647 1677 Kal.
665 1649 772 1681 Iunias.
787 1650 924 1680 Endoxins
939 1653 1005 1680 Ger-

215 1694 340 1721 manicia:
351 1694 377 1721 iu
393 1693 471 1729 Syria
484 1695 640 1729 episcopus,
653 1703 717 1722 cum
739 1695 774 1723 de
792 1696 897 1725 Leontii
911 1698 1007 1725 Antio-

215 1739 285 1766 chiae
308 1739 427 1773 episcopi
456 1745 544 1767 morte
567 1741 751 1768 renuntiatum
773 1747 860 1775 esset,
879 1743 1007 1770 missione

217 1792 233 1812 a
247 1785 409 1812 Constantio
424 1785 576 1820 impetrata,
601 1786 627 1813 in
647 1785 753 1822 Syriam
771 1788 932 1822 perveniens
951 1789 1007 1816 An-

218 1832 373 1859 tiochenam
398 1831 488 1858 sedem
513 1838 638 1866 occupat.
660 1832 748 1865 Quam
770 1833 928 1868 dignitatem
944 1835 1008 1862 ade-

218 1881 280 1912 ptus
304 1881 377 1903 totus
395 1875 421 1904 in
449 1877 474 1904 id
495 1878 636 1910 incumbit,
657 1883 687 1905 ut
705 1879 811 1906 Aelium
828 1886 1008 1915 cognomento

217 1922 313 1954 ἄθεον,
339 1926 368 1948 et
397 1923 593 1950 Anomasorum
622 1924 771 1959 principem
798 1925 943 1959 pristinum
976 1925 1003 1952 iu

218 1968 332 2002 gradum
351 1967 517 1995 restitueret.
544 1968 594 1996 llic
615 1970 686 1997 enim
707 1978 723 1997 a
744 1970 856 1997 Leontio
876 1971 1008 1998 diaconus

217 2013 370 2044 ordinatus.
386 2021 435 2047 pro
451 2021 484 2040 eo
498 2015 569 2049 quod
588 2015 686 2042 Filium
712 2016 757 2043 Dei
776 2025 809 2043 ex
826 2017 912 2044 nihilo
932 2025 1007 2045 erea-

217 2064 286 2090 tum.
308 2063 335 2086 et
352 2059 442 2087 Patris
473 2059 634 2088 dissimilem
651 2067 794 2095 assereret,
816 2063 962 2091 damnatus
982 2069 1009 2091 et

219 2105 323 2140 ejectus
339 2104 437 2133 fuerat.
453 2105 539 2140 Cujus
559 2107 722 2141 impietatem
743 2115 806 2135 cum
829 2108 932 2136 loveret
955 2108 1009 2136 Eu-

216 2154 325 2186 doxius,
344 2153 444 2180 frustra
463 2153 538 2181 illum
558 2154 703 2181 restituere
721 2161 754 2181 ac
778 2162 906 2182 revocare
924 2162 1008 2182 cona-

216 2203 275 2230 tus.
301 2203 331 2226 ut
353 2198 450 2226 scribit
477 2198 622 2231 Socrates,
643 2199 732 2233 palam
754 2199 856 2226 nefaria
879 2199 940 2233 ejus
960 2200 1009 2226 do-

1044 280 1079 306 xii
1107 281 1274 315 presbytero,
1306 285 1332 307 et
1361 280 1429 307 Aetii
1456 280 1555 307 fautori
1584 280 1706 311 dederat.
1722 279 1839 312 litteris,

1043 325 1110 352 alias
1130 325 1262 352 Adversus
1282 325 1431 353 Eudoxum;
1458 326 1492 352 (ut
1518 325 1690 352 Aulim/renus
1711 325 1838 360 scripsit.

1045 371 1162 406 Subjicit
1177 373 1220 399 his
1236 372 1363 399 Set-ratos
1376 372 1558 399 Ariminensis
1578 372 1686 399 concilii
1704 372 1843 398 narratio-

1045 424 1105 443 nem
1119 425 1126 443 :
1142 417 1169 444 in
1185 425 1240 451 quo
1258 416 1320 444 fidei
1338 416 1466 448 Ἕκθεσις
1485 417 1529 444 illa
1550 417 1584 444 ab
1605 416 1720 444 Ursacio
1738 420 1767 443 et
1783 415 1840 443 Va—

1044 463 1115 491 lente
1129 463 1265 497 proposita
1279 467 1332 493 est.
1350 470 1411 497 quae
1431 462 1524 489 Sirmii
1542 466 1606 490 ante
1623 467 1755 497 concepta
1777 462 1840 489 fue-

1045 514 1095 537 rat.
1116 509 1287 536 Sozomcnus
1306 513 1395 536 autem
1421 508 1521 536 Liberii
1542 509 1576 535 ab
1594 509 1693 537 exsilio
1717 507 1843 536 revocati

1045 562 1076 582 ac
1092 554 1204 580 Romam
1225 554 1365 581 redeuntis
1381 554 1523 581 historiam
1540 555 1667 588 pertexit.

1046 610 1105 644 Qua
1125 609 1152 636 in
1175 617 1202 636 re
1226 609 1344 636 hodierni
1362 610 1501 643 srriplare.)
1516 609 1654 636 annalium
1672 610 1705 636 ab
1721 610 1842 644 antiquis

1323 645 1379 671 illis
1395 645 1562 672 dissentiant.

1080 689 1157 722 Quod
1180 689 1214 716 de
1236 689 1396 718 Sirmieusis
1419 690 1549 718 adversus
1568 689 1712 717 Phininum
1728 690 1842 718 concilii

1047 740 1167 770 tempore
1192 735 1321 762 Socrates
1347 742 1378 762 ac
1400 735 1570 763 Sozomcnus
1587 737 1757 763 tradiderunt
1772 756 1780 767 .
1799 737 1844 763 ni-

1047 783 1147 810 mirum
1164 781 1259 817 Sergio
1276 789 1309 809 ac
1325 781 1455 816 Nigriano
1467 788 1539 809 coss.
1557 782 1723 809 celebratum
1741 783 1841 815 fuisse,

1047 828 1092 863 qui
1115 834 1157 855 est
1178 835 1267 854 annus
1288 834 1348 854 terre
1372 826 1534 854 Christiana:
1553 826 1615 859 551,
1635 827 1661 853 id
1682 827 1710 854 in
1735 829 1846 863 magnis

1047 873 1199 900 Annalibus
1225 872 1259 900 ad
1280 880 1384 899 annum
1404 872 1455 899 557
1472 872 1578 899 duobus
1600 873 1642 899 vel
1663 873 1752 900 tribus
1774 881 1847 907 pra:-

1047 921 1141 948 sertim
1167 918 1336 954 argumentis
1352 918 1492 946 refcltitur.
1511 919 1632 951 Quorum
1649 919 1844 947 auctoritatem

1048 966 1136 994 secuti
1155 965 1253 1000 reliqui
1270 964 1463 995 ecclesiastica:
1491 963 1612 992 histo‘rirc
1631 969 1847 999 temporumque

1047 1012 1215 1043 conditores,
1232 1018 1295 1037 cum
1309 1010 1412 1038 erroris
1428 1010 1536 1037 eosdem
1560 1010 1621 1037 illos
1639 1010 1790 1045 scriptores
1804 1011 1846 1037 in-

1050 1058 1190 1090 simulant,
1206 1061 1263 1084 tum
1282 1063 1355 1083 anno
1369 1055 1472 1083 Christi
1495 1055 1558 1087 357.
1581 1056 1744 1084 Constantio
1764 1055 1798 1082 ιχ
1817 1061 1847 1083 et

1050 1103 1156 1131 Juliano
1168 1109 1253 1134 coss.,
1278 1102 1434 1129 damnatum
1457 1101 1484 1128 iu
1502 1101 1644 1129 Sirmiensi
1661 1101 1847 1130 conciliabulo

1053 1149 1198 1176 Photinum
1224 1151 1362 1175 asserunt.
1386 1149 1552 1182 Argumenta
1581 1155 1662 1182 porro
1686 1153 1752 1175 sunt
1770 1148 1847 1182 ejus-

1051 1195 1124 1222 modi
1143 1204 1149 1221 :
1166 1195 1192 1221 in
1204 1193 1301 1228 primis
1312 1192 1441 1220 Socrates
1461 1201 1492 1220 ac
1510 1193 1678 1221 Sozomenus
1699 1198 1846 1224 testantur,

1051 1241 1146 1269 Osium
1160 1240 1366 1268 Cordubensem
1382 1239 1416 1266 ad
1433 1239 1610 1267 Sirmiensem
1625 1239 1762 1275 synodum
1779 1239 1848 1266 invi-

1052 1292 1110 1315 tum
1128 1287 1289 1317 accessisse,
1307 1286 1397 1321 ibique
1412 1287 1437 1313 vi
1455 1294 1487 1313 ac
1503 1285 1646 1313 tormentis
1658 1291 1796 1313 extortam
1812 1284 1849 1312 ab

1054 1334 1101 1361 illo
1112 1332 1254 1360 Athanasii
1272 1332 1493 1360 damnationum
1503 1332 1583 1367 Atqui
1602 1332 1711 1359 nonnisi
1726 1331 1849 1366 relegam

1052 1381 1108 1416 jam
1133 1379 1250 1411 Liberio,
1272 1383 1418 1414 postquam
1442 1378 1556 1412 insuper
1581 1385 1683 1405 annum
1703 1376 1760 1411 jam
1779 1377 1850 1403 inte-

1055 1433 1133 1462 grum
1162 1424 1255 1452 Sirmii
1280 1430 1353 1452 esset
1384 1432 1398 1451 a
1431 1424 1592 1451 Constantio
1619 1425 1757 1454 detentus,
1782 1430 1849 1450 cum

1055 1472 1165 1500 Arianis
1178 1471 1391 1499 communicavit
1407 1471 1506 1502 Osius;
1525 1470 1595 1505 quod
1613 1470 1784 1497 Athanasius
1800 1469 1851 1497 do-

1056 1524 1100 1546 cet
1118 1518 1203 1553 Epist.
1227 1513 1261 1544 (id
1280 1517 1414 1544 solitarius
1431 1526 1437 1544 :
1452 1517 1508 1544 Καὶ
1528 1516 1590 1543 ἀντὶ
1613 1515 1760 1552 ὲξορισμοῦ
1784 1524 1852 1542 κατ-

1058 1563 1115 1599 έχει
1139 1562 1235 1590 τοῦτον
1254 1562 1315 1589 ὅλον
1343 1561 1465 1589 ἐνιαυτὸν
1490 1563 1520 1588 ἐν
1547 1561 1587 1596 τῷ
1609 1561 1725 1596 Σιρμίῳ.
1752 1560 1851 1587 Euitii

1056 1610 1112 1637 loco
1133 1617 1231 1636 annuat
1249 1609 1379 1642 integrum
1400 1608 1493 1635 Smm'i
1510 1608 1586 1635 illum
1606 1606 1852 1634 detinet.Liberius

1056 1662 1159 1688 autem,
1176 1660 1207 1683 ut
1223 1663 1254 1682 ex
1272 1654 1384 1682 Socrate
1398 1659 1426 1682 et
1448 1654 1592 1681 Ammiano
1607 1654 1699 1690 liquet,
1716 1662 1771 1681 non
1789 1659 1854 1682 ante

1055 1702 1157 1730 Christi
1178 1709 1279 1729 annum
1296 1701 1359 1733 555,
1380 1701 1528 1728 Arbetione
1552 1701 1655 1728 scilicrt
1677 1705 1706 1728 et
1726 1701 1854 1731 Lolliano

1057 1757 1146 1780 eoss.,
1164 1747 1191 1775 in
1207 1748 1334 1775 exsilium
1352 1747 1429 1778 abiit,
1442 1755 1504 1774 cum
1521 1746 1714 1779 Mediolanum,
1730 1747 1778 1774 ubi
1795 1753 1854 1775 tum

1057 1793 1237 1821 Constantius
1259 1797 1328 1824 erat,
1353 1792 1439 1819 Roma
1463 1797 1536 1819 esset
1550 1793 1666 1820 excitus.
1682 1793 1853 1820 Athanasius

1058 1848 1122 1868 vero
1143 1839 1238 1867 eodem
1263 1839 1309 1866 illo
1330 1839 1400 1866 libro
1421 1838 1517 1866 scribit
1539 1837 1636 1866 Osium
1659 1846 1693 1866 ex
1718 1838 1853 1874 Hispania

1058 1885 1177 1919 primum
1209 1883 1362 1911 Constantii
1392 1883 1493 1911 litteris
1520 1883 1638 1912 accitum
1667 1883 1852 1912 Mediolanum

1059 1929 1181 1962 venisse;
1198 1929 1371 1964 indidemque
1389 1929 1416 1956 in
1436 1929 1551 1964 patriam
1567 1930 1602 1957 ab
1619 1929 1665 1957 illo
1680 1930 1828 1958 remissum
1845 1941 1852 1958 :

1058 1974 1138 2009 paulo
1154 1978 1215 2009 post
1231 1975 1328 2002 iterum
1344 1980 1486 2002 evocatqu
1512 1982 1584 2002 anno
1605 1979 1664 2003 toto
1682 1975 1777 2003 Sirmii
1794 1984 1854 2003 ma-

1058 2025 1181 2048 ceratum
1201 2020 1406 2055 crneiatumque
1425 2020 1534 2048 demum
1553 2021 1741 2049 succubuisse.
1775 2022 1854 2056 Quod

1058 2066 1082 2093 si
1096 2074 1169 2094 anno
1191 2066 1324 2094 duntaxat
1346 2066 1398 2093 556
1420 2066 1608 2098 Constantius,
1625 2075 1657 2094 ex
1678 2075 1731 2103 quo
1752 2067 1856 2095 Sirmio

1060 2112 1086 2138 in
1104 2112 1206 2139 Italiam
1221 2111 1360 2147 profectus
1375 2117 1446 2144 erat,
1461 2111 1547 2139 linum
1565 2113 1591 2139 in
1608 2113 1745 2148 Illyricum
1763 2121 1855 2141 rever-

1059 2163 1107 2183 sus
1121 2162 1173 2188 cst,
1189 2157 1227 2184 uti
1243 2165 1325 2191 supra
1338 2157 1506 2192 disputatqu
1524 2163 1576 2190 est,
1593 2162 1706 2193 apparet
1719 2167 1773 2186 non
1791 2164 1856 2187 ante

1058 2203 1110 2230 557
1126 2210 1239 2235 annutn,
1257 2203 1380 2231 confecta
1392 2203 1448 2237 jam
1473 2203 1530 2231 Osii
1552 2212 1644 2232 annua
1666 2205 1762 2233 Sirmii
1785 2206 1855 2233 rele-

216 2250 307 2279 gmata
323 2245 470 2279 praedicare
484 2245 577 2280 erepit.
596 2252 629 2272 eo
642 2239 917 2278 sane‘contidentius,
933 2245 1006 2279 quod
1023 2260 1045 2288 D
1059 2249 1177 2284 gatione,
1200 2249 1379 2277 sirmiensem
1406 2250 1540 2285 synodum
1560 2251 1630 2277 obiri
1653 2252 1786 2286 potuisse,
1810 2252 1854 2279 cui

215 2291 273 2318 Osii
288 2291 474 2318 Cordubensis
497 2291 603 2318 litteras
627 2291 775 2326 jactitaret,
790 2291 890 2326 quibus
918 2291 1007 2319 eidem

216 2336 303 2363 errori
321 2336 531 2371 subscripserat.

253 2390 319 2424 Quze
339 2398 400 2418 eum
416 2390 548 2425 Georgius
572 2389 740 2417 Laodicenus
763 2390 1010 2424 animadrertissct,

219 2435 322 2463 litteras
336 2435 470 2470 Ancyram
488 2434 521 2461 ad
537 2434 666 2462 Basilium
687 2434 778 2467 dedit;
802 2435 847 2469 qui
865 2439 921 2462 tum
942 2435 1011 2463 forte

217 2482 251 2510 ad
276 2480 471 2512 dedicandam,
505 2489 586 2516 qtram
618 2486 829 2513 conslruxerat,
865 2481 1010 2508 ecclesiam

217 2525 373 2560 complures
401 2531 434 2552 ex
460 2524 582 2551 tinitimis
603 2524 739 2559 episcopis
764 2528 937 2552 convocarat.
955 2523 1011 2551 lia-

218 2573 275 2600 bito
293 2571 383 2606 itaque
395 2571 538 2606 Ancyrano
553 2570 680 2603 concilio,
694 2570 825 2605 lectisque
842 2570 950 2605 Georgii
966 2571 1010 2598 lit-

217 2617 293 2649 teris,
309 2616 446 2643 decretum
471 2614 536 2641 illud
559 2614 620 2641 fidei
640 2615 780 2642 conditum
792 2619 843 2644 est.
858 2614 930 2649 quod
949 2614 1012 2649 Epi-

218 2663 336 2698 phanirts
358 2667 383 2689 et
405 2661 522 2688 Hilarius
545 2664 779 2690 commemorant:
814 2660 840 2687 in
868 2668 922 2695 quo
946 2668 1012 2695 strp-

218 2717 313 2745 prcssa
327 2708 375 2735 τοῦ
397 2707 538 2743 ὸμοουσίου
557 2714 634 2738 voce,
658 2706 820 2741 ὀμοιούσιος,
837 2706 888 2733 hoc
907 2711 958 2739 est,
974 2706 1011 2733 si-

219 2756 292 2782 milis
312 2754 385 2781 Patri
411 2753 570 2781 substantia:
592 2751 691 2778 Filium
714 2759 775 2778 esse
797 2751 913 2787 professi
936 2757 1011 2784 sunt,

220 2809 234 2827 a
259 2809 314 2835 quo
333 2799 495 2827 Semiariaui
518 2797 592 2824 dicti.
618 2796 686 2824 Tum
713 2796 793 2831 legati
823 2796 954 2824 Sirmium
976 2797 1009 2823 ad

221 2845 410 2878 imperatorem
429 2852 442 2870 a
459 2844 563 2880 synodo
579 2843 666 2875 missi,
682 2841 797 2869 Basilius
814 2841 939 2878 Ancyrar,
958 2842 1013 2869 Err-

221 2891 338 2917 stathius
351 2889 480 2922 Sebasta‘,
497 2888 624 2916 Leontius
638 2887 727 2922 Cytici
741 2888 872 2923 episcopi.
887 2887 1010 2921 Quorum
1024 2926 1046 2934 '-

1060 2294 1143 2322 Osius
1162 2294 1325 2330 sull'ragator
1349 2295 1505 2322 accesserit.
1534 2295 1583 2323 llis
1608 2297 1714 2324 duabus
1744 2299 1856 2325 rationi-

1061 2339 1124 2372 bus,
1136 2340 1207 2375 quod
1223 2346 1250 2368 et
1263 2345 1323 2375 post
1340 2340 1441 2368 Liberii
1455 2341 1593 2375 exsilium,
1609 2346 1636 2369 et
1652 2347 1714 2376 post
1731 2351 1855 2371 annuum

1061 2391 1198 2412 carcerem
1217 2385 1249 2412 ad
1266 2385 1490 2412 consentiendum
1505 2388 1619 2414 adactus
1636 2387 1672 2414 sit
1689 2387 1786 2421 Osins,
1804 2394 1858 2416 ter-

1062 2432 1127 2458 tiam
1143 2431 1267 2466 adjunin
1283 2440 1315 2459 ex
1333 2431 1447 2465 Hilario,
1464 2433 1509 2468 qui
1533 2434 1602 2462 libro
1620 2434 1658 2461 De
1672 2436 1782 2470 synodi:
1798 2435 1858 2463 Sir-

1062 2476 1193 2505 mieusem
1213 2477 1329 2504 allirmat
1352 2482 1414 2511 post
1434 2477 1580 2506 triennium
1595 2487 1656 2507 esse
1677 2481 1857 2512 celebratam,

1062 2530 1095 2549 ex
1110 2529 1165 2557 quo
1179 2521 1326 2549 Saturnino
1341 2522 1491 2550 Arelatensi
1509 2524 1637 2559 episcopo
1656 2524 1757 2552 Arianu
1777 2534 1791 2553 a
1809 2534 1857 2554 ca-

1063 2568 1173 2595 tholicis
1189 2572 1231 2596 est
1251 2573 1348 2603 negata
1361 2570 1529 2596 communio.
1555 2569 1697 2598 Manifesta
1718 2579 1784 2599 vero
1805 2572 1857 2599 Sa-

1063 2614 1166 2641 turnini
1184 2614 1301 2642 defectio
1323 2619 1380 2642 tum
1400 2616 1523 2650 contigit,
1542 2624 1603 2643 cum
1621 2622 1776 2652 expugnato
1800 2617 1857 2646 Ma-

1064 2660 1175 2694 gnentio
1195 2660 1371 2688 Constantius
1397 2661 1535 2688 Arclatam
1561 2669 1622 2689 sese
1642 2663 1769 2690 contulit.
1785 2663 1857 2691 Con-

1064 2711 1117 2733 stat
1132 2711 1223 2733 autem
1237 2714 1268 2733 ex
1287 2707 1431 2735 Ammiano
1445 2708 1492 2734 lib.
1508 2716 1563 2735 χιιι
1579 2708 1771 2736 Constantium
1791 2717 1854 2736 uort-

1064 2752 1116 2779 nisi
1141 2760 1212 2779 anno
1226 2753 1329 2780 Christi
1346 2754 1398 2781 555
1422 2761 1451 2781 se
1470 2753 1502 2781 Vl
1520 2758 1547 2781 et
1570 2754 1648 2782 Gallo
1665 2754 1686 2781 ll
1700 2763 1774 2782 coss.
1793 2755 1857 2782 Are-

1064 2797 1145 2824 latam
1160 2798 1278 2831 venisse,
1295 2798 1448 2834 ibidemque
1464 2800 1578 2827 namlern
1595 2808 1675 2827 sumn
1692 2809 1716 2827 vr
1738 2801 1776 2828 Id.
1797 2801 1855 2828 Oct.

1065 2843 1505 2880 celebrasse..Uudeperspicuum
1523 2851 1565 2873 est
1585 2854 1658 2873 anno
1678 2847 1788 2874 demum
1805 2847 1855 2874 357

1066 2889 1182 2916 triennio
1192 2890 1248 2924 jam
1269 2891 1404 2924 abSttluto,
1428 2892 1606 2922 Sirmieuscm
1635 2895 1770 2930 synodum
1796 2901 1853 2929 νει·-
