1925 3043
94 193 155 217 lilii

513 191 554 217 DE
569 189 740 218 SlllMlENSl
758 188 800 215 ΕΤ
822 186 1007 214 ΛΝΕῩΩΑΝᾹ
1030 186 1319 215 PSEUDOSYNOHO.

1649 187 1717 215 16ὐί

89 254 177 276 aetatu
194 248 289 275 fuisse.
306 248 371 280 Quae
385 246 494 283 quidem
508 249 599 276 otnnia
625 249 664 275 sic
685 249 711 275 in
736 247 880 275 Annalibus
897 249 916 275 Λ
933 246 1021 278 Quam
1052 246 1162 280 quidem
1191 245 1261 280 apud
1295 246 1435 271 Socratem
1465 243 1563 274 habes.
1592 243 1717 278 ascriptis

87 295 259 328 digeruntur.

125 341 205 366 Anno
220 340 273 366 555
299 340 460 374 Constantio
476 339 509 366 Vl
533 345 559 367 et
571 341 649 368 Callo
663 339 684 366 Il
700 347 786 372 coss...
805 339 876 366 ricto

90 385 245 419 Magnentio
258 385 436 413 Constantius
456 388 482 412 in
497 385 598 413 Gallias
612 386 758 420 profectus,
772 385 877 412 Arelate

90 432 208 458 hiemem
231 431 360 459 traduxit.
384 431 435 459 Ubi
460 432 575 458 concilio
597 431 760 458 Arianorum
784 436 877 458 coacto

88 479 237 504 damnatur
254 477 438 509 Athanasius;
465 477 594 504 Paulinus
616 477 802 508 TICVGN'HSlS,
823 485 877 504 una

89 531 152 550 cum
167 523 270 557 aliqttot
282 523 424 550 catholicis
443 523 577 557 episcopis
593 524 689 550 exsilio
707 523 823 550 multati.

125 570 204 595 Ληιιο
221 569 272 595 355
289 568 448 596 Constantio
464 568 505 595 VH
527 574 554 595 et
568 569 643 595 Gallo
659 569 689 595 Ill
709 577 794 600 coss.,
815 569 877 596 Gal-

90 616 133 641 lus
156 613 248 641 Czesar
270 614 422 641 Constantii
447 615 525 649 jussu
556 619 680 641 necatur.
714 615 878 642 Athanasius

89 659 261 686 Alemodrim
279 665 401 686 vexatur.

125 706 205 733 Anno
225 705 277 733 555
293 706 440 733 Arbetione
460 712 486 734 et
508 706 631 734 Lolliano
651 715 735 738 coss.,
751 706 879 734 Metliola-
899 736 905 740 .

91 759 176 778 nense
202 752 347 779 concilium
375 751 502 778 indicitur
524 759 555 780 ac
576 752 729 780 celebratur
745 752 772 779 in
795 759 878 779 causa

90 797 245 829 Athanasii,
269 803 401 832 prarscnte
424 797 592 826 Constantio.
607 799 658 832 Qui
676 798 824 826 catholicos
847 806 879 826 ac

91 842 282 870 sanctissimos
306 844 448 878 episcopos
473 844 546 872 illius
569 844 735 872 damnationi
760 845 879 872 subscri-

91 888 156 914 bere
171 893 328 916 recusantes
344 889 370 916 in
397 889 523 917 exsilium
547 890 641 925 ejicit;
663 890 791 918 nimirum
813 891 880 919 Ver-

931 298 1003 317 mss.
1040 291 1226 318 nominibuse
1251 298 1307 324 qua
1335 290 1368 316 dc
1401 295 1485 316 causa
1520 288 1716 316 catholicorum

930 336 1063 365 omnium.
1090 335 1239 370 praesertim
1254 335 1408 366 Athanasii,
1426 334 1481 361 risu
1496 341 1531 375 ac
1544 334 1662 360 ludibrio
1675 338 1718 361 est

930 385 1055 415 excepta.
1086 381 1185 408 Eodem
1210 388 1283 408 anno
1307 380 1431 408 Liberius
1457 379 1552 407 Dorcea
1575 383 1719 407 revocatus

932 426 1025 454 Sirmii
1046 427 1141 461 prima
1158 427 1195 454 illi
1223 427 1347 454 formulae
1363 426 1535 460 subscripsit,
1553 433 1614 460 qua:
1626 425 1719 453 Graece

931 481 945 499 a
970 473 1061 500 Marco
1080 477 1176 500 contra
1197 473 1342 500 Photiuum
1361 472 1461 506 scripta
1486 472 1593 504 fuerat;
1607 479 1661 498 non
1675 478 1718 498 se-

931 517 1035 544 cunda).
1056 516 1116 550 Quo
1128 518 1273 552 impetrato
1292 518 1404 544 ltomam
1420 516 1576 543 remittitur.

966 564 1046 590 Anno
1061 563 1113 590 558
1128 563 1252 591 absoluta
1267 562 1403 590 Sirmiana
1415 561 1632 596 pscudosynodo,
1646 561 1718 588 Con-

931 610 1048 637 stantius
1072 609 1256 637 Nicomediam
1275 609 1388 636 alteram
1408 607 1513 635 indicit.
1530 607 1582 634 Sed
1594 613 1719 634 tateme

932 662 1006 683 motu
1024 660 1170 692 prostrata,
1186 663 1249 682 mox
1266 656 1348 682 etiam
1368 653 1468 687 Nicata,
1484 661 1539 689 quo
1552 658 1718 680 conventum

933 701 1072 729 transferri
1090 702 1238 736 placuerat,
1253 701 1348 728 eadem
1368 699 1446 727 ruina
1461 699 1602 727 subversa.

965 749 1046 775 Auno
1064 747 1117 775 359
1135 747 1260 775 bifariam
1285 746 1436 774 distributis
1457 745 1604 780 episcopis,
1622 745 1718 772 eodem

933 798 1056 828 tempore
1071 793 1187 821 Arimini
1205 802 1237 821 ac
1259 793 1390 822 Seleuciae
1405 794 1432 821 in
1450 793 1553 821 Isauria
1567 791 1662 827 synodi
1677 799 1720 819 ee-

933 839 1082 866 lebrantur.
1098 838 1175 866 Hanc
1197 840 1304 867 illorum
1323 844 1475 875 temporum
1494 839 1647 871 historiam,
1670 845 1719 865 cu-

930 885 1051 920 jusmodi
1077 886 1103 912 in
1130 886 1276 913 Annalibus
1306 883 1440 919 traditur,
1467 893 1529 913 cum
1555 885 1582 912 iu
1610 884 1719 912 caeteris

90 933 236 961 cellenscm
261 933 420 966 Eusebium,
448 924 606 971 Dionysium
633 936 878 971 Mcdiolauensem;
897 924 917 951 Β
930 931 1059 959 Nicolaus
1075 931 1174 964 Faber,
1187 932 1229 959 vir
1238 932 1449 964 eruditissimus,
1463 940 1516 959 nou
1530 931 1674 966 improbet,
1691 929 1718 956 in

90 987 122 1006 ac
137 984 275 1014 postremo
295 980 432 1008 Liberium
456 989 566 1016 papam,
581 990 661 1017 quem
680 982 765 1010 Roma
780 983 881 1011 Medio-

90 1025 184 1052 lanum
207 1027 353 1052 acciverat.
374 1025 431 1053 Sub
450 1026 508 1054 haec
531 1026 612 1055 Osius
634 1034 667 1055 ex
682 1027 819 1063 llispauiis
839 1037 882 1057 ac-

91 1069 209 1096 cersitus
235 1069 390 1103 frustraque
419 1069 582 1098 sollicitatus
603 1071 629 1098 in
649 1071 764 1105 patriam
789 1072 879 1100 rediit.

127 1115 207 1142 Anno
219 1115 271 1142 55G
287 1115 449 1142 Constantio
462 1115 520 1143 Vlll
536 1121 562 1144 et
578 1116 685 1144 Iuliano
697 1125 781 1150 coss.,
798 1119 881 1145 Atha-

93 1159 187 1187 nasius
206 1158 323 1194 Syr-iano
338 1159 408 1186 duce
432 1165 575 1196 grassante
589 1162 751 1189 Alexandria
775 1163 879 1197 pulsus,

92 1204 173 1239 eique
187 1204 352 1232 substitutus
365 1204 510 1238 Georgius.
535 1206 713 1234 Constantius
729 1207 881 1235 Mediolano

94 1249 208 1275 llomam
224 1249 347 1283 pervenit
362 1250 441 1277 tertio
465 1249 525 1277 Kal.
550 1250 642 1286 Majas.
657 1251 696 1278 lbi
720 1259 735 1278 a
750 1253 881 1280 matronis

94 1294 285 1328 interpellatus
313 1293 452 1322 Liberium
478 1295 567 1323 edicto
592 1301 712 1323 revocat.
741 1296 881 1325 Eudoxius

93 1338 276 1366 Germanicize
292 1339 438 1374 episcopus
458 1341 551 1368 audita
570 1340 676 1368 Leontii
692 1347 778 1369 morte
796 1341 881 1370 Roma

93 1383 268 1410 Antiochiam
287 1384 416 1412 advolans
436 1386 528 1412 sedem
554 1391 681 1421 occupat.
704 1386 882 1416 Constantius

94 1437 120 1456 IV
147 1429 207 1456 Ral.
226 1429 290 1457 Jun.
307 1430 379 1458 Urbe
391 1431 547 1466 digrediens
565 1433 592 1459 in
609 1432 746 1469 Illyricum
761 1434 880 1462 festinat.

128 1475 208 1502 Anno
225 1475 275 1502 557
294 1475 456 1503 Constantio
473 1477 507 1503 ΙΧ
523 1482 549 1505 et
562 1477 671 1505 Juliano
690 1479 709 1506 ll
723 1486 807 1512 coss.,
821 1479 881 1507 Sir-

94 1520 201 1547 micnse
224 1520 372 1548 concilium
399 1529 490 1549 coram
517 1521 681 1549 Constantio
705 1522 881 1550 celebratum.

93 1562 122 1590 In
138 1571 194 1599 quo
218 1564 337 1600 primunt
362 1565 509 1594 damnatus
535 1566 675 1598 Photimts,
694 1571 721 1594 et
744 1574 759 1594 a
783 1567 882 1595 Basilio

94 1610 209 1646 Ancyrae
233 1612 363 1645 episeopo
388 1612 557 1640 confutatus.
584 1612 653 1640 Tum
671 1613 733 1640 fldci
757 1613 882 1641 formula:

95 1660 151 1684 tres
166 1657 328 1691 conscripta
345 1667 352 1685 :
371 1658 458 1692 prima
484 1663 597 1686 auctore
621 1658 713 1685 Marco
737 1659 882 1687 Aretlmsio

95 1701 202 1735 Grzeca,
225 1702 252 1728 in
272 1711 325 1737 qua
345 1704 465 1731 damnati
483 1705 552 1731 inter
573 1709 680 1737 caetera,
703 1704 750 1738 qui
770 1712 803 1732 ex
828 1705 881 1732 alia

95 1748 261 1780 substantia,
278 1753 306 1776 et
328 1757 382 1776 non
405 1757 437 1777 ex
464 1749 519 1778 Deo
534 1750 634 1777 Filium
651 1750 789 1778 exstitisse
807 1750 882 1777 dicc-

95 1797 155 1820 reut
164 1802 171 1820 :
181 1793 253 1820 hanc
265 1794 346 1821 habet
354 1795 520 1822 Athanasius
529 1795 574 1822 lib.
584 1794 621 1822 De
628 1796 745 1830 synodis,
763 1794 882 1822 Hilarius

97 1839 144 1866 lib.
161 1838 201 1865 De
224 1839 341 1873 synodis,
359 1844 386 1866 et
412 1839 557 1873 Socrates;
580 1841 700 1867 secunda
714 1840 807 1867 Latine
824 1841 882 1875 pri-

95 1891 171 1911 mum
190 1884 274 1918 edita,
291 1889 318 1912 et
335 1885 429 1913 Gnece
452 1886 625 1920 postmodum
647 1894 790 1918 conversa,
811 1887 882 1921 apud

95 1929 195 1956 Athan.
222 1934 250 1957 et
277 1930 416 1958 Socratetn
439 1935 539 1959 exstat.
566 1932 631 1964 Quae
658 1932 706 1966 τῆς
729 1931 833 1965 οὐςίας,
857 1937 883 1959 ct

95 1975 250 2009 ὀμωυσεου,
274 1983 324 2002 nec
349 1983 403 2002 non
427 1975 581 2011 ὀμθιουσίου
600 1977 735 2003 vocabula
762 1983 883 2004 comme-

97 2021 197 2047 morari
221 2020 325 2053 Vetuit;
349 2020 457 2049 Patrem
481 2029 546 2049 vero
573 2022 704 2056 majorem
729 2030 790 2050 esse
814 2021 884 2050 Filio

95 2065 227 2092 decrevit.
253 2065 329 2093 Hauc
349 2066 410 2093 fidei
429 2066 628 2102 professionem
656 2067 690 2094 ab
707 2067 774 2095 Osio
789 2074 815 2095 et
833 2067 884 2094 Po-

97 2115 207 2138 tamono
218 2112 401 2147 conscriptam
418 2112 508 2147 prodit
525 2112 656 2141 Hilarius.
672 2113 711 2140 Ex
729 2121 785 2148 quo
805 2113 884 2141 facile

96 2157 244 2191 colligitur,
261 2158 329 2185 hanc
343 2166 403 2186 esse
420 2158 481 2186 ﬁdei
493 2158 613 2191 ἔκθεσιν,
629 2159 708 2194 cujus
721 2159 883 2194 approbatio

97 2203 122 2229 vi
145 2211 178 2230 ac
204 2204 348 2232 tormentis
372 2205 406 2232 ab
433 2203 498 2233 Osio
524 2209 566 2233 est
588 2213 727 2240 expressa.
755 2205 806 2232 Sed
825 2205 882 2233 Osii

897 1589 919 1618 (Σ

932 976 982 1003 hoc
999 976 1126 1003 dissentit
1140 985 1206 1010 uno,
1219 977 1291 1011 quod
1309 977 1416 1004 tertiam
1434 976 1495 1004 lldci
1511 975 1718 1011 professionem.

931 1022 975 1049 cui
995 1029 1068 1050 coss.
1091 1022 1174 1049 additi
1201 1028 1276 1054 sunt,
1300 1027 1379 1058 negat
1401 1023 1427 1050 iu
1450 1021 1594 1049 Sirmiensi
1615 1021 1720 1055 synodo

932 1067 1017 1095 fuisse
1030 1067 1190 1096 conflatam.
1206 1067 1300 1103 Itaque
1315 1069 1383 1096 duas
1399 1067 1532 1095 duntaxat
1545 1067 1648 1102 priores
1662 1066 1720 1093 edi-

932 1118 974 1140 tas
987 1117 1044 1140 tum
1058 1120 1118 1140 esse
1130 1119 1233 1145 censet,
1242 1121 1303 1140 eum
1317 1114 1448 1141 adversus
1462 1113 1609 1140 Photinum
1624 1111 1718 1139 Ariani

931 1164 1128 1187 convenerunt.
1147 1159 1314 1187 Pasti-emam
1330 1167 1394 1187 vero
1408 1158 1504 1186 Sirmii
1520 1157 1717 1192 illam‘quidcm

931 1205 1043 1236 editam,
1059 1205 1105 1231 sed
1123 1205 1148 1231 in
1165 1204 1277 1232 fortuito
1294 1198 1483 1238 episcoporum
1501 1210 1648 1234 concursu,
1664 1210 1718 1229 non

932 1250 1052 1284 legitimo
1074 1250 1230 1284 indictaque
1253 1250 1380 1277 concilio.
1405 1250 1452 1277 Sic
1483 1249 1555 1276 enim
1581 1249 1720 1276 existimat

933 1296 959 1322 in
978 1296 1022 1323 illa
1047 1295 1220 1329 Prtefatione,
1248 1303 1330 1330 quam
1355 1295 1452 1323 Hilarii
1477 1295 1635 1329 fragmentis
1652 1302 1719 1330 prae-

932 1342 1008 1370 fixit:
1033 1342 1221 1370 Constantium
1239 1342 1342 1376 litteris,
1352 1345 1385 1369 ad
1401 1342 1573 1379 Ancyrauum
1591 1342 1718 1369 Basilium

933 1387 1053 1422 scriptis,
1071 1387 1217 1414 mandasse
1231 1392 1261 1413 ut
1271 1386 1305 1413 de
1319 1386 1379 1414 loco
1399 1387 1527 1421 cogenda:
1546 1387 1640 1422 synodi
1656 1394 1718 1414 eum

910 1454 915 1462 .
932 1432 1117 1460 Orientalibus
1131 1431 1304 1458 deliberaret.
1323 1430 1375 1459 Sed
1392 1439 1454 1459 cutn
1480 1432 1550 1459 inter
1572 1432 1632 1459 illos
1654 1439 1719 1459 con-

932 1477 1024 1505 venire
1037 1485 1088 1504 non
1103 1481 1205 1512 posset,
1214 1476 1344 1504 Basilium
1355 1476 1388 1504 ad
1407 1477 1600 1511 imperatorem
1614 1477 1721 1504 venisse

933 1522 1026 1558 ibique
1056 1521 1176 1549 Marcum
1213 1522 1403 1555 Arctlmsium,
1427 1521 1567 1549 Valentem
1599 1522 1722 1557 aliosque

935 1569 1079 1603 reperisse.
1105 1567 1184 1595 Tune
1193 1568 1305 1595 collatis
1318 1568 1451 1602 capitibus
1464 1571 1491 1595 et
1503 1567 1721 1602 conspirantibus

920 1605 968 1641 ἐιιὶ
983 1613 1119 1641 Nica-nam
1135 1613 1213 1640 fidem
1229 1613 1402 1641 evertendam
1419 1613 1530 1646 animis,
1551 1613 1680 1640 statuisse
1693 1619 1722 1641 ut

933 1659 1028 1686 Nio'eas
1046 1658 1166 1694 synodus
1190 1659 1345 1685 haberetur.
1368 1657 1433 1685 l’ost
1456 1666 1518 1685 cum
1541 1659 1663 1685 eamdem
1677 1666 1722 1685 ιιι-ο

934 1705 993 1731 hem
1005 1709 1085 1731 terra:
1102 1708 1193 1731 motus
1213 1703 1364 1736 amixisset,
1378 1704 1517 1735 statuisse,
1538 1708 1567 1730 ut
1581 1704 1722 1738 episcopo-

933 1757 994 1776 rqu
1014 1757 1077 1784 pars
1102 1748 1253 1776 Seleuciam
1273 1756 1335 1776 sese
1358 1748 1503 1776 conferret.
1522 1749 1562 1776 Ac
1583 1757 1631 1783 per
1649 1749 1719 1776 idem

933 1799 1040 1830 tempus
1054 1794 1146 1821 Sirmii
1163 1802 1259 1821 novam
1275 1802 1308 1822 ac
1327 1795 1433 1822 tertiam
1457 1795 1518 1822 fidei
1544 1793 1687 1822 formulam
1705 1802 1720 1822 a

934 1841 1024 1868 Marco
1046 1840 1192 1875 Arcthusip
1217 1840 1303 1867 fuisse
1327 1840 1526 1875 conscriptam;
1553 1845 1583 1866 ιιι
1600 1847 1632 1867 ex
1658 1840 1723 1867 Ger-

933 1886 1009 1913 minii
1023 1885 1148 1920 cpistola,
1162 1893 1223 1920 qua;
1238 1886 1265 1913 in
1279 1885 1449 1921 Fragmcntis
1467 1885 1575 1921 legitur,
1591 1885 1720 1913 Nicolaus

934 1932 1021 1959 Faber
1037 1932 1175 1959 observat.

935 1978 1074 2013 liefclh‘tur
1096 1978 1223 2005 historica
1251 1977 1415 2011 superiorum
1441 1978 1560 2004 animum
1591 1979 1721 2004 narratio.

969 2023 1032 2051 Fuit
1045 2024 1097 2051 hoc
1113 2024 1194 2059 igitur
1211 2024 1344 2051 hactenus
1356 2031 1516 2058 persuasum
1528 2024 1668 2055 omnibus,
1685 2021 1720 2049 ab

935 2078 990 2097 una
1023 2069 1173 2103 eademque
1209 2068 1352 2096 Sirmiensi
1385 2070 1488 2104 synodo
1514 2069 1721 2096 condcnmamm

934 2123 995 2143 esse
1007 2115 1165 2146 Photiuum,
1181 2118 1209 2141 et
1230 2114 1287 2140 sire
1302 2118 1368 2146 tres,
1388 2114 1446 2141 sive
1463 2113 1532 2141 duas
1549 2114 1643 2141 saltem
1660 2115 1722 2141 fidei

935 2161 1069 2188 formulas
1083 2168 1144 2188 esse
1157 2159 1310 2194 profectas."
1321 2159 1443 2192 Quarum
1462 2159 1592 2186 adversus
1613 2159 1722 2186 Photini

935 2207 1062 2241 dogmata
1075 2205 1150 2240 prior
1165 2205 1236 2232 edita
1255 2204 1355 2237 (δειλίη
1371 2212 1425 2239 qua
1444 2204 1498 2232 Deo
1511 2212 1610 2232 nomen
1629 2205 1722 2236 οὐσίας

98 2249 204 2283 lapsum
227 2251 413 2284 compensavit
435 2250 666 2279 Scmiarianorum
687 2252 882 2287 propemodum
901 2256 921 2283 ι)
938 2252 1097 2279 attributum
1113 2255 1165 2282 est,
1182 2258 1264 2285 quam
1290 2258 1378 2284 neque
1399 2249 1535 2282 collatari,
1556 2257 1642 2284 neque
1661 2257 1722 2277 con-

97 2293 264 2321 catholicum
291 2295 431 2322 decretum
459 2296 485 2323 in
517 2295 664 2332 Ancyraua
691 2298 814 2332 synodo,
839 2299 883 2324 cui

98 2339 215 2366 Basilius
233 2340 350 2374 praefuit.
371 2341 398 2368 In
412 2350 468 2377 quo
485 2342 617 2370 adversus
643 2342 808 2369 Sirmianam
825 2350 885 2378 per-

97 2385 190 2412 fidiam
207 2385 360 2414 Orientales
378 2387 493 2422 professi
510 2393 583 2421 sunt.
600 2387 698 2415 Filium
716 2394 764 2423 per
781 2389 884 2421 omnia,

98 2432 220 2466 adeoque
243 2432 392 2459 secundum
419 2433 611 2467 substantiam,
632 2441 693 2461 esse
715 2433 788 2461 Patri
809 2435 886 2462 simi-

99 2476 162 2503 lem.
191 2475 280 2509 Quam
303 2477 499 2511 professionem
517 2479 596 2506 valde
615 2481 832 2507 commendatam
854 2488 886 2507 ac

98 2523 170 2549 notis
186 2522 350 2549 illustratum
377 2523 403 2549 in
418 2523 520 2552 Gallias
534 2525 607 2552 misit
632 2524 762 2553 Hilarius.
783 2526 818 2552 At
832 2525 885 2552 Ba-

99 2568 177 2594 silius
193 2574 254 2594 cum
274 2567 453 2596 Semiarianis
479 2569 562 2597 sociis
587 2569 719 2596 Sirmium
746 2577 885 2602 reversus,

98 2619 124 2642 et
151 2622 214 2641 eum
252 2613 381 2646 Valente,
410 2614 534 2647 Ursatio,
560 2616 719 2650 ca'terisque
748 2615 885 2650 germanis

99 2661 209 2687 Ariauis
233 2668 397 2695 congressus
419 2666 471 2688 est.
496 2661 546 2695 Qui
573 2662 608 2688 ita
634 2663 743 2688 demum
770 2663 840 2688 inter
857 2669 886 2689 se

99 2704 260 2734 Constantio
286 2707 424 2733 annitente
441 2708 626 2740 consentiunt,
646 2713 675 2735 ut
689 2708 796 2735 sublato
817 2708 884 2735 sub-

100 2752 206 2778 stantia:
229 2751 350 2784 nomiuc,
375 2751 472 2779 Filium
493 2760 541 2787 per
557 2753 647 2780 Olllnl'J
676 2752 750 2779 Patri
768 2753 884 2780 similem

99 2804 159 2823 esse
185 2797 386 2830 profiterentur.
415 2796 483 2824 Hinc
503 2798 582 2825 tertia
609 2799 654 2826 illa
680 2799 741 2826 fidei
766 2798 884 2826 formula

101 2842 229 2870 manavit.
258 2849 338 2876 quam
365 2841 464 2870 Valens
487 2844 520 2870 ad
539 2843 710 2882 Ariminense
736 2845 884 2872 concilium

103 2888 202 2920 detulit,
221 2893 249 2914 ut
266 2888 431 2922 Epiphanius
449 2890 498 2917 bac
521 2890 578 2924 ipsa
601 2891 626 2918 in
645 2891 739 2918 lueresi
756 2895 883 2919 testatur.

937 2298 1007 2325 trahi
1037 2304 1118 2332 posse
1141 2296 1345 2324 decreverunt:
1369 2303 1451 2330 quam
1478 2295 1560 2322 etiam
1592 2295 1685 2322 Graece
1707 2303 1722 2322 ει

936 2342 1027 2370 Marco
1046 2341 1192 2369 Aretlutsio
1208 2341 1336 2375 scriptam
1352 2345 1468 2369 testatur
1484 2341 1611 2368 Socrates
1631 2341 1679 2368 lib.
1692 2350 1722 2374 ιι,

935 2395 995 2423 cap.
1012 2387 1066 2419 25;
1092 2387 1177 2415 altera
1203 2386 1301 2414 Latino
1324 2394 1450 2415 sermone
1470 2387 1580 2420 tradita,
1602 2387 1723 2420 Valente,

937 2434 1063 2466 Ursacio,
1083 2433 1236 2466 Germinio,
1259 2441 1292 2460 ac
1306 2434 1411 2460 caeteris
1429 2433 1563 2468 episcopis
1584 2434 1725 2468 praesenti-

936 2479 999 2510 bus,
1016 2483 1044 2505 ut
1061 2478 1204 2512 inscriptio
1225 2478 1282 2512 ipsa
1310 2477 1370 2505 fert.
1386 2477 1414 2504 ln
1430 2485 1484 2512 qua
1505 2477 1599 2509 οὐσίας
1624 2486 1723 2506 nomen

937 2531 1042 2552 necnon
1063 2527 1090 2551 et
1112 2523 1254 2559 ὁμοουσίου
1282 2528 1363 2558 atque
1388 2523 1541 2559 ὸμοιουσίου
1581 2525 1724 2557 vocabula,

936 2571 1009 2606 quod
1033 2571 1060 2598 in
1086 2571 1172 2598 sacris
1189 2571 1297 2598 Litteris
1321 2579 1376 2598 non
1399 2575 1551 2603 exstarent,
1570 2571 1723 2599 oblitterata

937 2622 1012 2649 sunt,
1028 2622 1055 2644 et
1072 2618 1100 2644 in
1125 2623 1285 2652 perpetuum
1307 2617 1476 2652 proscripta;
1504 2625 1565 2644 nam
1588 2618 1621 2644 de
1645 2617 1724 2644 tertia

938 2663 1047 2695 merito,
1073 2667 1103 2688 ut
1131 2668 1224 2697 postea
1242 2663 1406 2694 ridebimus.
1434 2663 1560 2690 Ncolaus
1575 2661 1662 2688 Faber
1683 2669 1725 2689 rc-

937 2713 1048 2744 pugnat,
1063 2716 1145 2743 quam
1163 2709 1208 2735 alii
1223 2708 1318 2736 eadem
1337 2708 1381 2735 illa
1394 2708 1421 2735 in
1441 2707 1545 2742 synodo
1557 2710 1653 2741 putant
1664 2713 1725 2733 ease

938 2755 1132 2789 conscriptam.
1163 2753 1241 2782 "me
1266 2754 1399 2785 Socratis,
1425 2752 1571 2780 Sozomcui
1595 2752 1721 2778 aliorum-

937 2807 1001 2834 que,
1016 2805 1046 2826 ut
1063 2806 1124 2826 mox
1148 2800 1296 2831 constabit,
1318 2799 1559 2826 hallucinationem
1585 2797 1663 2823 novis
1679 2804 1724 2823 cr-

937 2846 1045 2873 roribus
1067 2846 1232 2872 recentiores
1257 2845 1380 2871 historici
1398 2844 1583 2870 cumularunt.
1601 2842 1724 2875 Quorum

939 2898 991 2919 non
1009 2890 1138 2918 minimus
1163 2891 1206 2918 ille
1230 2896 1279 2921 est,
1295 2890 1368 2925 quod
1392 2890 1563 2922 Aucyranam
1578 2888 1725 2915 Scrutaris-
