1925 3043
190 183 261 213 1063

762 177 924 205 ΑΡῘἚΝΜΧ
959 174 1262 205 DISSERTATIONUM

1740 172 1807 201 Ill-GI

192 247 288 268 norum
302 239 446 275 synodum,
462 246 522 273 qum
534 238 665 266 adversus
678 235 826 263 secundam
844 233 975 261 Sirmien-
991 238 1013 265 Α
1031 234 1101 268 apud
1131 233 1313 260 Sozomcnnm
1336 232 1381 259 lib.
1408 240 1445 264 IV,
1468 237 1528 265 cap.
1554 229 1586 256 12
1606 231 1685 257 enixe
1704 229 1738 256 ab
1759 230 1811 258 im-

191 293 248 312 sem
262 283 405 311 formulam
422 284 511 310 habita
529 288 581 315 est,
597 283 623 309 in
640 281 764 309 eumdem
788 288 889 307 annum
907 287 973 307 con-

190 330 304 363 jiciunt,
330 336 428 367 quo_a
454 328 595 355 Sirmiensi
621 327 736 354 concilio
760 326 906 353 damnatus
932 329 975 352 est

192 374 334 405 Photinus,
352 381 449 408 nempe
467 372 568 400 Christi
586 373 648 399 357.
669 371 768 399 Verum
784 379 834 399 nos
852 379 885 398 ex
903 370 975 398 anti-

191 420 254 453 quis
279 419 404 445 Patrihus
424 418 540 452 primum
558 417 625 444 illud
648 416 753 444 odorati
776 423 890 447 sunuts,
919 419 975 442 tres

192 465 304 491 omnino
316 469 465 491 conventus
476 463 667 497 episcoporum
681 462 776 489 eodem
791 461 818 488 in
831 460 974 488 Sirmiensi

191 508 290 542 oppido
315 515 368 535 non
393 503 682 542 iisdem‘temporibus
711 506 862 533 celebratos
879 504 974 532 fuisse.

191 553 312 585 Quorum
339 554 444 588 primus
463 553 610 588 synodicus
633 556 661 579 et
685 552 802 579 indictus
825 551 886 582 luit,
910 558 972 577 cum

192 597 323 624 adversus
337 597 482 624 Photinum
507 596 678 631 imperatoris
695 596 793 623 litteris
814 595 894 623 acciti
910 599 974 622 sunt

191 642 330 677 episcopi;
350 642 449 677 reliqui
462 642 516 669 duo
532 641 647 672 fortuiti,
663 642 830 676 minimeque
843 641 978 668 concilio-

191 695 252 714 rutn
279 688 339 715 loco
363 695 396 715 ac
422 688 533 715 nomine
556 686 682 714 censendi
697 695 704 713 ἰ
721 686 748 713 in
773 686 873 720 quibus
895 685 973 720 pauci

191 733 324 760 duntaxat
348 733 479 768 episcopi,
501 733 548 767 qui
572 732 639 759 forte
662 732 697 759 ad
719 731 909 766 imperatorem
927 739 977 758 ac-

192 781 340 810 cesserant,
365 777 574 804 communicatis
601 777 726 804 consiliis
750 784 820 803 nora
849 776 911 804 fidei
929 776 978 804 de-

192 826 266 850 creta
284 822 471 850 conciderunt.
485 822 619 855 Quocirca
635 823 753 857 primum
769 823 891 850 omnium
908 830 975 850 con—

192 871 234 895 tra
248 867 393 895 Photinum
406 866 499 895 Sirmii
516 868 662 896 concilium
682 868 807 903 generale
821 867 976 895 Constantii

1026 283 1151 313 peratore
1171 278 1355 313 postulantes,
1393 277 1465 305 ὥστε
1499 276 1611 311 κρατεῖν
1630 275 1665 301 τὸ.
1687 275 1717 301 ἐν
1740 275 1811 310 Σαρ-

1025 324 1105 360 δικῇ.
1123 323 1171 350 καὶ
1186 323 1216 350 ὲν
1233 322 1354 358 Σιρμεῳ,
1374 321 1423 348 καὶ
1445 322 1474 348 ὲν
1494 322 1555 353 ταῖς
1576 321 1671 352 ἄλλαις
1693 320 1813 352 συνόδοις

1026 366 1192 402 κεκριμένα·
1217 371 1246 392 ut
1272 374 1303 394 ea
1325 371 1384 394 rato
1401 371 1552 397 manerent,
1577 373 1636 399 quo:
1658 365 1684 391 in
1715 365 1814 392 Sardi-

1026 412 1114 444 censt',
1146 420 1176 438 α
1199 408 1357 446 Sirmiensi,
1387 413 1498 447 aliisque
1527 411 1646 438 conciliis
1669 411 1814 437 constituta

1027 456 1143 490 fuerant.

1063 501 1195 530 Prteterca
1208 500 1325 530 Basilius
1336 502 1496 538 Ancyranus
1519 503 1546 530 in
1569 503 1663 531 eadem
1684 503 1814 538 syno‘lica

1027 547 1162 583 Ancyrani
1177 549 1297 580 concilii,
1316 548 1397 583 longo
1412 553 1471 582 post
1484 543 1661 576 Sirmienscm
1677 548 1813 584 synodum

1028 593 1187 626 intervallo,
1213 594 1325 621 alteram
1361 594 1433 621 illam
1465 593 1640 621 Sirmienscm
1667 594 1813 621 formulam

1026 638 1166 666 exstitisse
1183 638 1363 666 demonstrat.
1385 638 1489 667 Etenim
1508 643 1568 674 post
1583 638 1733 666 Sirmiense
1749 645 1814 665 con-

1027 684 1131 718 cilium,
1157 684 1241 719 qnod,
1265 685 1303 712 nti
1324 685 1426 711 dictum
1449 690 1501 717 est,
1518 685 1664 712 observare
1684 691 1717 711 ac
1745 684 1813 712 tueri

1027 729 1095 756 velle
1112 729 1258 765 signiﬁcat,
1272 731 1441 765 acquievisse
1459 738 1489 758 se
1506 731 1610 763 scribit,
1624 732 1711 757 donec
1729 737 1813 757 novo-

1028 782 1088 801 rum
1105 775 1296 803 hazreticorum
1316 777 1532 811 importunitate.
1549 781 1574 803 et
1589 776 1696 811 Georgii
1715 775 1815 803 Laodi-

1027 820 1195 849 cenililteris
1212 825 1367 849 commotus
1386 822 1419 849 ad
1443 821 1668 857 propugnandam
1687 821 1766 848 ﬁdem
1785 829 1816 849 se

1028 873 1090 893 cum
1105 866 1163 894 suis
1174 867 1310 902 episcopis
1324 868 1420 895 erexit.
1438 862 1551 902 Oportet
1566 868 1648 902 igitur
1669 867 1741 894 inter
1755 867 1814 894 Sir-

191 914 269 948 jussu
287 913 451 940 celebratutn
467 922 473 940 :
490 913 524 941 de
539 913 619 949 cujus
632 921 705 941 anno
718 918 811 948 postea
827 913 977 941 constitue-
993 912 1014 941 B
1028 911 1160 939 miensem
1190 913 1324 948 synodum
1343 918 1370 941 et
1383 914 1556 949 Ancyranum
1573 913 1717 941 concilium
1731 914 1815 940 inter-

193 966 265 986 mus.
284 958 321 985 lbi
346 958 462 986 formula
481 959 525 985 illa
547 959 608 986 lidei
631 959 714 992 edita,
731 959 765 986 de
779 967 832 994 qua
854 960 979 994 proxime

192 1003 322 1034 diximus.
346 1002 445 1030 Deinde
463 1003 579 1031 diversis
600 1005 768 1039 temporibus
786 1005 845 1032 alite
862 1005 922 1032 dua:
944 1005 979 1032 ab

193 1047 306 1074 Ursacio
319 1052 344 1075 et
359 1046 481 1080 Valente,
498 1048 612 1084 aliisque
627 1049 736 1077 Arianis
751 1050 897 1085 episcopis,
910 1058 979 1078 eon-

192 1091 251 1119 scio
268 1091 441 1126 imperatore,
456 1092 624 1126 prodierunt.
640 1091 698 1120 Hoc
715 1101 749 1121 ne
765 1098 866 1121 temere
884 1098 979 1122 contra

193 1143 365 1163 communem
391 1141 429 1163 tot
443 1137 606 1172 scriptorum
629 1138 838 1167 consensionem
854 1140 979 1168 attulisse

193 1181 296 1213 videar,
319 1189 467 1216 proponam
493 1183 609 1210 breviter
633 1184 734 1219 quibus
755 1185 782 1212 id
810 1186 980 1221 argumentis

193 1226 279 1253 fretus
294 1226 427 1255 allirmare
443 1236 497 1255 non
514 1228 646 1257 dubitent.

229 1270 329 1298 Horum
351 1273 441 1307 itaque
462 1273 579 1308 primum
601 1279 643 1302 est
661 1284 668 1302 ς
691 1275 765 1310 quod
788 1276 861 1304 istud
889 1276 979 1312 ipsum

182 1315 310 1360 _Basilius
347 1319 507 1354 Ancyranus
543 1327 576 1347 ac
606 1320 697 1348 caeteri
745 1320 979 1350 Semiarianorum

193 1364 346 1399 principes,
368 1365 415 1399 qui
439 1365 589 1401 Ancyranze
612 1367 718 1401 synodo
739 1367 980 1403 subscripserunt,

193 1409 294 1436 diserte
320 1410 409 1437 testati
438 1414 502 1437 sunt
535 1410 561 1437 in
590 1411 704 1446 epistola
732 1412 874 1447 synodica.
897 1421 979 1448 quam

168 1456 172 1460 ‘
195 1452 362 1488 Epiphanius
382 1455 536 1490 descripsit.
558 1454 644 1488 Quam
663 1456 776 1491 quidem
796 1457 823 1484 in
842 1457 911 1485 hanc
925 1458 981 1485 fere

195 1498 357 1525 sententiam
377 1500 467 1526 exorsi
483 1504 548 1527 sunt
570 1509 576 1527 :
597 1505 710 1535 optasse
729 1501 756 1528 id
777 1509 837 1530 sese
858 1503 979 1537 quidem,

195 1546 225 1568 ut
238 1547 301 1576 post
319 1543 515 1578 expositionem
533 1544 606 1572 illam
623 1545 695 1578 ﬁdei,
715 1553 777 1580 qua).
788 1546 939 1574 Antiochiae
953 1548 980 1575 ir.

195 1587 329 1615 Enczeniis
345 1589 415 1616 edita
429 1594 470 1617 est
483 1599 489 1617 :
500 1590 555 1617 Καὶ
570 1590 641 1626 μετὰ
651 1591 738 1618 ταῦτα
751 1592 821 1620 κατὰ
835 1593 981 1630 Σαρδικὴν,
996 1580 1018 1610 c

195 1633 242 1660 καὶ
256 1633 305 1668 τὴν
322 1633 380 1660 ἐκεῖ
395 1631 473 1666 αὖθις
489 1634 647 1670 ἀνθήσασαν
662 1636 765 1668 πίστιν,
787 1637 836 1664 καὶ
856 1637 897 1664 ἔτι
913 1637 983 1673 μετὰ

194 1680 229 1706 τὰ
241 1681 270 1706 ἐν
286 1680 393 1716 Σιρμίῳ
408 1681 454 1708 ἐπὶ
470 1682 595 1718 Φωτεινῷ
609 1683 782 1719 γεγενημένα
795 1692 801 1698 ·
813 1689 871 1718 post
885 1683 982 1711 Sardi-

195 1734 296 1753 rensent
312 1727 375 1761 ﬁdei
389 1728 588 1762 professionem,
605 1737 685 1764 eaque
701 1737 760 1764 qua:
777 1729 872 1757 Sirmii
889 1735 984 1757 contra

199 1771 340 1799 Plautinum
369 1774 472 1800 decreta
500 1779 582 1806 sunt,
614 1773 734 1802 Ecclesia
765 1776 982 1810 conquiesceret.

196 1819 266 1846 Tum
288 1819 392 1854 aliquot
409 1819 569 1854 interiectis,
589 1827 620 1846 ca
640 1827 669 1847 se
683 1821 816 1856 perpolire
838 1826 920 1856 atque
939 1829 985 1849 ex-

198 1866 296 1900 plic-are
310 1865 429 1892 voluisse
440 1866 645 1897 demonstrant,
668 1874 729 1901 qua:
752 1866 779 1894 in
796 1868 984 1902 superioribus

197 1910 307 1945 synodis
330 1911 477 1937 constituta
509 1915 603 1941 erant,
625 1915 654 1938 ut
679 1912 848 1940 Antiochena
871 1918 898 1940 et
920 1913 984 1940 Sar-

196 1955 310 1986 diccnsi,
329 1954 363 1989 ἢν
384 1954 530 1989 ἀνείληφεν
544 1955 560 1990 ὴ
576 1956 605 1981 ἐν
620 1956 728 1991 Σιρμίῳ
747 1956 864 1990 σύνοδος,
891 1966 982 1992 quam,

197 2000 337 2035 inquiunt,
367 2000 532 2027 Sardicnnsis
568 2001 675 2028 concilii
708 2002 787 2036 [idem
828 2003 983 2031 Sirmiensi:

196 2048 311 2081 synodus
330 2045 451 2080 amplexa
472 2050 521 2078 est,
539 2046 579 2074 vel
601 2048 714 2082 repetiit.
735 2047 826 2081 Quare
854 2048 983 2076 Sirmien-

197 2100 254 2120 sem
274 2092 407 2128 synodum
429 2092 573 2127 Ancyrana
594 2092 639 2119 illa
667 2094 789 2128 synodus
810 2095 982 2129 approbavit.

198 2137 297 2165 Eadem
320 2144 384 2165 vero
402 2144 417 2164 e
439 2138 578 2165 contrario
606 2137 750 2166 formulam
778 2139 840 2167 fidei
856 2140 983 2175 alteram,

197 2191 278 2219 quam
290 2184 317 2211 in
327 2183 470 2210 Sirmiensi
480 2184 595 2211 concilio
604 2191 700 2212 omnes
711 2186 811 2213 editam
823 2187 982 2221 opinantur,

198 2237 251 2257 non
271 2229 350 2257 modo
363 2237 418 2257 non
430 2230 541 2262 recepit,
556 2230 603 2258 scd
621 2231 653 2258 ad
681 2239 740 2258 eam
764 2233 935 2260 evertendam
950 2241 983 2261 ac

197 2276 391 2311 profligandam
407 2281 450 2303 est
458 2277 630 2311 potissimum
645 2282 748 2304 coacta.
767 2277 849 2311 Quod
871 2278 897 2306 in
912 2279 982 2307 libro

200 2322 236 2348 De
252 2322 358 2357 synodi:
380 2322 460 2350 docet
481 2322 624 2350 Hilarius:
645 2323 690 2350 ubi
705 2323 877 2359 Ancyranam
900 2333 984 2361 syno-

197 2367 261 2394 dum
285 2367 399 2402 cjusque
418 2368 568 2401 decretum,
590 2368 743 2403 cujusmodi
764 2370 808 2397 hic
823 2371 894 2405 apud
918 2371 983 2406 Epi-

198 2413 327 2447 phanium
365 2409 547 2448 exprimitur,
580 2416 735 2443 accuratius
768 2417 906 2451 explicans
951 2425 983 2446 ac

198 2457 369 2484 vehementer
380 2459 585 2492 commendans,
607 2460 694 2499 eidem
710 2460 888 2489 Sirmiensem
906 2462 982 2490 illam

198 2503 259 2532 ﬁdei
290 2503 487 2538 professionem
521 2507 652 2540 praefixit,
687 2515 750 2535 eum
781 2507 834 2535 hoc
866 2508 945 2535 titulo
973 2518 981 2536 :

200 2549 354 2584 Exemplum
367 2550 534 2585 blasphemia:
548 2553 618 2586 apud
631 2552 758 2580 Sirmium
771 2561 817 2587 per
832 2553 926 2581 Osium
957 2560 982 2582 et

199 2595 350 2623 Polumt’um
361 2597 530 2631 conscripta;
551 2603 577 2625 et
594 2599 725 2626 adversus
739 2599 807 2626 hanc
821 2599 882 2626 ﬁdei
905 2599 981 2627 ἔκθε-

199 2651 240 2669 σιν
254 2642 405 2671 Oricntalcs
421 2645 532 2680 Ancyr:c
548 2645 707 2672 convenisse
720 2646 872 2672 eontirmat.
887 2645 982 2678 Quare

199 2690 254 2716 Iieri
268 2690 342 2716 nullo
356 2690 435 2717 tnodo
452 2695 550 2724 potest,
574 2696 603 2717 ut
626 2691 694 2723 haec,
715 2698 796 2726 quam
815 2690 983 2718 Semiariani

199 2741 337 2770 tantopere
355 2737 555 2771 impugnarunt,
569 2736 630 2764 fidei
647 2737 760 2764 formula
777 2737 803 2764 in
819 2745 851 2765 eo
863 2737 982 2765 concilio

199 2781 234 2807 sit
252 2781 335 2812 edita,
357 2781 400 2808 cui
421 2789 474 2808 non
499 2781 680 2809 interfuerunt
701 2782 782 2809 modo
803 2783 867 2818 ipsi,
884 2790 980 2810 verum

198 2827 279 2853 etiam
307 2826 486 2862 prtcfuerunt;
524 2827 650 2862 quodque
679 2828 797 2862 recipere
820 2836 853 2856 ac
875 2833 981 2856 sartum

200 2877 300 2900 tectum
321 2875 392 2902 tueri
411 2875 479 2903 velle
501 2882 561 2903 sese
576 2876 745 2902 nrolitcntur.
762 2875 831 2902 Audi
847 2876 982 2910 ipsosmct

1029 957 1147 985 cessisse
1176 954 1284 992 Georgii
1313 955 1459 987 Laodiceni
1484 960 1604 991 litteras,
1627 967 1696 994 quas
1720 960 1817 987 recitat

1031 1000 1140 1028 Sozom.
1163 1000 1210 1030 lib.
1242 1010 1284 1036 tv,
1305 1011 1367 1038 cap.
1382 1003 1425 1031 1‘2.
1446 1000 1585 1039 Superiori
1612 1009 1702 1032 autem
1728 1004 1817 1039 rapite

1031 1046 1127 1074 scribit
1142 1046 1294 1075 Eudoxium
1305 1068 1313 1080 ,
1329 1049 1494 1084 simulatque
1508 1050 1535 1077 in
1548 1049 1723 1078 Antiocheam
1742 1051 1817 1079 sedis

1030 1092 1233 1126 possessionem
1251 1093 1344 1127 pedem
1362 1095 1462 1129 posuit,
1479 1099 1566 1122 totum
1583 1103 1612 1123 se
1624 1096 1656 1122 ad
1672 1096 1742 1123 Aetii
1758 1104 1817 1131 pro-

1031 1135 1191 1163 movendam
1217 1137 1358 1172 perfidiam
1390 1146 1452 1166 eum
1476 1135 1575 1167 Acacio
1602 1140 1763 1168 Caesariensi
1791 1145 1817 1167 et

1031 1183 1135 1211 Uranio
1160 1182 1224 1219 Tyri
1247 1184 1375 1219 episcopo
1392 1182 1560 1219 contulisse,
1575 1193 1692 1221 eamque
1712 1193 1769 1221 pra:
1788 1193 1818 1214 se

1031 1228 1126 1256 tulisse
1151 1229 1286 1264 speciem,
1308 1230 1380 1264 quod
1406 1230 1560 1258 Occidentis
1582 1230 1704 1265 cpisc0pi
1728 1231 1816 1258 cidem

1031 1271 1171 1307 sulfragati
1187 1272 1304 1301 fuissent
1319 1283 1326 1302 :
1340 1275 1470 1302 nimirum
1488 1275 1580 1308 Osius,
1597 1276 1643 1310 qui
1659 1283 1721 1303 eum
1737 1275 1818 1303 Ursa-

1031 1319 1074 1346 cio
1089 1324 1117 1346 et
1130 1318 1243 1347 Valente
1259 1321 1360 1348 invitus
1380 1325 1568 1354 consenserat,
1586 1327 1616 1349 ut
1629 1321 1660 1348 τὸ
1676 1322 1818 1357 dimotis-rev

1030 1364 1222 1398 οιόμοιούσιον
1236 1371 1445 1401 expungeretur.
1466 1367 1539 1400 Quas
1555 1375 1616 1394 cum
1635 1367 1692 1395 Osii
1713 1368 1817 1395 litteras

1031 1410 1211 1446 accepissent,
1240 1411 1345 1439 Valenti
1369 1417 1396 1440 et
1426 1412 1539 1440 Ursacio
1568 1414 1669 1449 gratias
1692 1419 1817 1449 egerunt,

1031 1457 1104 1490 quod
1131 1457 1238 1484 illorum
1265 1464 1347 1492 opera
1374 1457 1529 1486 Occidentis
1557 1459 1678 1494 episcopi
1714 1465 1816 1487 rectam

1032 1501 1111 1529 tidem
1124 1506 1217 1530 essent
1233 1503 1360 1538 amplexi.
1379 1503 1485 1537 Quibus
1497 1505 1577 1532 rebus
1588 1505 1722 1532 excitatus
1738 1505 1819 1533 Geor-

1035 1547 1095 1582 gius
1123 1547 1293 1576 Laodicenus
1321 1548 1553 1576 Semiarianorum
1585 1554 1727 1584 patronus,
1755 1558 1817 1577 cttm

1034 1593 1085 1619 sub
1098 1593 1168 1620 idem
1183 1598 1288 1628 tempus
1304 1594 1337 1621 ad
1357 1602 1456 1622 novam
1472 1595 1651 1622 dedicandam
1672 1596 1816 1623 basilicam

1032 1638 1146 1674 Ancyrae
1165 1639 1246 1667 vicini
1263 1647 1278 1666 a
1297 1638 1398 1667 Basilio
1422 1640 1564 1668 convocati
1579 1642 1672 1668 essent
1684 1641 1817 1676 episcopi,

1032 1682 1175 1716 epistolam
1193 1683 1226 1710 ad
1250 1690 1298 1710 cos
1315 1684 1434 1718 scripsit,
1452 1683 1630 1718 hortatusque
1650 1688 1702 1716 est,
1722 1686 1752 1711 ttt
1765 1679 1818 1711 Eu—

1033 1728 1106 1755 doxii
1125 1732 1207 1763 atque
1224 1729 1293 1756 Aetii
1312 1734 1481 1764 grassantem
1507 1729 1672 1764 impietatem
1697 1730 1819 1757 auctori-

1033 1778 1089 1802 tate
1104 1781 1152 1801 sua
1168 1779 1381 1809 compescerent.
1397 1773 1433 1801 Ea
1451 1773 1502 1802 fuit
1519 1774 1655 1809 Ancyrani
1669 1780 1819 1803 conventus

1033 1820 1166 1847 Occasio:
1184 1827 1199 1847 a
1219 1827 1274 1854 quo
1294 1819 1375 1854 legati
1394 1819 1426 1846 ad
1451 1819 1641 1854 imperatorem
1662 1820 1750 1852 missi,
1772 1821 1820 1847 Ba.

1034 1866 1112 1894 silius
1134 1866 1203 1901 ipse.
1226 1865 1385 1893 Eustathius
1409 1864 1554 1897 Scbastizc,
1579 1860 1709 1894 Leontius
1728 1866 1819 1902 Cyzici

1033 1910 1165 1946 episcopi,
1174 1910 1220 1945 qui
1232 1910 1392 1937 nominatim
1403 1910 1453 1938 hoc
1465 1914 1595 1945 peterent.
1609 1915 1639 1937 ut
1648 1908 1820 1938 Sardiceusis

1034 1963 1067 1982 ac
1083 1954 1211 1982 Sirmiani
1225 1955 1335 1983 concilii
1349 1955 1456 1982 decreta
1474 1960 1660 1982 servarentur.
1676 1949 1735 1982 jam
1752 1956 1818 1982 illud

1033 2008 1067 2028 ex
1092 2000 1278 2036 superioribus
1305 2001 1461 2032 didicimus,
1482 2000 1634 2028 Eudoxium
1657 2008 1731 2028 anno
1753 2001 1817 2032 556.

1034 2054 1095 2074 cum
1106 2046 1200 2074 Romae
1209 2054 1263 2074 una
1274 2054 1335 2074 cum
1346 2047 1509 2082 imperatore
1517 2051 1599 2079 esset,
1610 2047 1701 2074 audita
1712 2046 1819 2074 Leontii

1033 2097 1132 2125 morte,
1163 2092 1337 2120 Antiochiam
1365 2101 1390 2119 tv
1415 2091 1527 2120 Kalend.
1548 2086 1611 2119 Jun.
1645 2100 1705 2121 esse
1731 2095 1820 2128 profe-

1034 2144 1118 2166 ctum.
1135 2138 1194 2172 Qua
1214 2140 1242 2166 in
1263 2139 1331 2167 urbe
1343 2138 1450 2167 Ursacii
1472 2143 1499 2166 ct
1513 2138 1634 2166 Valentis
1654 2139 1760 2166 litteras
1772 2147 1819 2166 ac-

1034 2184 1105 2218 cepit
1122 2191 1184 2211 cum
1205 2183 1265 2211 fidei
1284 2183 1410 2217 formula,
1426 2191 1487 2219 quas
1502 2183 1548 2210 τοῦ
1567 2183 1710 2219 ὁμοουσίου
1739 2190 1820 2219 atque

1033 2229 1187 2264 ὁμοιουσιου
1205 2237 1285 2257 voces
1298 2229 1448 2257 oblitterari
1461 2229 1584 2265 jubebat.
1600 2229 1648 2257 Est
1665 2233 1768 2261 autem,
1790 2233 1820 2257 ut

1033 2282 1067 2302 cx
1080 2274 1183 2302 llilario
1198 2276 1421 2306 monstravimus,
1432 2276 1526 2303 eadem
1541 2275 1586 2302 illa
1597 2275 1724 2307 formula,
1736 2283 1818 2310 quam

1034 2319 1061 2346 in
1085 2320 1226 2348 Sirmiensi
1248 2321 1352 2356 synodo
1373 2320 1494 2348 secumlo
1514 2321 1575 2348 loco
1598 2320 1727 2348 dictatam
1750 2321 1820 2348 ari-i-

1034 2369 1142 2393 trantur
1150 2374 1255 2394 omnes.
1270 2366 1346 2399 Quod
1363 2367 1384 2394 si
1400 2374 1471 2394 anno
1485 2367 1621 2401 sequenti,
1631 2367 1684 2393 hoc
1698 2370 1742 2393 est
1756 2366 1818 2398 557,

1035 2410 1185 2440 Sirmiense
1198 2412 1344 2440 concilium
1366 2413 1488 2440 habitum
1504 2417 1556 2446 est,
1572 2417 1602 2440 ut
1618 2412 1714 2440 iisdem
1729 2417 1819 2439 aucto-

1034 2459 1110 2486 ribus
1123 2459 1221 2494 placet,
1238 2466 1327 2493 neque
1343 2458 1494 2492 Eudoxins,
1508 2459 1625 2486 Aeacius
1639 2462 1666 2486 et
1688 2457 1818 2490 lli-anius,

1035 2511 1122 2538 neque
1139 2503 1255 2531 Basilius
1275 2504 1333 2538 ipse
1356 2511 1388 2531 ac
1412 2503 1545 2539 Georgius
1568 2503 1738 2531 Laodicenus
1766 2503 1820 2531 Sin

1035 2549 1131 2576 Iniensi
1146 2548 1250 2582 synodo
1265 2556 1297 2576 ac
1308 2548 1416 2576 Photini
1431 2548 1599 2576 damnationi
1625 2548 1817 2576 interfuerunt.

1033 2595 1111 2628 Quod
1127 2595 1160 2622 dc
1175 2594 1276 2622 Basilio
1293 2603 1359 2623 sane
1376 2595 1553 2623 falsissimum
1571 2599 1623 2627 est,
1646 2595 1693 2630 qui
1720 2602 1818 2630 magna

1036 2649 1097 2676 pars
1114 2640 1272 2669 Sirmiensis
1296 2641 1404 2669 concilii
1429 2639 1480 2668 fuit
1496 2653 1502 2669 :
1521 2646 1614 2676 utputa
1633 2641 1714 2676 cujus
1738 2648 1818 2676 opera

1034 2686 1174 2714 convictus
1188 2691 1229 2714 est
1255 2694 1288 2715 ac
1301 2694 1354 2722 sup
1364 2692 1446 2715 ratus
1460 2686 1600 2714 Photinus.
1616 2686 1687 2720 Quin
1704 2691 1734 2714 ut
1745 2686 1819 2714 omni

1033 2740 1066 2760 ex
1079 2737 1152 2767 parte
1164 2733 1263 2760 veritas
1273 2733 1421 2766 clucescat,
1433 2733 1547 2761 alterum
1560 2733 1661 2768 accipe.
1676 2733 1818 2769 Ancyram

1035 2779 1166 2814 synodus,
1192 2780 1420 2813 quemadmodum
1450 2780 1579 2815 synodica
1610 2779 1682 2806 illius
1704 2779 1818 2813 epistola

1034 2825 1123 2854 docet,
1138 2829 1200 2851 ante
1215 2824 1319 2852 Pascha
1331 2825 1466 2853 celebrata
1484 2830 1536 2858 est,
1551 2825 1601 2860 τῆς
1615 2824 1697 2859 ,ἁγίας
1715 2824 1819 2860 ἡμέρας

1034 2870 1081 2897 τοῦ
1103 2871 1197 2905 Πάσχα
1218 2871 1405 2908 ἐπικειμένης·
1428 2872 1462 2900 ad
1483 2879 1564 2907 quant
1585 2868 1733 2906 preptcrea
1765 2873 1821 2905 epF
