  <div class='ocr_page' id='page_1' title='image "/cluster/home/n/w/nwhite01/storage/ocr_20150623/42/njp.32101077772588/562.png"; bbox 0 0 1925 3043; ppageno 0'>
   <div class='ocr_carea' id='block_1_1' title="bbox 123 138 192 166">
    <p class='ocr_par' dir='ltr' id='par_1_1' title="bbox 123 138 192 166">
     <span class='ocr_line' id='line_1_1' title="bbox 123 138 192 166; baseline 0 0"><span class='ocrx_word' id='word_1_1' title='bbox 123 138 192 166; x_wconf 70' lang='grc' dir='ltr'><strong>Ιῑϐὅ</strong></span> 
     </span>
    </p>
   </div>
   <div class='ocr_carea' id='block_1_2' title="bbox 528 128 1333 161">
    <p class='ocr_par' dir='ltr' id='par_1_2' title="bbox 528 128 1333 161">
     <span class='ocr_line' id='line_1_2' title="bbox 528 128 1333 161; baseline -0.004 -2"><span class='ocrx_word' id='word_1_2' title='bbox 528 133 572 160; x_wconf 84' lang='lat' dir='ltr'><strong>DE</strong></span> <span class='ocrx_word' id='word_1_3' title='bbox 590 131 762 161; x_wconf 70' lang='lat' dir='ltr'><strong>SIRMIENSI</strong></span> <span class='ocrx_word' id='word_1_4' title='bbox 780 131 823 159; x_wconf 79' lang='lat' dir='ltr'><strong>ET</strong></span> <span class='ocrx_word' id='word_1_5' title='bbox 843 129 1030 159; x_wconf 76' lang='lat' dir='ltr'><strong>ANCYRANA</strong></span> <span class='ocrx_word' id='word_1_6' title='bbox 1049 128 1333 158; x_wconf 62' lang='lat' dir='ltr'><strong>PSEUMYNODO.</strong></span> 
     </span>
    </p>
   </div>
   <div class='ocr_carea' id='block_1_3' title="bbox 1675 130 1742 158">
    <p class='ocr_par' dir='ltr' id='par_1_3' title="bbox 1675 130 1742 158">
     <span class='ocr_line' id='line_1_3' title="bbox 1675 130 1742 158; baseline 0.015 -1"><span class='ocrx_word' id='word_1_7' title='bbox 1675 131 1683 157; x_wconf 86' lang='grc' dir='ltr'><strong>Ι</strong></span> <span class='ocrx_word' id='word_1_8' title='bbox 1690 130 1742 158; x_wconf 74' lang='lat'><strong>065</strong></span> 
     </span>
    </p>
   </div>
   <div class='ocr_carea' id='block_1_4' title="bbox 120 185 1741 230">
    <p class='ocr_par' dir='ltr' id='par_1_4' title="bbox 120 185 1741 230">
     <span class='ocr_line' id='line_1_4' title="bbox 120 185 1741 230; baseline 0.001 -16"><span class='ocrx_word' id='word_1_9' title='bbox 120 195 198 230; x_wconf 62' lang='lat' dir='ltr'><strong>scopi</strong></span> <span class='ocrx_word' id='word_1_10' title='bbox 215 191 351 228; x_wconf 37' lang='lat' dir='ltr'><strong>pth-rique,</strong></span> <span class='ocrx_word' id='word_1_11' title='bbox 369 189 580 226; x_wconf 71' lang='lat' dir='ltr'><strong>qui&#39;convocati</strong></span> <span class='ocrx_word' id='word_1_12' title='bbox 608 189 727 220; x_wconf 85' lang='lat' dir='ltr'><strong>fuerant,</strong></span> <span class='ocrx_word' id='word_1_13' title='bbox 752 188 848 215; x_wconf 81' lang='lat' dir='ltr'><strong>adesse</strong></span> <span class='ocrx_word' id='word_1_14' title='bbox 872 187 907 214; x_wconf 93' lang='lat' dir='ltr'><strong>ob</strong></span> <span class='ocrx_word' id='word_1_15' title='bbox 922 191 944 219; x_wconf 80' lang='grc' dir='ltr'>Α</span> <span class='ocrx_word' id='word_1_16' title='bbox 959 186 1058 214; x_wconf 89' lang='lat' dir='ltr'><strong>tltolica</strong></span> <span class='ocrx_word' id='word_1_17' title='bbox 1080 186 1132 213; x_wconf 79' lang='lat' dir='ltr'><strong>[ide</strong></span> <span class='ocrx_word' id='word_1_18' title='bbox 1144 190 1334 213; x_wconf 62' lang='lat' dir='ltr'><strong>cousentaucte</strong></span> <span class='ocrx_word' id='word_1_19' title='bbox 1351 189 1425 217; x_wconf 87' lang='lat' dir='ltr'><strong>sunt,</strong></span> <span class='ocrx_word' id='word_1_20' title='bbox 1442 185 1572 220; x_wconf 77' lang='lat' dir='ltr'><strong>exponit;</strong></span> <span class='ocrx_word' id='word_1_21' title='bbox 1589 186 1688 221; x_wconf 80' lang='lat' dir='ltr'><strong>quibus</strong></span> <span class='ocrx_word' id='word_1_22' title='bbox 1706 189 1741 216; x_wconf 78' lang='lat' dir='ltr'><strong>ita</strong></span> 
     </span>
    </p>
   </div>
   <div class='ocr_carea' id='block_1_5' title="bbox 122 234 908 270">
    <p class='ocr_par' dir='ltr' id='par_1_5' title="bbox 122 234 908 270">
     <span class='ocr_line' id='line_1_5' title="bbox 122 234 908 270; baseline -0.011 -1"><span class='ocrx_word' id='word_1_23' title='bbox 122 241 221 269; x_wconf 84' lang='lat' dir='ltr'><strong>hiemis</strong></span> <span class='ocrx_word' id='word_1_24' title='bbox 234 237 433 266; x_wconf 67' lang='lat' dir='ltr'><strong>inclementiam</strong></span> <span class='ocrx_word' id='word_1_25' title='bbox 447 236 559 263; x_wconf 91' lang='lat' dir='ltr'><strong>minime</strong></span> <span class='ocrx_word' id='word_1_26' title='bbox 570 239 726 270; x_wconf 88' lang='lat' dir='ltr'><strong>potuerttnt.</strong></span> <span class='ocrx_word' id='word_1_27' title='bbox 741 234 908 269; x_wconf 75' lang='lat' dir='ltr'><strong>Quidigitttr</strong></span> 
     </span>
    </p>
   </div>
   <div class='ocr_carea' id='block_1_6' title="bbox 963 231 1744 267">
    <p class='ocr_par' dir='ltr' id='par_1_6' title="bbox 963 231 1744 267">
     <span class='ocr_line' id='line_1_6' title="bbox 963 231 1744 267; baseline 0.001 -8"><span class='ocrx_word' id='word_1_28' title='bbox 963 233 1111 267; x_wconf 72' lang='lat' dir='ltr'><strong>prtel&#39;atur:</strong></span> <span class='ocrx_word' id='word_1_29' title='bbox 1136 231 1249 266; x_wconf 83' lang='lat' dir='ltr'><strong>Dignum</strong></span> <span class='ocrx_word' id='word_1_30' title='bbox 1267 237 1355 258; x_wconf 80' lang='lat' dir='ltr'><strong>autem</strong></span> <span class='ocrx_word' id='word_1_31' title='bbox 1369 235 1406 257; x_wconf 75' lang='lat' dir='ltr'><strong>est</strong></span> <span class='ocrx_word' id='word_1_32' title='bbox 1432 231 1591 258; x_wconf 74' lang='lat' dir='ltr'><strong>conscientia</strong></span> <span class='ocrx_word' id='word_1_33' title='bbox 1611 235 1744 260; x_wconf 69' lang='lat' dir='ltr'><strong>communi</strong></span> 
     </span>
    </p>
   </div>
   <div class='ocr_carea' id='block_1_7' title="bbox 123 275 1746 321">
    <p class='ocr_par' dir='ltr' id='par_1_7' title="bbox 123 275 1746 321">
     <span class='ocr_line' id='line_1_7' title="bbox 123 275 1746 321; baseline -0.002 -11"><span class='ocrx_word' id='word_1_34' title='bbox 123 287 187 321; x_wconf 73' lang='lat' dir='ltr'><strong>ﬁngi</strong></span> <span class='ocrx_word' id='word_1_35' title='bbox 206 288 296 320; x_wconf 90' lang='lat' dir='ltr'><strong>potest</strong></span> <span class='ocrx_word' id='word_1_36' title='bbox 315 282 472 315; x_wconf 86' lang='lat' dir='ltr'><strong>absurdius,</strong></span> <span class='ocrx_word' id='word_1_37' title='bbox 488 290 570 316; x_wconf 87' lang='lat' dir='ltr'><strong>quam</strong></span> <span class='ocrx_word' id='word_1_38' title='bbox 591 282 709 316; x_wconf 77' lang='lat' dir='ltr'><strong>quodex</strong></span> <span class='ocrx_word' id='word_1_39' title='bbox 725 280 833 307; x_wconf 90' lang='lat' dir='ltr'><strong>illorum</strong></span> <span class='ocrx_word' id='word_1_40' title='bbox 847 287 910 306; x_wconf 91' lang='lat' dir='ltr'><strong>nar-</strong></span> <span class='ocrx_word' id='word_1_41' title='bbox 959 277 1039 304; x_wconf 80' lang='lat' dir='ltr'><strong>etiam</strong></span> <span class='ocrx_word' id='word_1_42' title='bbox 1063 281 1171 304; x_wconf 73' lang='lat' dir='ltr'><strong>crateras</strong></span> <span class='ocrx_word' id='word_1_43' title='bbox 1195 275 1344 303; x_wconf 80' lang='lat' dir='ltr'><strong>earumdem</strong></span> <span class='ocrx_word' id='word_1_44' title='bbox 1368 277 1548 311; x_wconf 81' lang='lat' dir='ltr'><strong>episcoporuttt</strong></span> <span class='ocrx_word' id='word_1_45' title='bbox 1567 277 1746 306; x_wconf 74' lang='lat' dir='ltr'><strong>Orientalium</strong></span> 
     </span>
    </p>
   </div>
   <div class='ocr_carea' id='block_1_8' title="bbox 125 323 910 362">
    <p class='ocr_par' dir='ltr' id='par_1_8' title="bbox 125 323 910 362">
     <span class='ocr_line' id='line_1_8' title="bbox 125 323 910 362; baseline -0.008 -5"><span class='ocrx_word' id='word_1_46' title='bbox 125 330 232 357; x_wconf 90' lang='lat' dir='ltr'><strong>ratione</strong></span> <span class='ocrx_word' id='word_1_47' title='bbox 250 327 384 362; x_wconf 76' lang='lat' dir='ltr'><strong>sequitur,</strong></span> <span class='ocrx_word' id='word_1_48' title='bbox 412 326 584 361; x_wconf 80' lang='lat' dir='ltr'><strong>Ancyranam</strong></span> <span class='ocrx_word' id='word_1_49' title='bbox 610 325 745 360; x_wconf 82' lang='lat' dir='ltr'><strong>synodum</strong></span> <span class='ocrx_word' id='word_1_50' title='bbox 767 331 829 352; x_wconf 88' lang='lat' dir='ltr'><strong>ante</strong></span> <span class='ocrx_word' id='word_1_51' title='bbox 850 323 910 351; x_wconf 89' lang='lat' dir='ltr'><strong>Sir-</strong></span> 
     </span>
    </p>
   </div>
   <div class='ocr_carea' id='block_1_9' title="bbox 123 369 912 403">
    <p class='ocr_par' dir='ltr' id='par_1_9' title="bbox 123 369 912 403">
     <span class='ocr_line' id='line_1_9' title="bbox 123 369 912 403; baseline -0.008 0"><span class='ocrx_word' id='word_1_52' title='bbox 123 376 257 403; x_wconf 85' lang='lat' dir='ltr'><strong>miensetu</strong></span> <span class='ocrx_word' id='word_1_53' title='bbox 283 380 343 402; x_wconf 84' lang='lat' dir='ltr'><strong>esse</strong></span> <span class='ocrx_word' id='word_1_54' title='bbox 369 372 555 401; x_wconf 74' lang='lat' dir='ltr'><strong>celebratam?</strong></span> <span class='ocrx_word' id='word_1_55' title='bbox 582 371 687 398; x_wconf 82' lang='lat' dir='ltr'><strong>Etenim</strong></span> <span class='ocrx_word' id='word_1_56' title='bbox 715 371 738 398; x_wconf 90' lang='lat' dir='ltr'><strong>si</strong></span> <span class='ocrx_word' id='word_1_57' title='bbox 761 377 834 398; x_wconf 86' lang='lat' dir='ltr'><strong>anno</strong></span> <span class='ocrx_word' id='word_1_58' title='bbox 859 369 912 397; x_wconf 76' lang='grc'><strong>556</strong></span> 
     </span>
    </p>
   </div>
   <div class='ocr_carea' id='block_1_10' title="bbox 123 415 912 449">
    <p class='ocr_par' dir='ltr' id='par_1_10' title="bbox 123 415 912 449">
     <span class='ocr_line' id='line_1_10' title="bbox 123 415 912 449; baseline -0.008 -2"><span class='ocrx_word' id='word_1_59' title='bbox 123 420 266 447; x_wconf 77' lang='lat' dir='ltr'><strong>Eudoxius</strong></span> <span class='ocrx_word' id='word_1_60' title='bbox 285 417 482 445; x_wconf 81' lang='lat' dir='ltr'><strong>Antiochenam</strong></span> <span class='ocrx_word' id='word_1_61' title='bbox 504 416 594 443; x_wconf 86' lang='lat' dir='ltr'><strong>sedem</strong></span> <span class='ocrx_word' id='word_1_62' title='bbox 614 420 710 443; x_wconf 84' lang='lat' dir='ltr'><strong>nactus</strong></span> <span class='ocrx_word' id='word_1_63' title='bbox 725 419 777 448; x_wconf 88' lang='lat' dir='ltr'><strong>est,</strong></span> <span class='ocrx_word' id='word_1_64' title='bbox 791 415 912 449; x_wconf 84' lang='lat' dir='ltr'><strong>Ancyra-</strong></span> 
     </span>
    </p>
   </div>
   <div class='ocr_carea' id='block_1_11' title="bbox 124 461 911 496">
    <p class='ocr_par' dir='ltr' id='par_1_11' title="bbox 124 461 911 496">
     <span class='ocr_line' id='line_1_11' title="bbox 124 461 911 496; baseline -0.008 -4"><span class='ocrx_word' id='word_1_65' title='bbox 124 473 190 493; x_wconf 91' lang='lat' dir='ltr'><strong>num</strong></span> <span class='ocrx_word' id='word_1_66' title='bbox 205 471 269 492; x_wconf 80' lang='lat' dir='ltr'><strong>vero</strong></span> <span class='ocrx_word' id='word_1_67' title='bbox 286 463 432 491; x_wconf 88' lang='lat' dir='ltr'><strong>concilium</strong></span> <span class='ocrx_word' id='word_1_68' title='bbox 445 469 517 489; x_wconf 90' lang='lat' dir='ltr'><strong>anno</strong></span> <span class='ocrx_word' id='word_1_69' title='bbox 530 461 669 496; x_wconf 82' lang='lat' dir='ltr'><strong>sequenti;</strong></span> <span class='ocrx_word' id='word_1_70' title='bbox 685 465 716 488; x_wconf 89' lang='lat' dir='ltr'><strong>ut</strong></span> <span class='ocrx_word' id='word_1_71' title='bbox 729 461 825 488; x_wconf 88' lang='lat' dir='ltr'><strong>eodem</strong></span> <span class='ocrx_word' id='word_1_72' title='bbox 837 467 911 486; x_wconf 90' lang='lat' dir='ltr'><strong>anno</strong></span> 
     </span>
    </p>
   </div>
   <div class='ocr_carea' id='block_1_12' title="bbox 125 506 913 541">
    <p class='ocr_par' dir='ltr' id='par_1_12' title="bbox 125 506 913 541">
     <span class='ocr_line' id='line_1_12' title="bbox 125 506 913 541; baseline -0.008 -3"><span class='ocrx_word' id='word_1_73' title='bbox 125 510 278 538; x_wconf 85' lang='lat' dir='ltr'><strong>Sirmiense</strong></span> <span class='ocrx_word' id='word_1_74' title='bbox 298 508 444 536; x_wconf 88' lang='lat' dir='ltr'><strong>c0neilium</strong></span> <span class='ocrx_word' id='word_1_75' title='bbox 460 507 590 534; x_wconf 88' lang='lat' dir='ltr'><strong>indictum</strong></span> <span class='ocrx_word' id='word_1_76' title='bbox 605 506 698 540; x_wconf 85' lang='lat' dir='ltr'><strong>fuerit,</strong></span> <span class='ocrx_word' id='word_1_77' title='bbox 723 506 835 533; x_wconf 84' lang='lat' dir='ltr'><strong>nonnisi</strong></span> <span class='ocrx_word' id='word_1_78' title='bbox 850 509 913 541; x_wconf 86' lang='lat' dir='ltr'><strong>post</strong></span> 
     </span>
    </p>
   </div>
   <div class='ocr_carea' id='block_1_13' title="bbox 125 550 913 588">
    <p class='ocr_par' dir='ltr' id='par_1_13' title="bbox 125 550 913 588">
     <span class='ocr_line' id='line_1_13' title="bbox 125 550 913 588; baseline -0.008 -4"><span class='ocrx_word' id='word_1_79' title='bbox 125 557 255 588; x_wconf 80' lang='lat' dir='ltr'><strong>hiemem,</strong></span> <span class='ocrx_word' id='word_1_80' title='bbox 275 560 302 582; x_wconf 88' lang='lat' dir='ltr'><strong>et</strong></span> <span class='ocrx_word' id='word_1_81' title='bbox 319 553 435 586; x_wconf 80' lang='lat' dir='ltr'><strong>Pascha,</strong></span> <span class='ocrx_word' id='word_1_82' title='bbox 447 553 570 588; x_wconf 82' lang='lat' dir='ltr'><strong>adeoque</strong></span> <span class='ocrx_word' id='word_1_83' title='bbox 583 557 644 587; x_wconf 90' lang='lat' dir='ltr'><strong>post</strong></span> <span class='ocrx_word' id='word_1_84' title='bbox 657 551 832 586; x_wconf 78' lang='lat' dir='ltr'><strong>Ancyranum</strong></span> <span class='ocrx_word' id='word_1_85' title='bbox 845 550 913 579; x_wconf 74' lang='lat' dir='ltr'><strong>cele-</strong></span> 
     </span>
    </p>
   </div>
   <div class='ocr_carea' id='block_1_14' title="bbox 126 596 917 636">
    <p class='ocr_par' dir='ltr' id='par_1_14' title="bbox 126 596 917 636">
     <span class='ocr_line' id='line_1_14' title="bbox 126 596 917 636; baseline -0.008 -6"><span class='ocrx_word' id='word_1_86' title='bbox 126 602 201 630; x_wconf 84' lang='lat' dir='ltr'><strong>brari</strong></span> <span class='ocrx_word' id='word_1_87' title='bbox 215 601 311 636; x_wconf 82' lang='lat' dir='ltr'><strong>potuit.</strong></span> <span class='ocrx_word' id='word_1_88' title='bbox 327 600 408 634; x_wconf 84' lang='lat' dir='ltr'><strong>Atqui</strong></span> <span class='ocrx_word' id='word_1_89' title='bbox 422 599 477 634; x_wconf 84' lang='lat' dir='ltr'><strong>jam</strong></span> <span class='ocrx_word' id='word_1_90' title='bbox 492 603 633 633; x_wconf 86' lang='lat' dir='ltr'><strong>peractum</strong></span> <span class='ocrx_word' id='word_1_91' title='bbox 648 605 709 626; x_wconf 83' lang='lat' dir='ltr'><strong>esse</strong></span> <span class='ocrx_word' id='word_1_92' title='bbox 729 596 849 632; x_wconf 84' lang='lat' dir='ltr'><strong>oportuit</strong></span> <span class='ocrx_word' id='word_1_93' title='bbox 861 605 868 623; x_wconf 91' lang='lat'><strong>:</strong></span> <span class='ocrx_word' id='word_1_94' title='bbox 878 597 917 625; x_wconf 84' lang='lat' dir='ltr'><strong>si-</strong></span> 
     </span>
    </p>
   </div>
   <div class='ocr_carea' id='block_1_15' title="bbox 125 642 913 684">
    <p class='ocr_par' dir='ltr' id='par_1_15' title="bbox 125 642 913 684">
     <span class='ocr_line' id='line_1_15' title="bbox 125 642 913 684; baseline -0.01 -8"><span class='ocrx_word' id='word_1_95' title='bbox 125 648 237 684; x_wconf 85' lang='lat' dir='ltr'><strong>quidem</strong></span> <span class='ocrx_word' id='word_1_96' title='bbox 255 647 327 674; x_wconf 89' lang='lat' dir='ltr'><strong>edita</strong></span> <span class='ocrx_word' id='word_1_97' title='bbox 349 646 383 673; x_wconf 85' lang='lat' dir='ltr'><strong>ab</strong></span> <span class='ocrx_word' id='word_1_98' title='bbox 397 644 465 673; x_wconf 90' lang='lat' dir='ltr'><strong>Osio</strong></span> <span class='ocrx_word' id='word_1_99' title='bbox 483 643 644 672; x_wconf 84' lang='lat' dir='ltr'><strong>Sirmiensis</strong></span> <span class='ocrx_word' id='word_1_100' title='bbox 666 643 776 671; x_wconf 84' lang='lat' dir='ltr'><strong>concilii</strong></span> <span class='ocrx_word' id='word_1_101' title='bbox 795 642 913 670; x_wconf 80' lang='lat' dir='ltr'><strong>formula</strong></span> 
     </span>
    </p>
   </div>
   <div class='ocr_carea' id='block_1_16' title="bbox 124 687 913 730">
    <p class='ocr_par' dir='ltr' id='par_1_16' title="bbox 124 687 913 730">
     <span class='ocr_line' id='line_1_16' title="bbox 124 687 913 730; baseline -0.01 -8"><span class='ocrx_word' id='word_1_102' title='bbox 124 696 182 730; x_wconf 77' lang='lat' dir='ltr'><strong>jam</strong></span> <span class='ocrx_word' id='word_1_103' title='bbox 202 697 342 722; x_wconf 84' lang='lat' dir='ltr'><strong>emanarat</strong></span> <span class='ocrx_word' id='word_1_104' title='bbox 363 692 389 719; x_wconf 92' lang='lat' dir='ltr'><strong>in</strong></span> <span class='ocrx_word' id='word_1_105' title='bbox 407 691 555 726; x_wconf 86' lang='lat' dir='ltr'><strong>publicum.</strong></span> <span class='ocrx_word' id='word_1_106' title='bbox 578 689 669 723; x_wconf 84' lang='lat' dir='ltr'><strong>Quare</strong></span> <span class='ocrx_word' id='word_1_107' title='bbox 686 693 713 716; x_wconf 87' lang='lat' dir='ltr'><strong>et</strong></span> <span class='ocrx_word' id='word_1_108' title='bbox 729 689 841 716; x_wconf 82' lang='lat' dir='ltr'><strong>absente</strong></span> <span class='ocrx_word' id='word_1_109' title='bbox 859 687 913 714; x_wconf 82' lang='lat' dir='ltr'><strong>Ba-</strong></span> 
     </span>
    </p>
   </div>
   <div class='ocr_carea' id='block_1_17' title="bbox 127 734 913 773">
    <p class='ocr_par' dir='ltr' id='par_1_17' title="bbox 127 734 913 773">
     <span class='ocr_line' id='line_1_17' title="bbox 127 734 913 773; baseline -0.009 -6"><span class='ocrx_word' id='word_1_110' title='bbox 127 741 202 773; x_wconf 86' lang='lat' dir='ltr'><strong>silio,</strong></span> <span class='ocrx_word' id='word_1_111' title='bbox 215 747 246 766; x_wconf 89' lang='lat' dir='ltr'><strong>ac</strong></span> <span class='ocrx_word' id='word_1_112' title='bbox 257 738 370 773; x_wconf 89' lang='lat' dir='ltr'><strong>reliquis</strong></span> <span class='ocrx_word' id='word_1_113' title='bbox 386 736 531 772; x_wconf 88' lang='lat' dir='ltr'><strong>episcopis.</strong></span> <span class='ocrx_word' id='word_1_114' title='bbox 553 736 698 763; x_wconf 84' lang='lat' dir='ltr'><strong>damnatus</strong></span> <span class='ocrx_word' id='word_1_115' title='bbox 716 734 860 767; x_wconf 80' lang='lat' dir='ltr'><strong>Photinus,</strong></span> <span class='ocrx_word' id='word_1_116' title='bbox 882 740 913 760; x_wconf 84' lang='lat' dir='ltr'><strong>ac</strong></span> 
     </span>
    </p>
   </div>
   <div class='ocr_carea' id='block_1_18' title="bbox 128 780 914 816">
    <p class='ocr_par' dir='ltr' id='par_1_18' title="bbox 128 780 914 816">
     <span class='ocr_line' id='line_1_18' title="bbox 128 780 914 816; baseline -0.009 -2"><span class='ocrx_word' id='word_1_117' title='bbox 128 786 278 814; x_wconf 87' lang='lat' dir='ltr'><strong>Sirntiense</strong></span> <span class='ocrx_word' id='word_1_118' title='bbox 290 784 438 812; x_wconf 85' lang='lat' dir='ltr'><strong>concilium</strong></span> <span class='ocrx_word' id='word_1_119' title='bbox 449 782 604 810; x_wconf 83' lang='lat' dir='ltr'><strong>absolutum</strong></span> <span class='ocrx_word' id='word_1_120' title='bbox 616 785 673 814; x_wconf 88' lang='lat' dir='ltr'><strong>est;</strong></span> <span class='ocrx_word' id='word_1_121' title='bbox 685 785 712 808; x_wconf 89' lang='lat' dir='ltr'><strong>et</strong></span> <span class='ocrx_word' id='word_1_122' title='bbox 725 784 834 816; x_wconf 85' lang='lat' dir='ltr'><strong>propter</strong></span> <span class='ocrx_word' id='word_1_123' title='bbox 846 780 914 807; x_wconf 87' lang='lat' dir='ltr'><strong>alias</strong></span> 
     </span>
    </p>
   </div>
   <div class='ocr_carea' id='block_1_19' title="bbox 126 827 914 864">
    <p class='ocr_par' dir='ltr' id='par_1_19' title="bbox 126 827 914 864">
     <span class='ocr_line' id='line_1_19' title="bbox 126 827 914 864; baseline -0.011 -3"><span class='ocrx_word' id='word_1_124' title='bbox 126 841 228 862; x_wconf 78' lang='lat' dir='ltr'><strong>causas</strong></span> <span class='ocrx_word' id='word_1_125' title='bbox 244 832 364 859; x_wconf 89' lang='lat' dir='ltr'><strong>nondum</strong></span> <span class='ocrx_word' id='word_1_126' title='bbox 381 829 504 858; x_wconf 85' lang='lat' dir='ltr'><strong>inchoari</strong></span> <span class='ocrx_word' id='word_1_127' title='bbox 521 829 609 864; x_wconf 88' lang='lat' dir='ltr'><strong>potuit</strong></span> <span class='ocrx_word' id='word_1_128' title='bbox 626 837 632 856; x_wconf 89' lang='lat'><strong>:</strong></span> <span class='ocrx_word' id='word_1_129' title='bbox 647 829 776 863; x_wconf 87' lang='lat' dir='ltr'><strong>quoniam</strong></span> <span class='ocrx_word' id='word_1_130' title='bbox 793 827 914 862; x_wconf 76' lang='lat' dir='ltr'><strong>Ancyra-</strong></span> 
     </span>
    </p>
   </div>
   <div class='ocr_carea' id='block_1_20' title="bbox 128 873 681 908">
    <p class='ocr_par' dir='ltr' id='par_1_20' title="bbox 128 873 681 908">
     <span class='ocr_line' id='line_1_20' title="bbox 128 873 681 908; baseline -0.011 -3"><span class='ocrx_word' id='word_1_131' title='bbox 128 886 194 906; x_wconf 91' lang='lat' dir='ltr'><strong>num</strong></span> <span class='ocrx_word' id='word_1_132' title='bbox 207 875 350 904; x_wconf 88' lang='lat' dir='ltr'><strong>Sirmiensi</strong></span> <span class='ocrx_word' id='word_1_133' title='bbox 365 875 444 902; x_wconf 82' lang='lat' dir='ltr'><strong>debet</strong></span> <span class='ocrx_word' id='word_1_134' title='bbox 457 881 518 901; x_wconf 88' lang='lat' dir='ltr'><strong>esse</strong></span> <span class='ocrx_word' id='word_1_135' title='bbox 536 873 681 908; x_wconf 84' lang='lat' dir='ltr'><strong>posterius.</strong></span> 
     </span>
    </p>
   </div>
   <div class='ocr_carea' id='block_1_21' title="bbox 164 915 915 958">
    <p class='ocr_par' dir='ltr' id='par_1_21' title="bbox 164 915 915 958">
     <span class='ocr_line' id='line_1_21' title="bbox 164 915 915 958; baseline -0.012 -8"><span class='ocrx_word' id='word_1_136' title='bbox 164 924 284 958; x_wconf 79' lang='lat' dir='ltr'><strong>Apparet</strong></span> <span class='ocrx_word' id='word_1_137' title='bbox 299 924 388 948; x_wconf 90' lang='lat' dir='ltr'><strong>autem</strong></span> <span class='ocrx_word' id='word_1_138' title='bbox 404 923 473 950; x_wconf 91' lang='lat' dir='ltr'><strong>tum,</strong></span> <span class='ocrx_word' id='word_1_139' title='bbox 495 925 557 946; x_wconf 91' lang='lat' dir='ltr'><strong>cum</strong></span> <span class='ocrx_word' id='word_1_140' title='bbox 576 915 735 944; x_wconf 84' lang='lat' dir='ltr'><strong>Sirmiensis</strong></span> <span class='ocrx_word' id='word_1_141' title='bbox 753 915 799 942; x_wconf 88' lang='lat' dir='ltr'><strong>illa</strong></span> <span class='ocrx_word' id='word_1_142' title='bbox 823 918 915 950; x_wconf 86' lang='lat' dir='ltr'><strong>poste-</strong></span> 
     </span>
    </p>
   </div>
   <div class='ocr_carea' id='block_1_22' title="bbox 930 867 952 894">
    <p class='ocr_par' dir='ltr' id='par_1_22' title="bbox 930 867 952 894">
     <span class='ocr_line' id='line_1_22' title="bbox 930 867 952 894; baseline 0 0"><span class='ocrx_word' id='word_1_143' title='bbox 930 867 952 894; x_wconf 87' lang='lat' dir='ltr'><strong>B</strong></span> 
     </span>
    </p>
   </div>
   <div class='ocr_carea' id='block_1_23' title="bbox 961 322 1747 358">
    <p class='ocr_par' dir='ltr' id='par_1_23' title="bbox 961 322 1747 358">
     <span class='ocr_line' id='line_1_23' title="bbox 961 322 1747 358; baseline 0.001 -8"><span class='ocrx_word' id='word_1_144' title='bbox 961 323 1069 350; x_wconf 73' lang='lat' dir='ltr'><strong>diversis</strong></span> <span class='ocrx_word' id='word_1_145' title='bbox 1085 328 1109 350; x_wconf 85' lang='lat' dir='ltr'><strong>et</strong></span> <span class='ocrx_word' id='word_1_146' title='bbox 1134 323 1198 349; x_wconf 73' lang='lat' dir='ltr'><strong>locis</strong></span> <span class='ocrx_word' id='word_1_147' title='bbox 1223 327 1247 349; x_wconf 93' lang='lat' dir='ltr'><strong>et</strong></span> <span class='ocrx_word' id='word_1_148' title='bbox 1270 322 1426 357; x_wconf 71' lang='lat' dir='ltr'><strong>temporibus</strong></span> <span class='ocrx_word' id='word_1_149' title='bbox 1442 324 1602 358; x_wconf 68' lang='lat' dir='ltr'><strong>conscriptas</strong></span> <span class='ocrx_word' id='word_1_150' title='bbox 1611 324 1693 354; x_wconf 80' lang='lat' dir='ltr'><strong>Fides</strong></span> <span class='ocrx_word' id='word_1_151' title='bbox 1701 333 1747 352; x_wconf 85' lang='lat' dir='ltr'><strong>no-</strong></span> 
     </span>
    </p>
   </div>
   <div class='ocr_carea' id='block_1_24' title="bbox 963 369 1747 404">
    <p class='ocr_par' dir='ltr' id='par_1_24' title="bbox 963 369 1747 404">
     <span class='ocr_line' id='line_1_24' title="bbox 963 369 1747 404; baseline 0.005 -9"><span class='ocrx_word' id='word_1_152' title='bbox 963 377 1043 401; x_wconf 80' lang='lat' dir='ltr'><strong>were,</strong></span> <span class='ocrx_word' id='word_1_153' title='bbox 1057 374 1086 396; x_wconf 84' lang='lat' dir='ltr'><strong>ut</strong></span> <span class='ocrx_word' id='word_1_154' title='bbox 1105 377 1150 404; x_wconf 78' lang='lat' dir='ltr'><strong>per</strong></span> <span class='ocrx_word' id='word_1_155' title='bbox 1164 372 1251 404; x_wconf 80' lang='lat' dir='ltr'><strong>plures</strong></span> <span class='ocrx_word' id='word_1_156' title='bbox 1264 369 1439 404; x_wconf 75' lang='lat' dir='ltr'><strong>confessiones</strong></span> <span class='ocrx_word' id='word_1_157' title='bbox 1457 370 1595 397; x_wconf 75' lang='lat' dir='ltr'><strong>sinceritas</strong></span> <span class='ocrx_word' id='word_1_158' title='bbox 1613 372 1747 399; x_wconf 72' lang='lat' dir='ltr'><strong>conscien-</strong></span> 
     </span>
    </p>
   </div>
   <div class='ocr_carea' id='block_1_25' title="bbox 965 414 1748 450">
    <p class='ocr_par' dir='ltr' id='par_1_25' title="bbox 965 414 1748 450">
     <span class='ocr_line' id='line_1_25' title="bbox 965 414 1748 450; baseline 0.003 -8"><span class='ocrx_word' id='word_1_159' title='bbox 965 416 1010 442; x_wconf 71' lang='lat' dir='ltr'><strong>tite</strong></span> <span class='ocrx_word' id='word_1_160' title='bbox 1023 415 1105 449; x_wconf 78' lang='lat' dir='ltr'><strong>possit</strong></span> <span class='ocrx_word' id='word_1_161' title='bbox 1118 414 1242 449; x_wconf 81' lang='lat' dir='ltr'><strong>intelligi.</strong></span> <span class='ocrx_word' id='word_1_162' title='bbox 1256 414 1353 442; x_wconf 86' lang='lat' dir='ltr'><strong>Subdit</strong></span> <span class='ocrx_word' id='word_1_163' title='bbox 1363 420 1455 450; x_wconf 86' lang='lat' dir='ltr'><strong>postea</strong></span> <span class='ocrx_word' id='word_1_164' title='bbox 1470 414 1641 444; x_wconf 88' lang='lat' dir='ltr'><strong>Sardicensis</strong></span> <span class='ocrx_word' id='word_1_165' title='bbox 1652 416 1748 444; x_wconf 86' lang='lat' dir='ltr'><strong>Orien-</strong></span> 
     </span>
    </p>
   </div>
   <div class='ocr_carea' id='block_1_26' title="bbox 967 460 1746 497">
    <p class='ocr_par' dir='ltr' id='par_1_26' title="bbox 967 460 1746 497">
     <span class='ocr_line' id='line_1_26' title="bbox 967 460 1746 497; baseline 0.003 -9"><span class='ocrx_word' id='word_1_166' title='bbox 967 461 1064 488; x_wconf 81' lang='lat' dir='ltr'><strong>talium</strong></span> <span class='ocrx_word' id='word_1_167' title='bbox 1083 460 1181 496; x_wconf 87' lang='lat' dir='ltr'><strong>synodi</strong></span> <span class='ocrx_word' id='word_1_168' title='bbox 1206 460 1362 487; x_wconf 77' lang='lat' dir='ltr'><strong>formulam.</strong></span> <span class='ocrx_word' id='word_1_169' title='bbox 1384 461 1453 487; x_wconf 91' lang='lat' dir='ltr'><strong>Tutn</strong></span> <span class='ocrx_word' id='word_1_170' title='bbox 1470 461 1507 488; x_wconf 88' lang='lat' dir='ltr'><strong>ita</strong></span> <span class='ocrx_word' id='word_1_171' title='bbox 1524 462 1627 497; x_wconf 77' lang='lat' dir='ltr'><strong>pergit:</strong></span> <span class='ocrx_word' id='word_1_172' title='bbox 1648 462 1746 490; x_wconf 70' lang='lat' dir='ltr'><strong>Conse—</strong></span> 
     </span>
    </p>
   </div>
   <div class='ocr_carea' id='block_1_27' title="bbox 961 507 1745 541">
    <p class='ocr_par' dir='ltr' id='par_1_27' title="bbox 961 507 1745 541">
     <span class='ocr_line' id='line_1_27' title="bbox 961 507 1745 541; baseline 0.003 -9"><span class='ocrx_word' id='word_1_173' title='bbox 961 514 1041 541; x_wconf 78' lang='lat' dir='ltr'><strong>quens</strong></span> <span class='ocrx_word' id='word_1_174' title='bbox 1061 511 1147 533; x_wconf 82' lang='lat' dir='ltr'><strong>autem</strong></span> <span class='ocrx_word' id='word_1_175' title='bbox 1162 510 1217 539; x_wconf 78' lang='lat' dir='ltr'><strong>est,</strong></span> <span class='ocrx_word' id='word_1_176' title='bbox 1241 510 1270 533; x_wconf 77' lang='lat' dir='ltr'><strong>ut</strong></span> <span class='ocrx_word' id='word_1_177' title='bbox 1289 513 1348 532; x_wconf 84' lang='lat' dir='ltr'><strong>eam</strong></span> <span class='ocrx_word' id='word_1_178' title='bbox 1370 514 1439 533; x_wconf 76' lang='lat' dir='ltr'><strong>nunc</strong></span> <span class='ocrx_word' id='word_1_179' title='bbox 1462 507 1540 540; x_wconf 80' lang='lat' dir='ltr'><strong>ﬁdem</strong></span> <span class='ocrx_word' id='word_1_180' title='bbox 1564 512 1745 541; x_wconf 66' lang='lat' dir='ltr'><strong>retractemus,</strong></span> 
     </span>
    </p>
   </div>
   <div class='ocr_carea' id='block_1_28' title="bbox 962 551 1747 588">
    <p class='ocr_par' dir='ltr' id='par_1_28' title="bbox 962 551 1747 588">
     <span class='ocr_line' id='line_1_28' title="bbox 962 551 1747 588; baseline 0.004 -10"><span class='ocrx_word' id='word_1_181' title='bbox 962 559 1021 587; x_wconf 66' lang='lat' dir='ltr'><strong>qua</strong></span> <span class='ocrx_word' id='word_1_182' title='bbox 1034 558 1085 578; x_wconf 72' lang='lat' dir='ltr'><strong>non</strong></span> <span class='ocrx_word' id='word_1_183' title='bbox 1100 551 1162 578; x_wconf 78' lang='lat' dir='ltr'><strong>olim</strong></span> <span class='ocrx_word' id='word_1_184' title='bbox 1174 555 1248 584; x_wconf 81' lang='lat' dir='ltr'><strong>tunc,</strong></span> <span class='ocrx_word' id='word_1_185' title='bbox 1258 559 1316 578; x_wconf 83' lang='lat' dir='ltr'><strong>cum</strong></span> <span class='ocrx_word' id='word_1_186' title='bbox 1329 551 1460 579; x_wconf 71' lang='lat' dir='ltr'><strong>Photinus</strong></span> <span class='ocrx_word' id='word_1_187' title='bbox 1472 553 1622 588; x_wconf 75' lang='lat' dir='ltr'><strong>episcopatu</strong></span> <span class='ocrx_word' id='word_1_188' title='bbox 1634 553 1747 588; x_wconf 75' lang='lat' dir='ltr'><strong>dcjectus</strong></span> 
     </span>
    </p>
   </div>
   <div class='ocr_carea' id='block_1_29' title="bbox 962 596 1749 633">
    <p class='ocr_par' dir='ltr' id='par_1_29' title="bbox 962 596 1749 633">
     <span class='ocr_line' id='line_1_29' title="bbox 962 596 1749 633; baseline 0.004 -10"><span class='ocrx_word' id='word_1_189' title='bbox 962 601 1013 630; x_wconf 77' lang='lat' dir='ltr'><strong>est,</strong></span> <span class='ocrx_word' id='word_1_190' title='bbox 1029 598 1178 632; x_wconf 72' lang='lat' dir='ltr'><strong>conscripta</strong></span> <span class='ocrx_word' id='word_1_191' title='bbox 1193 602 1243 624; x_wconf 75' lang='lat' dir='ltr'><strong>est.</strong></span> <span class='ocrx_word' id='word_1_192' title='bbox 1262 597 1323 625; x_wconf 80' lang='lat' dir='ltr'><strong>Mox</strong></span> <span class='ocrx_word' id='word_1_193' title='bbox 1343 596 1503 625; x_wconf 86' lang='lat' dir='ltr'><strong>Sirmiensis</strong></span> <span class='ocrx_word' id='word_1_194' title='bbox 1519 597 1627 625; x_wconf 68' lang='lat' dir='ltr'><strong>concilii</strong></span> <span class='ocrx_word' id='word_1_195' title='bbox 1645 598 1749 633; x_wconf 81' lang='lat' dir='ltr'><strong>profes-</strong></span> 
     </span>
    </p>
   </div>
   <div class='ocr_carea' id='block_1_30' title="bbox 963 642 1749 680">
    <p class='ocr_par' dir='ltr' id='par_1_30' title="bbox 963 642 1749 680">
     <span class='ocr_line' id='line_1_30' title="bbox 963 642 1749 680; baseline 0 -10"><span class='ocrx_word' id='word_1_196' title='bbox 963 642 1069 671; x_wconf 82' lang='lat' dir='ltr'><strong>sionem</strong></span> <span class='ocrx_word' id='word_1_197' title='bbox 1086 642 1226 670; x_wconf 88' lang='lat' dir='ltr'><strong>describit.</strong></span> <span class='ocrx_word' id='word_1_198' title='bbox 1245 642 1330 670; x_wconf 81' lang='lat' dir='ltr'><strong>Satin’</strong></span> <span class='ocrx_word' id='word_1_199' title='bbox 1353 648 1446 678; x_wconf 83' lang='lat' dir='ltr'><strong>aperte</strong></span> <span class='ocrx_word' id='word_1_200' title='bbox 1465 643 1588 671; x_wconf 80' lang='lat' dir='ltr'><strong>Latinum</strong></span> <span class='ocrx_word' id='word_1_201' title='bbox 1613 645 1685 672; x_wconf 82' lang='lat' dir='ltr'><strong>illam</strong></span> <span class='ocrx_word' id='word_1_202' title='bbox 1705 653 1749 680; x_wconf 75' lang='lat' dir='ltr'><strong>pu-</strong></span> 
     </span>
    </p>
   </div>
   <div class='ocr_carea' id='block_1_31' title="bbox 965 689 1751 725">
    <p class='ocr_par' dir='ltr' id='par_1_31' title="bbox 965 689 1751 725">
     <span class='ocr_line' id='line_1_31' title="bbox 965 689 1751 725; baseline 0.001 -8"><span class='ocrx_word' id='word_1_203' title='bbox 965 689 1165 725; x_wconf 84' lang='lat' dir='ltr'><strong>sterioremque</strong></span> <span class='ocrx_word' id='word_1_204' title='bbox 1188 689 1333 717; x_wconf 75' lang='lat' dir='ltr'><strong>formulam</strong></span> <span class='ocrx_word' id='word_1_205' title='bbox 1355 690 1390 717; x_wconf 89' lang='lat' dir='ltr'><strong>ab</strong></span> <span class='ocrx_word' id='word_1_206' title='bbox 1416 689 1491 723; x_wconf 83' lang='lat' dir='ltr'><strong>Osio,</strong></span> <span class='ocrx_word' id='word_1_207' title='bbox 1514 694 1544 718; x_wconf 88' lang='lat' dir='ltr'><strong>ut</strong></span> <span class='ocrx_word' id='word_1_208' title='bbox 1564 691 1675 723; x_wconf 84' lang='lat' dir='ltr'><strong>scribit,</strong></span> <span class='ocrx_word' id='word_1_209' title='bbox 1693 692 1751 718; x_wconf 88' lang='lat' dir='ltr'><strong>edi-</strong></span> 
     </span>
    </p>
   </div>
   <div class='ocr_carea' id='block_1_32' title="bbox 965 729 1750 771">
    <p class='ocr_par' dir='ltr' id='par_1_32' title="bbox 965 729 1750 771">
     <span class='ocr_line' id='line_1_32' title="bbox 965 729 1750 771; baseline 0.001 -9"><span class='ocrx_word' id='word_1_210' title='bbox 965 739 1031 768; x_wconf 89' lang='lat' dir='ltr'><strong>tam,</strong></span> <span class='ocrx_word' id='word_1_211' title='bbox 1053 743 1069 762; x_wconf 94' lang='lat' dir='ltr'><strong>a</strong></span> <span class='ocrx_word' id='word_1_212' title='bbox 1089 729 1234 763; x_wconf 78' lang='lat' dir='ltr'><strong>Sirmieitsi</strong></span> <span class='ocrx_word' id='word_1_213' title='bbox 1269 736 1387 763; x_wconf 91' lang='lat' dir='ltr'><strong>concilio</strong></span> <span class='ocrx_word' id='word_1_214' title='bbox 1411 740 1536 770; x_wconf 82' lang='lat' dir='ltr'><strong>separat,</strong></span> <span class='ocrx_word' id='word_1_215' title='bbox 1553 737 1625 771; x_wconf 87' lang='lat' dir='ltr'><strong>quod</strong></span> <span class='ocrx_word' id='word_1_216' title='bbox 1649 737 1750 764; x_wconf 75' lang='lat' dir='ltr'><strong>diverso</strong></span> 
     </span>
    </p>
   </div>
   <div class='ocr_carea' id='block_1_33' title="bbox 966 781 1752 817">
    <p class='ocr_par' dir='ltr' id='par_1_33' title="bbox 966 781 1752 817">
     <span class='ocr_line' id='line_1_33' title="bbox 966 781 1752 817; baseline 0 -9"><span class='ocrx_word' id='word_1_217' title='bbox 966 786 1080 816; x_wconf 77' lang='lat' dir='ltr'><strong>tempore</strong></span> <span class='ocrx_word' id='word_1_218' title='bbox 1091 781 1258 809; x_wconf 85' lang='lat' dir='ltr'><strong>celebratum</strong></span> <span class='ocrx_word' id='word_1_219' title='bbox 1274 781 1409 808; x_wconf 76' lang='lat' dir='ltr'><strong>aﬂirmat?</strong></span> <span class='ocrx_word' id='word_1_220' title='bbox 1424 781 1476 809; x_wconf 86' lang='lat' dir='ltr'><strong>Sed</strong></span> <span class='ocrx_word' id='word_1_221' title='bbox 1493 786 1521 809; x_wconf 87' lang='lat' dir='ltr'><strong>et</strong></span> <span class='ocrx_word' id='word_1_222' title='bbox 1535 790 1597 809; x_wconf 91' lang='lat' dir='ltr'><strong>cum</strong></span> <span class='ocrx_word' id='word_1_223' title='bbox 1617 781 1653 809; x_wconf 90' lang='lat' dir='ltr'><strong>ita</strong></span> <span class='ocrx_word' id='word_1_224' title='bbox 1666 782 1752 817; x_wconf 78' lang='lat' dir='ltr'><strong>loqui-</strong></span> 
     </span>
    </p>
   </div>
   <div class='ocr_carea' id='block_1_34' title="bbox 964 826 1750 862">
    <p class='ocr_par' dir='ltr' id='par_1_34' title="bbox 964 826 1750 862">
     <span class='ocr_line' id='line_1_34' title="bbox 964 826 1750 862; baseline 0 -8"><span class='ocrx_word' id='word_1_225' title='bbox 964 832 1024 860; x_wconf 90' lang='lat' dir='ltr'><strong>tur,</strong></span> <span class='ocrx_word' id='word_1_226' title='bbox 1045 826 1117 854; x_wconf 84' lang='lat' dir='ltr'><strong>Tunc</strong></span> <span class='ocrx_word' id='word_1_227' title='bbox 1143 835 1200 854; x_wconf 83' lang='lat' dir='ltr'><strong>cum</strong></span> <span class='ocrx_word' id='word_1_228' title='bbox 1219 826 1348 854; x_wconf 77' lang='lat' dir='ltr'><strong>Photinus</strong></span> <span class='ocrx_word' id='word_1_229' title='bbox 1375 828 1528 862; x_wconf 72' lang='lat' dir='ltr'><strong>episcopatu</strong></span> <span class='ocrx_word' id='word_1_230' title='bbox 1550 828 1665 862; x_wconf 87' lang='lat' dir='ltr'><strong>dejectus</strong></span> <span class='ocrx_word' id='word_1_231' title='bbox 1689 833 1750 859; x_wconf 75' lang='lat' dir='ltr'><strong>est;</strong></span> 
     </span>
    </p>
   </div>
   <div class='ocr_carea' id='block_1_35' title="bbox 967 873 1752 908">
    <p class='ocr_par' dir='ltr' id='par_1_35' title="bbox 967 873 1752 908">
     <span class='ocr_line' id='line_1_35' title="bbox 967 873 1752 908; baseline 0 -8"><span class='ocrx_word' id='word_1_232' title='bbox 967 874 1086 908; x_wconf 86' lang='lat' dir='ltr'><strong>itemque</strong></span> <span class='ocrx_word' id='word_1_233' title='bbox 1104 880 1167 900; x_wconf 83' lang='lat' dir='ltr'><strong>eum</strong></span> <span class='ocrx_word' id='word_1_234' title='bbox 1188 873 1386 908; x_wconf 81' lang='lat' dir='ltr'><strong>expositionem</strong></span> <span class='ocrx_word' id='word_1_235' title='bbox 1408 873 1469 900; x_wconf 83' lang='lat' dir='ltr'><strong>tidei</strong></span> <span class='ocrx_word' id='word_1_236' title='bbox 1489 877 1585 900; x_wconf 85' lang='lat' dir='ltr'><strong>contra</strong></span> <span class='ocrx_word' id='word_1_237' title='bbox 1605 874 1752 901; x_wconf 82' lang='lat' dir='ltr'><strong>Photinutn</strong></span> 
     </span>
    </p>
   </div>
   <div class='ocr_carea' id='block_1_36' title="bbox 965 917 1750 953">
    <p class='ocr_par' dir='ltr' id='par_1_36' title="bbox 965 917 1750 953">
     <span class='ocr_line' id='line_1_36' title="bbox 965 917 1750 953; baseline 0 -7"><span class='ocrx_word' id='word_1_238' title='bbox 965 918 1095 953; x_wconf 87' lang='lat' dir='ltr'><strong>scriptam</strong></span> <span class='ocrx_word' id='word_1_239' title='bbox 1115 917 1266 952; x_wconf 78' lang='lat' dir='ltr'><strong>explicans,</strong></span> <span class='ocrx_word' id='word_1_240' title='bbox 1285 917 1327 944; x_wconf 88' lang='lat' dir='ltr'><strong>his</strong></span> <span class='ocrx_word' id='word_1_241' title='bbox 1345 918 1434 945; x_wconf 81' lang='lat' dir='ltr'><strong>verbis</strong></span> <span class='ocrx_word' id='word_1_242' title='bbox 1450 918 1577 946; x_wconf 86' lang='lat' dir='ltr'><strong>orditur:</strong></span> <span class='ocrx_word' id='word_1_243' title='bbox 1598 918 1750 946; x_wconf 68' lang='lat' dir='ltr'><strong>Necessitas</strong></span> 
     </span>
    </p>
   </div>
   <div class='ocr_carea' id='block_1_37' title="bbox 130 961 1753 1000">
    <p class='ocr_par' dir='ltr' id='par_1_37' title="bbox 130 961 1753 1000">
     <span class='ocr_line' id='line_1_37' title="bbox 130 961 1753 1000; baseline -0.001 -7"><span class='ocrx_word' id='word_1_244' title='bbox 130 970 188 996; x_wconf 87' lang='lat' dir='ltr'><strong>rior</strong></span> <span class='ocrx_word' id='word_1_245' title='bbox 203 972 246 995; x_wconf 86' lang='lat' dir='ltr'><strong>est</strong></span> <span class='ocrx_word' id='word_1_246' title='bbox 259 967 360 994; x_wconf 84' lang='lat' dir='ltr'><strong>emissa</strong></span> <span class='ocrx_word' id='word_1_247' title='bbox 375 964 509 995; x_wconf 72' lang='lat' dir='ltr'><strong>formultt,</strong></span> <span class='ocrx_word' id='word_1_248' title='bbox 527 970 615 998; x_wconf 84' lang='lat' dir='ltr'><strong>neque</strong></span> <span class='ocrx_word' id='word_1_249' title='bbox 632 961 783 989; x_wconf 74' lang='lat' dir='ltr'><strong>EudOXium</strong></span> <span class='ocrx_word' id='word_1_250' title='bbox 794 980 802 992; x_wconf 68' lang='grc' dir='ltr'><strong>ν</strong></span> <span class='ocrx_word' id='word_1_251' title='bbox 828 967 916 994; x_wconf 83' lang='lat' dir='ltr'><strong>neque</strong></span> <span class='ocrx_word' id='word_1_252' title='bbox 965 969 989 991; x_wconf 89' lang='lat' dir='ltr'><strong>et</strong></span> <span class='ocrx_word' id='word_1_253' title='bbox 1008 969 1106 998; x_wconf 75' lang='lat' dir='ltr'><strong>tempus</strong></span> <span class='ocrx_word' id='word_1_254' title='bbox 1134 963 1270 990; x_wconf 80' lang='lat' dir='ltr'><strong>admonuit</strong></span> <span class='ocrx_word' id='word_1_255' title='bbox 1287 971 1348 994; x_wconf 75' lang='lat' dir='ltr'><strong>eos,</strong></span> <span class='ocrx_word' id='word_1_256' title='bbox 1376 964 1420 998; x_wconf 79' lang='lat' dir='ltr'><strong>qui</strong></span> <span class='ocrx_word' id='word_1_257' title='bbox 1436 966 1490 990; x_wconf 79' lang='lat' dir='ltr'><strong>tum</strong></span> <span class='ocrx_word' id='word_1_258' title='bbox 1513 963 1684 992; x_wconf 76' lang='lat' dir='ltr'><strong>convenerant</strong></span> <span class='ocrx_word' id='word_1_259' title='bbox 1707 974 1753 1000; x_wconf 66' lang='lat' dir='ltr'><strong>per</strong></span> 
     </span>
    </p>
   </div>
   <div class='ocr_carea' id='block_1_38' title="bbox 130 1005 916 1045">
    <p class='ocr_par' dir='ltr' id='par_1_38' title="bbox 130 1005 916 1045">
     <span class='ocr_line' id='line_1_38' title="bbox 130 1005 916 1045; baseline -0.013 -3"><span class='ocrx_word' id='word_1_260' title='bbox 130 1014 261 1042; x_wconf 81' lang='lat' dir='ltr'><strong>Basiliam</strong></span> <span class='ocrx_word' id='word_1_261' title='bbox 278 1016 326 1039; x_wconf 86' lang='lat' dir='ltr'><strong>aut</strong></span> <span class='ocrx_word' id='word_1_262' title='bbox 339 1009 486 1045; x_wconf 75' lang='lat' dir='ltr'><strong>Georgium</strong></span> <span class='ocrx_word' id='word_1_263' title='bbox 505 1008 592 1036; x_wconf 80' lang='lat' dir='ltr'><strong>fuisse</strong></span> <span class='ocrx_word' id='word_1_264' title='bbox 607 1007 700 1034; x_wconf 89' lang='lat' dir='ltr'><strong>Sirtnii</strong></span> <span class='ocrx_word' id='word_1_265' title='bbox 717 1015 724 1034; x_wconf 91' lang='lat'><strong>:</strong></span> <span class='ocrx_word' id='word_1_266' title='bbox 742 1005 916 1042; x_wconf 82' lang='lat' dir='ltr'><strong>quandoqui-</strong></span> 
     </span>
    </p>
   </div>
   <div class='ocr_carea' id='block_1_39' title="bbox 129 1051 918 1089">
    <p class='ocr_par' dir='ltr' id='par_1_39' title="bbox 129 1051 918 1089">
     <span class='ocr_line' id='line_1_39' title="bbox 129 1051 918 1089; baseline -0.014 0"><span class='ocrx_word' id='word_1_267' title='bbox 129 1062 194 1089; x_wconf 90' lang='lat' dir='ltr'><strong>dem</strong></span> <span class='ocrx_word' id='word_1_268' title='bbox 215 1058 358 1087; x_wconf 79' lang='lat' dir='ltr'><strong>Eudoxius</strong></span> <span class='ocrx_word' id='word_1_269' title='bbox 379 1061 406 1084; x_wconf 86' lang='lat' dir='ltr'><strong>et</strong></span> <span class='ocrx_word' id='word_1_270' title='bbox 423 1056 468 1082; x_wconf 86' lang='lat' dir='ltr'><strong>alii</strong></span> <span class='ocrx_word' id='word_1_271' title='bbox 487 1055 522 1082; x_wconf 91' lang='lat' dir='ltr'><strong>ob</strong></span> <span class='ocrx_word' id='word_1_272' title='bbox 539 1058 679 1088; x_wconf 82' lang='lat' dir='ltr'><strong>acceptam</strong></span> <span class='ocrx_word' id='word_1_273' title='bbox 696 1053 782 1084; x_wconf 83' lang='lat' dir='ltr'><strong>illaut,</strong></span> <span class='ocrx_word' id='word_1_274' title='bbox 802 1051 918 1079; x_wconf 83' lang='lat' dir='ltr'><strong>Sirmio-</strong></span> 
     </span>
    </p>
   </div>
   <div class='ocr_carea' id='block_1_40' title="bbox 130 1097 916 1142">
    <p class='ocr_par' dir='ltr' id='par_1_40' title="bbox 130 1097 916 1142">
     <span class='ocr_line' id='line_1_40' title="bbox 130 1097 916 1142; baseline -0.011 -9"><span class='ocrx_word' id='word_1_275' title='bbox 130 1114 184 1142; x_wconf 85' lang='lat' dir='ltr'><strong>que</strong></span> <span class='ocrx_word' id='word_1_276' title='bbox 207 1105 340 1135; x_wconf 85' lang='lat' dir='ltr'><strong>missam,</strong></span> <span class='ocrx_word' id='word_1_277' title='bbox 362 1107 390 1130; x_wconf 88' lang='lat' dir='ltr'><strong>et</strong></span> <span class='ocrx_word' id='word_1_278' title='bbox 407 1109 422 1129; x_wconf 84' lang='lat' dir='ltr'><strong>a</strong></span> <span class='ocrx_word' id='word_1_279' title='bbox 446 1101 512 1129; x_wconf 85' lang='lat' dir='ltr'><strong>solis</strong></span> <span class='ocrx_word' id='word_1_280' title='bbox 537 1100 664 1127; x_wconf 84' lang='lat' dir='ltr'><strong>videlicet</strong></span> <span class='ocrx_word' id='word_1_281' title='bbox 685 1097 916 1129; x_wconf 83' lang='lat' dir='ltr'><strong>Occidentalibus,</strong></span> 
     </span>
    </p>
   </div>
   <div class='ocr_carea' id='block_1_41' title="bbox 131 1145 918 1185">
    <p class='ocr_par' dir='ltr' id='par_1_41' title="bbox 131 1145 918 1185">
     <span class='ocr_line' id='line_1_41' title="bbox 131 1145 918 1185; baseline -0.011 -6"><span class='ocrx_word' id='word_1_282' title='bbox 131 1152 248 1185; x_wconf 83' lang='lat' dir='ltr'><strong>ideoque</strong></span> <span class='ocrx_word' id='word_1_283' title='bbox 277 1148 373 1176; x_wconf 79' lang='lat' dir='ltr'><strong>Latine</strong></span> <span class='ocrx_word' id='word_1_284' title='bbox 399 1150 576 1181; x_wconf 84' lang='lat' dir='ltr'><strong>conceptam,</strong></span> <span class='ocrx_word' id='word_1_285' title='bbox 606 1145 707 1180; x_wconf 75' lang='lat' dir='ltr'><strong>gratias</strong></span> <span class='ocrx_word' id='word_1_286' title='bbox 734 1147 849 1179; x_wconf 77' lang='lat' dir='ltr'><strong>egerunt</strong></span> <span class='ocrx_word' id='word_1_287' title='bbox 871 1150 918 1177; x_wconf 87' lang='lat' dir='ltr'><strong>per</strong></span> 
     </span>
    </p>
   </div>
   <div class='ocr_carea' id='block_1_42' title="bbox 129 1189 918 1230">
    <p class='ocr_par' dir='ltr' id='par_1_42' title="bbox 129 1189 918 1230">
     <span class='ocr_line' id='line_1_42' title="bbox 129 1189 918 1230; baseline -0.011 -6"><span class='ocrx_word' id='word_1_288' title='bbox 129 1198 236 1225; x_wconf 77' lang='lat' dir='ltr'><strong>litteras</strong></span> <span class='ocrx_word' id='word_1_289' title='bbox 253 1205 258 1222; x_wconf 95' lang='lat'><strong>:</strong></span> <span class='ocrx_word' id='word_1_290' title='bbox 277 1194 429 1230; x_wconf 79' lang='grc' dir='ltr'>Πρόφασιν,</span> <span class='ocrx_word' id='word_1_291' title='bbox 448 1192 550 1227; x_wconf 82' lang='lat' dir='ltr'><strong>inquit,</strong></span> <span class='ocrx_word' id='word_1_292' title='bbox 576 1190 753 1225; x_wconf 79' lang='grc' dir='ltr'><strong>ποιούμενος,</strong></span> <span class='ocrx_word' id='word_1_293' title='bbox 770 1189 809 1221; x_wconf 79' lang='grc' dir='ltr'><strong>ὡς</strong></span> <span class='ocrx_word' id='word_1_294' title='bbox 828 1189 875 1216; x_wconf 79' lang='grc' dir='ltr'><strong>καὶ</strong></span> <span class='ocrx_word' id='word_1_295' title='bbox 894 1189 918 1215; x_wconf 78' lang='lat' dir='ltr'><strong>oi</strong></span> 
     </span>
    </p>
   </div>
   <div class='ocr_carea' id='block_1_43' title="bbox 131 1237 919 1273">
    <p class='ocr_par' dir='ltr' id='par_1_43' title="bbox 131 1237 919 1273">
     <span class='ocr_line' id='line_1_43' title="bbox 131 1237 919 1273; baseline -0.01 -3"><span class='ocrx_word' id='word_1_296' title='bbox 131 1243 184 1270; x_wconf 79' lang='grc' dir='ltr'><strong>ἀνὰ</strong></span> <span class='ocrx_word' id='word_1_297' title='bbox 198 1243 279 1269; x_wconf 83' lang='grc' dir='ltr'><strong>Δύσιν</strong></span> <span class='ocrx_word' id='word_1_298' title='bbox 294 1241 437 1268; x_wconf 76' lang='grc' dir='ltr'><strong>ἐπίσκοποι</strong></span> <span class='ocrx_word' id='word_1_299' title='bbox 451 1238 537 1265; x_wconf 78' lang='grc' dir='ltr'><strong>ταῦτα.</strong></span> <span class='ocrx_word' id='word_1_300' title='bbox 556 1238 731 1273; x_wconf 67' lang='grc' dir='ltr'><strong>ἐψηφίσαντο.</strong></span> <span class='ocrx_word' id='word_1_301' title='bbox 753 1239 809 1264; x_wconf 82' lang='lat' dir='ltr'><strong>Hoc</strong></span> <span class='ocrx_word' id='word_1_302' title='bbox 833 1237 919 1270; x_wconf 81' lang='lat' dir='ltr'><strong>ipsum</strong></span> 
     </span>
    </p>
   </div>
   <div class='ocr_carea' id='block_1_44' title="bbox 131 1283 919 1324">
    <p class='ocr_par' dir='ltr' id='par_1_44' title="bbox 131 1283 919 1324">
     <span class='ocr_line' id='line_1_44' title="bbox 131 1283 919 1324; baseline -0.01 -7"><span class='ocrx_word' id='word_1_303' title='bbox 131 1291 167 1317; x_wconf 84' lang='lat' dir='ltr'><strong>ad</strong></span> <span class='ocrx_word' id='word_1_304' title='bbox 178 1288 319 1324; x_wconf 78' lang='lat' dir='ltr'><strong>impietatis</strong></span> <span class='ocrx_word' id='word_1_305' title='bbox 331 1295 386 1315; x_wconf 78' lang='lat' dir='ltr'><strong>sua:</strong></span> <span class='ocrx_word' id='word_1_306' title='bbox 397 1286 574 1322; x_wconf 82' lang='lat' dir='ltr'><strong>patrocinium</strong></span> <span class='ocrx_word' id='word_1_307' title='bbox 583 1284 711 1320; x_wconf 65' lang='lat' dir='ltr'><strong>allegant,</strong></span> <span class='ocrx_word' id='word_1_308' title='bbox 721 1283 791 1319; x_wconf 78' lang='lat' dir='ltr'><strong>quod</strong></span> <span class='ocrx_word' id='word_1_309' title='bbox 801 1283 919 1310; x_wconf 83' lang='lat' dir='ltr'><strong>eamdem</strong></span> 
     </span>
    </p>
   </div>
   <div class='ocr_carea' id='block_1_45' title="bbox 133 1329 920 1369">
    <p class='ocr_par' dir='ltr' id='par_1_45' title="bbox 133 1329 920 1369">
     <span class='ocr_line' id='line_1_45' title="bbox 133 1329 920 1369; baseline -0.011 -6"><span class='ocrx_word' id='word_1_310' title='bbox 133 1335 213 1369; x_wconf 77' lang='lat' dir='ltr'><strong>ﬁderit</strong></span> <span class='ocrx_word' id='word_1_311' title='bbox 225 1333 408 1361; x_wconf 72' lang='lat' dir='ltr'><strong>Occidentales</strong></span> <span class='ocrx_word' id='word_1_312' title='bbox 422 1331 547 1367; x_wconf 75' lang='lat' dir='ltr'><strong>profestsi</strong></span> <span class='ocrx_word' id='word_1_313' title='bbox 561 1330 681 1365; x_wconf 71' lang='lat' dir='ltr'><strong>fuissent.</strong></span> <span class='ocrx_word' id='word_1_314' title='bbox 696 1329 759 1357; x_wconf 75' lang='lat' dir='ltr'><strong>Mox</strong></span> <span class='ocrx_word' id='word_1_315' title='bbox 772 1337 778 1356; x_wconf 90' lang='lat'>:</span> <span class='ocrx_word' id='word_1_316' title='bbox 795 1329 920 1355; x_wconf 81' lang='grc' dir='ltr'><strong>Ἐπιστο-</strong></span> 
     </span>
    </p>
   </div>
   <div class='ocr_carea' id='block_1_46' title="bbox 132 1375 920 1418">
    <p class='ocr_par' dir='ltr' id='par_1_46' title="bbox 132 1375 920 1418">
     <span class='ocr_line' id='line_1_46' title="bbox 132 1375 920 1418; baseline -0.009 -10"><span class='ocrx_word' id='word_1_317' title='bbox 132 1383 182 1418; x_wconf 70' lang='grc' dir='ltr'><strong>λὴν</strong></span> <span class='ocrx_word' id='word_1_318' title='bbox 194 1381 263 1417; x_wconf 68' lang='grc' dir='ltr'><strong>πρὸς</strong></span> <span class='ocrx_word' id='word_1_319' title='bbox 275 1379 373 1412; x_wconf 74' lang='grc' dir='ltr'><strong>αὐτοὺς</strong></span> <span class='ocrx_word' id='word_1_320' title='bbox 383 1378 578 1414; x_wconf 70' lang='grc' dir='ltr'><strong>διεπέμψαντο,</strong></span> <span class='ocrx_word' id='word_1_321' title='bbox 593 1377 724 1404; x_wconf 79' lang='grc' dir='ltr'><strong>οὺάλεντι</strong></span> <span class='ocrx_word' id='word_1_322' title='bbox 751 1375 798 1403; x_wconf 71' lang='grc' dir='ltr'><strong>καὶ</strong></span> <span class='ocrx_word' id='word_1_323' title='bbox 813 1375 920 1410; x_wconf 66' lang='lat' dir='ltr'><strong>0696a-</strong></span> 
     </span>
    </p>
   </div>
   <div class='ocr_carea' id='block_1_47' title="bbox 133 1419 921 1462">
    <p class='ocr_par' dir='ltr' id='par_1_47' title="bbox 133 1419 921 1462">
     <span class='ocr_line' id='line_1_47' title="bbox 133 1419 921 1462; baseline -0.009 -9"><span class='ocrx_word' id='word_1_324' title='bbox 133 1428 186 1462; x_wconf 76' lang='grc' dir='ltr'><strong>κὶῳ</strong></span> <span class='ocrx_word' id='word_1_325' title='bbox 196 1426 243 1453; x_wconf 74' lang='grc' dir='ltr'><strong>καὶ</strong></span> <span class='ocrx_word' id='word_1_326' title='bbox 255 1424 398 1461; x_wconf 77' lang='grc' dir='ltr'><strong>Γερμανὶῳ</strong></span> <span class='ocrx_word' id='word_1_327' title='bbox 409 1424 486 1459; x_wconf 79' lang='grc' dir='ltr'><strong>χάριν</strong></span> <span class='ocrx_word' id='word_1_328' title='bbox 495 1422 700 1459; x_wconf 79' lang='grc' dir='ltr'><strong>ὁμολογοῦντες,</strong></span> <span class='ocrx_word' id='word_1_329' title='bbox 710 1421 758 1449; x_wconf 71' lang='grc' dir='ltr'><strong>καὶ</strong></span> <span class='ocrx_word' id='word_1_330' title='bbox 771 1420 818 1448; x_wconf 74' lang='grc' dir='ltr'><strong>τοῦ</strong></span> <span class='ocrx_word' id='word_1_331' title='bbox 832 1419 921 1456; x_wconf 77' lang='grc' dir='ltr'>ὀρθῶς</span> 
     </span>
    </p>
   </div>
   <div class='ocr_carea' id='block_1_48' title="bbox 132 1463 922 1505">
    <p class='ocr_par' dir='ltr' id='par_1_48' title="bbox 132 1463 922 1505">
     <span class='ocr_line' id='line_1_48' title="bbox 132 1463 922 1505; baseline -0.006 -6"><span class='ocrx_word' id='word_1_332' title='bbox 132 1472 257 1505; x_wconf 78' lang='grc' dir='ltr'><strong>δοξάζειν</strong></span> <span class='ocrx_word' id='word_1_333' title='bbox 273 1471 336 1502; x_wconf 71' lang='grc' dir='ltr'><strong>τοὺς</strong></span> <span class='ocrx_word' id='word_1_334' title='bbox 349 1471 377 1497; x_wconf 83' lang='grc' dir='ltr'>ὲν</span> <span class='ocrx_word' id='word_1_335' title='bbox 395 1471 427 1505; x_wconf 78' lang='grc' dir='ltr'><strong>τῇ</strong></span> <span class='ocrx_word' id='word_1_336' title='bbox 439 1469 518 1495; x_wconf 83' lang='grc' dir='ltr'><strong>Δύσει</strong></span> <span class='ocrx_word' id='word_1_337' title='bbox 535 1468 584 1500; x_wconf 84' lang='grc' dir='ltr'><strong>τὰς</strong></span> <span class='ocrx_word' id='word_1_338' title='bbox 603 1467 731 1503; x_wconf 70' lang='grc' dir='ltr'><strong>ἀφορμὰς</strong></span> <span class='ocrx_word' id='word_1_339' title='bbox 747 1463 838 1499; x_wconf 72' lang='grc' dir='ltr'><strong>αὺτὰἰς</strong></span> <span class='ocrx_word' id='word_1_340' title='bbox 855 1467 922 1494; x_wconf 78' lang='grc' dir='ltr'><strong>ἀνα-</strong></span> 
     </span>
    </p>
   </div>
   <div class='ocr_carea' id='block_1_49' title="bbox 133 1512 921 1550">
    <p class='ocr_par' dir='ltr' id='par_1_49' title="bbox 133 1512 921 1550">
     <span class='ocr_line' id='line_1_49' title="bbox 133 1512 921 1550; baseline -0.008 -5"><span class='ocrx_word' id='word_1_341' title='bbox 133 1518 266 1549; x_wconf 76' lang='grc' dir='ltr'><strong>τιθέντες.</strong></span> <span class='ocrx_word' id='word_1_342' title='bbox 276 1516 338 1544; x_wconf 73' lang='lat' dir='ltr'><strong>Haec</strong></span> <span class='ocrx_word' id='word_1_343' title='bbox 350 1516 453 1549; x_wconf 88' lang='lat' dir='ltr'><strong>omnia,</strong></span> <span class='ocrx_word' id='word_1_344' title='bbox 461 1514 534 1550; x_wconf 89' lang='lat' dir='ltr'><strong>quod</strong></span> <span class='ocrx_word' id='word_1_345' title='bbox 543 1518 570 1542; x_wconf 87' lang='lat' dir='ltr'><strong>et</strong></span> <span class='ocrx_word' id='word_1_346' title='bbox 583 1515 617 1542; x_wconf 91' lang='lat' dir='ltr'><strong>ab</strong></span> <span class='ocrx_word' id='word_1_347' title='bbox 625 1513 772 1541; x_wconf 71' lang='lat' dir='ltr'><strong>Occidente</strong></span> <span class='ocrx_word' id='word_1_348' title='bbox 782 1518 809 1540; x_wconf 87' lang='lat' dir='ltr'><strong>et</strong></span> <span class='ocrx_word' id='word_1_349' title='bbox 824 1513 858 1540; x_wconf 90' lang='lat' dir='ltr'><strong>ab</strong></span> <span class='ocrx_word' id='word_1_350' title='bbox 869 1512 921 1540; x_wconf 84' lang='lat' dir='ltr'><strong>0e-</strong></span> 
     </span>
    </p>
   </div>
   <div class='ocr_carea' id='block_1_50' title="bbox 132 1558 921 1598">
    <p class='ocr_par' dir='ltr' id='par_1_50' title="bbox 132 1558 921 1598">
     <span class='ocr_line' id='line_1_50' title="bbox 132 1558 921 1598; baseline -0.008 -6"><span class='ocrx_word' id='word_1_351' title='bbox 132 1564 317 1593; x_wconf 60' lang='lat' dir='ltr'><strong>citlentalibus</strong></span> <span class='ocrx_word' id='word_1_352' title='bbox 330 1562 466 1598; x_wconf 76' lang='lat' dir='ltr'><strong>episcopis</strong></span> <span class='ocrx_word' id='word_1_353' title='bbox 482 1561 558 1593; x_wconf 84' lang='lat' dir='ltr'><strong>Osio,</strong></span> <span class='ocrx_word' id='word_1_354' title='bbox 574 1560 697 1593; x_wconf 83' lang='lat' dir='ltr'><strong>Valente,</strong></span> <span class='ocrx_word' id='word_1_355' title='bbox 712 1565 794 1594; x_wconf 88' lang='lat' dir='ltr'><strong>atque</strong></span> <span class='ocrx_word' id='word_1_356' title='bbox 806 1558 921 1587; x_wconf 88' lang='lat' dir='ltr'><strong>Ursacio</strong></span> 
     </span>
    </p>
   </div>
   <div class='ocr_carea' id='block_1_51' title="bbox 135 1603 921 1642">
    <p class='ocr_par' dir='ltr' id='par_1_51' title="bbox 135 1603 921 1642">
     <span class='ocr_line' id='line_1_51' title="bbox 135 1603 921 1642; baseline -0.01 -4"><span class='ocrx_word' id='word_1_357' title='bbox 135 1611 231 1642; x_wconf 88' lang='lat' dir='ltr'><strong>missa,</strong></span> <span class='ocrx_word' id='word_1_358' title='bbox 242 1613 270 1637; x_wconf 87' lang='lat' dir='ltr'><strong>et</strong></span> <span class='ocrx_word' id='word_1_359' title='bbox 287 1609 314 1636; x_wconf 92' lang='lat' dir='ltr'><strong>in</strong></span> <span class='ocrx_word' id='word_1_360' title='bbox 328 1606 545 1636; x_wconf 78' lang='lat' dir='ltr'><strong>Occidentalium</strong></span> <span class='ocrx_word' id='word_1_361' title='bbox 558 1606 672 1641; x_wconf 74' lang='lat' dir='ltr'><strong>gratiam</strong></span> <span class='ocrx_word' id='word_1_362' title='bbox 686 1604 841 1639; x_wconf 86' lang='lat' dir='ltr'><strong>conscripta</strong></span> <span class='ocrx_word' id='word_1_363' title='bbox 857 1603 921 1631; x_wconf 86' lang='lat' dir='ltr'><strong>ﬁdei</strong></span> 
     </span>
    </p>
   </div>
   <div class='ocr_carea' id='block_1_52' title="bbox 131 1648 921 1690">
    <p class='ocr_par' dir='ltr' id='par_1_52' title="bbox 131 1648 921 1690">
     <span class='ocr_line' id='line_1_52' title="bbox 131 1648 921 1690; baseline -0.009 -8"><span class='ocrx_word' id='word_1_364' title='bbox 131 1654 270 1690; x_wconf 75' lang='lat' dir='ltr'><strong>expOsitio</strong></span> <span class='ocrx_word' id='word_1_365' title='bbox 279 1653 394 1684; x_wconf 85' lang='lat' dir='ltr'><strong>dicatur,</strong></span> <span class='ocrx_word' id='word_1_366' title='bbox 402 1652 469 1679; x_wconf 83' lang='lat' dir='ltr'><strong>satis</strong></span> <span class='ocrx_word' id='word_1_367' title='bbox 478 1651 599 1679; x_wconf 88' lang='lat' dir='ltr'><strong>indicant</strong></span> <span class='ocrx_word' id='word_1_368' title='bbox 608 1651 662 1678; x_wconf 90' lang='lat' dir='ltr'><strong>alio</strong></span> <span class='ocrx_word' id='word_1_369' title='bbox 672 1657 754 1684; x_wconf 80' lang='lat' dir='ltr'><strong>quam</strong></span> <span class='ocrx_word' id='word_1_370' title='bbox 762 1648 921 1677; x_wconf 73' lang='lat' dir='ltr'><strong>Sirmio-sis</strong></span> 
     </span>
    </p>
   </div>
   <div class='ocr_carea' id='block_1_53' title="bbox 133 1695 921 1739">
    <p class='ocr_par' dir='ltr' id='par_1_53' title="bbox 133 1695 921 1739">
     <span class='ocr_line' id='line_1_53' title="bbox 133 1695 921 1739; baseline -0.01 -10"><span class='ocrx_word' id='word_1_371' title='bbox 133 1701 232 1737; x_wconf 85' lang='lat' dir='ltr'><strong>synodi</strong></span> <span class='ocrx_word' id='word_1_372' title='bbox 243 1705 364 1739; x_wconf 80' lang='lat' dir='ltr'><strong>tempore</strong></span> <span class='ocrx_word' id='word_1_373' title='bbox 376 1698 460 1726; x_wconf 85' lang='lat' dir='ltr'><strong>fuisse</strong></span> <span class='ocrx_word' id='word_1_374' title='bbox 472 1701 635 1725; x_wconf 79' lang='lat' dir='ltr'><strong>contextam.</strong></span> <span class='ocrx_word' id='word_1_375' title='bbox 649 1695 713 1723; x_wconf 88' lang='lat' dir='ltr'><strong>Fuit</strong></span> <span class='ocrx_word' id='word_1_376' title='bbox 725 1695 797 1723; x_wconf 90' lang='lat' dir='ltr'><strong>enim</strong></span> <span class='ocrx_word' id='word_1_377' title='bbox 809 1702 862 1722; x_wconf 91' lang='lat' dir='ltr'><strong>non</strong></span> <span class='ocrx_word' id='word_1_378' title='bbox 875 1702 921 1722; x_wconf 88' lang='lat' dir='ltr'><strong>so-</strong></span> 
     </span>
    </p>
   </div>
   <div class='ocr_carea' id='block_1_54' title="bbox 135 1740 922 1782">
    <p class='ocr_par' dir='ltr' id='par_1_54' title="bbox 135 1740 922 1782">
     <span class='ocr_line' id='line_1_54' title="bbox 135 1740 922 1782; baseline -0.01 -8"><span class='ocrx_word' id='word_1_379' title='bbox 135 1747 193 1775; x_wconf 85' lang='lat' dir='ltr'><strong>.‘um</strong></span> <span class='ocrx_word' id='word_1_380' title='bbox 206 1745 341 1782; x_wconf 78' lang='lat' dir='ltr'><strong>generalis</strong></span> <span class='ocrx_word' id='word_1_381' title='bbox 354 1744 404 1772; x_wconf 86' lang='lat' dir='ltr'><strong>ista</strong></span> <span class='ocrx_word' id='word_1_382' title='bbox 417 1743 549 1779; x_wconf 69' lang='lat' dir='ltr'><strong>synodus;</strong></span> <span class='ocrx_word' id='word_1_383' title='bbox 558 1742 605 1770; x_wconf 86' lang='lat' dir='ltr'><strong>sed</strong></span> <span class='ocrx_word' id='word_1_384' title='bbox 618 1742 652 1770; x_wconf 89' lang='lat' dir='ltr'><strong>ab</strong></span> <span class='ocrx_word' id='word_1_385' title='bbox 659 1740 844 1769; x_wconf 86' lang='lat' dir='ltr'><strong>Orientalibus</strong></span> <span class='ocrx_word' id='word_1_386' title='bbox 855 1747 922 1775; x_wconf 54' lang='lat' dir='ltr'><strong>pra,»</strong></span> 
     </span>
    </p>
   </div>
   <div class='ocr_carea' id='block_1_55' title="bbox 136 1786 922 1826">
    <p class='ocr_par' dir='ltr' id='par_1_55' title="bbox 136 1786 922 1826">
     <span class='ocr_line' id='line_1_55' title="bbox 136 1786 922 1826; baseline -0.01 -5"><span class='ocrx_word' id='word_1_387' title='bbox 136 1793 245 1825; x_wconf 86' lang='lat' dir='ltr'><strong>sertim,</strong></span> <span class='ocrx_word' id='word_1_388' title='bbox 262 1786 419 1826; x_wconf 61' lang='lat' dir='ltr'><strong>Graecisque</strong></span> <span class='ocrx_word' id='word_1_389' title='bbox 438 1789 573 1817; x_wconf 81' lang='lat' dir='ltr'><strong>celebrata</strong></span> <span class='ocrx_word' id='word_1_390' title='bbox 589 1797 596 1816; x_wconf 88' lang='lat'><strong>:</strong></span> <span class='ocrx_word' id='word_1_391' title='bbox 617 1795 633 1816; x_wconf 85' lang='lat' dir='ltr'><strong>a</strong></span> <span class='ocrx_word' id='word_1_392' title='bbox 647 1788 747 1823; x_wconf 88' lang='lat' dir='ltr'><strong>quibus</strong></span> <span class='ocrx_word' id='word_1_393' title='bbox 763 1795 820 1822; x_wconf 66' lang='lat' dir='ltr'><strong>prie</strong></span> <span class='ocrx_word' id='word_1_394' title='bbox 842 1791 922 1814; x_wconf 75' lang='lat' dir='ltr'><strong>caete-</strong></span> 
     </span>
    </p>
   </div>
   <div class='ocr_carea' id='block_1_56' title="bbox 136 1832 922 1871">
    <p class='ocr_par' dir='ltr' id='par_1_56' title="bbox 136 1832 922 1871">
     <span class='ocr_line' id='line_1_56' title="bbox 136 1832 922 1871; baseline -0.009 -6"><span class='ocrx_word' id='word_1_395' title='bbox 136 1839 186 1871; x_wconf 86' lang='lat' dir='ltr'><strong>ris,</strong></span> <span class='ocrx_word' id='word_1_396' title='bbox 203 1841 233 1864; x_wconf 91' lang='lat' dir='ltr'><strong>ut</strong></span> <span class='ocrx_word' id='word_1_397' title='bbox 248 1836 351 1864; x_wconf 89' lang='lat' dir='ltr'><strong>dictum</strong></span> <span class='ocrx_word' id='word_1_398' title='bbox 371 1839 423 1867; x_wconf 89' lang='lat' dir='ltr'><strong>est,</strong></span> <span class='ocrx_word' id='word_1_399' title='bbox 443 1833 553 1861; x_wconf 79' lang='lat' dir='ltr'><strong>Photini</strong></span> <span class='ocrx_word' id='word_1_400' title='bbox 576 1841 653 1861; x_wconf 89' lang='lat' dir='ltr'><strong>error</strong></span> <span class='ocrx_word' id='word_1_401' title='bbox 672 1832 838 1868; x_wconf 88' lang='lat' dir='ltr'><strong>disputando</strong></span> <span class='ocrx_word' id='word_1_402' title='bbox 854 1839 922 1859; x_wconf 90' lang='lat' dir='ltr'><strong>cou-</strong></span> 
     </span>
    </p>
   </div>
   <div class='ocr_carea' id='block_1_57' title="bbox 138 1878 921 1912">
    <p class='ocr_par' dir='ltr' id='par_1_57' title="bbox 138 1878 921 1912">
     <span class='ocr_line' id='line_1_57' title="bbox 138 1878 921 1912; baseline -0.009 0"><span class='ocrx_word' id='word_1_403' title='bbox 138 1885 227 1912; x_wconf 89' lang='lat' dir='ltr'><strong>victus</strong></span> <span class='ocrx_word' id='word_1_404' title='bbox 254 1887 305 1910; x_wconf 83' lang='lat' dir='ltr'><strong>est.</strong></span> <span class='ocrx_word' id='word_1_405' title='bbox 324 1883 363 1910; x_wconf 89' lang='lat' dir='ltr'><strong>Ac</strong></span> <span class='ocrx_word' id='word_1_406' title='bbox 387 1881 411 1910; x_wconf 88' lang='lat' dir='ltr'><strong>si</strong></span> <span class='ocrx_word' id='word_1_407' title='bbox 433 1881 505 1909; x_wconf 89' lang='lat' dir='ltr'><strong>inter</strong></span> <span class='ocrx_word' id='word_1_408' title='bbox 528 1881 595 1908; x_wconf 88' lang='lat' dir='ltr'><strong>Acta</strong></span> <span class='ocrx_word' id='word_1_409' title='bbox 622 1879 783 1908; x_wconf 88' lang='lat' dir='ltr'><strong>Sirmiensis</strong></span> <span class='ocrx_word' id='word_1_410' title='bbox 812 1878 921 1906; x_wconf 86' lang='lat' dir='ltr'><strong>concilii</strong></span> 
     </span>
    </p>
   </div>
   <div class='ocr_carea' id='block_1_58' title="bbox 137 1924 921 1961">
    <p class='ocr_par' dir='ltr' id='par_1_58' title="bbox 137 1924 921 1961">
     <span class='ocr_line' id='line_1_58' title="bbox 137 1924 921 1961; baseline -0.008 -3"><span class='ocrx_word' id='word_1_411' title='bbox 137 1929 257 1958; x_wconf 85' lang='lat' dir='ltr'><strong>secunda</strong></span> <span class='ocrx_word' id='word_1_412' title='bbox 274 1929 319 1956; x_wconf 87' lang='lat' dir='ltr'><strong>illa</strong></span> <span class='ocrx_word' id='word_1_413' title='bbox 339 1927 458 1956; x_wconf 82' lang='lat' dir='ltr'><strong>formula</strong></span> <span class='ocrx_word' id='word_1_414' title='bbox 471 1930 640 1958; x_wconf 84' lang='lat' dir='ltr'><strong>censeretur.</strong></span> <span class='ocrx_word' id='word_1_415' title='bbox 657 1933 796 1961; x_wconf 87' lang='lat' dir='ltr'><strong>nunquam</strong></span> <span class='ocrx_word' id='word_1_416' title='bbox 814 1924 921 1952; x_wconf 89' lang='lat' dir='ltr'><strong>Semia-</strong></span> 
     </span>
    </p>
   </div>
   <div class='ocr_carea' id='block_1_59' title="bbox 138 1972 922 2005">
    <p class='ocr_par' dir='ltr' id='par_1_59' title="bbox 138 1972 922 2005">
     <span class='ocr_line' id='line_1_59' title="bbox 138 1972 922 2005; baseline -0.006 -1"><span class='ocrx_word' id='word_1_417' title='bbox 138 1977 208 2004; x_wconf 84' lang='lat' dir='ltr'><strong>riani</strong></span> <span class='ocrx_word' id='word_1_418' title='bbox 223 1980 271 2003; x_wconf 86' lang='lat' dir='ltr'><strong>aut</strong></span> <span class='ocrx_word' id='word_1_419' title='bbox 292 1975 358 2002; x_wconf 90' lang='lat' dir='ltr'><strong>illud</strong></span> <span class='ocrx_word' id='word_1_420' title='bbox 377 1974 547 2005; x_wconf 81' lang='lat' dir='ltr'><strong>laudassent,</strong></span> <span class='ocrx_word' id='word_1_421' title='bbox 563 1977 612 2001; x_wconf 85' lang='lat' dir='ltr'><strong>aut</strong></span> <span class='ocrx_word' id='word_1_422' title='bbox 632 1977 722 2000; x_wconf 89' lang='lat' dir='ltr'><strong>ratum</strong></span> <span class='ocrx_word' id='word_1_423' title='bbox 742 1973 836 2000; x_wconf 87' lang='lat' dir='ltr'><strong>haberi</strong></span> <span class='ocrx_word' id='word_1_424' title='bbox 863 1972 922 2000; x_wconf 86' lang='lat' dir='ltr'><strong>sine</strong></span> 
     </span>
    </p>
   </div>
   <div class='ocr_carea' id='block_1_60' title="bbox 140 2018 922 2055">
    <p class='ocr_par' dir='ltr' id='par_1_60' title="bbox 140 2018 922 2055">
     <span class='ocr_line' id='line_1_60' title="bbox 140 2018 922 2055; baseline -0.004 -7"><span class='ocrx_word' id='word_1_425' title='bbox 140 2022 197 2048; x_wconf 86' lang='lat' dir='ltr'><strong>ulla</strong></span> <span class='ocrx_word' id='word_1_426' title='bbox 211 2020 371 2055; x_wconf 80' lang='lat' dir='ltr'><strong>exceptione</strong></span> <span class='ocrx_word' id='word_1_427' title='bbox 383 2019 579 2054; x_wconf 82' lang='lat' dir='ltr'><strong>postulassent,</strong></span> <span class='ocrx_word' id='word_1_428' title='bbox 601 2018 648 2046; x_wconf 88' lang='lat' dir='ltr'><strong>sed</strong></span> <span class='ocrx_word' id='word_1_429' title='bbox 664 2018 827 2050; x_wconf 69' lang='lat' dir='ltr'><strong>nominatim</strong></span> <span class='ocrx_word' id='word_1_430' title='bbox 842 2025 922 2052; x_wconf 83' lang='lat' dir='ltr'><strong>repu-</strong></span> 
     </span>
    </p>
   </div>
   <div class='ocr_carea' id='block_1_61' title="bbox 136 2064 921 2101">
    <p class='ocr_par' dir='ltr' id='par_1_61' title="bbox 136 2064 921 2101">
     <span class='ocr_line' id='line_1_61' title="bbox 136 2064 921 2101; baseline -0.006 -6"><span class='ocrx_word' id='word_1_431' title='bbox 136 2067 221 2095; x_wconf 86' lang='lat' dir='ltr'><strong>diatis</strong></span> <span class='ocrx_word' id='word_1_432' title='bbox 234 2065 441 2101; x_wconf 83' lang='lat' dir='ltr'><strong>posterioribus,</strong></span> <span class='ocrx_word' id='word_1_433' title='bbox 457 2065 490 2092; x_wconf 90' lang='lat' dir='ltr'><strong>de</strong></span> <span class='ocrx_word' id='word_1_434' title='bbox 507 2064 645 2099; x_wconf 83' lang='lat' dir='ltr'><strong>prioribus</strong></span> <span class='ocrx_word' id='word_1_435' title='bbox 660 2064 720 2099; x_wconf 87' lang='lat' dir='ltr'><strong>ejus</strong></span> <span class='ocrx_word' id='word_1_436' title='bbox 740 2064 814 2092; x_wconf 78' lang='lat' dir='ltr'><strong>Actis</strong></span> <span class='ocrx_word' id='word_1_437' title='bbox 830 2064 921 2091; x_wconf 86' lang='lat' dir='ltr'><strong>cavis-</strong></span> 
     </span>
    </p>
   </div>
   <div class='ocr_carea' id='block_1_62' title="bbox 136 2109 920 2147">
    <p class='ocr_par' dir='ltr' id='par_1_62' title="bbox 136 2109 920 2147">
     <span class='ocr_line' id='line_1_62' title="bbox 136 2109 920 2147; baseline -0.006 -6"><span class='ocrx_word' id='word_1_438' title='bbox 136 2119 209 2142; x_wconf 86' lang='lat' dir='ltr'><strong>sent.</strong></span> <span class='ocrx_word' id='word_1_439' title='bbox 231 2113 332 2140; x_wconf 84' lang='lat' dir='ltr'><strong>Verum</strong></span> <span class='ocrx_word' id='word_1_440' title='bbox 361 2111 426 2147; x_wconf 91' lang='lat' dir='ltr'><strong>quid</strong></span> <span class='ocrx_word' id='word_1_441' title='bbox 457 2111 500 2138; x_wconf 86' lang='lat' dir='ltr'><strong>hic</strong></span> <span class='ocrx_word' id='word_1_442' title='bbox 521 2110 750 2146; x_wconf 75' lang='lat' dir='ltr'><strong>tergiversantur?</strong></span> <span class='ocrx_word' id='word_1_443' title='bbox 775 2109 823 2137; x_wconf 85' lang='lat' dir='ltr'><strong>Est</strong></span> <span class='ocrx_word' id='word_1_444' title='bbox 848 2109 920 2136; x_wconf 81' lang='lat' dir='ltr'><strong>enirn</strong></span> 
     </span>
    </p>
   </div>
   <div class='ocr_carea' id='block_1_63' title="bbox 135 2155 921 2189">
    <p class='ocr_par' dir='ltr' id='par_1_63' title="bbox 135 2155 921 2189">
     <span class='ocr_line' id='line_1_63' title="bbox 135 2155 921 2189; baseline -0.009 -1"><span class='ocrx_word' id='word_1_445' title='bbox 135 2161 251 2189; x_wconf 79' lang='lat' dir='ltr'><strong>evidens</strong></span> <span class='ocrx_word' id='word_1_446' title='bbox 276 2163 302 2186; x_wconf 88' lang='lat' dir='ltr'><strong>ct</strong></span> <span class='ocrx_word' id='word_1_447' title='bbox 317 2166 383 2186; x_wconf 85' lang='lat' dir='ltr'><strong>sane</strong></span> <span class='ocrx_word' id='word_1_448' title='bbox 403 2157 571 2185; x_wconf 87' lang='lat' dir='ltr'><strong>lucttlentum</strong></span> <span class='ocrx_word' id='word_1_449' title='bbox 586 2155 681 2184; x_wconf 84' lang='lat' dir='ltr'><strong>llilarii</strong></span> <span class='ocrx_word' id='word_1_450' title='bbox 700 2163 731 2183; x_wconf 82' lang='lat' dir='ltr'><strong>ca</strong></span> <span class='ocrx_word' id='word_1_451' title='bbox 748 2155 780 2182; x_wconf 88' lang='lat' dir='ltr'><strong>de</strong></span> <span class='ocrx_word' id='word_1_452' title='bbox 799 2162 828 2182; x_wconf 91' lang='lat' dir='ltr'><strong>re</strong></span> <span class='ocrx_word' id='word_1_453' title='bbox 844 2155 921 2182; x_wconf 87' lang='lat' dir='ltr'><strong>testi-</strong></span> 
     </span>
    </p>
   </div>
   <div class='ocr_carea' id='block_1_64' title="bbox 138 2200 919 2238">
    <p class='ocr_par' dir='ltr' id='par_1_64' title="bbox 138 2200 919 2238">
     <span class='ocr_line' id='line_1_64' title="bbox 138 2200 919 2238; baseline -0.009 -5"><span class='ocrx_word' id='word_1_454' title='bbox 138 2206 282 2233; x_wconf 83' lang='lat' dir='ltr'><strong>monium:</strong></span> <span class='ocrx_word' id='word_1_455' title='bbox 310 2203 355 2238; x_wconf 90' lang='lat' dir='ltr'><strong>qui</strong></span> <span class='ocrx_word' id='word_1_456' title='bbox 383 2203 410 2229; x_wconf 89' lang='lat' dir='ltr'><strong>itt</strong></span> <span class='ocrx_word' id='word_1_457' title='bbox 436 2202 506 2229; x_wconf 81' lang='lat' dir='ltr'><strong>libro</strong></span> <span class='ocrx_word' id='word_1_458' title='bbox 531 2201 567 2228; x_wconf 85' lang='lat' dir='ltr'><strong>De</strong></span> <span class='ocrx_word' id='word_1_459' title='bbox 595 2200 702 2236; x_wconf 68' lang='lat' dir='ltr'><strong>synodi:</strong></span> <span class='ocrx_word' id='word_1_460' title='bbox 722 2200 919 2227; x_wconf 86' lang='lat' dir='ltr'><strong>dubitationem</strong></span> 
     </span>
    </p>
   </div>
   <div class='ocr_carea' id='block_1_65' title="bbox 139 2245 921 2283">
    <p class='ocr_par' dir='ltr' id='par_1_65' title="bbox 139 2245 921 2283">
     <span class='ocr_line' id='line_1_65' title="bbox 139 2245 921 2283; baseline -0.008 -5"><span class='ocrx_word' id='word_1_461' title='bbox 139 2258 248 2278; x_wconf 72' lang='lat' dir='ltr'><strong>omnem</strong></span> <span class='ocrx_word' id='word_1_462' title='bbox 265 2249 369 2277; x_wconf 70' lang='lat' dir='ltr'><strong>eximit.</strong></span> <span class='ocrx_word' id='word_1_463' title='bbox 390 2247 507 2283; x_wconf 81' lang='lat' dir='ltr'><strong>Scripsit</strong></span> <span class='ocrx_word' id='word_1_464' title='bbox 523 2247 596 2274; x_wconf 88' lang='lat' dir='ltr'><strong>hunc</strong></span> <span class='ocrx_word' id='word_1_465' title='bbox 613 2247 712 2274; x_wconf 90' lang='lat' dir='ltr'><strong>librum</strong></span> <span class='ocrx_word' id='word_1_466' title='bbox 727 2246 762 2274; x_wconf 84' lang='lat' dir='ltr'><strong>ad</strong></span> <span class='ocrx_word' id='word_1_467' title='bbox 779 2245 921 2280; x_wconf 83' lang='lat' dir='ltr'><strong>episcopos</strong></span> 
     </span>
    </p>
   </div>
   <div class='ocr_carea' id='block_1_66' title="bbox 139 2292 922 2328">
    <p class='ocr_par' dir='ltr' id='par_1_66' title="bbox 139 2292 922 2328">
     <span class='ocr_line' id='line_1_66' title="bbox 139 2292 922 2328; baseline -0.01 -3"><span class='ocrx_word' id='word_1_468' title='bbox 139 2297 299 2325; x_wconf 84' lang='lat' dir='ltr'><strong>Gallicanos</strong></span> <span class='ocrx_word' id='word_1_469' title='bbox 325 2294 445 2322; x_wconf 78' lang='lat' dir='ltr'><strong>Hilarius</strong></span> <span class='ocrx_word' id='word_1_470' title='bbox 460 2293 541 2328; x_wconf 89' lang='lat' dir='ltr'><strong>paulo</strong></span> <span class='ocrx_word' id='word_1_471' title='bbox 565 2297 629 2320; x_wconf 88' lang='lat' dir='ltr'><strong>ante</strong></span> <span class='ocrx_word' id='word_1_472' title='bbox 643 2292 843 2319; x_wconf 79' lang='lat' dir='ltr'><strong>Ariminensem</strong></span> <span class='ocrx_word' id='word_1_473' title='bbox 861 2299 922 2327; x_wconf 81' lang='lat' dir='ltr'><strong>syn-</strong></span> 
     </span>
    </p>
   </div>
   <div class='ocr_carea' id='block_1_67' title="bbox 138 2337 922 2374">
    <p class='ocr_par' dir='ltr' id='par_1_67' title="bbox 138 2337 922 2374">
     <span class='ocr_line' id='line_1_67' title="bbox 138 2337 922 2374; baseline -0.008 -3"><span class='ocrx_word' id='word_1_474' title='bbox 138 2344 241 2373; x_wconf 84' lang='lat' dir='ltr'><strong>odum.</strong></span> <span class='ocrx_word' id='word_1_475' title='bbox 271 2350 333 2369; x_wconf 90' lang='lat' dir='ltr'><strong>cum</strong></span> <span class='ocrx_word' id='word_1_476' title='bbox 356 2342 390 2368; x_wconf 84' lang='lat' dir='ltr'><strong>ab</strong></span> <span class='ocrx_word' id='word_1_477' title='bbox 416 2340 471 2368; x_wconf 87' lang='lat' dir='ltr'><strong>illis</strong></span> <span class='ocrx_word' id='word_1_478' title='bbox 496 2339 683 2374; x_wconf 84' lang='lat' dir='ltr'><strong>interpellatus</strong></span> <span class='ocrx_word' id='word_1_479' title='bbox 709 2343 781 2366; x_wconf 81' lang='lat' dir='ltr'><strong>esset</strong></span> <span class='ocrx_word' id='word_1_480' title='bbox 797 2358 804 2369; x_wconf 89' lang='lat'><strong>,</strong></span> <span class='ocrx_word' id='word_1_481' title='bbox 833 2344 862 2365; x_wconf 90' lang='lat' dir='ltr'><strong>ut</strong></span> <span class='ocrx_word' id='word_1_482' title='bbox 889 2337 922 2365; x_wconf 89' lang='lat' dir='ltr'><strong>de</strong></span> 
     </span>
    </p>
   </div>
   <div class='ocr_carea' id='block_1_68' title="bbox 141 2384 921 2423">
    <p class='ocr_par' dir='ltr' id='par_1_68' title="bbox 141 2384 921 2423">
     <span class='ocr_line' id='line_1_68' title="bbox 141 2384 921 2423; baseline -0.008 -7"><span class='ocrx_word' id='word_1_483' title='bbox 141 2390 216 2416; x_wconf 76' lang='lat' dir='ltr'><strong>Actis</strong></span> <span class='ocrx_word' id='word_1_484' title='bbox 231 2387 367 2423; x_wconf 83' lang='lat' dir='ltr'><strong>Ancyrani</strong></span> <span class='ocrx_word' id='word_1_485' title='bbox 382 2386 562 2414; x_wconf 87' lang='lat' dir='ltr'><strong>Orientalium</strong></span> <span class='ocrx_word' id='word_1_486' title='bbox 582 2392 740 2416; x_wconf 80' lang='lat' dir='ltr'><strong>consessus,</strong></span> <span class='ocrx_word' id='word_1_487' title='bbox 756 2385 844 2418; x_wconf 85' lang='lat' dir='ltr'><strong>deque</strong></span> <span class='ocrx_word' id='word_1_488' title='bbox 861 2384 921 2411; x_wconf 89' lang='lat' dir='ltr'><strong>Sir-</strong></span> 
     </span>
    </p>
   </div>
   <div class='ocr_carea' id='block_1_69' title="bbox 139 2429 923 2467">
    <p class='ocr_par' dir='ltr' id='par_1_69' title="bbox 139 2429 923 2467">
     <span class='ocr_line' id='line_1_69' title="bbox 139 2429 923 2467; baseline -0.009 -4"><span class='ocrx_word' id='word_1_489' title='bbox 139 2436 237 2463; x_wconf 75' lang='lat' dir='ltr'><strong>miana:</strong></span> <span class='ocrx_word' id='word_1_490' title='bbox 256 2432 431 2467; x_wconf 65' lang='lat' dir='ltr'><strong>blasphemiae</strong></span> <span class='ocrx_word' id='word_1_491' title='bbox 451 2431 624 2459; x_wconf 85' lang='lat' dir='ltr'><strong>damnatione</strong></span> <span class='ocrx_word' id='word_1_492' title='bbox 641 2430 831 2465; x_wconf 76' lang='lat' dir='ltr'><strong>perscribcret.</strong></span> <span class='ocrx_word' id='word_1_493' title='bbox 856 2429 923 2462; x_wconf 84' lang='lat' dir='ltr'><strong>Qui-</strong></span> 
     </span>
    </p>
   </div>
   <div class='ocr_carea' id='block_1_70' title="bbox 139 2475 922 2525">
    <p class='ocr_par' dir='ltr' id='par_1_70' title="bbox 139 2475 922 2525">
     <span class='ocr_line' id='line_1_70' title="bbox 139 2475 922 2525; baseline -0.009 -17"><span class='ocrx_word' id='word_1_494' title='bbox 139 2482 191 2508; x_wconf 83' lang='lat' dir='ltr'><strong>bus</strong></span> <span class='ocrx_word' id='word_1_495' title='bbox 206 2487 308 2507; x_wconf 90' lang='lat' dir='ltr'><strong>morem</strong></span> <span class='ocrx_word' id='word_1_496' title='bbox 324 2478 380 2525; x_wconf 57' lang='lat' dir='ltr'><strong>ille.</strong></span> <span class='ocrx_word' id='word_1_497' title='bbox 388 2485 484 2513; x_wconf 74' lang='lat' dir='ltr'><strong>gerens</strong></span> <span class='ocrx_word' id='word_1_498' title='bbox 500 2477 632 2512; x_wconf 74' lang='lat' dir='ltr'><strong>principio</strong></span> <span class='ocrx_word' id='word_1_499' title='bbox 651 2475 830 2504; x_wconf 86' lang='lat' dir='ltr'><strong>Sirmiensem</strong></span> <span class='ocrx_word' id='word_1_500' title='bbox 846 2475 922 2502; x_wconf 75' lang='grc' dir='ltr'>ἐκθε-</span> 
     </span>
    </p>
   </div>
   <div class='ocr_carea' id='block_1_71' title="bbox 140 2521 921 2562">
    <p class='ocr_par' dir='ltr' id='par_1_71' title="bbox 140 2521 921 2562">
     <span class='ocr_line' id='line_1_71' title="bbox 140 2521 921 2562; baseline -0.008 -9"><span class='ocrx_word' id='word_1_501' title='bbox 140 2536 181 2554; x_wconf 81' lang='grc' dir='ltr'><strong>σιν</strong></span> <span class='ocrx_word' id='word_1_502' title='bbox 198 2525 335 2562; x_wconf 86' lang='lat' dir='ltr'><strong>proponit,</strong></span> <span class='ocrx_word' id='word_1_503' title='bbox 354 2521 477 2552; x_wconf 75' lang='lat' dir='ltr'><strong>eamdem</strong></span> <span class='ocrx_word' id='word_1_504' title='bbox 492 2523 572 2558; x_wconf 86' lang='lat' dir='ltr'><strong>plane</strong></span> <span class='ocrx_word' id='word_1_505' title='bbox 588 2530 650 2550; x_wconf 89' lang='lat' dir='ltr'><strong>cum</strong></span> <span class='ocrx_word' id='word_1_506' title='bbox 667 2530 709 2554; x_wconf 87' lang='lat' dir='ltr'><strong>ea,</strong></span> <span class='ocrx_word' id='word_1_507' title='bbox 724 2530 806 2557; x_wconf 87' lang='lat' dir='ltr'><strong>quant</strong></span> <span class='ocrx_word' id='word_1_508' title='bbox 822 2521 921 2548; x_wconf 83' lang='lat' dir='ltr'><strong>Socra-</strong></span> 
     </span>
    </p>
   </div>
   <div class='ocr_carea' id='block_1_72' title="bbox 139 2567 922 2603">
    <p class='ocr_par' dir='ltr' id='par_1_72' title="bbox 139 2567 922 2603">
     <span class='ocr_line' id='line_1_72' title="bbox 139 2567 922 2603; baseline -0.008 -3"><span class='ocrx_word' id='word_1_509' title='bbox 139 2578 181 2600; x_wconf 85' lang='lat' dir='ltr'><strong>tes</strong></span> <span class='ocrx_word' id='word_1_510' title='bbox 208 2576 234 2599; x_wconf 85' lang='lat' dir='ltr'><strong>et</strong></span> <span class='ocrx_word' id='word_1_511' title='bbox 247 2571 412 2598; x_wconf 85' lang='lat' dir='ltr'><strong>Athanasius</strong></span> <span class='ocrx_word' id='word_1_512' title='bbox 432 2569 571 2597; x_wconf 87' lang='lat' dir='ltr'><strong>referunt:</strong></span> <span class='ocrx_word' id='word_1_513' title='bbox 593 2568 672 2603; x_wconf 85' lang='lat' dir='ltr'><strong>cujus</strong></span> <span class='ocrx_word' id='word_1_514' title='bbox 688 2573 815 2596; x_wconf 81' lang='lat' dir='ltr'><strong>auctores</strong></span> <span class='ocrx_word' id='word_1_515' title='bbox 828 2567 922 2594; x_wconf 86' lang='lat' dir='ltr'><strong>Osium</strong></span> 
     </span>
    </p>
   </div>
   <div class='ocr_carea' id='block_1_73' title="bbox 138 2613 922 2649">
    <p class='ocr_par' dir='ltr' id='par_1_73' title="bbox 138 2613 922 2649">
     <span class='ocr_line' id='line_1_73' title="bbox 138 2613 922 2649; baseline -0.009 -3"><span class='ocrx_word' id='word_1_516' title='bbox 138 2626 171 2646; x_wconf 85' lang='lat' dir='ltr'><strong>ac</strong></span> <span class='ocrx_word' id='word_1_517' title='bbox 194 2617 346 2644; x_wconf 87' lang='lat' dir='ltr'><strong>Potantium</strong></span> <span class='ocrx_word' id='word_1_518' title='bbox 374 2615 449 2642; x_wconf 84' lang='lat' dir='ltr'><strong>facit.</strong></span> <span class='ocrx_word' id='word_1_519' title='bbox 481 2614 599 2649; x_wconf 82' lang='lat' dir='ltr'><strong>Subjicit</strong></span> <span class='ocrx_word' id='word_1_520' title='bbox 620 2614 717 2641; x_wconf 90' lang='lat' dir='ltr'><strong>deinde</strong></span> <span class='ocrx_word' id='word_1_521' title='bbox 742 2613 922 2641; x_wconf 86' lang='lat' dir='ltr'><strong>Orientalium</strong></span> 
     </span>
    </p>
   </div>
   <div class='ocr_carea' id='block_1_74' title="bbox 137 2659 923 2697">
    <p class='ocr_par' dir='ltr' id='par_1_74' title="bbox 137 2659 923 2697">
     <span class='ocr_line' id='line_1_74' title="bbox 137 2659 923 2697; baseline -0.008 -5"><span class='ocrx_word' id='word_1_522' title='bbox 137 2665 288 2695; x_wconf 77' lang='lat' dir='ltr'><strong>decretum,</strong></span> <span class='ocrx_word' id='word_1_523' title='bbox 309 2661 382 2697; x_wconf 85' lang='lat' dir='ltr'><strong>quod</strong></span> <span class='ocrx_word' id='word_1_524' title='bbox 402 2662 533 2688; x_wconf 84' lang='lat' dir='ltr'><strong>adversus</strong></span> <span class='ocrx_word' id='word_1_525' title='bbox 555 2661 634 2688; x_wconf 85' lang='lat' dir='ltr'><strong>istaut</strong></span> <span class='ocrx_word' id='word_1_526' title='bbox 658 2660 805 2687; x_wconf 77' lang='lat' dir='ltr'><strong>formulam</strong></span> <span class='ocrx_word' id='word_1_527' title='bbox 826 2659 852 2686; x_wconf 90' lang='lat' dir='ltr'><strong>in</strong></span> <span class='ocrx_word' id='word_1_528' title='bbox 868 2659 923 2686; x_wconf 86' lang='lat' dir='ltr'><strong>Att—</strong></span> 
     </span>
    </p>
   </div>
   <div class='ocr_carea' id='block_1_75' title="bbox 138 2705 922 2746">
    <p class='ocr_par' dir='ltr' id='par_1_75' title="bbox 138 2705 922 2746">
     <span class='ocr_line' id='line_1_75' title="bbox 138 2705 922 2746; baseline -0.006 -9"><span class='ocrx_word' id='word_1_529' title='bbox 138 2717 241 2746; x_wconf 86' lang='lat' dir='ltr'><strong>cyrano</strong></span> <span class='ocrx_word' id='word_1_530' title='bbox 261 2708 377 2736; x_wconf 88' lang='lat' dir='ltr'><strong>concilio</strong></span> <span class='ocrx_word' id='word_1_531' title='bbox 394 2711 526 2735; x_wconf 75' lang='lat' dir='ltr'><strong>statutum</strong></span> <span class='ocrx_word' id='word_1_532' title='bbox 545 2711 602 2738; x_wconf 88' lang='lat' dir='ltr'><strong>est;</strong></span> <span class='ocrx_word' id='word_1_533' title='bbox 628 2706 710 2740; x_wconf 89' lang='lat' dir='ltr'><strong>idque</strong></span> <span class='ocrx_word' id='word_1_534' title='bbox 729 2713 792 2733; x_wconf 90' lang='lat' dir='ltr'><strong>cum</strong></span> <span class='ocrx_word' id='word_1_535' title='bbox 809 2705 922 2733; x_wconf 86' lang='lat' dir='ltr'><strong>ntiritice</strong></span> 
     </span>
    </p>
   </div>
   <div class='ocr_carea' id='block_1_76' title="bbox 140 2752 923 2792">
    <p class='ocr_par' dir='ltr' id='par_1_76' title="bbox 140 2752 923 2792">
     <span class='ocr_line' id='line_1_76' title="bbox 140 2752 923 2792; baseline -0.008 -9"><span class='ocrx_word' id='word_1_536' title='bbox 140 2756 284 2792; x_wconf 70' lang='lat' dir='ltr'><strong>prmdicat,</strong></span> <span class='ocrx_word' id='word_1_537' title='bbox 311 2759 367 2781; x_wconf 89' lang='lat' dir='ltr'><strong>tttm</strong></span> <span class='ocrx_word' id='word_1_538' title='bbox 393 2753 515 2788; x_wconf 74' lang='lat' dir='ltr'><strong>singulas</strong></span> <span class='ocrx_word' id='word_1_539' title='bbox 534 2753 594 2786; x_wconf 80' lang='lat' dir='ltr'><strong>ejus</strong></span> <span class='ocrx_word' id='word_1_540' title='bbox 618 2752 785 2783; x_wconf 84' lang='lat' dir='ltr'><strong>sententias,</strong></span> <span class='ocrx_word' id='word_1_541' title='bbox 807 2756 833 2778; x_wconf 84' lang='lat' dir='ltr'><strong>et</strong></span> <span class='ocrx_word' id='word_1_542' title='bbox 857 2759 923 2778; x_wconf 87' lang='lat' dir='ltr'><strong>ana-</strong></span> 
     </span>
    </p>
   </div>
   <div class='ocr_carea' id='block_1_77' title="bbox 137 2797 922 2832">
    <p class='ocr_par' dir='ltr' id='par_1_77' title="bbox 137 2797 922 2832">
     <span class='ocr_line' id='line_1_77' title="bbox 137 2797 922 2832; baseline -0.006 -3"><span class='ocrx_word' id='word_1_543' title='bbox 137 2801 327 2830; x_wconf 81' lang='lat' dir='ltr'><strong>thematistnos</strong></span> <span class='ocrx_word' id='word_1_544' title='bbox 342 2799 480 2827; x_wconf 80' lang='lat' dir='ltr'><strong>uberrime</strong></span> <span class='ocrx_word' id='word_1_545' title='bbox 495 2798 625 2825; x_wconf 83' lang='lat' dir='ltr'><strong>declarat.</strong></span> <span class='ocrx_word' id='word_1_546' title='bbox 649 2798 787 2826; x_wconf 84' lang='lat' dir='ltr'><strong>Postremo</strong></span> <span class='ocrx_word' id='word_1_547' title='bbox 804 2797 922 2832; x_wconf 86' lang='lat' dir='ltr'><strong>reliquas</strong></span> 
     </span>
    </p>
   </div>
   <div class='ocr_carea' id='block_1_78' title="bbox 138 2844 921 2881">
    <p class='ocr_par' dir='ltr' id='par_1_78' title="bbox 138 2844 921 2881">
     <span class='ocr_line' id='line_1_78' title="bbox 138 2844 921 2881; baseline -0.008 -4"><span class='ocrx_word' id='word_1_548' title='bbox 138 2849 174 2877; x_wconf 72' lang='lat' dir='ltr'><strong>ab</strong></span> <span class='ocrx_word' id='word_1_549' title='bbox 186 2847 370 2876; x_wconf 60' lang='lat' dir='ltr'><strong>Uritrntalibus</strong></span> <span class='ocrx_word' id='word_1_550' title='bbox 387 2846 474 2873; x_wconf 90' lang='lat' dir='ltr'><strong>editas</strong></span> <span class='ocrx_word' id='word_1_551' title='bbox 495 2844 696 2880; x_wconf 82' lang='lat' dir='ltr'><strong>professiones,</strong></span> <span class='ocrx_word' id='word_1_552' title='bbox 712 2853 772 2881; x_wconf 62' lang='lat' dir='ltr'><strong>quae</strong></span> <span class='ocrx_word' id='word_1_553' title='bbox 793 2852 855 2873; x_wconf 90' lang='lat' dir='ltr'><strong>cutn</strong></span> <span class='ocrx_word' id='word_1_554' title='bbox 874 2851 921 2871; x_wconf 81' lang='lat' dir='ltr'><strong>ca-</strong></span> 
     </span>
    </p>
   </div>
   <div class='ocr_carea' id='block_1_79' title="bbox 298 2892 620 2923">
    <p class='ocr_par' dir='ltr' id='par_1_79' title="bbox 298 2892 620 2923">
     <span class='ocr_line' id='line_1_79' title="bbox 298 2892 620 2923; baseline 0.003 -1"><span class='ocrx_word' id='word_1_555' title='bbox 298 2894 430 2923; x_wconf 70' lang='lat' dir='ltr'><strong>l‘nTltOL</strong></span> <span class='ocrx_word' id='word_1_556' title='bbox 448 2893 506 2922; x_wconf 75' lang='lat' dir='ltr'><strong>(in.</strong></span> <span class='ocrx_word' id='word_1_557' title='bbox 524 2892 620 2923; x_wconf 72' lang='lat' dir='ltr'><strong>XLII.</strong></span> 
     </span>
    </p>
   </div>
   <div class='ocr_carea' id='block_1_80' title="bbox 934 1536 956 1564">
    <p class='ocr_par' dir='ltr' id='par_1_80' title="bbox 934 1536 956 1564">
     <span class='ocr_line' id='line_1_80' title="bbox 934 1536 956 1564; baseline 0 0"><span class='ocrx_word' id='word_1_558' title='bbox 934 1536 956 1564; x_wconf 75' lang='grc' dir='ltr'><strong>ϐ</strong></span> 
     </span>
    </p>
   </div>
   <div class='ocr_carea' id='block_1_81' title="bbox 969 1009 1754 1045">
    <p class='ocr_par' dir='ltr' id='par_1_81' title="bbox 969 1009 1754 1045">
     <span class='ocr_line' id='line_1_81' title="bbox 969 1009 1754 1045; baseline 0.004 -9"><span class='ocrx_word' id='word_1_559' title='bbox 969 1009 1129 1044; x_wconf 73' lang='lat' dir='ltr'><strong>multiplices</strong></span> <span class='ocrx_word' id='word_1_560' title='bbox 1154 1010 1309 1044; x_wconf 66' lang='lat' dir='ltr'><strong>quaestiones</strong></span> <span class='ocrx_word' id='word_1_561' title='bbox 1336 1009 1416 1036; x_wconf 79' lang='lat' dir='ltr'><strong>latius</strong></span> <span class='ocrx_word' id='word_1_562' title='bbox 1444 1018 1475 1036; x_wconf 84' lang='lat' dir='ltr'><strong>ac</strong></span> <span class='ocrx_word' id='word_1_563' title='bbox 1503 1010 1626 1044; x_wconf 76' lang='lat' dir='ltr'><strong>di/Iusius</strong></span> <span class='ocrx_word' id='word_1_564' title='bbox 1649 1013 1754 1045; x_wconf 66' lang='lat' dir='ltr'><strong>exposi-</strong></span> 
     </span>
    </p>
   </div>
   <div class='ocr_carea' id='block_1_82' title="bbox 969 1055 1753 1090">
    <p class='ocr_par' dir='ltr' id='par_1_82' title="bbox 969 1055 1753 1090">
     <span class='ocr_line' id='line_1_82' title="bbox 969 1055 1753 1090; baseline 0.004 -8"><span class='ocrx_word' id='word_1_565' title='bbox 969 1056 1063 1082; x_wconf 77' lang='lat' dir='ltr'><strong>tionem</strong></span> <span class='ocrx_word' id='word_1_566' title='bbox 1081 1055 1143 1090; x_wconf 81' lang='lat' dir='ltr'><strong>ﬁdei</strong></span> <span class='ocrx_word' id='word_1_567' title='bbox 1157 1055 1290 1087; x_wconf 80' lang='lat' dir='ltr'><strong>ordinare,</strong></span> <span class='ocrx_word' id='word_1_568' title='bbox 1303 1059 1355 1082; x_wconf 84' lang='lat' dir='ltr'><strong>etc.</strong></span> <span class='ocrx_word' id='word_1_569' title='bbox 1365 1075 1372 1086; x_wconf 82' lang='lat'><strong>,</strong></span> <span class='ocrx_word' id='word_1_570' title='bbox 1390 1062 1444 1082; x_wconf 93' lang='lat' dir='ltr'><strong>non</strong></span> <span class='ocrx_word' id='word_1_571' title='bbox 1459 1055 1575 1084; x_wconf 86' lang='lat' dir='ltr'><strong>obscure</strong></span> <span class='ocrx_word' id='word_1_572' title='bbox 1592 1057 1665 1085; x_wconf 85' lang='lat' dir='ltr'><strong>aliud</strong></span> <span class='ocrx_word' id='word_1_573' title='bbox 1680 1058 1753 1086; x_wconf 78' lang='lat' dir='ltr'><strong>illius</strong></span> 
     </span>
    </p>
   </div>
   <div class='ocr_carea' id='block_1_83' title="bbox 969 1099 1754 1134">
    <p class='ocr_par' dir='ltr' id='par_1_83' title="bbox 969 1099 1754 1134">
     <span class='ocr_line' id='line_1_83' title="bbox 969 1099 1754 1134; baseline 0.004 -8"><span class='ocrx_word' id='word_1_574' title='bbox 969 1104 1075 1134; x_wconf 83' lang='lat' dir='ltr'><strong>tempus</strong></span> <span class='ocrx_word' id='word_1_575' title='bbox 1094 1106 1156 1126; x_wconf 83' lang='lat' dir='ltr'><strong>esse</strong></span> <span class='ocrx_word' id='word_1_576' title='bbox 1175 1099 1320 1133; x_wconf 77' lang='lat' dir='ltr'><strong>signiﬁcat.</strong></span> <span class='ocrx_word' id='word_1_577' title='bbox 1345 1099 1402 1127; x_wconf 86' lang='lat' dir='ltr'><strong>Hoc</strong></span> <span class='ocrx_word' id='word_1_578' title='bbox 1421 1099 1491 1126; x_wconf 90' lang='lat' dir='ltr'><strong>enim</strong></span> <span class='ocrx_word' id='word_1_579' title='bbox 1511 1105 1614 1128; x_wconf 87' lang='lat' dir='ltr'><strong>attente</strong></span> <span class='ocrx_word' id='word_1_580' title='bbox 1630 1103 1754 1130; x_wconf 84' lang='lat' dir='ltr'><strong>conside-</strong></span> 
     </span>
    </p>
   </div>
   <div class='ocr_carea' id='block_1_84' title="bbox 969 1136 1753 1180">
    <p class='ocr_par' dir='ltr' id='par_1_84' title="bbox 969 1136 1753 1180">
     <span class='ocr_line' id='line_1_84' title="bbox 969 1136 1753 1180; baseline 0.003 -8"><span class='ocrx_word' id='word_1_581' title='bbox 969 1145 1022 1172; x_wconf 87' lang='lat' dir='ltr'><strong>rari</strong></span> <span class='ocrx_word' id='word_1_582' title='bbox 1040 1145 1164 1171; x_wconf 89' lang='lat' dir='ltr'><strong>volumus</strong></span> <span class='ocrx_word' id='word_1_583' title='bbox 1174 1164 1181 1176; x_wconf 86' lang='lat'><strong>,</strong></span> <span class='ocrx_word' id='word_1_584' title='bbox 1191 1143 1263 1178; x_wconf 87' lang='lat' dir='ltr'><strong>quod</strong></span> <span class='ocrx_word' id='word_1_585' title='bbox 1277 1151 1338 1171; x_wconf 91' lang='lat' dir='ltr'><strong>cum</strong></span> <span class='ocrx_word' id='word_1_586' title='bbox 1350 1144 1477 1180; x_wconf 81' lang='lat' dir='ltr'><strong>deinceps</strong></span> <span class='ocrx_word' id='word_1_587' title='bbox 1486 1151 1593 1173; x_wconf 65' lang='lat' dir='ltr'><strong>ceteras</strong></span> <span class='ocrx_word' id='word_1_588' title='bbox 1604 1136 1753 1174; x_wconf 80' lang='lat' dir='ltr'><strong>earumdem</strong></span> 
     </span>
    </p>
   </div>
   <div class='ocr_carea' id='block_1_85' title="bbox 971 1190 1753 1230">
    <p class='ocr_par' dir='ltr' id='par_1_85' title="bbox 971 1190 1753 1230">
     <span class='ocr_line' id='line_1_85' title="bbox 971 1190 1753 1230; baseline 0.004 -12"><span class='ocrx_word' id='word_1_589' title='bbox 971 1190 1146 1218; x_wconf 82' lang='lat' dir='ltr'><strong>Orientalium</strong></span> <span class='ocrx_word' id='word_1_590' title='bbox 1155 1192 1335 1225; x_wconf 82' lang='lat' dir='ltr'><strong>episcoporum</strong></span> <span class='ocrx_word' id='word_1_591' title='bbox 1353 1191 1463 1219; x_wconf 78' lang='lat' dir='ltr'><strong>diversis</strong></span> <span class='ocrx_word' id='word_1_592' title='bbox 1489 1197 1513 1219; x_wconf 83' lang='lat' dir='ltr'><strong>et</strong></span> <span class='ocrx_word' id='word_1_593' title='bbox 1538 1193 1602 1220; x_wconf 75' lang='lat' dir='ltr'><strong>locis</strong></span> <span class='ocrx_word' id='word_1_594' title='bbox 1617 1199 1643 1221; x_wconf 84' lang='lat' dir='ltr'><strong>et</strong></span> <span class='ocrx_word' id='word_1_595' title='bbox 1657 1199 1753 1230; x_wconf 78' lang='lat' dir='ltr'><strong>tenipo-</strong></span> 
     </span>
    </p>
   </div>
   <div class='ocr_carea' id='block_1_86' title="bbox 970 1235 1766 1276">
    <p class='ocr_par' dir='ltr' id='par_1_86' title="bbox 970 1235 1766 1276">
     <span class='ocr_line' id='line_1_86' title="bbox 970 1235 1766 1276; baseline 0.005 -13"><span class='ocrx_word' id='word_1_596' title='bbox 970 1237 1041 1264; x_wconf 72' lang='lat' dir='ltr'><strong>ribus</strong></span> <span class='ocrx_word' id='word_1_597' title='bbox 1061 1237 1224 1271; x_wconf 75' lang='lat' dir='ltr'><strong>conscriptas</strong></span> <span class='ocrx_word' id='word_1_598' title='bbox 1243 1235 1321 1262; x_wconf 83' lang='lat' dir='ltr'><strong>Fides</strong></span> <span class='ocrx_word' id='word_1_599' title='bbox 1331 1237 1517 1271; x_wconf 79' lang='lat' dir='ltr'><strong>expositurum</strong></span> <span class='ocrx_word' id='word_1_600' title='bbox 1531 1246 1560 1266; x_wconf 92' lang='lat' dir='ltr'><strong>se</strong></span> <span class='ocrx_word' id='word_1_601' title='bbox 1576 1247 1636 1267; x_wconf 88' lang='lat' dir='ltr'><strong>esse</strong></span> <span class='ocrx_word' id='word_1_602' title='bbox 1653 1241 1766 1276; x_wconf 79' lang='lat' dir='ltr'><strong>denun—_</strong></span> 
     </span>
    </p>
   </div>
   <div class='ocr_carea' id='block_1_87' title="bbox 971 1282 1753 1317">
    <p class='ocr_par' dir='ltr' id='par_1_87' title="bbox 971 1282 1753 1317">
     <span class='ocr_line' id='line_1_87' title="bbox 971 1282 1753 1317; baseline 0.004 -7"><span class='ocrx_word' id='word_1_603' title='bbox 971 1283 1074 1315; x_wconf 82' lang='lat' dir='ltr'><strong>tiasset,</strong></span> <span class='ocrx_word' id='word_1_604' title='bbox 1094 1283 1197 1310; x_wconf 84' lang='lat' dir='ltr'><strong>nullam</strong></span> <span class='ocrx_word' id='word_1_605' title='bbox 1220 1287 1317 1317; x_wconf 63' lang='lat' dir='ltr'><strong>printer</strong></span> <span class='ocrx_word' id='word_1_606' title='bbox 1334 1282 1522 1312; x_wconf 81' lang='lat' dir='ltr'><strong>Sardicensem</strong></span> <span class='ocrx_word' id='word_1_607' title='bbox 1538 1289 1565 1312; x_wconf 80' lang='lat' dir='ltr'><strong>ct.</strong></span> <span class='ocrx_word' id='word_1_608' title='bbox 1576 1285 1753 1313; x_wconf 83' lang='lat' dir='ltr'><strong>Sirmienscm</strong></span> 
     </span>
    </p>
   </div>
   <div class='ocr_carea' id='block_1_88' title="bbox 968 1329 1754 1366">
    <p class='ocr_par' dir='ltr' id='par_1_88' title="bbox 968 1329 1754 1366">
     <span class='ocr_line' id='line_1_88' title="bbox 968 1329 1754 1366; baseline 0.005 -10"><span class='ocrx_word' id='word_1_609' title='bbox 968 1335 1064 1356; x_wconf 89' lang='lat' dir='ltr'><strong>contra</strong></span> <span class='ocrx_word' id='word_1_610' title='bbox 1075 1329 1222 1356; x_wconf 88' lang='lat' dir='ltr'><strong>Photiuum</strong></span> <span class='ocrx_word' id='word_1_611' title='bbox 1235 1329 1334 1356; x_wconf 86' lang='lat' dir='ltr'><strong>editam</strong></span> <span class='ocrx_word' id='word_1_612' title='bbox 1348 1330 1503 1365; x_wconf 68' lang='lat' dir='ltr'><strong>sultjecerit.</strong></span> <span class='ocrx_word' id='word_1_613' title='bbox 1514 1330 1552 1358; x_wconf 62' lang='lat' dir='ltr'><strong>Et</strong></span> <span class='ocrx_word' id='word_1_614' title='bbox 1564 1339 1618 1366; x_wconf 85' lang='lat' dir='ltr'><strong>quo</strong></span> <span class='ocrx_word' id='word_1_615' title='bbox 1630 1340 1754 1360; x_wconf 84' lang='lat' dir='ltr'><strong>necessa-</strong></span> 
     </span>
    </p>
   </div>
   <div class='ocr_carea' id='block_1_89' title="bbox 970 1375 1754 1412">
    <p class='ocr_par' dir='ltr' id='par_1_89' title="bbox 970 1375 1754 1412">
     <span class='ocr_line' id='line_1_89' title="bbox 970 1375 1754 1412; baseline 0.003 -10"><span class='ocrx_word' id='word_1_616' title='bbox 970 1375 1012 1402; x_wconf 88' lang='lat' dir='ltr'><strong>rio</strong></span> <span class='ocrx_word' id='word_1_617' title='bbox 1027 1376 1161 1410; x_wconf 85' lang='lat' dir='ltr'><strong>sequitur,</strong></span> <span class='ocrx_word' id='word_1_618' title='bbox 1180 1383 1233 1402; x_wconf 88' lang='lat' dir='ltr'><strong>non</strong></span> <span class='ocrx_word' id='word_1_619' title='bbox 1253 1376 1342 1402; x_wconf 90' lang='lat' dir='ltr'><strong>minus</strong></span> <span class='ocrx_word' id='word_1_620' title='bbox 1355 1376 1446 1408; x_wconf 87' lang='lat' dir='ltr'><strong>istam,</strong></span> <span class='ocrx_word' id='word_1_621' title='bbox 1457 1384 1539 1412; x_wconf 87' lang='lat' dir='ltr'><strong>quam</strong></span> <span class='ocrx_word' id='word_1_622' title='bbox 1553 1377 1754 1410; x_wconf 84' lang='lat' dir='ltr'><strong>Sardiccnscut,</strong></span> 
     </span>
    </p>
   </div>
   <div class='ocr_carea' id='block_1_90' title="bbox 971 1420 1755 1458">
    <p class='ocr_par' dir='ltr' id='par_1_90' title="bbox 971 1420 1755 1458">
     <span class='ocr_line' id='line_1_90' title="bbox 971 1420 1755 1458; baseline 0.005 -11"><span class='ocrx_word' id='word_1_623' title='bbox 971 1420 994 1448; x_wconf 86' lang='lat' dir='ltr'><strong>si</strong></span> <span class='ocrx_word' id='word_1_624' title='bbox 1006 1428 1059 1448; x_wconf 89' lang='lat' dir='ltr'><strong>non</strong></span> <span class='ocrx_word' id='word_1_625' title='bbox 1075 1421 1141 1448; x_wconf 84' lang='lat' dir='ltr'><strong>locis</strong></span> <span class='ocrx_word' id='word_1_626' title='bbox 1166 1421 1200 1448; x_wconf 90' lang='lat' dir='ltr'><strong>ab</strong></span> <span class='ocrx_word' id='word_1_627' title='bbox 1214 1420 1314 1449; x_wconf 82' lang='lat' dir='ltr'><strong>Osiana</strong></span> <span class='ocrx_word' id='word_1_628' title='bbox 1331 1426 1359 1449; x_wconf 85' lang='lat' dir='ltr'><strong>et</strong></span> <span class='ocrx_word' id='word_1_629' title='bbox 1376 1421 1472 1449; x_wconf 87' lang='lat' dir='ltr'><strong>Latina</strong></span> <span class='ocrx_word' id='word_1_630' title='bbox 1494 1424 1645 1458; x_wconf 87' lang='lat' dir='ltr'><strong>posteriore</strong></span> <span class='ocrx_word' id='word_1_631' title='bbox 1666 1424 1755 1451; x_wconf 76' lang='lat' dir='ltr'><strong>diver-</strong></span> 
     </span>
    </p>
   </div>
   <div class='ocr_carea' id='block_1_91' title="bbox 972 1467 1754 1506">
    <p class='ocr_par' dir='ltr' id='par_1_91' title="bbox 972 1467 1754 1506">
     <span class='ocr_line' id='line_1_91' title="bbox 972 1467 1754 1506; baseline 0.006 -12"><span class='ocrx_word' id='word_1_632' title='bbox 972 1467 1020 1499; x_wconf 84' lang='lat' dir='ltr'><strong>sis.</strong></span> <span class='ocrx_word' id='word_1_633' title='bbox 1042 1467 1210 1502; x_wconf 88' lang='lat' dir='ltr'><strong>temporibus</strong></span> <span class='ocrx_word' id='word_1_634' title='bbox 1227 1473 1298 1496; x_wconf 83' lang='lat' dir='ltr'><strong>certe</strong></span> <span class='ocrx_word' id='word_1_635' title='bbox 1306 1476 1359 1496; x_wconf 89' lang='lat' dir='ltr'><strong>non</strong></span> <span class='ocrx_word' id='word_1_636' title='bbox 1376 1469 1470 1496; x_wconf 85' lang='lat' dir='ltr'><strong>iisdem</strong></span> <span class='ocrx_word' id='word_1_637' title='bbox 1487 1477 1547 1497; x_wconf 85' lang='lat' dir='ltr'><strong>esse</strong></span> <span class='ocrx_word' id='word_1_638' title='bbox 1562 1471 1754 1506; x_wconf 79' lang='lat' dir='ltr'><strong>conscriptam.</strong></span> 
     </span>
    </p>
   </div>
   <div class='ocr_carea' id='block_1_92' title="bbox 1007 1511 1754 1548">
    <p class='ocr_par' dir='ltr' id='par_1_92' title="bbox 1007 1511 1754 1548">
     <span class='ocr_line' id='line_1_92' title="bbox 1007 1511 1754 1548; baseline 0.007 -9"><span class='ocrx_word' id='word_1_639' title='bbox 1007 1511 1148 1540; x_wconf 81' lang='lat' dir='ltr'><strong>Postremo</strong></span> <span class='ocrx_word' id='word_1_640' title='bbox 1172 1513 1304 1548; x_wconf 80' lang='lat' dir='ltr'><strong>Sulpitius</strong></span> <span class='ocrx_word' id='word_1_641' title='bbox 1323 1513 1440 1543; x_wconf 89' lang='lat' dir='ltr'><strong>Severus</strong></span> <span class='ocrx_word' id='word_1_642' title='bbox 1454 1515 1502 1542; x_wconf 90' lang='lat' dir='ltr'><strong>lib.</strong></span> <span class='ocrx_word' id='word_1_643' title='bbox 1519 1523 1537 1542; x_wconf 96' lang='lat' dir='ltr'><strong>ll</strong></span> <span class='ocrx_word' id='word_1_644' title='bbox 1559 1515 1687 1544; x_wconf 77' lang='lat' dir='ltr'><strong>Historia:</strong></span> <span class='ocrx_word' id='word_1_645' title='bbox 1709 1526 1754 1544; x_wconf 71' lang='lat' dir='ltr'><strong>sa-</strong></span> 
     </span>
    </p>
   </div>
   <div class='ocr_carea' id='block_1_93' title="bbox 972 1559 1757 1594">
    <p class='ocr_par' dir='ltr' id='par_1_93' title="bbox 972 1559 1757 1594">
     <span class='ocr_line' id='line_1_93' title="bbox 972 1559 1757 1594; baseline 0.008 -10"><span class='ocrx_word' id='word_1_646' title='bbox 972 1566 1034 1591; x_wconf 74' lang='lat' dir='ltr'><strong>eue,</strong></span> <span class='ocrx_word' id='word_1_647' title='bbox 1049 1559 1151 1593; x_wconf 90' lang='lat' dir='ltr'><strong>liquida</strong></span> <span class='ocrx_word' id='word_1_648' title='bbox 1169 1564 1318 1594; x_wconf 86' lang='lat' dir='ltr'><strong>apertaque</strong></span> <span class='ocrx_word' id='word_1_649' title='bbox 1330 1560 1486 1588; x_wconf 87' lang='lat' dir='ltr'><strong>narratione</strong></span> <span class='ocrx_word' id='word_1_650' title='bbox 1500 1561 1585 1589; x_wconf 90' lang='lat' dir='ltr'><strong>multo</strong></span> <span class='ocrx_word' id='word_1_651' title='bbox 1600 1562 1625 1589; x_wconf 92' lang='lat' dir='ltr'><strong>id</strong></span> <span class='ocrx_word' id='word_1_652' title='bbox 1642 1563 1757 1590; x_wconf 81' lang='lat' dir='ltr'><strong>validius</strong></span> 
     </span>
    </p>
   </div>
   <div class='ocr_carea' id='block_1_94' title="bbox 973 1605 1757 1644">
    <p class='ocr_par' dir='ltr' id='par_1_94' title="bbox 973 1605 1757 1644">
     <span class='ocr_line' id='line_1_94' title="bbox 973 1605 1757 1644; baseline 0.006 -13"><span class='ocrx_word' id='word_1_653' title='bbox 973 1606 1126 1632; x_wconf 79' lang='lat' dir='ltr'><strong>confirmat.</strong></span> <span class='ocrx_word' id='word_1_654' title='bbox 1146 1605 1248 1633; x_wconf 88' lang='lat' dir='ltr'><strong>Scribit</strong></span> <span class='ocrx_word' id='word_1_655' title='bbox 1278 1606 1351 1633; x_wconf 91' lang='lat' dir='ltr'><strong>enim</strong></span> <span class='ocrx_word' id='word_1_656' title='bbox 1378 1611 1439 1641; x_wconf 89' lang='lat' dir='ltr'><strong>post.</strong></span> <span class='ocrx_word' id='word_1_657' title='bbox 1463 1607 1652 1636; x_wconf 85' lang='lat' dir='ltr'><strong>Sardicenscm</strong></span> <span class='ocrx_word' id='word_1_658' title='bbox 1677 1617 1757 1644; x_wconf 79' lang='lat' dir='ltr'><strong>syno-</strong></span> 
     </span>
    </p>
   </div>
   <div class='ocr_carea' id='block_1_95' title="bbox 974 1649 1757 1689">
    <p class='ocr_par' dir='ltr' id='par_1_95' title="bbox 974 1649 1757 1689">
     <span class='ocr_line' id='line_1_95' title="bbox 974 1649 1757 1689; baseline 0.005 -11"><span class='ocrx_word' id='word_1_659' title='bbox 974 1650 1050 1682; x_wconf 89' lang='lat' dir='ltr'><strong>dum,</strong></span> <span class='ocrx_word' id='word_1_660' title='bbox 1065 1655 1091 1677; x_wconf 88' lang='lat' dir='ltr'><strong>et</strong></span> <span class='ocrx_word' id='word_1_661' title='bbox 1103 1649 1210 1678; x_wconf 85' lang='lat' dir='ltr'><strong>Ursacii</strong></span> <span class='ocrx_word' id='word_1_662' title='bbox 1227 1659 1258 1678; x_wconf 87' lang='lat' dir='ltr'><strong>ac</strong></span> <span class='ocrx_word' id='word_1_663' title='bbox 1270 1651 1389 1678; x_wconf 79' lang='lat' dir='ltr'><strong>Valentis</strong></span> <span class='ocrx_word' id='word_1_664' title='bbox 1399 1652 1597 1687; x_wconf 75' lang='lat' dir='ltr'><strong>pmnitentiam,</strong></span> <span class='ocrx_word' id='word_1_665' title='bbox 1615 1654 1757 1689; x_wconf 80' lang='lat' dir='ltr'><strong>interjecln</strong></span> 
     </span>
    </p>
   </div>
   <div class='ocr_carea' id='block_1_96' title="bbox 974 1696 1756 1736">
    <p class='ocr_par' dir='ltr' id='par_1_96' title="bbox 974 1696 1756 1736">
     <span class='ocr_line' id='line_1_96' title="bbox 974 1696 1756 1736; baseline 0.006 -13"><span class='ocrx_word' id='word_1_666' title='bbox 974 1696 1072 1724; x_wconf 83' lang='lat' dir='ltr'><strong>deinde</strong></span> <span class='ocrx_word' id='word_1_667' title='bbox 1086 1701 1217 1732; x_wconf 88' lang='lat' dir='ltr'><strong>tempore,</strong></span> <span class='ocrx_word' id='word_1_668' title='bbox 1232 1706 1292 1725; x_wconf 90' lang='lat' dir='ltr'><strong>eum</strong></span> <span class='ocrx_word' id='word_1_669' title='bbox 1307 1698 1474 1726; x_wconf 84' lang='lat' dir='ltr'><strong>Athanasius</strong></span> <span class='ocrx_word' id='word_1_670' title='bbox 1486 1699 1653 1733; x_wconf 82' lang='lat' dir='ltr'><strong>Marceilum,</strong></span> <span class='ocrx_word' id='word_1_671' title='bbox 1668 1701 1714 1736; x_wconf 91' lang='lat' dir='ltr'><strong>qui</strong></span> <span class='ocrx_word' id='word_1_672' title='bbox 1729 1702 1756 1728; x_wconf 82' lang='lat' dir='ltr'><strong>in</strong></span> 
     </span>
    </p>
   </div>
   <div class='ocr_carea' id='block_1_97' title="bbox 974 1742 1755 1778">
    <p class='ocr_par' dir='ltr' id='par_1_97' title="bbox 974 1742 1755 1778">
     <span class='ocr_line' id='line_1_97' title="bbox 974 1742 1755 1778; baseline 0.004 -8"><span class='ocrx_word' id='word_1_673' title='bbox 974 1742 1130 1771; x_wconf 88' lang='lat' dir='ltr'><strong>Sardicensi</strong></span> <span class='ocrx_word' id='word_1_674' title='bbox 1157 1745 1273 1773; x_wconf 87' lang='lat' dir='ltr'><strong>concilio</strong></span> <span class='ocrx_word' id='word_1_675' title='bbox 1297 1753 1312 1772; x_wconf 88' lang='lat' dir='ltr'><strong>a</strong></span> <span class='ocrx_word' id='word_1_676' title='bbox 1340 1746 1482 1773; x_wconf 85' lang='lat' dir='ltr'><strong>catholicis</strong></span> <span class='ocrx_word' id='word_1_677' title='bbox 1514 1751 1574 1774; x_wconf 80' lang='lat' dir='ltr'><strong>erat</strong></span> <span class='ocrx_word' id='word_1_678' title='bbox 1603 1747 1755 1778; x_wconf 48' lang='lat' dir='ltr'><strong>absolutus,</strong></span> 
     </span>
    </p>
   </div>
   <div class='ocr_carea' id='block_1_98' title="bbox 974 1790 1757 1826">
    <p class='ocr_par' dir='ltr' id='par_1_98' title="bbox 974 1790 1757 1826">
     <span class='ocr_line' id='line_1_98' title="bbox 974 1790 1757 1826; baseline 0.003 -10"><span class='ocrx_word' id='word_1_679' title='bbox 974 1797 1071 1824; x_wconf 89' lang='lat' dir='ltr'><strong>parum</strong></span> <span class='ocrx_word' id='word_1_680' title='bbox 1090 1797 1164 1817; x_wconf 68' lang='lat' dir='ltr'><strong>sanae</strong></span> <span class='ocrx_word' id='word_1_681' title='bbox 1186 1790 1249 1817; x_wconf 78' lang='lat' dir='ltr'><strong>ﬁdei</strong></span> <span class='ocrx_word' id='word_1_682' title='bbox 1265 1795 1433 1826; x_wconf 84' lang='lat' dir='ltr'><strong>compertum</strong></span> <span class='ocrx_word' id='word_1_683' title='bbox 1450 1799 1466 1818; x_wconf 87' lang='lat' dir='ltr'><strong>a</strong></span> <span class='ocrx_word' id='word_1_684' title='bbox 1487 1793 1680 1820; x_wconf 87' lang='lat' dir='ltr'><strong>communione</strong></span> <span class='ocrx_word' id='word_1_685' title='bbox 1698 1802 1757 1820; x_wconf 64' lang='lat' dir='ltr'><strong>sns-</strong></span> 
     </span>
    </p>
   </div>
   <div class='ocr_carea' id='block_1_99' title="bbox 975 1835 1757 1872">
    <p class='ocr_par' dir='ltr' id='par_1_99' title="bbox 975 1835 1757 1872">
     <span class='ocr_line' id='line_1_99' title="bbox 975 1835 1757 1872; baseline 0.003 -9"><span class='ocrx_word' id='word_1_686' title='bbox 975 1835 1124 1869; x_wconf 81' lang='lat' dir='ltr'><strong>pendisset,</strong></span> <span class='ocrx_word' id='word_1_687' title='bbox 1140 1835 1256 1863; x_wconf 83' lang='lat' dir='ltr'><strong>Arianos</strong></span> <span class='ocrx_word' id='word_1_688' title='bbox 1270 1843 1301 1864; x_wconf 87' lang='lat' dir='ltr'><strong>ea</strong></span> <span class='ocrx_word' id='word_1_689' title='bbox 1319 1836 1463 1864; x_wconf 85' lang='lat' dir='ltr'><strong>occasione</strong></span> <span class='ocrx_word' id='word_1_690' title='bbox 1479 1837 1594 1864; x_wconf 85' lang='lat' dir='ltr'><strong>libenter</strong></span> <span class='ocrx_word' id='word_1_691' title='bbox 1609 1846 1684 1869; x_wconf 83' lang='lat' dir='ltr'><strong>usos,</strong></span> <span class='ocrx_word' id='word_1_692' title='bbox 1703 1846 1757 1872; x_wconf 82' lang='lat' dir='ltr'><strong>quo</strong></span> 
     </span>
    </p>
   </div>
   <div class='ocr_carea' id='block_1_100' title="bbox 976 1880 1758 1919">
    <p class='ocr_par' dir='ltr' id='par_1_100' title="bbox 976 1880 1758 1919">
     <span class='ocr_line' id='line_1_100' title="bbox 976 1880 1758 1919; baseline 0.004 -12"><span class='ocrx_word' id='word_1_693' title='bbox 976 1880 1148 1908; x_wconf 85' lang='lat' dir='ltr'><strong>Sardieensis</strong></span> <span class='ocrx_word' id='word_1_694' title='bbox 1179 1882 1277 1917; x_wconf 83' lang='lat' dir='ltr'><strong>synodi</strong></span> <span class='ocrx_word' id='word_1_695' title='bbox 1308 1882 1417 1909; x_wconf 80' lang='lat' dir='ltr'><strong>dccrcta</strong></span> <span class='ocrx_word' id='word_1_696' title='bbox 1447 1883 1646 1912; x_wconf 77' lang='lat' dir='ltr'><strong>subverterent.</strong></span> <span class='ocrx_word' id='word_1_697' title='bbox 1674 1883 1758 1919; x_wconf 78' lang='lat' dir='ltr'><strong>igitur</strong></span> 
     </span>
    </p>
   </div>
   <div class='ocr_carea' id='block_1_101' title="bbox 975 1926 1757 1962">
    <p class='ocr_par' dir='ltr' id='par_1_101' title="bbox 975 1926 1757 1962">
     <span class='ocr_line' id='line_1_101' title="bbox 975 1926 1757 1962; baseline 0.005 -8"><span class='ocrx_word' id='word_1_698' title='bbox 975 1930 1067 1954; x_wconf 85' lang='lat' dir='ltr'><strong>astuto</strong></span> <span class='ocrx_word' id='word_1_699' title='bbox 1098 1927 1216 1955; x_wconf 89' lang='lat' dir='ltr'><strong>consilio</strong></span> <span class='ocrx_word' id='word_1_700' title='bbox 1255 1926 1380 1962; x_wconf 87' lang='lat' dir='ltr'><strong>Photini,</strong></span> <span class='ocrx_word' id='word_1_701' title='bbox 1407 1927 1525 1956; x_wconf 80' lang='lat' dir='ltr'><strong>Marcelli</strong></span> <span class='ocrx_word' id='word_1_702' title='bbox 1563 1935 1589 1957; x_wconf 90' lang='lat' dir='ltr'><strong>et</strong></span> <span class='ocrx_word' id='word_1_703' title='bbox 1615 1930 1757 1958; x_wconf 70' lang='lat' dir='ltr'><strong>Athanasii</strong></span> 
     </span>
    </p>
   </div>
   <div class='ocr_carea' id='block_1_102' title="bbox 975 1973 1757 2012">
    <p class='ocr_par' dir='ltr' id='par_1_102' title="bbox 975 1973 1757 2012">
     <span class='ocr_line' id='line_1_102' title="bbox 975 1973 1757 2012; baseline 0.005 -13"><span class='ocrx_word' id='word_1_704' title='bbox 975 1973 1180 2000; x_wconf 77' lang='lat' dir='ltr'><strong>damnationem</strong></span> <span class='ocrx_word' id='word_1_705' title='bbox 1211 1973 1365 2001; x_wconf 88' lang='lat' dir='ltr'><strong>miscuisse.</strong></span> <span class='ocrx_word' id='word_1_706' title='bbox 1398 1973 1466 2001; x_wconf 89' lang='lat' dir='ltr'><strong>Cum</strong></span> <span class='ocrx_word' id='word_1_707' title='bbox 1505 1975 1578 2002; x_wconf 90' lang='lat' dir='ltr'><strong>euitn</strong></span> <span class='ocrx_word' id='word_1_708' title='bbox 1617 1978 1757 2012; x_wconf 81' lang='lat' dir='ltr'><strong>propalam</strong></span> 
     </span>
    </p>
   </div>
   <div class='ocr_carea' id='block_1_103' title="bbox 975 2019 1758 2055">
    <p class='ocr_par' dir='ltr' id='par_1_103' title="bbox 975 2019 1758 2055">
     <span class='ocr_line' id='line_1_103' title="bbox 975 2019 1758 2055; baseline 0.005 -9"><span class='ocrx_word' id='word_1_709' title='bbox 975 2019 1069 2046; x_wconf 89' lang='lat' dir='ltr'><strong>Ariani</strong></span> <span class='ocrx_word' id='word_1_710' title='bbox 1094 2019 1198 2047; x_wconf 85' lang='lat' dir='ltr'><strong>erroris</strong></span> <span class='ocrx_word' id='word_1_711' title='bbox 1220 2020 1262 2046; x_wconf 83' lang='lat' dir='ltr'><strong>sbi</strong></span> <span class='ocrx_word' id='word_1_712' title='bbox 1284 2019 1411 2054; x_wconf 74' lang='lat' dir='ltr'><strong>dogmata</strong></span> <span class='ocrx_word' id='word_1_713' title='bbox 1438 2021 1584 2055; x_wconf 61' lang='lat' dir='ltr'><strong>prtedicat&#39;e</strong></span> <span class='ocrx_word' id='word_1_714' title='bbox 1607 2030 1659 2050; x_wconf 90' lang='lat' dir='ltr'><strong>non</strong></span> <span class='ocrx_word' id='word_1_715' title='bbox 1678 2023 1758 2050; x_wconf 83' lang='lat' dir='ltr'><strong>aude-</strong></span> 
     </span>
    </p>
   </div>
   <div class='ocr_carea' id='block_1_104' title="bbox 976 2065 1757 2102">
    <p class='ocr_par' dir='ltr' id='par_1_104' title="bbox 976 2065 1757 2102">
     <span class='ocr_line' id='line_1_104' title="bbox 976 2065 1757 2102; baseline 0.006 -10"><span class='ocrx_word' id='word_1_716' title='bbox 976 2070 1045 2097; x_wconf 84' lang='lat' dir='ltr'><strong>rent,</strong></span> <span class='ocrx_word' id='word_1_717' title='bbox 1070 2073 1103 2093; x_wconf 89' lang='lat' dir='ltr'><strong>ac</strong></span> <span class='ocrx_word' id='word_1_718' title='bbox 1128 2065 1277 2093; x_wconf 88' lang='lat' dir='ltr'><strong>catholicos</strong></span> <span class='ocrx_word' id='word_1_719' title='bbox 1299 2073 1328 2093; x_wconf 86' lang='lat' dir='ltr'><strong>se</strong></span> <span class='ocrx_word' id='word_1_720' title='bbox 1354 2071 1488 2101; x_wconf 76' lang='lat' dir='ltr'><strong>gererent,</strong></span> <span class='ocrx_word' id='word_1_721' title='bbox 1512 2068 1580 2094; x_wconf 89' lang='lat' dir='ltr'><strong>niltil</strong></span> <span class='ocrx_word' id='word_1_722' title='bbox 1605 2069 1681 2102; x_wconf 89' lang='lat' dir='ltr'><strong>prius</strong></span> <span class='ocrx_word' id='word_1_723' title='bbox 1706 2070 1757 2098; x_wconf 91' lang='lat' dir='ltr'><strong>sibi</strong></span> 
     </span>
    </p>
   </div>
   <div class='ocr_carea' id='block_1_105' title="bbox 975 2111 1758 2146">
    <p class='ocr_par' dir='ltr' id='par_1_105' title="bbox 975 2111 1758 2146">
     <span class='ocr_line' id='line_1_105' title="bbox 975 2111 1758 2146; baseline 0.006 -8"><span class='ocrx_word' id='word_1_724' title='bbox 975 2111 1109 2145; x_wconf 74' lang='lat' dir='ltr'><strong>agendum</strong></span> <span class='ocrx_word' id='word_1_725' title='bbox 1126 2116 1200 2138; x_wconf 84' lang='lat' dir='ltr'><strong>ratos</strong></span> <span class='ocrx_word' id='word_1_726' title='bbox 1221 2119 1292 2143; x_wconf 86' lang='lat' dir='ltr'><strong>esse,</strong></span> <span class='ocrx_word' id='word_1_727' title='bbox 1311 2119 1394 2146; x_wconf 85' lang='lat' dir='ltr'><strong>quam</strong></span> <span class='ocrx_word' id='word_1_728' title='bbox 1415 2117 1444 2140; x_wconf 86' lang='lat' dir='ltr'><strong>ut</strong></span> <span class='ocrx_word' id='word_1_729' title='bbox 1459 2113 1638 2141; x_wconf 86' lang='lat' dir='ltr'><strong>Athanasium</strong></span> <span class='ocrx_word' id='word_1_730' title='bbox 1654 2115 1688 2143; x_wconf 87' lang='lat' dir='ltr'><strong>ab</strong></span> <span class='ocrx_word' id='word_1_731' title='bbox 1712 2115 1758 2143; x_wconf 76' lang='lat' dir='ltr'><strong>Er-</strong></span> 
     </span>
    </p>
   </div>
   <div class='ocr_carea' id='block_1_106' title="bbox 975 2156 1757 2188">
    <p class='ocr_par' dir='ltr' id='par_1_106' title="bbox 975 2156 1757 2188">
     <span class='ocr_line' id='line_1_106' title="bbox 975 2156 1757 2188; baseline 0.005 -4"><span class='ocrx_word' id='word_1_732' title='bbox 975 2157 1057 2184; x_wconf 86' lang='lat' dir='ltr'><strong>clesia</strong></span> <span class='ocrx_word' id='word_1_733' title='bbox 1077 2157 1282 2185; x_wconf 87' lang='lat' dir='ltr'><strong>subtnovercnt.</strong></span> <span class='ocrx_word' id='word_1_734' title='bbox 1302 2156 1354 2185; x_wconf 89' lang='lat' dir='ltr'><strong>Sed</strong></span> <span class='ocrx_word' id='word_1_735' title='bbox 1374 2165 1436 2185; x_wconf 90' lang='lat' dir='ltr'><strong>cum</strong></span> <span class='ocrx_word' id='word_1_736' title='bbox 1458 2158 1561 2187; x_wconf 87' lang='lat' dir='ltr'><strong>litteras</strong></span> <span class='ocrx_word' id='word_1_737' title='bbox 1579 2159 1611 2186; x_wconf 90' lang='lat' dir='ltr'><strong>de</strong></span> <span class='ocrx_word' id='word_1_738' title='bbox 1627 2160 1672 2187; x_wconf 88' lang='lat' dir='ltr'><strong>illa</strong></span> <span class='ocrx_word' id='word_1_739' title='bbox 1687 2161 1757 2188; x_wconf 87' lang='lat' dir='ltr'><strong>Pho-</strong></span> 
     </span>
    </p>
   </div>
   <div class='ocr_carea' id='block_1_107' title="bbox 975 2201 1755 2236">
    <p class='ocr_par' dir='ltr' id='par_1_107' title="bbox 975 2201 1755 2236">
     <span class='ocr_line' id='line_1_107' title="bbox 975 2201 1755 2236; baseline 0.006 -8"><span class='ocrx_word' id='word_1_740' title='bbox 975 2202 1035 2234; x_wconf 92' lang='lat' dir='ltr'><strong>tini,</strong></span> <span class='ocrx_word' id='word_1_741' title='bbox 1057 2201 1175 2229; x_wconf 71' lang='lat' dir='ltr'><strong>Marcelli</strong></span> <span class='ocrx_word' id='word_1_742' title='bbox 1193 2206 1219 2229; x_wconf 88' lang='lat' dir='ltr'><strong>et</strong></span> <span class='ocrx_word' id='word_1_743' title='bbox 1237 2202 1378 2230; x_wconf 84' lang='lat' dir='ltr'><strong>Athanasii</strong></span> <span class='ocrx_word' id='word_1_744' title='bbox 1401 2202 1575 2231; x_wconf 84' lang='lat' dir='ltr'><strong>damnatione</strong></span> <span class='ocrx_word' id='word_1_745' title='bbox 1605 2205 1755 2236; x_wconf 84' lang='lat' dir='ltr'><strong>dedissent.</strong></span> 
     </span>
    </p>
   </div>
   <div class='ocr_carea' id='block_1_108' title="bbox 975 2248 1757 2283">
    <p class='ocr_par' dir='ltr' id='par_1_108' title="bbox 975 2248 1757 2283">
     <span class='ocr_line' id='line_1_108' title="bbox 975 2248 1757 2283; baseline 0.003 -8"><span class='ocrx_word' id='word_1_746' title='bbox 975 2249 1108 2275; x_wconf 71' lang='lat' dir='ltr'><strong>restitisse</strong></span> <span class='ocrx_word' id='word_1_747' title='bbox 1131 2248 1282 2276; x_wconf 85' lang='lat' dir='ltr'><strong>catholicos</strong></span> <span class='ocrx_word' id='word_1_748' title='bbox 1306 2248 1419 2281; x_wconf 74' lang='lat' dir='ltr'><strong>scribit;</strong></span> <span class='ocrx_word' id='word_1_749' title='bbox 1439 2253 1522 2283; x_wconf 81' lang='lat' dir='ltr'><strong>atque</strong></span> <span class='ocrx_word' id='word_1_750' title='bbox 1549 2251 1619 2278; x_wconf 90' lang='lat' dir='ltr'><strong>inter</strong></span> <span class='ocrx_word' id='word_1_751' title='bbox 1645 2257 1757 2280; x_wconf 53' lang='lat' dir='ltr'><strong>cazteros</strong></span> 
     </span>
    </p>
   </div>
   <div class='ocr_carea' id='block_1_109' title="bbox 975 2293 1755 2330">
    <p class='ocr_par' dir='ltr' id='par_1_109' title="bbox 975 2293 1755 2330">
     <span class='ocr_line' id='line_1_109' title="bbox 975 2293 1755 2330; baseline 0.005 -10"><span class='ocrx_word' id='word_1_752' title='bbox 975 2293 1122 2321; x_wconf 81' lang='lat' dir='ltr'><strong>Paulinum</strong></span> <span class='ocrx_word' id='word_1_753' title='bbox 1141 2293 1334 2321; x_wconf 74' lang='lat' dir='ltr'><strong>Trevcrcnsem</strong></span> <span class='ocrx_word' id='word_1_754' title='bbox 1360 2294 1396 2322; x_wconf 87' lang='lat' dir='ltr'><strong>ita</strong></span> <span class='ocrx_word' id='word_1_755' title='bbox 1423 2295 1640 2330; x_wconf 82' lang='lat' dir='ltr'><strong>subscripsisse:</strong></span> <span class='ocrx_word' id='word_1_756' title='bbox 1670 2305 1698 2325; x_wconf 90' lang='lat' dir='ltr'><strong>se</strong></span> <span class='ocrx_word' id='word_1_757' title='bbox 1730 2298 1755 2324; x_wconf 90' lang='lat' dir='ltr'><strong>in</strong></span> 
     </span>
    </p>
   </div>
   <div class='ocr_carea' id='block_1_110' title="bbox 973 2340 1757 2376">
    <p class='ocr_par' dir='ltr' id='par_1_110' title="bbox 973 2340 1757 2376">
     <span class='ocr_line' id='line_1_110' title="bbox 973 2340 1757 2376; baseline 0.004 -9"><span class='ocrx_word' id='word_1_758' title='bbox 973 2340 1084 2368; x_wconf 90' lang='lat' dir='ltr'><strong>Photini</strong></span> <span class='ocrx_word' id='word_1_759' title='bbox 1100 2345 1180 2375; x_wconf 83' lang='lat' dir='ltr'><strong>atque</strong></span> <span class='ocrx_word' id='word_1_760' title='bbox 1198 2340 1317 2368; x_wconf 76' lang='lat' dir='ltr'><strong>Marcelli</strong></span> <span class='ocrx_word' id='word_1_761' title='bbox 1334 2340 1538 2368; x_wconf 72' lang='lat' dir='ltr'><strong>damnationem</strong></span> <span class='ocrx_word' id='word_1_762' title='bbox 1554 2342 1674 2376; x_wconf 67' lang='lat' dir='ltr'><strong>prmbere</strong></span> <span class='ocrx_word' id='word_1_763' title='bbox 1693 2351 1757 2370; x_wconf 87' lang='lat' dir='ltr'><strong>con-</strong></span> 
     </span>
    </p>
   </div>
   <div class='ocr_carea' id='block_1_111' title="bbox 974 2386 1755 2422">
    <p class='ocr_par' dir='ltr' id='par_1_111' title="bbox 974 2386 1755 2422">
     <span class='ocr_line' id='line_1_111' title="bbox 974 2386 1755 2422; baseline 0.003 -8"><span class='ocrx_word' id='word_1_764' title='bbox 974 2394 1096 2419; x_wconf 87' lang='lat' dir='ltr'><strong>sensum,</strong></span> <span class='ocrx_word' id='word_1_765' title='bbox 1122 2386 1155 2413; x_wconf 86' lang='lat' dir='ltr'><strong>de</strong></span> <span class='ocrx_word' id='word_1_766' title='bbox 1177 2386 1328 2413; x_wconf 87' lang='lat' dir='ltr'><strong>Athanasio</strong></span> <span class='ocrx_word' id='word_1_767' title='bbox 1357 2394 1411 2413; x_wconf 91' lang='lat' dir='ltr'><strong>non</strong></span> <span class='ocrx_word' id='word_1_768' title='bbox 1433 2387 1558 2422; x_wconf 86' lang='lat' dir='ltr'><strong>probare.</strong></span> <span class='ocrx_word' id='word_1_769' title='bbox 1582 2387 1672 2420; x_wconf 86' lang='lat' dir='ltr'><strong>Quare</strong></span> <span class='ocrx_word' id='word_1_770' title='bbox 1693 2396 1755 2416; x_wconf 89' lang='lat' dir='ltr'><strong>cum</strong></span> 
     </span>
    </p>
   </div>
   <div class='ocr_carea' id='block_1_112' title="bbox 974 2431 1758 2468">
    <p class='ocr_par' dir='ltr' id='par_1_112' title="bbox 974 2431 1758 2468">
     <span class='ocr_line' id='line_1_112' title="bbox 974 2431 1758 2468; baseline 0.004 -9"><span class='ocrx_word' id='word_1_771' title='bbox 974 2432 1083 2460; x_wconf 91' lang='lat' dir='ltr'><strong>illorum</strong></span> <span class='ocrx_word' id='word_1_772' title='bbox 1106 2432 1139 2460; x_wconf 85' lang='lat' dir='ltr'><strong>de</strong></span> <span class='ocrx_word' id='word_1_773' title='bbox 1162 2431 1311 2459; x_wconf 84' lang='lat' dir='ltr'><strong>Athanasio</strong></span> <span class='ocrx_word' id='word_1_774' title='bbox 1326 2432 1461 2459; x_wconf 84' lang='lat' dir='ltr'><strong>sententia</strong></span> <span class='ocrx_word' id='word_1_775' title='bbox 1488 2433 1685 2467; x_wconf 76' lang='lat' dir='ltr'><strong>repudiaretur.</strong></span> <span class='ocrx_word' id='word_1_776' title='bbox 1701 2434 1758 2468; x_wconf 86' lang='lat' dir='ltr'><strong>ple-</strong></span> 
     </span>
    </p>
   </div>
   <div class='ocr_carea' id='block_1_113' title="bbox 975 2476 1758 2512">
    <p class='ocr_par' dir='ltr' id='par_1_113' title="bbox 975 2476 1758 2512">
     <span class='ocr_line' id='line_1_113' title="bbox 975 2476 1758 2512; baseline 0.005 -9"><span class='ocrx_word' id='word_1_777' title='bbox 975 2477 1051 2512; x_wconf 88' lang='lat' dir='ltr'><strong>riqtte</strong></span> <span class='ocrx_word' id='word_1_778' title='bbox 1065 2485 1080 2504; x_wconf 95' lang='lat' dir='ltr'><strong>a</strong></span> <span class='ocrx_word' id='word_1_779' title='bbox 1093 2477 1254 2504; x_wconf 83' lang='lat' dir='ltr'><strong>Constantio</strong></span> <span class='ocrx_word' id='word_1_780' title='bbox 1273 2476 1401 2512; x_wconf 79' lang='lat' dir='ltr'><strong>relegati;</strong></span> <span class='ocrx_word' id='word_1_781' title='bbox 1419 2485 1451 2504; x_wconf 90' lang='lat' dir='ltr'><strong>ac</strong></span> <span class='ocrx_word' id='word_1_782' title='bbox 1466 2483 1524 2505; x_wconf 90' lang='lat' dir='ltr'><strong>tum</strong></span> <span class='ocrx_word' id='word_1_783' title='bbox 1547 2478 1715 2507; x_wconf 84' lang='lat' dir='ltr'><strong>Arelatensis</strong></span> <span class='ocrx_word' id='word_1_784' title='bbox 1730 2485 1758 2507; x_wconf 84' lang='lat' dir='ltr'><strong>ct</strong></span> 
     </span>
    </p>
   </div>
   <div class='ocr_carea' id='block_1_114' title="bbox 975 2522 1758 2558">
    <p class='ocr_par' dir='ltr' id='par_1_114' title="bbox 975 2522 1758 2558">
     <span class='ocr_line' id='line_1_114' title="bbox 975 2522 1758 2558; baseline 0.003 -9"><span class='ocrx_word' id='word_1_785' title='bbox 975 2522 1138 2550; x_wconf 83' lang='lat' dir='ltr'><strong>Biterrensis</strong></span> <span class='ocrx_word' id='word_1_786' title='bbox 1166 2522 1262 2558; x_wconf 79' lang='lat' dir='ltr'><strong>synodi</strong></span> <span class='ocrx_word' id='word_1_787' title='bbox 1282 2522 1474 2550; x_wconf 86' lang='lat' dir='ltr'><strong>celebrantur:</strong></span> <span class='ocrx_word' id='word_1_788' title='bbox 1498 2523 1559 2551; x_wconf 88' lang='lat' dir='ltr'><strong>ittde</strong></span> <span class='ocrx_word' id='word_1_789' title='bbox 1575 2523 1758 2552; x_wconf 83' lang='lat' dir='ltr'><strong>Mediolanen-</strong></span> 
     </span>
    </p>
   </div>
   <div class='ocr_carea' id='block_1_115' title="bbox 974 2568 1756 2604">
    <p class='ocr_par' dir='ltr' id='par_1_115' title="bbox 974 2568 1756 2604">
     <span class='ocr_line' id='line_1_115' title="bbox 974 2568 1756 2604; baseline 0.001 -9"><span class='ocrx_word' id='word_1_790' title='bbox 974 2568 1012 2595; x_wconf 90' lang='lat' dir='ltr'><strong>sis</strong></span> <span class='ocrx_word' id='word_1_791' title='bbox 1024 2590 1030 2600; x_wconf 96' lang='lat'><strong>,</strong></span> <span class='ocrx_word' id='word_1_792' title='bbox 1048 2569 1075 2595; x_wconf 91' lang='lat' dir='ltr'><strong>in</strong></span> <span class='ocrx_word' id='word_1_793' title='bbox 1092 2576 1146 2602; x_wconf 87' lang='lat' dir='ltr'><strong>qua</strong></span> <span class='ocrx_word' id='word_1_794' title='bbox 1166 2568 1287 2603; x_wconf 80' lang='lat' dir='ltr'><strong>insignes</strong></span> <span class='ocrx_word' id='word_1_795' title='bbox 1307 2569 1417 2602; x_wconf 86' lang='lat' dir='ltr'><strong>quidam</strong></span> <span class='ocrx_word' id='word_1_796' title='bbox 1434 2570 1554 2604; x_wconf 85' lang='lat' dir='ltr'><strong>episcopi</strong></span> <span class='ocrx_word' id='word_1_797' title='bbox 1580 2570 1605 2596; x_wconf 92' lang='lat' dir='ltr'><strong>in</strong></span> <span class='ocrx_word' id='word_1_798' title='bbox 1629 2570 1756 2597; x_wconf 79' lang='lat' dir='ltr'><strong>exsilium</strong></span> 
     </span>
    </p>
   </div>
   <div class='ocr_carea' id='block_1_116' title="bbox 974 2613 1757 2649">
    <p class='ocr_par' dir='ltr' id='par_1_116' title="bbox 974 2613 1757 2649">
     <span class='ocr_line' id='line_1_116' title="bbox 974 2613 1757 2649; baseline 0 -9"><span class='ocrx_word' id='word_1_799' title='bbox 974 2613 1057 2648; x_wconf 85' lang='lat' dir='ltr'><strong>pulsi,</strong></span> <span class='ocrx_word' id='word_1_800' title='bbox 1075 2613 1221 2649; x_wconf 84' lang='lat' dir='ltr'><strong>Dionysius</strong></span> <span class='ocrx_word' id='word_1_801' title='bbox 1245 2613 1472 2646; x_wconf 80' lang='lat' dir='ltr'><strong>Mediolanensis,</strong></span> <span class='ocrx_word' id='word_1_802' title='bbox 1498 2614 1631 2642; x_wconf 74' lang='lat' dir='ltr'><strong>Eusebius</strong></span> <span class='ocrx_word' id='word_1_803' title='bbox 1654 2614 1757 2642; x_wconf 78' lang='lat' dir='ltr'><strong>Vercel-</strong></span> 
     </span>
    </p>
   </div>
   <div class='ocr_carea' id='block_1_117' title="bbox 974 2659 1757 2696">
    <p class='ocr_par' dir='ltr' id='par_1_117' title="bbox 974 2659 1757 2696">
     <span class='ocr_line' id='line_1_117' title="bbox 974 2659 1757 2696; baseline 0.001 -10"><span class='ocrx_word' id='word_1_804' title='bbox 974 2659 1070 2688; x_wconf 81' lang='lat' dir='ltr'><strong>lensis.</strong></span> <span class='ocrx_word' id='word_1_805' title='bbox 1096 2659 1205 2687; x_wconf 81' lang='lat' dir='ltr'><strong>Lucifer</strong></span> <span class='ocrx_word' id='word_1_806' title='bbox 1228 2659 1416 2693; x_wconf 84' lang='lat' dir='ltr'><strong>Calaritanus;</strong></span> <span class='ocrx_word' id='word_1_807' title='bbox 1439 2660 1564 2688; x_wconf 87' lang='lat' dir='ltr'><strong>Liberius</strong></span> <span class='ocrx_word' id='word_1_808' title='bbox 1596 2669 1705 2696; x_wconf 86' lang='lat' dir='ltr'><strong>quoque</strong></span> <span class='ocrx_word' id='word_1_809' title='bbox 1730 2667 1757 2687; x_wconf 79' lang='grc' dir='ltr'><strong>ι-ι.</strong></span> 
     </span>
    </p>
   </div>
   <div class='ocr_carea' id='block_1_118' title="bbox 976 2704 1754 2738">
    <p class='ocr_par' dir='ltr' id='par_1_118' title="bbox 976 2704 1754 2738">
     <span class='ocr_line' id='line_1_118' title="bbox 976 2704 1754 2738; baseline 0.003 -7"><span class='ocrx_word' id='word_1_810' title='bbox 976 2704 1104 2732; x_wconf 77' lang='lat' dir='ltr'><strong>Hilarius.</strong></span> <span class='ocrx_word' id='word_1_811' title='bbox 1119 2705 1185 2738; x_wconf 71' lang='lat' dir='ltr'><strong>Quae</strong></span> <span class='ocrx_word' id='word_1_812' title='bbox 1208 2707 1299 2733; x_wconf 90' lang='lat' dir='ltr'><strong>omnia</strong></span> <span class='ocrx_word' id='word_1_813' title='bbox 1319 2707 1465 2734; x_wconf 88' lang='lat' dir='ltr'><strong>Arbetione</strong></span> <span class='ocrx_word' id='word_1_814' title='bbox 1489 2711 1515 2734; x_wconf 90' lang='lat' dir='ltr'><strong>et</strong></span> <span class='ocrx_word' id='word_1_815' title='bbox 1537 2706 1659 2733; x_wconf 88' lang='lat' dir='ltr'><strong>Lolliano</strong></span> <span class='ocrx_word' id='word_1_816' title='bbox 1682 2714 1754 2734; x_wconf 75' lang='lat' dir='ltr'><strong>coss.</strong></span> 
     </span>
    </p>
   </div>
   <div class='ocr_carea' id='block_1_119' title="bbox 975 2751 1755 2787">
    <p class='ocr_par' dir='ltr' id='par_1_119' title="bbox 975 2751 1755 2787">
     <span class='ocr_line' id='line_1_119' title="bbox 975 2751 1755 2787; baseline 0 -9"><span class='ocrx_word' id='word_1_817' title='bbox 975 2751 1043 2778; x_wconf 85' lang='lat' dir='ltr'><strong>facta</strong></span> <span class='ocrx_word' id='word_1_818' title='bbox 1058 2759 1117 2778; x_wconf 87' lang='lat' dir='ltr'><strong>esse</strong></span> <span class='ocrx_word' id='word_1_819' title='bbox 1140 2752 1244 2779; x_wconf 82' lang='lat' dir='ltr'><strong>scribit.</strong></span> <span class='ocrx_word' id='word_1_820' title='bbox 1264 2752 1325 2780; x_wconf 64' lang='lat' dir='ltr'><strong>llaec</strong></span> <span class='ocrx_word' id='word_1_821' title='bbox 1345 2752 1502 2780; x_wconf 89' lang='lat' dir='ltr'><strong>summatim</strong></span> <span class='ocrx_word' id='word_1_822' title='bbox 1521 2751 1664 2787; x_wconf 87' lang='lat' dir='ltr'><strong>Sulpitius.</strong></span> <span class='ocrx_word' id='word_1_823' title='bbox 1686 2753 1755 2786; x_wconf 86' lang='lat' dir='ltr'><strong>Qni-</strong></span> 
     </span>
    </p>
   </div>
   <div class='ocr_carea' id='block_1_120' title="bbox 975 2798 1756 2834">
    <p class='ocr_par' dir='ltr' id='par_1_120' title="bbox 975 2798 1756 2834">
     <span class='ocr_line' id='line_1_120' title="bbox 975 2798 1756 2834; baseline 0.003 -10"><span class='ocrx_word' id='word_1_824' title='bbox 975 2798 1026 2824; x_wconf 85' lang='lat' dir='ltr'><strong>ltus</strong></span> <span class='ocrx_word' id='word_1_825' title='bbox 1039 2798 1163 2832; x_wconf 87' lang='lat' dir='ltr'><strong>superior</strong></span> <span class='ocrx_word' id='word_1_826' title='bbox 1178 2799 1222 2832; x_wconf 76' lang='lat' dir='ltr'><strong>ille</strong></span> <span class='ocrx_word' id='word_1_827' title='bbox 1237 2799 1345 2833; x_wconf 80' lang='lat' dir='ltr'><strong>agnitus</strong></span> <span class='ocrx_word' id='word_1_828' title='bbox 1358 2807 1373 2826; x_wconf 87' lang='lat' dir='ltr'><strong>a</strong></span> <span class='ocrx_word' id='word_1_829' title='bbox 1388 2799 1464 2825; x_wconf 83' lang='lat' dir='ltr'><strong>:toltis</strong></span> <span class='ocrx_word' id='word_1_830' title='bbox 1475 2803 1501 2826; x_wconf 88' lang='lat' dir='ltr'><strong>et</strong></span> <span class='ocrx_word' id='word_1_831' title='bbox 1515 2799 1665 2834; x_wconf 78' lang='lat' dir='ltr'><strong>patefactus</strong></span> <span class='ocrx_word' id='word_1_832' title='bbox 1679 2808 1756 2828; x_wconf 66' lang='lat' dir='ltr'><strong>error</strong></span> 
     </span>
    </p>
   </div>
   <div class='ocr_carea' id='block_1_121' title="bbox 974 2844 1756 2881">
    <p class='ocr_par' dir='ltr' id='par_1_121' title="bbox 974 2844 1756 2881">
     <span class='ocr_line' id='line_1_121' title="bbox 974 2844 1756 2881; baseline 0.003 -9"><span class='ocrx_word' id='word_1_833' title='bbox 974 2845 1154 2872; x_wconf 73' lang='lat' dir='ltr'><strong>C&#39;JthlllCillll&#39;.</strong></span> <span class='ocrx_word' id='word_1_834' title='bbox 1171 2844 1248 2873; x_wconf 68' lang='lat' dir='ltr'><strong>\‘ides</strong></span> <span class='ocrx_word' id='word_1_835' title='bbox 1263 2845 1334 2872; x_wconf 78' lang='lat' dir='ltr'><strong>enim</strong></span> <span class='ocrx_word' id='word_1_836' title='bbox 1348 2851 1406 2880; x_wconf 79' lang='lat' dir='ltr'><strong>post</strong></span> <span class='ocrx_word' id='word_1_837' title='bbox 1420 2844 1608 2873; x_wconf 65' lang='lat' dir='ltr'><strong>Sardiccmom</strong></span> <span class='ocrx_word' id='word_1_838' title='bbox 1623 2847 1756 2881; x_wconf 60' lang='lat' dir='ltr'><strong>synodum</strong></span> 
     </span>
    </p>
   </div>
   <div class='ocr_carea' id='block_1_122' title="bbox 1583 2895 1617 2924">
    <p class='ocr_par' dir='ltr' id='par_1_122' title="bbox 1583 2895 1617 2924">
     <span class='ocr_line' id='line_1_122' title="bbox 1583 2895 1609 2907; baseline 0 -4"><span class='ocrx_word' id='word_1_839' title='bbox 1583 2895 1609 2907; x_wconf 69' lang='grc' dir='ltr'><strong>ιν</strong></span> 
     </span>
     <span class='ocr_line' id='line_1_123' title="bbox 1583 2907 1617 2924; baseline 0.029 -1"><span class='ocrx_word' id='word_1_840' title='bbox 1583 2907 1617 2924; x_wconf 73' lang='grc' dir='ltr'><strong>ιιι</strong></span> 
     </span>
    </p>
   </div>
  </div>
