1925 3043
168 145 237 172 ΙῦϋἹ

727 141 898 170 APPENDIX
918 141 1231 170 DlSSEl‘uTATltlt‘iUM.

1737 144 1802 172 1068

170 210 195 230 ct
214 207 336 237 receptos
353 202 380 228 in
402 200 622 229 communionem
644 199 787 237 Uisacium
813 208 844 227 ac
865 200 957 227 \‘alcu-
974 204 992 231 Α
1010 201 1107 226 tim-um
1130 209 1240 227 suarum
1263 201 1372 228 decretis
1400 201 1605 228 contradixissc.
1629 200 1745 229 Nccessu
1762 209 1803 231 est

165 255 236 279 tem,
261 249 403 283 aliquanto
431 252 554 281 tempore
584 234 747 280 interjcctb,
780 244 959 272 Sirtuienscm

165 289 297 322 adversus
329 293 478 321 Pliotinum
511 292 676 319 celebratam
711 291 867 327 synodum,
899 296 961 318 ante

165 341 349 367 Arelatensem
377 345 403 366 et
418 338 656 368 Mcdiolanensem,
687 345 791 364 necnon
815 341 960 371 antequam

166 386 291 412 Liberius
313 393 392 420 papa.
416 385 550 412 Eusebius
571 385 671 418 aliique
711 383 958 418 proscriberentur.

166 432 247 466 Atqui
267 431 477 459 conciliabulum
499 431 672 462 Arelatense,
687 429 760 464 qttod
780 437 794 456 a
812 429 960 456 Saturnino

165 478 333 505 celebratum
359 482 412 509 est,
438 485 511 504 anno
535 477 636 503 (iluisti
665 476 716 503 555
735 475 868 510 contigit,
896 482 959 502 cum

166 523 267 550 Sirmio
293 523 320 549 in
337 522 442 549 Gallias
468 521 608 556 profectus
629 525 700 548 esset
725 519 914 550 Constantius,
931 525 960 546 ut

165 569 193 596 in
212 568 360 597 Annalibus
374 568 491 602 legitur;
511 567 713 593 Mcdiolancnse
730 573 794 592 vero
812 573 884 592 anno
897 565 958 596 ⁵555,

165 615 313 641 Arbetione
328 619 352 641 et
372 613 497 640 Lolliano
516 621 588 640 coss.
605 611 695 638 Tanto
718 611 801 646 igitur
817 617 880 638 ante
897 615 958 638 tem-

164 669 231 695 pore
259 661 406 687 daumatns
439 659 573 686 Photinus
603 665 635 685 ac
665 658 824 685 Sirmiensis
850 663 959 692 peracta

165 707 287 742 synodus
320 712 381 737 est,
413 713 496 740 quam
531 704 650 732 secunda
685 704 746 730 fidei
784 703 900 729 formula
933 703 958 729 in

164 753 259 779 eodem
314 751 458 778 Siriuicnsi
495 750 594 785 oppido
620 750 654 776 ab
690 749 822 779 Ursacio,
849 748 960 776 Valente

164 800 285 834 (lsioque
309 799 449 834 prodiret,
474 805 535 832 qua:
557 801 619 831 post
639 796 788 831 relegatum
813 794 958 826 llilarium,

164 853 215 872 nec
231 846 309 878 longe
326 848 389 870 ante
418 843 553 878 synodum
583 841 784 869 Ariminensem
811 842 882 868 edita
906 846 958 873 est,

1014 247 1104 281 itaque
1120 247 1261 281 aliquanto
1278 253 1339 282 post
1349 247 1515 282 publicatam
1531 247 1711 275 Sirmienseni
1724 247 1802 276 ἐκϐε-

1013 301 1054 319 σιν
1079 293 1178 328 spatio,
1209 294 1381 328 Ancyranam
1409 302 1422 320 a
1451 293 1553 321 llasilio
1583 294 1717 329 synodum
1743 302 1803 322 esse

1011 339 1164 366 conﬂatam.
1187 338 1256 372 Quid
1280 339 1352 374 quod
1372 339 1454 366 Osius
1479 339 1553 374 ipse,
1572 347 1587 365 a
1604 347 1659 374 qtto
1679 338 1803 366 eamdem

1012 384 1084 410 illam
1101 383 1248 418 profectam
1268 384 1411 410 formulam
1428 389 1524 410 auctor
1547 388 1589 411 est
1610 379 1743 416 Hilarius,
1756 390 1805 410 an-

1012 438 1076 456 num
1103 430 1236 464 integrum
1258 429 1351 457 Sirmii
1376 434 1497 457 retentus
1513 434 1565 460 est.
1587 429 1749 464 priusquam
1771 428 1804 455 ad

1011 484 1176 504 consensum
1204 477 1375 512 adigeretur?
1395 476 1486 510 Quare
1511 484 1571 504 cum
1591 484 1645 504 non
1669 476 1721 503 nisi
1745 481 1806 511 post

1011 521 1120 548 Junium
1136 529 1256 550 mensem
1275 523 1339 550 anni
1354 522 1406 550 356
1432 522 1610 550 Constantius
1637 521 1730 548 Sirmii
1745 530 1775 549 es
1790 530 1806 549 e

1011 571 1138 604 potuerit,
1164 578 1335 605 consequens
1357 575 1412 602 est,
1440 577 1513 597 anno
1539 574 1684 604 sequente,
1706 569 1805 596 eodem

1011 615 1120 642 circiter
1133 620 1265 650 tempore,
1279 615 1359 643 istam
1373 616 1407 642 ab
1427 615 1492 642 Osio
1511 615 1707 650 professionem
1727 615 1805 641 Aria-

1011 669 1060 688 nos
1079 662 1239 689 extorsisse.
1272 661 1353 696 Atqui
1372 661 1416 688 diu
1437 666 1510 691 ante.
1534 661 1661 688 nimirum
1685 661 1737 686 sub
1757 669 1806 695 pa-

1012 706 1104 734 schale
1118 711 1236 741 tempus,
1253 707 1366 742 Ancyra:
1381 714 1533 734 convenere
1545 705 1805 734 ScmiarianiNidcs

1012 757 1132 786 quantus
1148 753 1184 779 sit
1200 752 1270 787 apud
1287 753 1347 779 illos
1363 753 1498 779 rationum
1523 753 1590 779 inter
1610 759 1669 779 sese
1701 760 1804 778 scruto-

1011 797 1107 831 nisque
1116 797 1270 825 conflictus.
1283 797 1335 824 Sed
1345 806 1377 824 ex
1395 797 1427 825 iis
1443 805 1503 832 quae
1511 805 1591 832 supra
1601 798 1803 830 constituimus,

1010 850 1126 877 qumque
1147 843 1228 878 paulo
1247 848 1305 878 post
1331 844 1469 870 tractanda
1498 848 1571 875 sunt,
1594 849 1705 878 apparet
1732 845 1804 872 aliud

164 896 194 917 ut
213 899 245 917 ex
264 890 360 917 eodem
384 889 488 916 Hilario
509 893 638 921 constat;
662 896 752 922 neque
772 892 861 922 potest
885 895 956 914 anno
974 879 994 908 Β
1010 888 1160 922 Ancyrana:
1178 889 1281 923 synodo
1299 893 1406 923 tempus
1417 897 1478 916 esse
1491 889 1674 916 tribuendum.

164 937 217 964 357
231 937 380 964 Sirmiense
392 936 538 963 concilium
555 934 611 962 ullo
624 935 706 962 modo
718 942 880 970 congruere.

201 982 341 1010 Neminem
356 979 534 1009 vetustissimi
553 980 656 1008 erroris
676 980 745 1007 adeo
764 985 885 1007 tenacem
902 979 959 1006 fore

164 1028 282 1058 confido,
300 1027 346 1062 qui
365 1035 419 1054 non
437 1031 476 1053 tot
496 1025 667 1060 argumentis
695 1025 836 1053 convictus
861 1030 960 1052 nostra:

164 1076 203 1103 illi
227 1083 280 1102 non
307 1073 439 1109 Opinioni,
470 1077 517 1100 aut
541 1072 715 1108 conjecturae,
730 1072 776 1099 sed
801 1071 960 1099 certissimae

164 1123 272 1150 veritati
299 1121 463 1156 suffragetur
478 1142 485 1153 ,
524 1121 646 1155 adeoque
670 1120 846 1148 vehementer
867 1119 960 1146 obstu-

164 1172 267 1203 poscat,
284 1167 385 1194 nemini
408 1167 540 1193 hactenus
559 1165 718 1193 mortalium
741 1169 795 1192 tam
811 1155 958 1192 immanem

164 1214 287 1242 historia
303 1214 390 1240 labem
408 1213 434 1240 in
448 1218 522 1240 tanta
541 1213 729 1240 doctrinarum
749 1212 872 1239 omnium
888 1212 958 1243 lucc,

164 1265 294 1295 tantaque
309 1259 449 1287 annalium
465 1263 492 1286 el
509 1259 703 1286 chronicorum
720 1259 798 1293 copia
815 1258 857 1285 vel
879 1257 960 1285 levis-

163 1308 233 1336 sime
247 1306 412 1334 suboluisse.
430 1305 469 1332 Ac
481 1305 583 1332 nostris
594 1305 703 1340 quidem
717 1304 853 1332 accuratis
880 1309 960 1338 atque

163 1353 280 1381 eruditis
300 1352 458 1379 hominibus
481 1351 570 1378 danda
592 1351 670 1378 venia
688 1355 740 1382 est,
757 1351 803 1386 qui
828 1350 959 1382 Socratis,

165 1400 310 1427 Sozomcni
333 1403 414 1434 atque
445 1400 619 1433 antiquorum
638 1397 752 1432 vestigia
776 1397 861 1424 secuti
876 1402 958 1424 sunt:

165 1447 226 1474 illos
242 1446 316 1480 ipsos
336 1445 439 1472 erroris
451 1449 578 1471 auctores
599 1451 631 1471 ac
653 1444 738 1472 duces
758 1452 891 1471 excusare
905 1451 959 1471 non

163 1500 292 1527 possum,
305 1491 363 1526 qui,
377 1495 406 1518 ut
422 1491 530 1517 illorum
548 1494 700 1525 temporum
716 1490 860 1517 viciniorrs
870 1495 958 1522 erant,

165 1538 205 1566 sic
225 1538 258 1564 ad
278 1545 372 1565 eorum
394 1535 589 1571 evplorandam
604 1536 747 1563 historiam
768 1536 960 1563 instructiores

164 1591 225 1611 esse
239 1583 404 1610 debuerunt.

200 1628 381 1663 Posteaquam
395 1628 597 1653 ﬁrmamentum
617 1626 705 1661 ipsum
735 1625 809 1653 falsa:
825 1626 960 1653 narratio-

165 1673 208 1700 nis
222 1677 249 1699 et
274 1677 357 1707 caput
373 1671 534 1703 evertimus,
558 1671 674 1706 reliqua,
703 1679 764 1706 qua)
787 1671 851 1699 huic
867 1671 961 1698 innixa

165 1719 257 1746 minus
274 1717 374 1744 habent
393 1717 535 1749 momenti,
558 1717 661 1744 erroris
676 1724 729 1744 non
748 1716 849 1749 minus,
866 1722 961 1752 suapte

165 1769 261 1798 sponte
276 1752 569 1797 fracta'inlirmataquc
589 1763 743 1790 concident.
763 1762 903 1797 Ejusmodi
920 1766 961 1789 est

165 1808 237 1843 quod
265 1808 298 1834 de
322 1807 474 1842 Ancyrame
501 1807 594 1842 synodi
621 1811 742 1842 tempore
765 1807 904 1840 delinitur,
933 1809 960 1834 in

165 1854 290 1880 rumvlcm
317 1861 419 1880 annum
447 1853 587 1885 incidisse,
611 1861 666 1888 quo
684 1853 818 1881 Photinus
844 1855 870 1881 in
896 1853 963 1881 Sir—

166 1899 265 1926 iuicnsi
287 1899 404 1927 concilio
428 1899 574 1926 damnatus
592 1903 643 1931 cst,
672 1907 770 1934 nempe
798 1907 870 1927 anno
896 1900 958 1927 557.

166 1945 245 1978 Quod
261 1953 314 1972 non
333 1945 414 1972 modo
437 1944 534 1971 falsum
555 1949 607 1976 cst,
632 1945 695 1980 quia
717 1945 796 1980 longe
808 1951 870 1972 ante
889 1946 961 1974 hunc

167 1998 269 2016 anntun
305 1989 482 2016 Sirmienscin
516 1989 589 2016 illam
625 1990 758 2025 synodum
795 1991 959 2019 celebratam

167 2036 248 2070 paulo
264 2040 326 2062 ante
338 2035 495 2068 docuimus,
512 2036 558 2063 sed
571 2035 653 2062 etiam
673 2036 757 2070 quod,
770 2037 821 2063 etsi
837 2037 887 2064 hoc
901 2038 960 2072 ipso

167 2089 241 2108 anno
257 2087 366 2116 peracta
380 2081 423 2113 sit,
444 2089 497 2108 non
514 2086 602 2116 potest
615 2081 641 2108 in
658 2081 784 2108 eumdem
800 2081 960 2118 Aucyranus

166 2132 317 2154 conventus
335 2127 486 2154 incurrere.
509 2126 558 2154 llic
577 2126 651 2154 enim
677 2132 741 2154 ante
757 2127 870 2154 'Pascha
887 2129 959 2155 cete-

166 2174 262 2201 bratus
275 2177 317 2200 est
331 2180 338 2199 :
357 2173 428 2200 unde
445 2177 471 2200 et
487 2173 610 2208 plerique
632 2172 667 2200 ob
683 2172 800 2200 hiemem
819 2173 958 2200 interclusi

1046 933 1099 960 Nec
1112 934 1203 961 minus
1217 935 1288 969 quod
1303 935 1340 961 illi
1357 939 1411 962 tam
1429 935 1529 962 acriter
1544 940 1665 971 pugnant
1682 936 1803 963 indidem

1010 980 1143 1008 refellitur
1160 990 1166 1007 :
1185 981 1322 1008 Liberium
1341 989 1437 1016 papam
1458 982 1541 1016 priori
1558 982 1596 1009 illi
1613 981 1672 1009 fidei
1691 982 1801 1017 profes-

1011 1027 1081 1053 sioni
1097 1027 1303 1062 subscripsisse,
1321 1036 1381 1062 qua:
1394 1028 1420 1055 in
1433 1027 1576 1056 Sirmicnsi
1591 1029 1696 1064 synodo
1709 1033 1805 1056 centra

1011 1071 1157 1099 Photinum
1188 1077 1231 1100 est
1253 1073 1364 1100 emissa.
1385 1073 1490 1108 Quippe
1517 1074 1621 1109 aliquot
1641 1074 1721 1101 annis
1747 1082 1803 1102 non

1011 1117 1111 1145 Libcrii
1137 1119 1218 1145 modo
1244 1119 1459 1153 restitutionem,
1490 1119 1536 1147 scd
1562 1120 1689 1147 exsilium
1717 1120 1805 1155 ipsum

1010 1161 1173 1190 Photiniaua
1195 1163 1335 1191 damnatio
1360 1165 1510 1199 praecessit.
1552 1164 1657 1192 Fcccrit
1680 1165 1806 1193 Liberius

1012 1215 1108 1241 necne,
1130 1209 1202 1243 quod
1231 1209 1329 1237 fecisse
1355 1210 1478 1245 plerique
1501 1215 1622 1238 veterum
1637 1211 1761 1243 Patrum,
1778 1217 1806 1239 ut

1011 1254 1191 1286 Athanasius,
1221 1255 1404 1291 Hieronymus
1426 1257 1526 1291 aliique
1541 1258 1725 1290 consentiunt,
1740 1258 1806 1286 nihil

1011 1301 1044 1328 ad
1071 1301 1224 1328 institutam
1250 1302 1462 1337 disputationem
1486 1303 1592 1330 attinet.
1616 1303 1724 1331 Etenim
1747 1305 1805 1331 fieri

1011 1351 1110 1381 potest,
1125 1352 1154 1374 ut
1166 1354 1227 1374 cum
1247 1347 1370 1379 Ursacio,
1385 1347 1496 1376 Valente
1523 1356 1555 1376 ac
1569 1350 1680 1384 reliquis
1697 1350 1804 1378 Arianis

1012 1392 1255 1420 communicaveiit
1277 1393 1396 1428 quidem,
1425 1397 1452 1421 et
1479 1393 1661 1422 Athanasium
1689 1395 1805 1422 damna-

1011 1439 1090 1471 verit,
1101 1439 1147 1466 sed
1161 1439 1295 1466 haereticus
1305 1441 1433 1475 pravitati
1448 1448 1620 1476 nequaquam
1636 1441 1806 1476 subscripse-

1012 1485 1046 1512 rit
1064 1505 1071 1518 ,
1088 1485 1207 1513 lucretici
1231 1493 1297 1513 vero
1317 1487 1398 1513 etiam
1423 1487 1625 1521 comprobatam
1643 1488 1676 1514 ab
1691 1487 1738 1514 illo
1752 1487 1806 1515 luc-

1013 1531 1085 1558 resin
1102 1531 1171 1559 falso
1183 1531 1358 1566 jactaverint.
1376 1532 1434 1559 lloc
1456 1540 1520 1560 vero
1542 1533 1728 1560 certissimum
1752 1537 1803 1565 est,

1012 1583 1100 1610 neque
1124 1577 1207 1612 priori
1236 1577 1274 1604 illi
1302 1581 1397 1604 contra
1414 1576 1563 1605 Photinum
1584 1578 1663 1605 editae
1683 1578 1804 1605 subscri-

1012 1623 1112 1658 psisse,
1133 1628 1170 1657 ct,
1186 1623 1209 1652 si
1232 1631 1263 1650 ex
1284 1623 1374 1651 tribus
1398 1623 1598 1652 Sirmiensibus
1616 1625 1736 1660 aliquam
1757 1625 1805 1652 ad-

1013 1669 1131 1701 miserit,
1149 1677 1202 1696 non
1217 1669 1310 1701 aliam,
1328 1676 1410 1704 quam
1434 1670 1593 1702 secundam,
1611 1670 1655 1697 cui
1676 1675 1701 1697 et
1719 1669 1803 1698 Osius

1013 1722 1144 1743 assensus
1160 1720 1212 1748 est,
1235 1715 1440 1750 comprobasse.
1462 1715 1500 1743 Ac
1522 1715 1588 1742 mihi
1610 1715 1722 1750 quidem
1741 1724 1805 1751 pur-

1012 1761 1093 1807 gandi
1110 1761 1145 1788 ab
1160 1761 1235 1788 omni
1255 1761 1367 1788 hmresis
1383 1762 1540 1796 suspicione
1562 1761 1663 1789 Libet-ii
1681 1762 1805 1807 expedita

1012 1799 1136 1841 qtnizdam
1149 1807 1220 1833 ratio
1239 1811 1266 1833 et
1287 1806 1373 1833 facilis
1384 1807 1513 1839 occurrit,
1530 1807 1552 1834 si
1564 1807 1682 1834 oblatam
1694 1799 1803 1842 quidem

1011 1851 1049 1878 illi
1065 1853 1212 1879 secundam
1227 1851 1403 1880 Sirmiensem
1424 1852 1533 1879 ἔκθεσιν
1549 1853 1702 1880 dixerimus
1721 1863 1728 1880 :
1749 1862 1803 1880 non

1012 1899 1144 1932 integram
1160 1903 1262 1932 tamen,
1279 1904 1324 1926 aut
1343 1900 1498 1934 cujusmodi
1515 1900 1587 1934 apud
1607 1900 1761 1931 Socratem,
1778 1905 1804 1927 et

1011 1943 1202 1977 Athanasium,
1224 1943 1457 1979 atque.Hilarium
1479 1945 1589 1979 legitur,
1613 1945 1660 1973 sed
1684 1945 1802 1980 priorem

1010 1990 1069 2023 ejus
1095 1993 1210 2024 partem,
1236 1990 1263 2016 in
1291 1998 1344 2025 qua
1377 1991 1423 2017 τοῦ
1452 1991 1605 2026 ὁμοουσίου,
1634 1996 1662 2018 et
1692 1992 1802 2026 ὁμοιου-

1012 2035 1068 2061 σίου
1097 2036 1229 2062 vocabula
1259 2036 1394 2063 reticenda
1427 2044 1488 2064 esse
1517 2037 1674 2064 decernitur
1699 2046 1705 2063 :
1730 2037 1804 2071 quod

1011 2085 1086 2118 pacis
1111 2092 1143 2111 ac
1172 2085 1272 2119 quietis
1307 2086 1398 2112 studio
1429 2086 1590 2121 complexus
1614 2092 1666 2114 est.
1701 2087 1801 2115 Verum

1011 2130 1106 2157 Ariani
1140 2131 1227 2158 eidem
1262 2130 1385 2159 formulae
1419 2132 1524 2167 reliqua
1555 2133 1729 2168 postmodum
1758 2135 1804 2162 in-

1013 2180 1170 2209 texuernnt,
1188 2184 1220 2203 ac
1238 2177 1360 2211 specioso
1376 2177 1490 2204 Romani
1505 2178 1641 2212 pontiticis
1653 2179 1763 2206 nomine
1778 2185 1804 2206 et

167 2221 194 2248 in
220 2220 349 2255 synodica
374 2219 490 2254 epistola
523 2219 665 2246 dicuntur.
689 2217 747 2245 Non
764 2219 852 2253 potuit
877 2219 960 2254 igitur
977 2230 997 2257 ι)
1014 2223 1177 2249 auctoritate
1197 2230 1276 2249 suum
1297 2223 1395 2258 dogma
1419 2223 1603 2250 venditat-unt.
1628 2224 1722 2252 Dicam
1745 2233 1804 2253 am-

166 2267 261 2293 codcm
279 2273 353 2292 anno
380 2264 541 2292 Sirmiensis
566 2263 688 2299 synodus
704 2263 763 2290 ﬁeri
782 2273 787 2290 :
803 2263 855 2290 nisi
871 2269 960 2299 poste-

167 2314 267 2340 riorem
285 2313 355 2338 hanc
370 2311 455 2338 fuisse
471 2310 539 2337 velis
550 2330 557 2342 ,
573 2309 645 2344 quod
671 2309 751 2345 longe
766 2315 807 2336 est.
820 2310 961 2337 absurdis-

166 2360 290 2391 simum,
321 2357 452 2392 quoniam
480 2357 514 2383 ad
538 2357 748 2391 oppugnandam
782 2355 960 2384 Sirinicnscm

166 2404 241 2431 illam
267 2404 425 2436 formulam,
450 2410 533 2438 quain
568 2403 594 2428 in
627 2402 746 2428 concilio
775 2403 959 2437 conscriptam

166 2451 335 2482 existimant,
362 2449 504 2484 Ancyrana
530 2453 571 2475 est
598 2449 719 2483 synodus
740 2449 863 2476 collecta.
889 2449 958 2482 Quin

166 2497 250 2524 etiam
267 2501 410 2531 postquam
434 2495 491 2521 luce
518 2494 579 2521 fidei
607 2494 743 2529 professio
762 2494 842 2522 allata
859 2495 960 2522 Sirmio

165 2548 217 2574 est.
237 2542 361 2570 nonnihil
380 2545 442 2568 ante
457 2541 604 2567 concilium
635 2541 811 2576 Ancyranum
829 2542 960 2576 temporis

167 2588 336 2616 intercessit.
351 2587 418 2614 Nam
438 2585 557 2613 llilarius
574 2587 620 2614 lib.
636 2586 674 2613 De
690 2587 807 2622 synodis,
826 2587 958 2622 pag.529,

169 2634 357 2663 Occidentales
370 2634 516 2669 episcopos
530 2633 685 2664 collaudat,
702 2633 777 2668 quod
801 2634 910 2661 missam
926 2635 959 2660 ad

133 2671 149 2682 λ
165 2689 220 2710 sese
241 2689 273 2708 ea:
292 2681 431 2708 Sirmicnsi
457 2679 552 2714 oppido
575 2679 691 2713 inﬁdelis
714 2680 778 2714 ﬁdei
800 2680 959 2714 impietatem

166 2735 218 2755 non
243 2727 320 2754 modo
341 2735 392 2753 non
416 2725 603 2759 suscepissent,
623 2725 668 2751 sed
703 2726 854 2753 nuntiatam
878 2727 959 2753 etiam

168 2773 398 2807 signiﬁcatamque
431 2772 613 2798 damnassent.
649 2771 709 2804 Quo
743 2780 805 2799 cum
834 2773 959 2808 exemplo

165 2819 262 2847 Scribit.
275 2819 407 2846 excitatos
423 2816 576 2844 Orientales
599 2817 741 2852 episcopos
763 2818 789 2845 in
814 2819 959 2854 Ancyrano

165 2862 282 2892 wticilio
300 2862 507 2898 irrcligionrunt
530 2861 651 2890 audacia:
674 2860 833 2897 quibusdam
852 2869 957 2892 sentcn-

1013 2267 1101 2301 plius,
1138 2276 1170 2294 ne
1199 2268 1243 2295 isti
1270 2268 1381 2302 quidem
1411 2268 1577 2303 professioni
1605 2270 1804 2306 subscripsisse

1013 2312 1162 2344 Liberium,
1178 2314 1224 2341 sed
1238 2314 1316 2341 alteri
1332 2314 1452 2347 cuidam,
1465 2322 1518 2350 qua
1540 2315 1565 2341 id
1586 2323 1669 2343 unum
1692 2324 1805 2344 cavere-

1012 2365 1066 2390 tur,
1083 2360 1188 2394 nequis
1201 2360 1444 2388 cm-substautialis
1468 2362 1602 2389 vocabulo
1620 2362 1646 2388 in
1663 2367 1803 2397 posterum

1013 2410 1144 2432 utrrt‘lut‘.
1160 2405 1237 2439 Quod
1253 2414 1315 2434 cum
1328 2407 1361 2434 de
1373 2407 1507 2434 catholica
1523 2407 1667 2435 severitate
1677 2407 1804 2436 Liberius

1013 2451 1177 2483 remisisset,
1197 2457 1225 2479 et
1243 2452 1385 2480 Athanasii
1410 2453 1523 2488 insuper
1539 2454 1709 2480 damnationi
1730 2461 1803 2481 con-

1013 2498 1154 2530 sensisset,
1173 2499 1248 2526 visus
1266 2505 1307 2526 est
1330 2500 1357 2526 in
1386 2500 1503 2527 lizcrcsin
1531 2500 1693 2535 prolapsus;
1717 2507 1804 2535 eaque

1012 2547 1183 2580 postmodum
1210 2546 1302 2580 opinio
1328 2546 1494 2574 Arianorum
1522 2547 1666 2575 fraudibus
1692 2551 1720 2574 et
1756 2555 1804 2574 ca-

1012 2590 1123 2616 lumniis
1139 2591 1303 2624 percrebuit,
1326 2599 1389 2618 cum
1414 2592 1592 2619 Sirmieuscm
1617 2593 1678 2619 lidei
1701 2592 1803 2620 fortun-

1012 2635 1064 2662 lam
1085 2636 1180 2662 eodem
1204 2641 1326 2672 tempore
1345 2638 1531 2672 publicantes,
1557 2646 1617 2665 cam
1643 2639 1741 2674 ipsam,
1757 2639 1803 2667 cui

1011 2690 1142 2710 assensus
1165 2688 1222 2710 erat
1239 2683 1375 2717 Liberius,
1404 2685 1477 2712 illam
1501 2693 1563 2713 esse
1590 2685 1696 2713 mentiti
1726 2690 1802 2712 sunt.

1010 2728 1094 2762 Cujus
1110 2729 1147 2756 rei
1159 2729 1344 2764 conjecturam
1360 2738 1393 2758 ex
1413 2731 1568 2759 Sozomeno
1590 2733 1654 2759 licet
1677 2739 1775 2766 capere
1794 2742 1800 2759 :

1010 2775 1056 2810 qui
1073 2775 1120 2802 lib.
1136 2783 1172 2807 iV,
1193 2783 1254 2811 cap.
1276 2776 1319 2806 14,
1331 2778 1436 2810 Scribit,
1455 2787 1517 2806 cum
1533 2787 1548 2806 a
1566 2779 1675 2806 Libet-io
1702 2778 1802 2806 Valens

1010 2826 1036 2848 et
1052 2820 1184 2849 Ursacius
1197 2823 1405 2852 consensionem
1420 2823 1802 2860 expressissent.\‘iCiSSimall

1010 2874 1042 2894 eo
1056 2867 1253 2902 professionem
1271 2869 1410 2904 accepisse
1424 2871 1548 2905 alteram,
1559 2879 1612 2907 qua
1628 2872 1664 2899 illi
1684 2875 1811 2908 damna-7
