1925 3043
153 113 222 141 1069

557 110 600 137 ΒΕ
620 109 790 138 SIRMIENSI
808 110 850 138 ET
870 109 1055 138 ANCYRANA
1075 110 1354 139 PSEUDOSYNODO.

1704 115 1772 143 1070

154 176 250 200 rentur
265 153 371 201 omnes,
388 169 434 204 qui
448 176 501 196 non
529 169 679 196 substantia
691 170 849 204 eazterisque
865 169 940 197 sinii-
954 172 977 200 Α
990 175 1023 196 ae
1036 167 1166 203 Nigriano
1183 175 1347 204 coss.,aiino
1364 168 1464 195 Christi
1482 168 1544 200 551,
1561 169 1631 203 quod
1647 170 1704 198 sine
1721 172 1772 199 dii-

150 220 206 246 1cm
232 215 322 243 Patris
347 222 409 242 esse
436 214 535 241 Filium
562 220 722 242 assererem.
751 215 819 242 Tum
845 215 937 242 addit:

154 259 309 288 Eudoxium
347 267 380 286 ac
397 259 518 294 reliquos
534 258 698 292 Anommos,
720 260 765 295 qui
790 260 940 288 Antiochia:

134 313 138 338 ξ
153 308 344 339 versabantur,
358 314 418 334 cum
435 306 491 334 Osii
506 307 658 342 epistolam,
678 307 731 334 hoc
750 313 791 335 est
809 307 941 335 Sirmicn-

155 361 213 380 sem
231 353 377 380 formulam
393 353 572 388 accepissent,
592 353 617 380 id
634 353 660 380 in
676 353 773 388 vulgus
795 353 939 388 sparsisse,

155 400 295 428 Liberium
318 399 348 426 τὸ
372 399 515 434 ὸμοούσιον
537 399 706 433 repudiasse,
728 406 760 425 ac
781 399 940 426 dissimilem

155 445 247 474 Patris
260 453 432 473 asseverasse
446 444 557 472 Filium.
568 444 700 477 Quocirca
718 444 889 480 perspicuum
901 449 942 472 est

157 491 297 519 Liberium
322 490 487 525 professioni
505 490 542 517 illi
560 489 714 523 Sirmiciisi,
735 498 816 524 quam
837 490 893 518 Osii
914 495 942 517 et

155 536 272 563 Potamii
300 535 497 570 blasphemiam
527 535 643 570 appellat
668 534 802 568 Hilarius,
830 535 942 563 minime

157 580 370 615 subscripsisse,
399 581 426 607 in
456 587 509 614 qua
537 580 696 607 nominatim
716 580 747 606 τὸ
770 580 939 615 ὁμοιούσιον,

156 625 388 661 quemadmodum
404 630 430 653 et
446 625 476 652 τὸ
492 626 644 661 ὁμοοὺσιον,
670 625 799 660 reiectum
817 630 872 659 est;
886 626 941 653 imo

157 679 221 699 κει-ο
233 675 259 698 et
269 671 362 703 οὐσίας
378 678 477 698 nomen
497 671 604 706 ipsum;
628 678 659 699 ac
675 677 804 706 praeterea
820 679 941 706 pronun-

158 719 287 746 tiatum.:
313 718 420 746 Patrem
446 719 566 750 honore,
593 719 734 754 dignitate,
770 718 893 746 claritate
915 725 942 746 ct

156 765 299 799 majestate
314 764 445 799 majorem
458 772 518 792 esse
538 763 618 797 Filio,
631 765 678 799 qui
689 764 761 791 Patri
777 772 840 791 cum
853 764 941 791 omni-

157 810 209 837 bus
220 810 254 837 ab
269 817 301 838 eo
312 810 363 837 sibi
376 810 505 845 subjectis
517 809 552 837 sit
565 811 622 845 ipse
635 809 784 844 subjectus.
800 809 941 843 Quomodo

991 215 1038 242 bio
1056 221 1088 241 ex
1102 214 1177 242 Actis
1188 214 1295 241 concilii
1312 213 1470 242 Sirmi'ensis
1485 219 1652 250 compertum
1668 216 1772 245 habue-

992 263 1063 290 rant.
1080 257 1137 286 Hoc
1149 258 1220 285 enim
1236 266 1251 286 e
1263 258 1450 293 superioribus
1466 259 1638 292 abstulimus,
1659 269 1773 296 praeser-

991 302 1040 329 tim
1058 310 1091 329 ex
1109 302 1220 330 historia
1241 302 1360 337 Sulpitii,
1384 304 1518 339 synodum
1541 305 1613 332 illam
1632 312 1693 334 ante
1709 308 1775 334 Arc-

993 348 1096 376 latense
1120 352 1147 376 et
1168 349 1321 377 Biterrense
1342 350 1488 377 concilium
1515 352 1644 379 indictam
1672 352 1773 386 fuisse;

993 394 1045 421 hoc
1064 398 1105 421 est
1127 401 1189 421 ante
1210 402 1312 421 annum
1336 395 1398 422 553.
1424 395 1507 431 Igitur
1528 397 1554 423 in
1574 405 1675 424 annum
1698 399 1774 426 illiiiii

992 439 1129 472 convenit,
1146 447 1226 474 quem
1241 440 1362 467 historici
1380 445 1484 468 Veteres
1496 441 1669 469 adnotarunt.
1683 442 1734 471 Sed
1747 444 1774 471 in

992 491 1025 512 eo
1043 485 1199 512 hallucinati
1215 489 1288 518 sunt,
1309 486 1381 521 quod
1396 494 1456 514 eum
1480 487 1575 522 triplex
1596 488 1687 515 Sirmii
1704 490 1776 517 edita

992 535 1065 558 esset
1079 530 1140 558 ﬁdei
1158 531 1303 566 professio,
1321 539 1375 559 uno
1397 532 1546 567 eodemque
1571 538 1692 568 tempore
1713 540 1740 562 et
1760 543 1776 562 a

993 577 1098 612 synodo
1121 577 1242 605 decretas
1268 585 1362 605 omnes
1388 579 1588 606 existimarunt.
1602 579 1637 607 At
1656 580 1681 608 id
1696 588 1775 608 secus

992 628 1052 648 sese
1070 621 1168 654 habet;
1188 630 1249 649 nam
1268 623 1294 649 in
1312 623 1428 650 concilio
1444 623 1586 652 Sirmicnsi
1602 625 1688 660 prima
1705 626 1775 652 dun-

993 671 1068 694 taxat
1101 668 1145 695 illa
1177 668 1277 695 dictata
1309 673 1360 702 est,
1392 677 1445 704 qua
1478 669 1633 698 Photiniani
1670 664 1795 700 errores.

992 713 1167 747 damnantur,
1177 722 1313 749 quamque
1324 719 1353 742 ut
1367 716 1436 750 piam
1448 723 1480 743 ac
1496 716 1657 744 catholicam
1674 719 1776 746 descri-

992 759 1047 794 psit
1063 765 1145 794 atque
1164 761 1307 795 explicavit
1320 760 1448 789 Ililariiis.
1464 761 1624 797 Quanquam
1638 764 1665 790 iii
1681 764 1775 791 cadent

993 806 1098 841 synodo
1113 806 1246 834 adversus
1263 807 1440 835 Athanasium
1464 807 1565 843 aliquid
1587 814 1716 843 pi'zeterca
1728 809 1776 837 dc-

157 855 229 882 eiiim
261 856 318 883 hmo
347 855 492 890 approbari
517 863 530 882 a
559 855 665 882 Liberio
694 860 861 890 pnuerunt,
892 855 941 890 qui
958 845 978 871 Β
995 857 1100 880 cretum
1119 853 1153 880 ab
1168 853 1277 880 Arianis
1300 857 1413 882 testatur
1434 853 1579 889 Sulpitius.
1595 855 1696 882 Auctor
1712 863 1775 882 vero

157 902 294 936 conceptis
317 901 406 928 verbis
435 901 508 928 Patri
537 909 586 936 per
616 901 726 934 omnia,
758 902 880 936 adeoque
905 903 939 938 τῇ

157 947 235 983 οὐσίᾳ
254 940 370 974 similem
398 955 458 975 esse
473 947 571 974 Filium
589 948 719 975 edixerit?
739 948 790 975 Sed
810 949 939 976 nimirum

157 993 307 1028 simplicem
326 993 360 1020 ab
383 1001 415 1020 eo
439 993 607 1021 controversi
626 993 749 1020 vocabuli
766 995 940 1029 suppressio-

157 1047 218 1066 iiem
228 1047 290 1066 cum
302 1039 490 1072 cxtorsissent,
501 1044 596 1066 cmtera
612 1040 645 1066 ad
659 1040 731 1066 illam
742 1040 939 1074 adjunxerunt;

157 1092 243 1119 eaque
264 1092 316 1118 res,
337 1086 373 1112 ob
389 1085 510 1112 damnati
527 1085 675 1120 praesertim
699 1086 840 1114 Athanasii
868 1087 938 1113 invi-

157 1130 241 1162 diam,
267 1130 345 1158 tidem
367 1131 438 1166 apud
462 1131 578 1159 Arianos
599 1131 710 1166 perinde
733 1139 765 1159 ac
790 1132 940 1160 catholicos

157 1176 283 1203 obtinuit.

192 1217 241 1246 llic
258 1219 325 1246 mihi
342 1227 397 1254 pra:
411 1220 516 1247 caeteris
533 1219 627 1247 llilaiii
648 1222 840 1249 auctoritatem
859 1222 939 1257 objici

158 1271 238 1298 posse
251 1265 339 1296 video,
357 1265 403 1300 qui
420 1265 446 1292 in
462 1265 622 1301 fragmentis
637 1275 651 1293 a
665 1266 778 1294 Nicolao
790 1267 876 1294 Fahro
888 1268 941 1295 edi-

157 1313 194 1339 tis
210 1311 331 1346 cpistohe
346 1311 457 1343 Liberii,
482 1319 564 1347 quam
591 1312 625 1339 ad
645 1311 797 1341 Orientales
819 1313 939 1348 scripsit,

157 1364 266 1392 quaque
275 1365 304 1384 se
314 1365 329 1384 a
343 1357 501 1392 Demopliilo
517 1358 596 1385 ﬁdem
609 1359 783 1390 catholicam,
796 1367 857 1394 qua:
868 1359 939 1393 apud

158 1402 289 1430 Sirmium
300 1403 406 1438 prodita
419 1407 471 1436 est,
481 1404 610 1432 didicisse
623 1409 726 1438 narrat,
744 1406 795 1432 ista
808 1405 919 1440 subjicit
932 1415 938 1432 :

159 1450 303 1484 Perﬁdiam
326 1454 414 1476 autem
434 1449 504 1483 apud
521 1449 650 1476 Sirmium
667 1450 837 1485 descriptam,
861 1459 940 1486 quam

157 1496 221 1522 eici!
241 1494 358 1521 Liberius
383 1494 539 1521 catholicam
554 1503 569 1521 a
586 1494 738 1529 Demophilo
759 1495 810 1521 sibi
835 1495 940 1529 exposi-

158 1546 222 1573 tam,
237 1540 263 1566 lii
275 1544 335 1567 sunt
349 1539 392 1574 qui
406 1540 614 1573 conscripserunt
629 1548 637 1565 :
655 1538 809 1570 Narcissus,
822 1539 941 1566 Theodo-

158 1595 213 1619 rus,
239 1585 370 1618 Basilius,
397 1585 545 1617 Eudoxius,
579 1584 757 1619 Demophilus,
787 1585 938 1619 Cecropius,

157 1632 297 1667 Sglvanus,
316 1631 453 1662 Ursacius,
478 1630 583 1661 Valens.
602 1630 783 1662 Macedonius,
805 1635 858 1658 etc.
888 1630 940 1657 Sed

157 1677 289 1712 quidquid
314 1678 347 1704 de
372 1676 533 1712 fragmentis
556 1676 608 1704 illis
626 1676 797 1703 sentiendum
813 1677 859 1708 sit,
884 1676 940 1703 lucc

158 1723 282 1758 profecto
305 1722 470 1756 subscriptio
490 1722 524 1749 ab
539 1721 633 1748 llilarii
650 1729 731 1749 manu
752 1729 813 1749 esse
828 1730 881 1749 non
898 1722 940 1748 vi-

158 1768 246 1799 detur,
273 1766 319 1794 sed
343 1766 460 1800 imperiti
483 1765 636 1800 cujusdam,
661 1767 706 1802 qui
731 1767 839 1793 Arianae
861 1771 941 1794 sectae

158 1813 275 1840 divortia
290 1820 343 1839 non
354 1813 421 1840 satis
432 1817 617 1847 perspexerat.
630 1812 737 1839 Etenim
752 1813 868 1839 Basilius
890 1813 940 1839 iste

159 1866 190 1885 ac
204 1857 347 1889 Silvanus,
363 1865 467 1885 necnon
483 1863 511 1885 et
522 1857 703 1885 Macedonius
726 1858 760 1885 ab
789 1857 940 1892 Epiphanio

158 1904 320 1938 ueterisque
344 1903 578 1931 Semiariaiiorum
605 1904 742 1939 principes
771 1909 938 1930 censentur:

158 1956 274 1983 quorum
295 1948 427 1976 adversus
447 1948 624 1976 Sirmiensem
647 1949 719 1975 illam
744 1947 939 1983 professionem

157 1994 290 2022 acerrima
306 1994 395 2021 studia
408 2001 439 2021 ac
458 1994 648 2021 contentiones
660 1993 831 2021 exstiterunt.
848 1992 941 2028 Neque

158 2047 222 2066 vero
240 2043 310 2070 tant,
329 2046 390 2067 eum
404 2046 436 2065 ea
455 2043 497 2065 est
519 2038 603 2071 edita,
630 2038 723 2065 Sirmii
747 2046 806 2065 esse
823 2038 940 2065 Basilius

158 2085 263 2120 potuit;
278 2085 333 2112 imo
350 2092 400 2111 nec
418 2083 560 2111 Eudoxius
577 2084 645 2118 ipse,
660 2083 707 2118 qui
723 2083 794 2110 hanc
807 2083 841 2110 ab
856 2083 941 2110 Ursa-

157 2131 200 2158 cio
219 2121 250 2158 et
266 2130 378 2158 Valente
403 2131 515 2158 missam
532 2130 694 2161 Aiitioehite,
723 2129 769 2156 tibi
797 2136 852 2156 tum
875 2137 938 2156 cum

993 896 1152 925 Sirniiensis
1172 898 1245 925 illius
1267 898 1400 928 formiihe.
1409 907 1463 926 non
1481 899 1589 927 Marcus
1601 899 1774 931 Arethiisius,

992 943 1039 970 sed
1060 943 1180 978 synodus
1194 943 1264 977 ipsa,
1283 949 1314 970 ut
1329 944 1446 972 llilarius
1461 945 1565 978 innuit;
1582 954 1643 973 nam
1658 954 1672 973 a
1685 946 1775 974 Mam»

992 989 1082 1020 tertia,
1105 993 1136 1016 ut
1165 997 1215 1017 suo
1241 990 1299 1017 loco
1320 990 1435 1023 dicetur,
1455 996 1496 1018 est
1521 992 1684 1028 conscripta.
1711 992 1776 1020 Post

994 1033 1142 1062 Sirmiensc
1165 1035 1321 1068 concilium,
1347 1036 1557 1072 convictumque
1577 1039 1612 1065 ab
1631 1039 1775 1075 Ancyrano

992 1080 1103 1112 Basilio,
1120 1085 1147 1108 ct
1162 1081 1196 1108 ali
1211 1082 1337 1108 omnibus
1353 1081 1510 1109 damnatum
1531 1082 1686 1117 Pliotiiiiim,
1712 1093 1773 1113 cuni

990 1125 1045 1160 jam
1063 1126 1233 1161 Magnentius
1248 1135 1262 1153 a
1279 1127 1430 1154 Constantii
1445 1127 1539 1162 legatis
1555 1129 1678 1157 devictus
1689 1136 1773 1163 esset,

991 1171 1138 1206 imperator
1152 1179 1224 1199 anno
1235 1173 1287 1199 555
1299 1172 1324 1199 in
1338 1172 1439 1200 Gallias
1453 1173 1590 1208 profectus
1603 1179 1654 1202 est.
1666 1176 1704 1203 Ac
1716 1181 1773 1204 tum

991 1216 1149 1244 Arelatense
1163 1217 1372 1244 conciliabulum
1388 1218 1551 1251 celebratur,
1569 1219 1596 1246 in
1616 1228 1671 1255 quo
1689 1221 1773 1255 pleri-

992 1269 1044 1295 que
1072 1262 1198 1289 catholici
1226 1263 1356 1298 przesulcs
1381 1264 1508 1292 exsulare
1531 1265 1612 1300 jussi,
1633 1273 1775 1301 grassante

993 1307 1131 1335 Saturnini
1148 1309 1269 1343 perﬁdia.

1028 1354 1091 1381 lnde
1104 1362 1176 1381 anno
1192 1354 1244 1382 555
1261 1355 1407 1384 Arbetione
1423 1361 1448 1384 et
1474 1357 1596 1385 Lolliano
1613 1367 1695 1389 coss..
1710 1367 1773 1387 cum

989 1399 1045 1433 jam
1061 1398 1238 1427 Constantius
1252 1399 1435 1429 Mediolanum
1456 1403 1634 1437 pervenisset,
1654 1405 1775 1440 synodus

993 1445 1092 1472 ibidem
1109 1450 1151 1473 est
1167 1445 1270 1478 habita,
1286 1451 1438 1482 czetcraquc
1452 1454 1537 1483 gesta,
1554 1458 1613 1484 qua:
1627 1457 1641 1477 a
1658 1450 1776 1478 Baronio

992 1490 1135 1525 diligenter
1152 1492 1332 1526 explicantur.
1356 1493 1384 1519 In
1410 1493 1523 1529 reliquis
1539 1500 1636 1523 nutant
1651 1498 1774 1523 Annales.

1026 1537 1105 1563 Anno
1119 1536 1170 1563 557
1187 1537 1291 1570 Sirmii,
1311 1546 1365 1573 qiio
1384 1540 1531 1574 imperator
1548 1549 1620 1568 anno
1636 1543 1776 1576 superiore

992 1589 1051 1608 sese
1066 1583 1228 1615 contulerat,
1245 1591 1313 1610 nova
1327 1584 1388 1611 fidei
1403 1586 1536 1620 expositio
1549 1588 1641 1619 paucis
1652 1589 1686 1615 ab
1698 1589 1776 1616 Aria-

992 1628 1035 1655 nis
1054 1628 1199 1663 episcopis,
1225 1630 1374 1663 prmsertim
1398 1630 1627 1664 Occidentalibus,
1649 1634 1777 1668 produci-

992 1677 1045 1703 liir,
1062 1681 1178 1708 quorum
1198 1674 1334 1709 principes
1357 1680 1433 1702 erant
1462 1676 1591 1704 Ursacius
1617 1683 1645 1705 et
1665 1678 1776 1707 Valens.

991 1717 1040 1744 Cui
1057 1726 1119 1745 mox
1136 1718 1235 1746 invitus
1253 1727 1284 1746 ac
1304 1720 1424 1748 renitens
1441 1721 1503 1749 licet
1522 1723 1669 1751 subscribit
1683 1723 1775 1757 Osius,

991 1770 1044 1790 non
1060 1768 1149 1791 tamen
1163 1764 1343 1792 Athanasium
1355 1771 1382 1793 ut
1397 1768 1538 1795 damnaret
1556 1769 1654 1796 adduci
1668 1771 1774 1804 potuit:

991 1808 1062 1842 quod
1080 1809 1105 1835 in
1123 1808 1209 1843 Epist.
1228 1809 1262 1835 ad
1275 1810 1348 1837 salit.
1365 1811 1530 1838 Athanasius
1548 1812 1604 1847 ipse
1619 1813 1774 1841 confirmat.

991 1851 1111 1887 Contigit
1125 1852 1182 1879 haec
1196 1851 1251 1879 Osii
1272 1854 1414 1881 calamitas
1432 1855 1529 1883 affecto
1541 1856 1597 1891 jam
1611 1865 1684 1885 anno
1697 1859 1748 1886 557
1768 1869 1774 1885 :

992 1896 1092 1930 quippe
1109 1901 1170 1931 post
1184 1905 1286 1925 annum
1305 1899 1451 1935 integrum,
1465 1908 1546 1935 quam
1566 1901 1659 1930 Sirmii
1678 1912 1691 1929 a
1705 1904 1777 1931 Con—

992 1943 1094 1969 stantio
1112 1942 1236 1971 detentus
1252 1949 1320 1977 erat,
1340 1946 1449 1973 Arianae
1464 1947 1626 1982 professioni
1648 1951 1776 1978 assentiri

992 1993 1103 2015 coactus
1114 1992 1164 2016 est.
1175 1990 1208 2016 At
1221 1989 1396 2019 Constantius
1404 1990 1495 2025 Junio,
1509 1992 1550 2020 vel
1563 1992 1635 2021 Julio
1644 1995 1777 2023 duntaxat

991 2042 1085 2062 mense
1103 2036 1166 2062 anni
1187 2037 1335 2070 superioris
1350 2036 1440 2064 Sirmii
1459 2046 1519 2065 esse
1535 2040 1632 2073 potuit,
1645 2045 1680 2071 ,ιιι
1693 2048 1775 2076 supra

992 2080 1134 2113 probatum
1150 2085 1200 2107 est.
1220 2081 1309 2113 Quare
1332 2082 1402 2109 circa
1425 2083 1495 2110 idem
1520 2088 1626 2119 tempus
1643 2093 1716 2112 anno
1732 2094 1776 2113 se-

992 2132 1091 2160 quente
1110 2131 1215 2153 extorta
1237 2126 1343 2153 videtur
1363 2128 1397 2154 ab
1411 2128 1475 2155 Osio
1491 2130 1634 2164 perfidiosa
1650 2131 1693 2157 illa
1711 2139 1778 2159 con-

158 2177 216 2203 suis
232 2177 404 2206 versabalur,
420 2176 533 2211 accepit,
551 2181 578 2204 ει
602 2184 617 2204 a
637 2175 703 2203 solis
720 2174 941 2203 Occidentalibus
958 2183 978 2210 ο
992 2172 1085 2199 fessio.
1101 2172 1149 2199 Est
1161 2177 1250 2199 autem
1267 2180 1298 2199 ea
1314 2166 1420 2205 ἓκοεπις
1435 2174 1672 2211 Siriniana,qiiam
1683 2185 1776 2205 secun-

158 2222 340 2256 conseriptam
353 2229 414 2249 csse
427 2222 498 2249 datis
514 2222 547 2249 ad
560 2221 621 2249 illos
637 2222 736 2248 litteris
755 2225 870 2249 testatus
885 2226 936 2248 est.

158 2268 224 2301 Quae
237 2268 328 2295 omnia
346 2275 428 2302 supra
445 2268 554 2302 copiose
572 2268 707 2295 declarata
723 2272 796 2294 sunt.
811 2267 847 2294 De
861 2268 940 2294 tertia

159 2314 219 2341 tidei
241 2313 412 2347 expositione
439 2313 500 2346 quid
518 2313 691 2340 statuendum
709 2313 754 2343 sit,
771 2312 893 2339 dicemus
907 2312 940 2339 ad

158 2367 301 2386 numerum
321 2359 366 2386 22.

159 2416 234 2444 Nora
257 2416 378 2452 quantum
399 2423 430 2442 ca:
454 2421 567 2443 tatarum
586 2416 698 2442 Patrum
722 2415 875 2442 testimoniis
904 2416 941 2442 rei

381 2456 458 2485 gesta
474 2453 553 2478 series
565 2452 715 2485 exponitur.

194 2497 306 2532 Pergam
321 2497 355 2524 de
373 2497 494 2524 historiis
527 2501 554 2524 et
579 2496 723 2524 annalibus
746 2495 939 2524 ecclesiasticis

159 2543 227 2570 bene
247 2542 354 2574 mereri,
378 2550 410 2569 ac
426 2542 652 2577 quemadmodum
668 2542 747 2578 dirigi
768 2542 889 2571 veritatis
906 2543 940 2569 ad

159 2588 288 2615 amussim
308 2588 433 2619 debeant,
453 2595 602 2623 proponam
619 2588 671 2615 ltoc
685 2588 745 2615 loco
764 2587 891 2620 breviter,
911 2592 941 2614 ut

160 2634 210 2669 hac
221 2632 371 2660 offensione
382 2633 498 2664 sublata,
513 2637 614 2660 rectam
631 2633 757 2667 deinceps
766 2633 835 2659 viam
846 2639 940 2659 omnes

158 2679 294 2706 insistant.
305 2678 413 2706 Initium
426 2686 440 2706 a
454 2679 569 2706 concilio
582 2678 724 2706 Sirmiensi
740 2679 856 2713 capiam,
868 2678 941 2712 quod

157 2727 251 2752 contra
266 2724 457 2752 Pbotinianiim
477 2725 575 2759 dogma
589 2724 731 2751 collectum
751 2732 765 2751 a
781 2724 941 2751 Constantio

157 2774 210 2798 est.
226 2771 263 2799 De
276 2779 331 2806 quo
347 2771 517 2799 verissimum
533 2777 592 2797 esse
609 2774 709 2803 statuo,
726 2770 798 2805 qiiod
813 2769 941 2797 Socrates

156 2824 189 2845 ac
202 2817 370 2845 Sozomeniis
387 2816 555 2852 scripserunt
572 2824 578 2841 :
593 2816 758 2844 celebratum
774 2823 833 2844 esse
847 2815 942 2850 Sergio

994 2219 1054 2245 dam
1070 2226 1163 2245 omnes
1180 2224 1333 2250 numerant,
1350 2228 1465 2255 quaeque
1482 2221 1516 2249 ab
1534 2221 1636 2249 Hilario
1649 2223 1776 2258 blasphe-

993 2265 1046 2292 mia
1069 2265 1123 2292 Osii
1143 2273 1174 2292 ac
1190 2265 1303 2292 Potaaiii
1326 2267 1490 2294 nominatur.
1514 2267 1600 2303 lliijiis
1620 2277 1681 2296 cum
1697 2271 1776 2297 Aria-

993 2319 1042 2338 nos
1063 2316 1156 2345 postea
1182 2312 1370 2346 paenituisset,
1395 2321 1503 2348 operam
1532 2315 1663 2342 dederunt
1687 2321 1715 2343 iit
1743 2325 1775 2344 ea

992 2357 1092 2392 ubique
1104 2358 1325 2392 supprimeretiir,
1336 2359 1494 2393 interposita
1507 2361 1587 2387 etiam
1604 2361 1777 2396 imperatoris

992 2403 1189 2437 potestalc,qui
1202 2404 1362 2438 supplicium
1381 2405 1477 2439 .is,qui
1492 2405 1564 2432 illam
1575 2414 1658 2441 penes
1673 2415 1702 2433 se
1712 2409 1777 2435 reti-

992 2453 1097 2479 nerent,
1127 2449 1317 2476 interminatus
1341 2455 1404 2477 est:
1423 2457 1517 2478 auctor
1541 2452 1667 2480 Socrates
1682 2454 1727 2480 lib.
1745 2462 1774 2482 ii.

992 2502 1051 2529 cap.
1062 2494 1106 2521 25.
1123 2494 1174 2521 Per
1191 2495 1260 2522 idem
1274 2500 1380 2530 tempus
1397 2496 1523 2525 Liberius
1536 2499 1666 2533 pontifex,
1683 2499 1729 2534 qui
1750 2500 1777 2526 iii

993 2539 1186 2567 Mediolanensi
1203 2540 1318 2568 concilio
1332 2545 1394 2568 ante
1415 2542 1565 2575 biennium,
1582 2546 1631 2570 hoc
1647 2548 1688 2570 est
1703 2551 1777 2571 anno

992 2585 1054 2616 353,
1079 2585 1202 2613 Bormam
1226 2586 1422 2620 gloriosissime
1442 2588 1575 2623 relegatus
1588 2589 1685 2620 fuerat,
1702 2589 1777 2616 Con-

993 2630 1085 2657 stantii
1105 2631 1277 2665 imperatoris
1292 2636 1318 2659 et
1335 2632 1499 2659 Arianorum
1518 2633 1657 2660 fraudibus
1673 2641 1704 2660 ac
1717 2638 1776 2661 ter-

993 2677 1100 2703 roribus
1116 2676 1258 2710 infractus,
1267 2678 1348 2705 simul
1363 2679 1552 2713 recuperandae
1563 2678 1635 2706 sedis
1647 2684 1673 2705 ct
1684 2679 1776 2714 patrizn

992 2723 1137 2755 desiderio,
1154 2723 1283 2751 Sirmium
1300 2729 1426 2751 evocatus
1446 2724 1586 2755 Athanasii
1608 2725 1774 2752 damnationi

993 2768 1170 2802 subscripsit,
1193 2777 1300 2804 unaque
1318 2770 1378 2797 fidei
1403 2770 1601 2805 professionem
1623 2771 1707 2801 dedit,
1722 2780 1775 2806 qra

994 2814 1038 2840 τθῦ
1052 2814 1192 2849 egenus-Iov
1212 2816 1372 2843 voea'iiiliiin
1386 2816 1538 2843 concordim
1551 2817 1636 2851 gratia
1652 2818 1776 2846 retiecrc‘
