1925 3043
141 131 208 160 1C7!

739 130 910 159 APPENDIX
930 128 1242 159 DlSS'ERTATlUNUM.

1698 129 1768 157 {072

146 199 200 224 tur,
225 191 288 218 licet
311 190 409 218 Filium
430 191 505 218 Patri
523 189 687 224 substantia,
704 191 890 227 omnibusque
906 191 933 218 in
948 193 971 221 Α
985 198 1000 218 e
1017 189 1129 218 Socrate
1143 197 1224 226 supra
1240 188 1394 222 retulimus,
1408 193 1437 216 ut
1447 188 1620 224 imperatoris
1636 189 1769 216 mandato

144 238 226 265 rebus
243 237 359 265 similem
377 245 437 265 esse
456 237 622 265 defenderet.
647 236 734 269 Quam
757 238 929 266 occasionem

147 282 243 311 Valens
262 288 289 310 et
310 282 440 310 Ursacius
455 283 537 316 nat-ti,
558 283 705 310 secundam
725 283 798 310 illam
811 283 930 318 perﬁdiae

144 329 251 364 p‘enam
266 328 324 356 ﬁdei
336 328 544 364 professionem,
558 332 688 364 tanquam
701 336 716 356 a
732 329 855 357 Romano
866 338 930 364 pon-

145 375 216 402 tiﬁce
244 373 459 408 comprobatam,
488 374 588 408 ubique
610 373 835 407 disseminarunt,
858 374 929 402 etin

144 419 239 453 primis
252 418 284 446 ad
300 418 450 445 Eudoxium
466 418 579 453 eiusque
593 418 701 446 sodales
715 418 863 448 Anommos
874 420 930 447 An-

143 464 271 492 tiochiam
302 465 446 492 miserunt.
477 463 536 497 Qua
560 472 590 492 re
613 465 775 493 audaciores
803 465 840 492 illi
866 466 930 493 facti

144 509 286 536 Aelianum
312 508 421 544 dogma,
449 509 522 544 quod
547 509 642 537 timide
662 509 792 539 hactenus
812 511 932 539 diﬁ‘nlen-

145 559 238 589 terque
252 554 446 589 praedicabant,
464 555 553 590 palam
569 555 710 590 divulgare
723 562 863 592 coeperunt
876 566 882 584 :
897 565 930 584 ex

139 606 198 633 quo
222 605 321 634 magna
342 606 390 633 per
407 597 545 627 Orientem
575 607 607 627 ac
630 598 737 635 Syriam
762 601 930 635 perturbatio

143 649 300 673 consecuta.
322 643 407 679 Cuius
431 645 517 680 gratia
539 645 673 682 GeOrgius
690 646 860 674 Laodicenus
873 647 930 682 cpi-

142 690 240 717 stolam
254 690 364 725 scripsit
378 689 413 717 ad
425 690 559 718 Baaitium
571 691 752 727 Ancyranum,
768 693 815 728 qui
831 693 863 720 ad
885 699 930 720 ec-

143 736 243 769 clesias,
268 744 350 771 quam
373 743 459 772 nuper
475 744 490 764 a
512 735 697 766 fundamentis
715 739 856 771 excitarat,
875 738 929 766 En-

136 782 228 809 caznia
243 782 373 810 ﬁnitimos
390 782 534 817 episcopos
550 782 706 810 conciverat
723 783 884 816 admonens,
901 788 930 811 ut

144 835 206 855 cum
224 827 334 862 collegis
351 827 409 855 suis
423 832 593 863 grassantem
616 823 813 856 Anomteorum
831 830 929 863 impie-

983 235 1084 263 Osiana
1104 235 1167 266 illa,
1179 235 1241 262 sive
1267 233 1386 262 secunda
1402 233 1561 261 Sirmiensls
1589 233 1768 267 abrogaretur

983 279 1123 310 formula,
1152 286 1215 306 cum
1247 278 1363 306 Basilius
1392 276 1624 304 Scmiarianorum
1652 277 1766 313 signifer

982 326 1129 361 plurimum
1153 324 1223 359 apud
1238 324 1427 359 imperatorem
1446 322 1532 358 gratia
1553 327 1581 350 et
1605 323 1770 351 auctoritate

982 376 1086 407 posset.
1105 371 1193 405 Atque
1207 370 1241 398 ad
1253 369 1407 397 Orientales
1423 369 1485 397 illos
1498 369 1639 401 tumultus,
1655 376 1769 396 novam-

983 423 1036 452 que
1053 416 1177 444 haaresim
1202 415 1453 447 exterminandam,
1478 414 1658 442 Constantius
1685 421 1770 450 syno-

983 463 1048 490 dum
1062 466 1172 489 auetore
1183 461 1286 489 Basilio
1296 460 1482 489 Nicomediam
1502 460 1609 488 indixit.
1624 459 1691 493 Quae
1704 468 1767 487 cum

983 513 1063 536 terra:
1080 512 1154 536 motu
1178 507 1361 540 concidisset,
1379 514 1412 535 ac
1428 507 1544 535 subinde
1563 506 1698 538 Nicaeam,
1712 514 1769 542 quo

983 554 1128 589 episcopos
1154 553 1301 581 convocari
1329 553 1487 587 placuerat,
1506 553 1599 581 eadem
1625 553 1769 581 calamitas

983 600 1142 627 alﬁixisset:
1158 599 1267 626 tandem
1277 598 1394 627 Basilius
1410 599 1581 634 imperatoris
1596 599 1693 626 litteris
1705 606 1768 627 cum

983 645 1120 680 episcopis
1147 645 1207 672 aliis
1231 643 1265 671 de
1285 644 1382 671 idoneo
1403 644 1462 671 loco
1486 645 1637 672 deliberare
1662 644 1771 677 jussus,

983 698 1045 718 cum
1061 690 1132 718 inter
1159 691 1221 717 illos
1247 690 1360 717 minime
1386 690 1563 722 conveniret,
1581 689 1711 718 Sirmium
1734 690 1767 717 ad

984 737 1174 772 imperatorem
1195 736 1314 764 advolat.
1337 736 1374 763 Ibi
1396 736 1513 764 Arianos
1528 736 1672 771 episcopos
1693 744 1770 771 repe-

985 783 1031 815 rit,
1047 782 1169 810 Marcum
1183 782 1372 814 Aretltusium,
1386 781 1532 817 Georgium
1543 782 1767 815 Alexandrinum,

986 828 1124 855 Valentem
1156 831 1183 855 et
1209 833 1332 855 caeteros.
1352 827 1474 860 Quorum
1509 827 1632 855 omnium
1651 828 1768 856 consilio

136 877 227 901 :tatem
253 873 384 909 synodico
404 873 513 901 decreto
533 874 681 909 jugularet.
699 873 738 901 Ex
756 875 790 902 iis
805 874 857 901 labi
874 875 932 902 illos
949 880 969 907 Β
984 874 1159 902 Constantius
1177 873 1329 901 Seleuciam
1347 873 1373 901 in
1389 873 1493 901 lsauria
1518 874 1551 901 ad
1572 874 1705 909 synodum
1722 874 1770 902 dc-

143 918 272 953 opinione
285 921 404 950 constat,
419 918 466 953 qui
487 925 520 946 ex
542 917 713 946 Theodoreto
730 918 870 954 colligunt,
886 917 931 945 Li-

136 964 249 991 ‘berium
266 964 300 991 ab
311 964 407 991 exsilio
422 967 579 991 revocatum
594 971 665 996 esse,
679 963 774 990 eodem
788 963 834 991 illo
848 971 930 996 anno,

138 1016 199 1044 quo
217 1009 397 1036 Constantius
423 1008 517 1036 Romae
540 1008 642 1044 degens
662 1016 677 1036 a
695 1010 828 1037 matronis
854 1009 933 1037 inter-

144 1054 260 1089 pellatus
275 1058 332 1081 est:
345 1053 481 1089 siquidem
494 1054 603 1081 nonnisi
616 1054 837 1089 postbiennium,
850 1062 931 1090 quam

144 1101 248 1135 ejectus
262 1100 361 1132 fuerat,
377 1100 521 1128 restitutus
539 1104 581 1127 est
596 1099 731 1127 Liberius.
750 1099 784 1126 At
796 1107 868 1126 anno
880 1100 932 1128 555

145 1144 299 1178 Mediolani,
319 1145 356 1173 uti
372 1145 475 1173 dictum
494 1150 546 1181 est,
564 1145 712 1180 imperator
725 1145 885 1173 sententiam
905 1147 931 1172 in

144 1191 220 1218 illum
235 1192 315 1224 dixit,
333 1196 360 1220 et
385 1196 445 1228 post
463 1191 521 1219 Osii
543 1192 649 1227 lapsum
677 1191 807 1220 Sirmium
830 1193 932 1221 accitus

144 1241 194 1264 est.
220 1237 310 1270 Quare
335 1238 371 1266 ita
389 1238 579 1265 Theodoretus
598 1238 819 1273 interpretandus
834 1245 885 1271 est,
903 1243 933 1266 ut

138 1288 200 1311 rtum
217 1284 326 1319 quidem
341 1283 520 1311 Constantius
533 1283 667 1311 matronis
681 1291 755 1318 spem
771 1284 843 1311 illius
856 1284 934 1312 resti-

137 1329 238 1357 1uendi
261 1328 355 1356 fecerit
371 1349 379 1362 ,
398 1329 447 1356 sed
469 1328 496 1356 id
518 1328 603 1356 altero
626 1327 723 1356 deinde
742 1335 814 1355 anno
829 1329 934 1363 praesti-

145 1375 216 1403 terit.

181 1422 260 1449 Anno
284 1420 337 1448 358
353 1420 471 1448 Basilius
498 1420 660 1455 Aneyranus
687 1419 805 1457 acceptis
824 1419 932 1454 Georgii

146 1466 242 1495 litteris
254 1486 262 1498 ,
282 1467 454 1502 cognitisque
476 1473 545 1506 quat‘
566 1465 659 1493 Sirmii
676 1474 691 1494 a
708 1465 820 1493 Valente
838 1470 865 1494 et
879 1464 932 1493 Ur-

146 1512 221 1540 sacio
240 1516 315 1547 gesta
339 1511 465 1545 fuerant,
485 1518 547 1538 cum
562 1512 596 1538 ad
617 1511 739 1539 ecclesiae
752 1530 760 1544 ,
776 1511 815 1538 uti
830 1511 931 1539 dictum

984 920 1058 956 legit.
1085 920 1185 948 Verum
1208 919 1341 952 Eudoxii,
1359 919 1469 952 Acacii,
1496 919 1637 952 Valentis,
1662 919 1768 948 Ursaeia‘

985 967 1179 994 Anomoeorum
1193 974 1275 1001 opera
1294 965 1395 993 factum
1408 970 1450 993 est
1462 984 1470 998 ,
1487 970 1532 999 ut,
1549 965 1645 994 divisis
1663 967 1770 1001 episeo-

984 1012 1037 1047 pis,
1059 1011 1248 1039 Occidentales
1263 1011 1372 1046 quidem
1390 1011 1523 1043 Arimini,
1538 1010 1690 1039 Orientales
1705 1019 1769 1039 vero

984 1057 1113 1085 Seleuciae
1130 1060 1373 1093 congregarentur.
1397 1056 1426 1083 In
1445 1057 1496 1084 hoc
1511 1057 1675 1084 Arianorum
1694 1057 1769 1092 prin-

983 1104 1073 1139 cipum
1088 1110 1236 1139 congressu
1257 1102 1375 1136 accidit,
1402 1102 1477 1137 quod
1496 1101 1614 1130 Hilarius
1634 1102 1705 1130 libro
1732 1102 1771 1129 Dc

983 1150 1090 1185 synodi:
1111 1152 1223 1182 narrat,
1241 1154 1271 1176 ut
1291 1142 1444 1177 Orientales
1469 1148 1589 1183 episcopi
1603 1169 1611 1181 ,
1640 1149 1687 1183 qui
1711 1147 1770 1175 Sir-

983 1194 1080 1222 miensi
1097 1193 1273 1229 blasphemia:
1296 1194 1462 1226 restiterant,
1479 1198 1605 1220 auctores
1621 1192 1682 1227 ejus
1695 1200 1770 1221 com-

983 1239 1114 1275 pellerent
1126 1258 1133 1270 .
1151 1242 1182 1265 ut
1197 1238 1395 1266 subscribendo
1409 1238 1591 1270 damnarent,
1606 1237 1680 1272 quod
1702 1237 1771 1265 fece-

983 1289 1054 1312 rant.
1070 1283 1141 1317 Quin
1156 1284 1238 1312 etiam
1259 1291 1291 1311 ex
1307 1284 1402 1312 eodem
1418 1283 1520 1311 Hilario
1532 1284 1679 1318 colligitur,
1693 1288 1771 1318 post-

982 1336 1096 1364 eaquam
1127 1329 1209 1356 dividi
1240 1328 1372 1364 synodum
1405 1328 1519 1363 placuit,
1546 1328 1682 1363 principio
1714 1329 1770 1354 An-

983 1381 1074 1410 cyram
1093 1374 1127 1402 ad
1144 1373 1321 1401 Orientalium
1343 1381 1502 1402 consessum
1521 1374 1652 1401 deleCtam
1674 1372 1770 1401 fuisse.

984 1420 1086 1448 Scribit
1098 1421 1171 1448 enim
1185 1420 1229 1448 his
1241 1420 1332 1448 verbis
1346 1428 1352 1446 :
1370 1419 1420 1447 Sed
1430 1420 1544 1447 maxime
1556 1427 1616 1446 cum
1629 1420 1770 1453 comperi:-

984 1473 1038 1493 sem
1052 1465 1166 1501 synodos
1197 1466 1226 1492 in
1246 1465 1352 1501 Ancyra
1378 1470 1455 1501 atque
1473 1465 1594 1492 Arimino
1611 1472 1771 1502 congregan-

983 1511 1032 1538 da:
1046 1531 1052 1542 ,
1066 1515 1092 1538 et
1112 1518 1144 1538 ea:
1163 1510 1275 1546 singulis
1298 1511 1439 1545 provinciis
1459 1509 1604 1538 Gallicanis
1624 1509 1708 1543 binas,
1731 1509 1771 1537 uel

147 1561 197 1589 est,
213 1556 448 1584 consecrationem
462 1559 630 1583 conventum
652 1554 765 1582 haberet
790 1554 933 1589 episcopo-
946 1543 967 1573 ο
984 1555 1102 1590 singulas
1117 1563 1147 1582 eo
1161 1543 1216 1582 esse
1231 1543 1365 1583 maturos.

147 1610 226 1634 rum,
246 1605 419 1637 Ancyranam
441 1600 575 1636 synodum
600 1599 738 1632 celebrat,
762 1599 790 1626 in
810 1606 862 1634 qua
876 1598 934 1625 Sir-

147 1645 323 1675 miensisOsii
335 1654 367 1674 ac
379 1645 500 1673 Valentis
526 1649 554 1672 et
577 1647 738 1672 cteterorum
753 1644 932 1671 condemnata

148 1693 207 1721 ﬁdei
229 1692 345 1720 formula
358 1695 420 1724 est;
444 1695 631 1724 statutumque
642 1710 649 1723 ,
665 1688 738 1716 Patri
754 1689 853 1716 Filium
870 1689 935 1716 sub-

147 1739 246 1768 stantia
259 1746 319 1766 esse
333 1737 460 1765 similem.
475 1736 534 1769 Qua
548 1743 582 1764 ex
598 1735 704 1771 synodo
716 1735 810 1763 litterae
826 1735 935 1770 scripta:

148 1790 212 1814 sunt
225 1785 259 1813 ad
276 1784 421 1812 Phoenices
455 1787 482 1810 et
508 1782 609 1818 Syros,
626 1782 672 1809 ubi
699 1781 813 1809 Eudoxii
837 1781 935 1821 Antio-

148 1831 227 1859 cheni
248 1831 338 1858 studio
353 1829 548 1856 Anommorum
564 1827 676 1863 perﬁdia
698 1827 848 1863 ﬂagrabat:
867 1835 936 1862 quas

149 1876 317 1912 Epiphanius
335 1874 442 1902 recitat.
461 1873 563 1901 Deinde
586 1873 667 1909 legati
684 1873 716 1901 ad
742 1874 935 1908 imperatorem

149 1923 280 1950 Sirmium
298 1921 388 1953 missi,
406 1919 526 1948 Basilius
540 1919 608 1954 ipse,
629 1918 788 1947 Eustathius
808 1918 935 1946 Sebastec

149 1977 219 2000 nus,
237 1967 367 1995 Leontius
380 1966 548 2002 Cyzicenus,
572 1966 619 2001 qui
637 1965 859 1994 Eudoxianorum
881 1965 936 1992 illic

149 2015 310 2042 disturbatis
336 2013 458 2042 consiliis
470 2032 477 2044 ,
498 2013 689 2047 imperatorem
704 2011 890 2047 perpulerunt,
908 2016 937 2038 ut

149 2062 281 2089 adversus
295 2060 449 2087 Eudoxium
482 2063 508 2086 et
525 2058 675 2086 Anumoeos
695 2058 728 2085 ad
753 2057 937 2084 AntiochenOs

150 2109 292 2136 scriberet.
305 2106 375 2135 Tum
392 2111 494 2139 autem,
508 2105 561 2133 nisi
573 2105 662 2138 fallor,
676 2103 775 2133 accidit
785 2103 851 2131 illud
865 2103 937 2138 quod

1020 1601 1075 1628 Cur
1092 1605 1182 1628 autem
1198 1601 1225 1627 in
1250 1608 1352 1628 annum
1379 1600 1441 1634 558,
1465 1608 1519 1628 non
1536 1600 1704 1636 superiorem
1717 1621 1726 1634 ,
1742 1605 1773 1628 ut

984 1646 1073 1674 cteteri
1084 1653 1190 1680 omnes,
1205 1646 1377 1681 Ancyranam
1390 1645 1622 1674 Semiarianorutn
1636 1647 1772 1681 synodum

985 1691 1166 1724 contulerim,
1192 1691 1328 1719 docebunt
1351 1691 1439 1718 allatae
1457 1699 1473 1718 a
1497 1695 1621 1719 me‘ante
1641 1692 1771 1724 rationes,

986 1745 1018 1765 ex
1042 1738 1142 1772 quibus
1159 1738 1315 1766 necessario
1341 1738 1399 1766 hare
1417 1742 1569 1773 temporum
1591 1737 1702 1773 partitio
1726 1739 1773 1766 de-

987 1783 1107 1822 ducitur.

1024 1830 1103 1856 Auno
1120 1830 1228 1857 demum
1242 1828 1294 1856 559
1310 1829 1388 1856 tertia
1413 1829 1458 1856 illa
1483 1829 1642 1857 Sirmicnsis
1657 1829 1773 1857 formula

987 1883 1002 1903 a
1031 1875 1120 1903 Marco
1152 1875 1321 1908 Aretlfusio,
1354 1876 1588 1903 consentientibus
1625 1875 1774 1903 Semiaria-

989 1921 1031 1948 nis
1047 1941 1054 1953 ,
1074 1920 1146 1948 edita
1173 1925 1215 1948 cst
1239 1921 1278 1948 uti
1307 1919 1432 1955 pluribus
1462 1924 1557 1954 postea
1581 1920 1773 1948 declarabitur.

990 1966 1050 2000 Qua
1067 1967 1242 2001 conscripta,
1269 1965 1369 1994 Valens
1398 1966 1432 1993 ad
1459 1966 1660 1993 Ariminensem
1691 1972 1774 2001 syno-

989 2012 1054 2039 dum
1079 2018 1139 2038 eam
1160 2011 1271 2042 detulit,
1288 2017 1348 2045 quae
1373 2011 1425 2039 hoc
1449 2017 1522 2037 anno
1544 2010 1579 2038 ab
1592 2010 1776 2038 Occidentali-

991 2058 1042 2085 bus
1069 2057 1180 2089 habita.
1197 2065 1259 2084 cum
1282 2055 1433 2084 Orientales
1463 2056 1595 2085 Seleucia:
1617 2056 1645 2084 in
1671 2055 1775 2084 Isauria

991 2103 1192 2131 convenissent.

155 2204 1765 2230 _______————————_———=———___===

471 2286 524 2317 DE
546 2286 625 2317 VET
632 2273 772 2316 surdus
799 2284 933 2322 Qumus

987 2285 1032 2315 LM
1056 2284 1257 2316 ECCLESUE
1289 2285 1456 2317 RITIBUS.

666 2381 705 2409 Ad
729 2379 936 2416 Expositionem
957 2377 1030 2411 ﬁdei.
1051 2378 1104 2406 col.
1124 2378 1177 2406 884
1192 2386 1268 2415 seqq.

187 2517 246 2545 Col.
257 2516 309 2544 884
362 2517 418 2544 Καὶ
433 2516 549 2551 πρῶτον
559 2516 618 2552 μὲν
630 2519 748 2552 κρηπίς.
756 2517 877 2546 Primum
893 2517 931 2546 Ec

1032 2517 1070 2546 De
1085 2517 1235 2553 virginibus
1262 2517 1412 2553 praesertim
1438 2516 1546 2545 feminis
1570 2520 1635 2544 nota
1656 2524 1701 2546 res
1726 2522 1777 2551 est,

153 2565 243 2593 clesiae
257 2563 356 2592 veteris
371 2563 534 2597 institutum,
550 2563 621 2599 quod
634 2563 768 2600 hodieque
782 2564 808 2591 in
818 2564 940 2591 Romana

153 2610 296 2642 retinetur,
314 2609 340 2636 in
354 2608 485 2644 graduum
502 2608 682 2644 ordinumque
697 2609 853 2637 discrimine
867 2609 942 2644 posi-

155 2660 212 2683 tum
232 2660 282 2683 est.
294 2653 362 2682 Nam
378 2655 504 2690 princeps
518 2654 640 2682 omnium
660 2662 692 2682 ac
702 2655 944 2690 praestantissimus

154 2705 197 2728 est
213 2701 347 2736 virginum
370 2700 447 2732 ordo,
463 2700 511 2735 qui
532 2699 559 2727 in
577 2703 693 2734 utroque
716 2708 780 2728 sexu
804 2700 941 2728 cernitur:

155 2753 273 2781 quocum
288 2746 470 2774 monasticum
486 2747 547 2774 vitae
561 2753 646 2782 genus
658 2746 839 2782 coniungitur.
851 2746 945 2774 Proxi-

156 2798 217 2818 mus
241 2791 306 2818 huic
319 2791 492 2819 continentite
513 2791 613 2826 gradus
631 2795 682 2825 est,
696 2796 752 2819 tum
769 2792 896 2827 viduitas,
911 2799 944 2820 ac

155 2841 293 2872 postremo
306 2838 366 2865 loco
380 2837 547 2873 coniugium.

994 2571 1075 2599 quam
1093 2564 1222 2599 antiquus
1245 2564 1270 2591 in
1287 2563 1418 2595 Ecclesia,
1434 2571 1570 2599 quamque
1591 2563 1719 2598 copiosus
1735 2564 1780 2591 ille

996 2609 1064 2636 ordo
1079 2608 1168 2636 fuerit.
1187 2608 1311 2636 Justinus
1330 2608 1440 2644 Apolog.
1453 2607 1476 2635 ll
1493 2617 1500 2635 :
1515 2607 1570 2635 Καὶ
1583 2608 1674 2635 πολλοί
1697 2617 1779 2641 τινες,

996 2655 1043 2681 καὶ
1059 2654 1154 2681 πολλαὶ
1168 2654 1368 2690 ἑξηκοντοῦται,
1382 2654 1429 2681 καὶ
1444 2654 1697 2690 ἑϐδομηκωτοῦται.
1709 2655 1733 2681 οἳ
1748 2655 1781 2681 ἐι

996 2701 1098 2728 παίδων
1116 2700 1338 2737 ὲμαθητεύθησαν
1356 2701 1395 2737 τῷ
1414 2700 1534 2737 Χριστῷ,
1557 2701 1668 2737 ἄφθοροι
1688 2700 1781 2735 διαμέ-

995 2755 1079 2774 νουσι.
1096 2746 1164 2775 Hinc
1183 2746 1300 2774 Faustus
1320 2747 1364 2775 ille
1385 2746 1550 2774 Manichaaus
1565 2747 1635 2781 apud
1653 2746 1781 2782 Augusti-

994 2800 1060 2820 num
1078 2792 1125 2820 lib.
1142 2799 1195 2819 xxx
1216 2799 1278 2819 cum
1301 2792 1448 2820 catholicos
1474 2791 1693 2827 reprehenderet,
1708 2790 1781 2826 quod

995 2837 1198 2864 matrimonium
1225 2836 1395 2871 damnarent,
1411 2836 1530 2865 vicissim
1551 2835 1685 2864 inﬁnitum
1710 2834 1779 2870 apud
