1925 3043
148 190 217 218 10τὸ

541 194 585 222 DF.
607 194 800 223 VETERIBUS
818 195 1019 229 QUIBUSDAM
1039 195 1216 225 ECCLESI/E
1235 195 1381 224 RITIBUS;

1703 195 1775 223 ιοτσ

145 249 205 278 illos
221 249 355 285 virginum
382 248 528 278 numerum
551 253 704 287 opponebat
720 262 727 280 :
746 252 779 280 Ut
799 261 861 288 pene
871 253 930 288 jam
944 257 969 285 Λ
985 252 1056 286 sint,
1084 261 1165 288 neque
1192 252 1386 280 clandestinum
1416 251 1615 279 matrimonium
1646 251 1773 285 inierint,

144 295 243 330 major,
256 295 355 331 inquit,
375 296 404 323 in
428 295 553 325 Eceletiil
575 298 696 325 omnibus
711 299 841 334 uirginum
866 300 936 334 apud

143 349 198 374 vos,
210 349 290 376 quam
302 341 442 369 mulierum
450 343 625 370 numerositas
635 343 773 372 habeatur.
785 344 836 372 Cui
847 345 935 380 plane,

145 390 176 413 ut
203 393 256 414 nos
271 386 405 415 hmreticis
419 387 558 416 hodiernis
575 389 705 421 solemus.
720 390 867 424 respondet
882 390 938 418 Au-

142 431 269 465 gustinus
283 451 291 464 ,
308 431 346 460 ita
362 432 544 467 virginitatem
554 434 580 460 iu
602 433 723 462 Ecclesia
739 435 936 469 commendari,

144 478 184 504 uti
213 477 317 512 nuptiae
348 485 520 513 nequaquam
554 479 751 515 improbentur.
776 481 937 509 Ammianus

142 522 320 551 Marcellinus
341 528 438 552 auctor
465 524 591 553 ethnicus
613 525 640 552 in
657 526 731 553 calce
757 526 805 554 lib.
819 534 885 553 xvm
900 527 937 554 De

143 567 245 602 Sapore
259 576 270 595 :
287 568 413 597 Inventas
445 574 531 597 tamen
556 570 625 598 aliae
648 571 760 606 virgines
786 571 937 600 Christiano

82 612 85 614 ’
143 615 198 640 ritu
217 614 303 641 cultui
327 614 415 642 diuino
427 620 558 649 sacratae,
572 617 700 644 custodiri
716 618 840 651 intactas,
857 623 883 645 et
897 626 939 646 re-

142 658 235 694 ligioni
256 661 352 687 servire
370 660 448 688 solito
468 670 555 694 more,
589 662 662 690 nullo
676 667 789 696 uetante,
804 664 936 699 prtecipit.

142 703 219 732 Pleni
234 709 299 732 sunt
322 704 493 740 Tertulliani,
515 706 655 743 Cypriani,
677 708 801 736 omnium
819 709 938 745 denique

141 750 389 779 vetustissimorum
415 751 526 780 Patrum
557 753 617 780 libri
639 772 647 785 .
686 758 715 781 ut
742 754 936 790 AuguSIiuum,

142 794 349 832 Hieronymum,
365 798 542 826 Ambrosium
573 799 696 835 aliosque
711 805 880 835 praeteream,
893 809 938 829 sa-

141 851 252 871 crarum
268 844 408 872 mentione
428 844 576 880 virginum,
591 853 661 881 quas
685 845 741 874 Deo
763 852 937 876 cottsecratas

141 894 170 917 et
191 895 256 918 voto
279 890 362 918 etiam
389 891 547 924 obstrictas,
573 891 621 919 Dei
646 897 729 928 atque
755 892 884 921 Ecclesiae
907 901 938 922 se

986 299 1081 334 exiguo
1114 304 1227 334 tempore
1253 298 1411 333 interlapso,
1443 303 1584 333 postquam
1605 297 1724 332 precibus
1750 303 1776 326 et

983 344 1094 379 jejuniis
1106 346 1267 379 vacaverint,
1280 345 1428 373 communio
1442 344 1496 371 illis
1513 344 1691 379 indulgeatur.
1707 343 1776 372 Neo-

987 389 1147 418 czesariense
1167 398 1242 423 vero,
1269 398 1331 418 can.
1354 390 1369 416 7
1388 399 1394 417 :
1417 389 1604 426 Πρεσϐύτερον
1616 391 1656 421 εἰς
1671 389 1777 425 γάμους

987 435 1173 472 διγαμούντων
1187 437 1224 473 μὴ
1237 435 1395 463 ἑστιᾶσθαι·
1409 436 1469 462 ἐπεὶ
1479 435 1622 471 μετάνοιαν
1639 435 1776 467 αἰτοῦντος

986 481 1034 508 τοῦ
1052 482 1186 518 διγάμου,
1207 482 1249 514 τίς
1273 481 1349 508 ἔσται
1371 482 1385 508 ὁ
1408 481 1609 517 πρεσϐύτερος,
1632 482 1646 507 ὸ
1666 480 1710 507 διὰ
1727 480 1777 516 τῆς

987 527 1134 560 ἑστιάσεως
1147 527 1409 563 συγκατατιθέμενος
1420 528 1476 558 τοῖς
1491 527 1590 562 γάμοις
1600 534 1607 559 ;
1619 525 1695 554 Vetal
1713 534 1777 561 pre-

987 573 1126 608 sbyterum
1141 574 1311 609 digamorum
1333 573 1436 608 nuptiis
1452 573 1593 605 interesse,
1610 579 1643 599 ne
1657 579 1777 607 praesen-

987 619 1025 647 tia
1046 627 1094 648 sua
1115 620 1171 648 illis
1188 620 1333 655 sutl'ragari
1356 619 1491 647 videatur.
1504 619 1546 646 Ad
1562 619 1620 646 [nec
1634 620 1792 655 Ancyrana»

988 665 1107 701 synodus
1123 673 1185 694 can.
1208 666 1242 693 i9
1262 665 1359 701 jubet,
1376 669 1408 693 ut
1422 665 1468 701 qui
1487 665 1680 700 virginitatem,
1694 672 1776 700 quam

988 711 1044 740 Deo
1067 711 1288 747 spoponderant,
1311 711 1450 743 violarint,
1478 711 1572 739 eadem
1596 718 1650 746 qua
1676 710 1778 746 digami

987 763 1069 792 pinna
1098 761 1285 784 coerceantur.
1310 757 1429 792 Apparet
1456 757 1539 791 igitur
1561 756 1685 792 digamos
1712 756 1779 783 olim

988 801 1137 838 ignominia
1165 807 1281 834 notatos,
1305 807 1331 830 et
1358 802 1391 830 ad
1417 802 1552 838 publicam
1578 801 1778 837 paenitentiam,

988 847 1035 875 sed
1062 854 1124 875 eam
1149 847 1307 882 perbrevem
1336 855 1368 875 ac
1392 847 1622 879 tolerabiliorem,
1650 845 1791 874 astrictos?

989 892 1084 920 fuisse.
1108 891 1169 919 Jam
1191 899 1274 927 supra
1299 885 1419 920 vidimus
1442 899 1524 927 quam
1552 898 1646 919 severa
1670 890 1779 918 concilii

141 936 283 971 obsaquiis
310 937 449 964 addixisse
460 941 604 965 testantur.
628 937 657 965 lu
679 939 823 974 Ancyrano
841 939 936 966 conci-
952 934 973 961 Β
987 936 1147 964 Eliberitani
1164 937 1270 965 sanctio
1285 937 1377 970 fuerit,
1391 945 1452 965 cum
1480 937 1508 964 in
1527 936 1653 971 prmsenti
1669 935 1779 963 naufra-

141 982 190 1013 δίο,
202 989 263 1009 can.
285 982 320 1010 t9
335 991 342 1010 2
359 983 436 1010 Ὅσοι
454 983 604 1019 παρθενίαν
624 984 855 1020 ἐπαγγελλόμενοι
877 985 938 1012 ἀθε-

140 1026 219 1053 τοῦσι
250 1026 299 1062 τὴν
328 1028 510 1062 ἐπαγγελλίαν
523 1048 530 1061 ,
565 1029 611 1055 τὸν
638 1029 693 1056 τῶν
722 1029 846 1065 διγάμων
873 1030 937 1065 ὅρον

142 1073 382 1108 ἔκπληρούτωσαν.
410 1074 633 1102 Cbalccdonense
664 1083 749 1108 vero,
778 1083 839 1103 ean.
871 1076 905 1103 16
929 1085 936 1104 :

143 1118 280 1154 Παρθένον
300 1111 398 1155 ἑαυιέὴν
411 1120 557 1147 ἀναθεῖσαν
577 1120 617 1156 τῷ
629 1121 752 1156 Δεσπότῃ
765 1121 836 1157 Θεῷ,
849 1121 939 1149 ὡσαύ-

141 1172 197 1196 τως
209 1164 239 1191 δὲ
251 1166 298 1192 καὶ
312 1164 471 1200 μονάζοντα,
487 1166 534 1193 καὶ
550 1166 587 1202 μὴ
598 1166 698 1199 ἐξεῖναι
709 1167 790 1203 γάμῳ
807 1176 938 1203 προσομι-

142 1210 212 1237 λεῖν·
232 1212 257 1237 εί
283 1211 310 1238 δέ
329 1220 361 1246 γε
386 1211 522 1247 εὑρεθεῖεν
538 1211 618 1239 τοῦτο
643 1213 793 1245 ποιοῦντες,
816 1213 937 1241 ἔστωσαν

142 1256 330 1292 ἀκοινώνητα.
352 1257 519 1293 Epiphanius
543 1263 635 1286 noster
661 1260 688 1286 in
707 1259 842 1294 Augeiicis
869 1259 935 1287 haer.

142 1303 188 1336 60,
205 1311 233 1330 n.
248 1303 275 1335 't,
289 1303 368 1331 docet
384 1304 513 1339 virgines,
530 1312 545 1331 a
558 1304 659 1340 quibus
675 1305 838 1339 virginitatis
855 1313 938 1340 spon-

143 1349 198 1380 sio,
212 1356 296 1383 quam
311 1349 456 1385 ὁμολογίαν
477 1350 611 1383 nominat,
628 1350 728 1378 violata
753 1351 786 1378 sit
798 1372 805 1382 ,
827 1351 938 1389 consul-

142 1395 198 1422 tius
218 1394 318 1427 (ωσι-ε,
336 1396 360 1423 si
377 1403 406 1423 se
428 1395 557 1431 legitimis
572 1396 673 1431 nuptiis
701 1395 814 1432 illigent,
829 1401 858 1424 ut
876 1401 939 1432 post

143 1440 302 1469 diuturnam
314 1441 503 1476 paenitentiam
519 1442 647 1470 Ecclesia:
655 1443 875 1471 communionem
888 1444 938 1471 im-

144 1491 263 1521 petrent.
278 1484 404 1515 Nondum
421 1488 525 1516 scilicet
540 1495 573 1516 ea
591 1488 703 1523 sponsio
727 1493 809 1516 tantae
829 1489 938 1525 religio-

146 1532 191 1559 nis
202 1537 270 1566 erat,
285 1537 315 1560 ut
331 1532 439 1561 irritum
456 1533 661 1561 matrimonium
676 1533 788 1562 faceret.
804 1534 870 1562 Vide
885 1535 939 1571 Cy-

144 1577 272 1612 prianum
290 1577 376 1613 Epist.
395 1579 430 1605 ad
447 1578 633 1614 Pomponium,
648 1580 728 1614 cujus
748 1579 854 1607 initium
870 1585 913 1608 est
929 1589 936 1608 :

145 1622 268 1658 Leptam
281 1624 385 1658 litteras
401 1630 472 1653 tuas.
487 1624 533 1652 Sic
542 1623 715 1652 Valentinum
727 1626 870 1653 concilium
885 1626 937 1654 sub

146 1666 274 1702 Danaae,
285 1676 348 1696 can.
361 1669 390 1702 2,
424 1669 555 1705 Virgines,
570 1678 628 1704 qua:
649 1678 676 1697 se
695 1670 749 1698 Deo
764 1677 897 1704 voverunt,
913 1672 936 1699 si

145 1713 182 1740 ad
201 1718 318 1742 terrenas
345 1715 451 1750 nuptias
474 1716 638 1749 transierint,
663 1717 843 1750 panitentiam
861 1725 937 1752 agere

144 1757 232 1793 iubet.
248 1759 292 1787 Eas
305 1768 387 1796 porro
402 1761 437 1789 ab
451 1762 580 1798 episcopo
593 1762 833 1790 consecrabantur.
858 1763 936 1796 Quod

146 1812 183 1832 ne
208 1806 364 1835 sacerdotes
387 1812 561 1842 usurparent,
585 1808 685 1844 saepius
711 1808 894 1842 interdictum,
907 1813 938 1836 ut

146 1849 275 1886 Carthag.
296 1859 315 1878 tt
338 1855 365 1880 et
391 1860 430 1880 tu.
443 1852 560 1881 Basilius
587 1853 628 1880 Ad
645 1853 772 1888 Amphil.,
798 1862 859 1882 can.
891 1855 935 1887 18,

147 1895 255 1924 illarum
280 1897 425 1932 ὁμολογίαν
444 1899 532 1933 excipi
554 1898 631 1933 jubet
656 1906 729 1926 anno
746 1899 834 1928 aetatis
850 1900 883 1927 16
896 1900 937 1927 vel

148 1941 193 1968 Π.
208 1941 336 1970 Severius
348 1943 501 1978 Agathense
513 1944 626 1977 concil.,
641 1951 703 1972 can.
719 1943 771 1972 i9:
789 1944 937 1972 Sanctimo—

147 1987 241 2019 niales,
265 1989 455 2022 quantumlibet
478 1989 532 2017 vita
557 1998 649 2017 earum
669 1995 694 2018 et
723 1998 807 2018 mores
834 1991 938 2026 probati

147 2033 212 2065 sint,
228 2037 289 2060 ante
306 2041 406 2060 annum
421 2035 507 2061 relatis
521 2043 576 2062 tute
591 2035 627 2063 40
641 2044 692 2063 non
706 2037 831 2064 velentur.

182 2077 242 2105 Col.
252 2077 305 2106 884
314 2079 346 2105 Δ.
356 2079 390 2106 El
402 2079 436 2106 δέ
443 2088 488 2112 τις
497 2081 737 2115 τελευτησάσης.
746 2081 775 2108 In
785 2082 880 2110 haeresi
891 2083 937 2115 59,

147 2131 176 2151 η.
193 2123 237 2155 14,
256 2124 364 2152 tolerari
378 2125 556 2154 nihilominus
574 2126 634 2155 illos
645 2127 672 2154 in
687 2127 808 2156 Ecclesia
820 2127 936 2160 dixerat.

147 2169 196 2205 qui
210 2173 272 2204 post
286 2170 432 2197 divortium
445 2171 511 2199 alias
533 2179 631 2200 uxores
646 2172 698 2200 sibi
719 2173 886 2208 copularent.
900 2173 938 2201 De

147 2223 204 2251 quo
214 2215 247 2243 ad
258 2215 333 2243 illum
345 2216 434 2244 locum
451 2218 580 2246 nonnulla
592 2218 762 2253 scripsimus.
774 2218 823 2247 llic
834 2224 935 2252 autem,

993 983 1031 1018 gii
1049 982 1202 1017 mortisque
1213 983 1335 1017 periculo
1351 991 1367 1010 a
1381 989 1546 1018 quocunque
1569 981 1700 1016 baptizari
1715 988 1779 1016 per-

988 1027 1081 1060 mittit,
1097 1027 1214 1063 digamis
1228 1027 1360 1056 duntaxat
1375 1027 1508 1062 exceptis.
1527 1026 1580 1054 Sed
1602 1026 1780 1054 nihilominus

989 1074 1016 1101 in
1032 1073 1181 1101 Ecclesium
1206 1074 1306 1109 recepti
1331 1078 1393 1101 sunt
1418 1073 1529 1108 digami,
1553 1077 1580 1100 et
1603 1072 1728 1107 quicum
1745 1072 1789 1100 iis

988 1119 1194 1147 communicare
1207 1119 1309 1147 nollent
1324 1126 1374 1154 pro
1390 1119 1524 1146 haereticis
1540 1117 1635 1146 habiti.
1653 1117 1721 1145 llinc
1737 1117 1781 1145 Ni-

988 1172 1106 1196 ctenum,
1124 1172 1184 1192 ean.
1207 1164 1235 1198 8,
1255 1173 1317 1193 eum
1332 1164 1496 1192 Noratianis-
1515 1164 1649 1192 haereticis
1673 1163 1780 1199 profes-

989 1210 1075 1237 sionis
1089 1209 1234 1238 formulam
1249 1210 1410 1246 praescribit,
1432 1210 1582 1238 secundum
1606 1217 1688 1245 quam
1705 1218 1781 1237 rece-

987 1260 1050 1290 ptus
1069 1255 1123 1283 illis
1151 1255 1184 1283 ad
1210 1256 1360 1284 Ecclesiam
1388 1259 1479 1290 pateat
1505 1267 1510 1284 :
1538 1255 1595 1292 Πρδ
1618 1255 1726 1283 πάντων
1751 1255 1779 1282 δὲ

987 1299 1077 1332 τοῦτο,
1102 1299 1201 1335 inquit,
1217 1300 1384 1336 ὁμολογῆσαι
1410 1300 1509 1331 αὐτοὺς
1535 1300 1680 1336 ἐγγράφως
1700 1309 1781 1335 προσ-

987 1346 1059 1381 ήκει,
1075 1346 1116 1373 ὅτι
1139 1346 1314 1382 συνθήσονται
1347 1346 1394 1373 καὶ
1411 1346 1624 1381 ἀκολουθήσουσι
1647 1348 1704 1378 τοῖς
1731 1347 1781 1382 τῆς

990 1390 1138 1427 ηθολικῆς
1168 1392 1217 1419 καὶ
1247 1392 1431 1427 ἀποστολικῆς
1459 1391 1620 1428 Ἐκκλησίας
1644 1392 1778 1428 δόγμασι,

987 1437 1108 1464 τουτέστι
1127 1438 1173 1465 καὶ
1187 1438 1313 1474 διγάμοις
1332 1440 1486 1470 κοινωνεῖν,
1505 1439 1620 1470 καὶτοῖς
1642 1439 1671 1465 ὲν
1689 1438 1728 1474 τῷ
1746 1438 1781 1465 δι-

988 1483 1074 1519 ωγμῷ
1089 1477 1338 1520 παραπειττωκόσιν
1350 1493 1356 1500 ·
1370 1484 1438 1512 Ante
1449 1485 1538 1511 omnia
1548 1485 1647 1520 scripto
1662 1485 1781 1520 proﬁteri

988 1529 1049 1557 illo:
1063 1535 1173 1565 oportet,
1192 1539 1362 1558 consensuros
1379 1539 1406 1558 re
1437 1535 1515 1566 atque
1545 1531 1713 1566 amplexum;
1736 1540 1782 1558 σας

989 1575 1093 1602 tholicw
1118 1581 1143 1603 et
1166 1576 1319 1611 apostolica
1339 1575 1465 1604 Ecclesia:
1489 1577 1616 1612 dogmata
1630 1586 1640 1605 :
1655 1578 1782 1606 nimirum

988 1624 1018 1646 ut
1039 1629 1098 1647 cum
1121 1621 1233 1656 digamis
1254 1622 1455 1654 communicent,
1472 1622 1556 1657 iisque
1577 1622 1623 1658 qui
1644 1622 1673 1649 in
1693 1631 1781 1657 perse-

987 1667 1090 1694 cutione
1105 1667 1174 1701 lapsi
1189 1672 1260 1694 sunt.
1283 1667 1337 1694 Sed
1363 1667 1475 1702 quinam
1499 1667 1601 1702 digami
1625 1667 1666 1695 illi
1679 1667 1781 1695 fuerint

986 1713 1127 1747 quzritur.
1143 1711 1210 1739 Nam
1222 1713 1438 1747 jurisconsultus
1451 1713 1573 1748 (ﬂuidam,
1588 1712 1638 1748 qui
1651 1713 1682 1741 in
1694 1721 1781 1742 cano-

987 1767 1052 1786 num
1071 1759 1199 1787 Ecclcsia‘
1209 1760 1330 1788 codicem
1346 1765 1424 1789 notas
1437 1761 1533 1793 edidit,
1544 1761 1626 1796 vulgo
1637 1761 1695 1790 fere
1707 1761 1782 1797 igno-

986 1809 1044 1833 tum
1061 1813 1123 1834 esse
1137 1805 1213 1833 dicit.
1240 1806 1300 1841 Ipse
1323 1811 1413 1834 autem
1445 1811 1500 1834 tres
1527 1807 1653 1842 (ligamine
1675 1808 1780 1843 species

986 1851 1103 1886 explicat
1123 1860 1130 1878 :
1155 1851 1242 1886 prima
1264 1856 1316 1884 cst,
1344 1859 1407 1880 cum
1433 1852 1529 1880 eodem
1555 1857 1676 1888 tempore
1701 1853 1780 1880 binas

987 1903 1087 1924 uxores
1101 1897 1240 1932 quispiam
1266 1898 1357 1931 habet,
1372 1898 1445 1933 quod
1462 1898 1526 1925 olim
1544 1898 1644 1926 Judzcis
1664 1899 1779 1933 licitum,

987 1941 1119 1970 Romanis
1145 1943 1249 1978 legibus
1274 1943 1441 1978 prohibitum
1464 1943 1533 1977 fuit;
1559 1946 1643 1972 altera
1660 1950 1778 1978 cst,cum

987 1988 1050 2023 quis
1065 1993 1151 2016 morte
1164 1989 1263 2024 prioris
1279 1989 1405 2025 conjugis
1427 1990 1518 2018 soluto
1535 1991 1720 2028 matrimonio,
1737 1998 1781 2018 sc-

988 2034 1091 2062 cundas
1107 2034 1214 2070 nuptias
1228 2035 1382 2069 contrahit;
1399 2036 1489 2069 tertia,
1506 2045 1588 2072 quam
1608 2038 1688 2072 vulgo
1703 2038 1780 2073 igno-

989 2083 1042 2106 tam
1059 2087 1120 2107 esse
1140 2080 1244 2112 statuit,
1263 2086 1306 2108 est
1325 2088 1398 2113 cum.
1422 2086 1499 2108 extra
1512 2089 1623 2109 causam
1644 2082 1781 2114 adulterii,

989 2124 1130 2159 repudiata
1143 2125 1269 2160 conjuge,
1283 2126 1368 2153 altera
1380 2127 1611 2161 superinducitur.
1623 2127 1690 2154 Cum
1705 2127 1787 2154 enirn-

971 2177 974 2179 λ
988 2170 1071 2197 variae
1085 2170 1193 2198 divortii
1205 2177 1297 2198 causa!
1310 2171 1378 2198 citra
1389 2171 1551 2199 adulterium
1568 2172 1659 2199 saeculi
1674 2172 1779 2207 legibus

987 2215 1053 2243 olim
1068 2220 1183 2250 recepta:
1195 2215 1306 2249 fuerint,
1322 2224 1462 2251 nunquam
1483 2217 1604 2244 Ecclesia
1617 2217 1677 2245 illas
1691 2218 1779 2245 admi-

147 2268 210 2288 cum
227 2261 363 2296 legitimos
377 2261 481 2290 scilicet
497 2267 525 2290 et
541 2267 664 2298 receptos
677 2264 712 2292 ab
725 2264 845 2293 Ecclesia
860 2266 935 2293 onli-
952 2267 974 2295 D
988 2262 1033 2289 sit.
1047 2261 1181 2295 Quocirca
1193 2261 1241 2297 qui
1259 2261 1320 2290 aliis
1335 2262 1369 2290 de
1389 2263 1491 2294 causis,
1507 2271 1589 2297 quam
1602 2268 1711 2298 propter
1730 2263 1779 2291 ml-

148 2315 198 2335 nes
217 2312 244 2335 et
262 2307 362 2343 gradus
384 2314 567 2343 percensent,
584 2310 725 2345 diligenter
737 2311 890 2339 cautionem
906 2312 938 2340 il-

148 2351 203 2379 lam
220 2353 355 2387 apposuit,
370 2354 478 2382 nonnisi
495 2359 556 2389 post
570 2355 668 2390 prioris
685 2356 813 2391 conjugis
822 2362 936 2385 mortem

148 2397 284 2425 secundas
300 2398 410 2434 nuptias
434 2400 592 2434 approbari,
607 2401 670 2434 etsi,
687 2401 726 2429 uti
748 2401 879 2437 diximus,
896 2404 937 2431 al-

148 2443 233 2471 terius
248 2444 353 2479 generis
367 2449 506 2481 utcunque
527 2447 687 2475 tolerentur.
708 2447 870 2484 Quanquam
887 2449 937 2477 ad-

148 2496 246 2517 versus
267 2489 400 2525 digamos,
418 2491 475 2526 qui,
493 2492 584 2526 priore
606 2499 722 2526 mortua,
737 2494 848 2522 alteram
867 2503 937 2522 uxo-

149 2541 207 2562 rem
232 2534 372 2567 ducerent,
399 2536 520 2563 severior
540 2536 610 2571 apud
637 2537 764 2573 antiquos
794 2538 937 2573 disciplina

150 2578 212 2608 fuit.
236 2578 304 2606 Nam
326 2587 404 2608 conc.
423 2579 519 2614 Laod.,
535 2589 598 2609 can.
622 2582 648 2615 l,
673 2583 709 2610 ita
729 2583 820 2611 sanxit
838 2592 846 2612 :
872 2585 938 2620 Περὶ

150 2624 197 2652 τοῦ
224 2625 279 2652 δεῖν
303 2626 373 2653 κατὰ
395 2626 439 2654 τὸν
466 2627 691 2662 ἐκκλησιαστικὸν
726 2629 845 2662 κανόνα,
875 2631 940 2662 τοὺς

148 2670 298 2706 ὲλιυθέρως
316 2671 364 2698 καὶ
383 2671 504 2707 νομίμως
521 2673 704 2708 συναφθέντας
734 2673 870 2710 δευτέροις
889 2675 940 2709 γά-

152 2723 229 2750 μοις,
260 2715 297 2751 μὴ
321 2716 509 2752 λαθρογαμίαν
535 2719 699 2754 ποιήσαντας
724 2719 815 2753 ὀλίγου
843 2720 939 2755 χρόνου

151 2760 341 2795 παρελθόντος,
355 2762 402 2788 καὶ
426 2762 613 2798 σχολασάντων
629 2766 688 2797 ταῖς
707 2767 871 2800 προσευχαῖς
893 2766 940 2793 καὶ

150 2806 298 2841 νηστείαις,
318 2807 389 2834 κατὰ
412 2808 576 2845 συγγνώμην
595 2811 766 2839 ἀποδίδοσθαι
780 2812 871 2844 αὐτοῖς
890 2813 940 2849 τὴν

151 2854 292 2880 κοινωνίαν
310 2853 466 2890 ὡρίσαμεν·
489 2855 523 2882 Ut
547 2857 689 2884 secutidum
711 2857 836 2885 Ecclesiae
859 2867 939 2885 rano-

152 2905 209 2926 Imn
232 2900 276 2935 qui
296 2900 375 2928 libere
394 2910 425 2928 ac
444 2901 558 2937 legitime
577 2903 698 2932 «curulis
722 2905 822 2938 nuptiis
843 2905 940 2942 illigati

988 2308 1128 2340 ulterium,
1147 2315 1233 2335 uxore
1251 2308 1375 2341 dimissa,
1401 2316 1465 2336 cum
1490 2309 1715 2344 alia-conjugium
1733 2317 1780 2337 so—

987 2354 1082 2387 eiaret,
1101 2354 1154 2386 hic,
1170 2354 1208 2382 ait
1221 2355 1436 2390 iurisconsultus
1460 2356 1515 2388 illc,
1535 2357 1662 2391 digamus
1680 2365 1778 2385 cense—

988 2399 1078 2432 batur,
1095 2400 1175 2435 eique
1190 2400 1379 2428 canonicadlla
1397 2402 1492 2434 multa,
1524 2403 1604 2436 cujus
1622 2402 1777 2431 Neocatsar.

988 2450 1015 2474 et
1032 2445 1140 2474 Laodie.
1163 2446 1357 2478 meminerunt,
1381 2448 1562 2482 irroguhutur.
1581 2448 1619 2475 Ex
1638 2457 1692 2484 qua
1715 2457 1778 2477 ora-

988 2492 1062 2520 tione
1074 2493 1208 2528 sequitur,
1224 2494 1350 2528 digamos
1363 2494 1434 2525 illos.
1453 2495 1510 2530 qui,
1529 2501 1636 2523 mortua
1651 2496 1777 2531 coujuge,

988 2539 1065 2566 alteri
1082 2547 1112 2566 se
1127 2540 1301 2574 copularent,
1329 2541 1421 2568 multa:
1439 2542 1520 2576 hujus
1535 2547 1660 2577 expertes
1682 2542 1786 2570 fuisse-

989 2584 1042 2612 Sed
1063 2587 1120 2615 haec
1142 2587 1268 2622 digamia:
1283 2595 1387 2623 genera
1406 2589 1462 2616 tria,
1480 2597 1568 2624 neque
1592 2590 1682 2624 ignota
1697 2590 1779 2624 vulgo

989 2636 1077 2664 erant,
1093 2641 1181 2668 neque
1197 2633 1229 2660 ad
1247 2641 1302 2660 rem
1316 2633 1461 2668 pertinent,
1489 2639 1647 2668 constatque
1672 2634 1705 2661 ad
1727 2642 1776 2669 po-

989 2682 1107 2705 stremos
1119 2677 1180 2705 illos
1192 2678 1316 2713 digamos
1328 2683 1384 2706 tres
1398 2678 1458 2705 illos
1472 2679 1581 2705 totidem
1597 2678 1777 2705 conciliorum

989 2723 1086 2751 citatos
1101 2731 1221 2752 canones
1243 2725 1384 2758 pertinere.
1410 2723 1476 2751 Nam
1503 2723 1682 2750 Laodicenum
1698 2723 1775 2758 diga-

991 2775 1050 2795 mos
1064 2775 1122 2800 eos,
1151 2769 1185 2796 de
1209 2769 1309 2804 quibus
1332 2770 1460 2804 loquitur,
1489 2768 1605 2803 appellat
1627 2767 1778 2803 ἐλευθέρως

990 2813 1037 2840 καὶ
1049 2814 1172 2850 νομίμως
1183 2815 1367 2849 συναφθέντας
1383 2814 1518 2850 δευτέροις
1534 2813 1633 2848 γάμοις
1642 2833 1649 2844 ,
1663 2813 1779 2848 legitimo

992 2868 1023 2887 ac
1043 2860 1121 2888 libere
1136 2861 1256 2888 secundis
1281 2861 1379 2895 nuptiis
1399 2860 1528 2896 illigatos,
1547 2860 1598 2888 hoc
1616 2863 1658 2886 est
1680 2859 1726 2895 qui
1744 2859 1778 2887 li-

991 2906 1080 2934 centia
1096 2911 1123 2934 ct
1143 2906 1269 2934 facultate
1289 2906 1341 2934 sibi
1357 2915 1372 2934 a
1391 2906 1500 2935 Christo
1521 2910 1549 2934 et
1571 2905 1691 2933 Ecclesia
1712 2912 1777 2933 con:
