1925 3043
161 183 230 212 1075

725 183 894 213 APPENDIX
913 162 1223 229 orssnnrirtouun.

1722 184 1790 212 10τὸ

158 249 236 270 cessa
251 241 292 268 usi
316 241 414 273 forent,
428 242 530 277 quique
559 241 585 269 id
612 242 730 278 legitime
759 243 897 272 fecissent.
919 243 947 270 ln
963 246 987 275 Α
1002 244 1040 271 illi
1057 243 1173 272 districti
1187 243 1297 270 iuerint.
1313 242 1367 270 Nec
1385 243 1462 271 aliter
1477 243 1602 272 Balsamo
1615 250 1646 271 ac
1669 242 1791 272 Zonaras

111 286 114 287 ⁷
157 295 214 322 quo
237 287 352 314 ridicula
380 291 423 314 est
442 287 631 321 jurisconsulti
659 289 804 322 expositio,
829 289 952 324 νομίμως

159 335 230 360 idem
254 341 315 361 esse
339 341 370 360 ac
397 333 540 360 secundum
567 334 632 368 legis
658 334 781 362 huntame
806 335 950 362 licentiam.

157 379 252 414 Neque
276 380 348 407 enim
371 379 573 407 ecclesiasticus
601 380 645 406 ille
668 379 777 407 Patrum
803 387 952 408 consessus

158 424 283 459 νομίμως
309 424 372 450 iniri
396 423 506 458 nuptias
533 424 593 450 illas
620 424 757 456 ediceret,
780 433 848 458 quas
877 425 952 452 nullo

158 471 240 498 modo
260 471 350 498 licitas
373 478 461 505 neque
477 475 550 498 ratas
565 479 626 498 esse
643 477 831 505 cognosceret.
846 471 951 498 Etenim

157 517 204 551 qui
221 517 290 544 citra
305 517 481 548 adulterium,
495 517 562 544 alias
580 518 615 544 ob
631 525 739 550 causas,
758 522 869 552 propter
883 525 952 552 quas

157 563 302 590 divortium
324 562 411 590 facere
429 564 601 598 imperatoris
625 563 730 598 legibus
754 563 794 590 las
816 567 867 595 est,
884 570 952 590 Into-

158 616 215 635 rem
240 609 375 636 dimiserit
401 609 538 644 aliamque
565 609 684 641 duxerit,
715 612 741 636 in
770 609 864 636 eadem
888 616 950 635 cum

158 653 289 680 adulteris
314 661 397 681 causa
426 654 553 682 Ecclesia:
574 655 678 689 judicio
702 657 865 690 decretoque
890 662 951 681 ver-

158 704 253 731 satur;
288 707 376 735 neque
403 705 450 728 aut.
478 702 528 728 levi
556 701 715 735 pmnitcutia
739 701 848 735 defungi
868 706 952 735 pote-

159 749 210 777 rat,
227 751 273 773 aut
291 746 369 773 aliter
393 754 474 781 quatit
501 748 607 774 dissuto
627 747 778 782 posteriore
802 747 952 782 illicitoque

159 793 347 824 mittubcrnio,
372 793 444 820 illam
474 793 559 828 ipsam
586 795 732 828 impetrare
752 794 949 831 paenitentia/tn.

158 838 392 870 Quemadmodum
412 839 524 871 devotos,
544 840 662 882 hocist,
679 847 739 874 quze
760 847 790 866 se
810 839 864 866 Deo
881 846 948 866 con-

158 889 342 915 sccravcrant,
359 885 477 917 virgines
500 890 546 912 aut
565 885 663 918 viduae,
684 886 707 911 si
726 885 853 911 maritum
875 892 950 910 acce-

157 930 268 962 pissent,
285 938 335 956 non
351 930 555 956 admittebantur
569 931 604 956 ad
623 930 813 963 paenitentiam,
830 930 881 956 nisi
904 929 951 955 ad-

159 975 208 1001 huc
218 975 272 1008 ipso
281 975 377 1001 vivente
387 975 493 1006 marito,
503 980 572 1001 caste
579 976 660 1001 viuere
671 976 815 1009 cepissent,
825 979 871 1000 aut
879 979 951 1009 post-

158 1029 239 1083 quth
270 1021 324 1055 ipse
347 1021 518 1054 decessisset,
544 1021 582 1048 ait
606 1021 766 1048 Toletanum
787 1028 807 1052 ι,
828 1028 890 1047 can.
917 1020 950 1047 l6

160 1061 185 1082 uti.
237 1076 245 1082 .

160 1061 185 1082 uti.
201 1061 245 1082 Ιυ.

195 1101 276 1136 Atqui
293 1101 415 1137 digamos
428 1102 494 1130 istos
509 1102 693 1130 Laodicenum
714 1102 860 1130 concilium
877 1101 950 1129 brevi

115 1146 125 1154 ’
160 1152 280 1181 tempore
300 1147 488 1182 prenitcntiam
505 1148 581 1175 obire
602 1148 712 1178 statuit;
732 1146 871 1174 Νἱοωιιιιηι
887 1154 951 1174 vero

158 1193 325 1226 Novatianis,
352 1199 379 1221 ut
410 1202 472 1221 cum
492 1194 546 1222 illis
573 1194 732 1222 nominatim
763 1193 951 1220 communica-

160 1246 235 1266 turos
260 1247 290 1266 se
313 1247 374 1267 esse
393 1239 579 1274 proﬁteantur,
608 1240 698 1266 edicit.
726 1239 802 1272 Quod
829 1230 952 1273 profecto

161 1292 214 1311 non
230 1283 342 1315 faceret.
358 1284 381 1311 si
397 1285 568 1319 digamorum
592 1285 702 1312 nomine
721 1284 873 1320 ﬂagitiosus
890 1284 950 1311 illos

159 1339 191 1358 ac
210 1331 314 1366 judicio
324 1331 451 1359 Ecclesia:
462 1331 587 1358 adulterii
599 1331 743 1358 damnatos
762 1331 949 1358 intellexisset.

158 1377 302 1408 Praeterea,
315 1381 344 1404 ut
359 1385 441 1412 quam
453 1377 571 1404 absurda
588 1378 623 1405 sit
637 1378 827 1413 iurisconsulti
848 1381 952 1404 sentcn-

159 1424 197 1448 tia
209 1421 362 1449 evidentius
372 1427 500 1457 appareat
514 1432 520 1449 :
535 1423 557 1450 si
571 1423 596 1449 in
611 1422 656 1449 illo
668 1422 768 1449 Niemni
781 1422 888 1450 concilii
904 1429 952 1449 ca~

160 1475 232 1494 none
246 1467 347 1502 digami
360 1472 434 1498 sunt,
449 1469 495 1502 qui
507 1473 603 1495 contra
616 1468 816 1496 ecclesiasticas
830 1467 950 1495 sanctio-

159 1519 210 1539 ncs
224 1531 233 1544 ,
250 1512 303 1540 boc.
323 1518 374 1545 est,
398 1517 428 1540 ut
447 1513 504 1547 ipse
528 1521 590 1539 cum
612 1513 778 1540 Calvinianis
801 1512 951 1544 existimat,

160 1559 227 1586 citra
253 1566 365 1587 causam
389 1558 525 1590 adulterii,
547 1558 583 1585 ob
605 1566 655 1586 cas
672 1566 781 1590 causas,
797 1557 831 1585 dc
851 1558 952 1592 quibus

159 1605 308 1633 divortium
323 1605 415 1633 saeculi
434 1605 505 1640 leges
523 1604 673 1639 indulgent,
690 1604 832 1638 repudiata
849 1603 950 1638 priore,
965 1594 987 1622 ο

159 1652 273 1678 alteram
304 1651 356 1680 sibi
384 1652 527 1686 conjugcm
556 1652 704 1682 asaiscunt,
734 1658 787 1677 non
811 1650 862 1677 alia
886 1654 952 1684 puto

159 1698 315 1726 conditione
329 1697 498 1725 Novatianos
513 1698 545 1725 ad
556 1698 721 1733 jungendum
737 1705 798 1724 cum
814 1697 867 1724 illis
880 1705 952 1724 com-

148 1744 318 1773 ,niunioucm
346 1744 445 1779 coegit.
470 1752 552 1779 quant
576 1749 605 1770 ut
638 1744 772 1772 dissoluto
803 1744 952 1778 posteriore

160 1791 206 1818 illo
219 1790 365 1825 conjugio,
382 1790 558 1817 foedissimam
578 1790 651 1817 illam
668 1790 802 1817 maculam
820 1790 952 1824 pumilea-

161 1837 198 1864 tia
216 1837 360 1864 diluereut.
376 1836 457 1871 Atqui
474 1844 528 1863 non
544 1837 630 1871 magis
645 1841 674 1863 ut
686 1844 748 1863 cum
763 1836 814 1863 hoc
828 1841 952 1871 peccato-

160 1891 221 1910 rum
236 1891 344 1918 genere,
359 1887 420 1918 post
432 1883 631 1918 puniitentiam,
648 1891 729 1917 quam
746 1889 775 1909 ut
795 1890 856 1909 cum
871 1887 951 1909 crete-

161 1930 201 1956 ris
227 1929 462 1956 communicarent
490 1929 634 1961 omnibus,
665 1929 708 1956 lex
732 1929 783 1956 ista
807 1929 952 1963 cautioque

160 1974 226 2001 ferri
243 1973 402 2001 Novatianis
422 1974 524 2001 debuit.
542 1973 601 2000 Non
619 1974 692 2000 enim
707 1973 842 2008 ejusmodi
863 1973 950 2000 solum

161 2020 296 2055 digamos,
311 2020 358 2047 sed
375 2027 553 2054 quoscunque
579 2019 669 2046 delicti
688 2019 822 2053 gravioris
840 2027 902 2046 reos
918 2020 952 2046 ab

161 2066 236 2093 omni
248 2073 296 2101 spe
307 2065 509 2094 communionis
533 2066 717 2093 excluserunt.
741 2065 797 2092 Cur
816 2066 898 2100 igitur
919 2066 952 2093 dc

161 2113 278 2148 digamis
298 2113 362 2147 illis,
386 2113 479 2148 utique
505 2112 613 2139 nonnisi
639 2118 700 2148 post
718 2112 904 2148 paenitentiam
925 2117 952 2139 et

160 2154 250 2187 illiciti
272 2159 391 2196 conjugii
417 2159 622 2193 diremptionem
645 2159 829 2191 admittendis,
853 2159 952 2186 diserte

160 2206 376 2241 nominatimque
404 2204 512 2232 Nicaana
534 2204 654 2240 synodus
678 2210 820 2239 exceptum
851 2203 952 2231 voluit?

1005 289 1105 324 aliique
1121 289 1282 323 interpretes
1301 296 1420 316 canones
1435 289 1495 316 illos
1507 289 1652 324 explicant.

1039 334 1098 361 Col.
1105 334 1157 361 884
1166 334 1195 361 Β.
1204 334 1337 368 Στεφάνη
1345 334 1379 360 δὲ
1384 335 1497 361 τούτων
1502 334 1633 365 πάντων,
1640 334 1790 367 ώςειπεῑν.

1005 379 1042 407 De
1055 380 1214 407 clericorum
1226 380 1392 407 continentia
1405 388 1435 407 ac
1448 380 1543 407 caelibe
1558 380 1613 407 vita
1624 380 1736 407 illustris
1748 380 1792 406 hic

1004 424 1147 459 Epiplianii
1163 425 1238 451 locus
1253 429 1305 451 est.
1330 424 1382 451 Sed
1405 425 1433 451 in
1451 424 1632 452 Catinarorum
1650 424 1745 451 literesi
1757 424 1791 451 59

1004 479 1080 498 num.
1096 472 1113 498 4
1128 472 1206 505 longe
1221 471 1343 506 apertius
1372 475 1455 505 atque.
1469 471 1605 506 insignius
1622 470 1791 498 ecclesiasti-

1003 525 1063 545 cam
1081 517 1132 544 hac
1147 517 1175 543 in
1193 525 1222 544 re
1235 517 1461 544 consuetudinem
1475 517 1611 552 exposuit.
1627 516 1710 544 Docet
1718 517 1790 544 enim

1005 562 1138 597 inprimis
1155 562 1327 597 episcopum.
1346 567 1394 589 aut
1407 563 1608 598 presbyterum,
1630 567 1676 589 aut
1699 563 1791 589 diaco-

1003 617 1068 636 num
1081 616 1113 636 ex
1126 609 1243 643 digamis
1256 609 1377 636 ordinari
1390 609 1537 636 neminem.
1549 608 1618 635 Tum
1632 616 1718 643 neque
1729 608 1790 639 bos,

1003 662 1092 689 neque
1107 654 1308 681 subdiaconum
1338 654 1417 681 aliter
1444 655 1610 685 consecrari,
1641 661 1723 688 quam
1750 653 1792 680 vel

1002 700 1103 734 priore,
1128 707 1215 734 caqtte
1239 700 1331 730 unica,
1353 700 1469 735 conjuge
1483 704 1601 733 mortua,
1615 699 1657 727 vel
1673 700 1706 726 ab
1717 700 1791 734 ejus-

1002 746 1064 773 dem
1080 746 1194 772 viventis
1215 746 1354 773 consortio
1375 753 1407 772 ac
1422 746 1620 773 consuetudine
1635 746 1790 777 distractos,

1004 791 1055 818 nisi
1071 792 1188 826 virgines
1207 792 1321 819 omnino
1343 792 1416 818 sint:
1433 792 1583 826 praesertim
1601 792 1648 819 ubi
1661 791 1792 819 ecclesia-

1003 837 1063 864 stici
1075 845 1196 864 canones
1210 844 1338 864 accurate
1356 842 1515 870 servantur;
1529 845 1591 864 nam
1604 837 1677 871 quod
1688 837 1715 864 in
1730 837 1791 871 qui—

1003 883 1118 910 busdam
1139 883 1207 910 locis
1236 883 1397 918 presbyteri,
1416 883 1523 910 diaconi
1540 889 1566 910 et
1583 883 1744 910 subdiaconi
1764 883 1792 908 li-

1003 929 1084 956 beros
1105 928 1194 956 adhuc
1215 928 1384 963 suscipiant,
1410 928 1436 955 id
1461 929 1593 956 abusione
1617 928 1734 963 quadam
1759 935 1791 954 ae

1002 975 1152 1009 disciplima
1178 975 1332 1009 corruptela
1356 974 1430 1008 lieri;
1455 979 1502 1001 aut
1525 982 1589 1001 vero
1617 973 1789 1005 necessitate,

1004 1021 1049 1048 ubi
1068 1029 1116 1056 pro
1135 1021 1237 1055 ingenti
1256 1021 1420 1056 populorum
1445 1020 1628 1053 multitudine,
1651 1020 1792 1046 ministro-

1004 1076 1064 1095 rum
1081 1069 1157 1102 copia
1175 1075 1228 1095 non
1246 1067 1383 1103 suppetis;
1402 1075 1464 1094 nam
1483 1067 1584 1099 alioqui
1601 1066 1730 1093 Ecclesia:
1747 1066 1791 1093 de-

1003 1118 1077 1141 creto
1104 1114 1268 1141 clericorum
1288 1114 1430 1141 ordinibus
1453 1113 1514 1140 istis
1537 1113 1704 1140 continentia
1723 1119 1792 1147 pra:-

1003 1161 1134 1188 scribitur
1150 1168 1223 1195 :qua
1246 1160 1389 1195 Epiphanii
1410 1160 1573 1187 auctoritate
1593 1159 1664 1186 nulla
1682 1163 1730 1186 aut
1745 1166 1791 1185 ex-

1002 1206 1133 1240 pressior,
1159 1211 1207 1233 aut
1232 1206 1352 1233 sanctior
1368 1205 1462 1232 haberi
1477 1209 1576 1240 potest.
1602 1203 1672 1231 Huic
1687 1211 1734 1238 par
1750 1208 1791 1230 est

1003 1259 1035 1278 ac
1049 1251 1188 1286 geminum
1205 1250 1363 1287 Hieronymi
1379 1251 1565 1278 testimonium
1579 1250 1644 1277 illud
1658 1249 1791 1276 adversus

1003 1296 1191 1332 Vigilantium,
1209 1297 1267 1331 qui,
1286 1301 1315 1324 ut
1332 1297 1384 1324 hoc
1400 1301 1521 1331 tempore
1543 1300 1679 1323 nostrates
1704 1295 1790 1322 haere—

1004 1343 1060 1375 tici,
1087 1343 1250 1370 clericorum
1279 1342 1470 1370 castimoniam
1502 1342 1684 1376 oppugnabat.
1720 1340 1790 1373 Quid

1004 1389 1113 1422 facient,
1134 1388 1232 1423 inquit,
1251 1387 1368 1414 Orientis
1385 1386 1532 1413 Ecclesiw?
1556 1386 1626 1418 Quid
1641 1386 1752 1421 Egypti
1767 1390 1791 1412 et

1002 1434 1071 1460 sedis
1087 1433 1249 1467 apostolicae,
1266 1440 1324 1467 qua!
1343 1438 1388 1459 aut
1401 1432 1514 1466 virgines
1525 1432 1632 1458 clericos
1646 1431 1790 1465 accipiunt,

1003 1485 1050 1507 aut
1065 1481 1235 1511 continentes,
1249 1485 1285 1511 et,
1306 1479 1329 1505 si
1352 1486 1446 1505 uxores
1470 1478 1620 1510 habuerint,
1635 1479 1726 1504 mariti
1737 1485 1791 1505 esse

1002 1527 1160 1554 desierunt?
1176 1527 1265 1562 Atque
1275 1527 1336 1558 ,ilOC
1351 1525 1460 1561 quidem
1478 1525 1520 1551 vel
1534 1524 1702 1552 recentiores
1715 1523 1790 1550 Gre:-

1004 1576 1058 1602 culi
1076 1574 1206 1606 fatentur,
1231 1578 1293 1609 post
1317 1578 1460 1608 susceptos
1484 1578 1577 1599 sacros
1602 1571 1662 1598 illos
1682 1570 1791 1598 ordines

1004 1628 1118 1648 uxorem
1133 1619 1234 1646 nemini
1249 1619 1349 1646 ducere
1364 1618 1484 1645 licuisse.
1494 1616 1572 1650 Quod
1582 1617 1615 1644 ad
1627 1624 1689 1643 can.
1701 1621 1790 1651 apost.

1001 1667 1047 1699 26,
1065 1666 1191 1693 Balsamo
1211 1669 1238 1692 et
1253 1664 1374 1692 Zonaras
1390 1667 1555 1700 agnoscunt.
1573 1662 1694 1690 Canonis
1710 1661 1791 1688 verba

1004 1717 1068 1741 sunt
1083 1723 1089 1740 :
1108 1711 1169 1739 Τῶν
1185 1713 1225 1743 εἰς
1242 1711 1343 1747 κλῆρον
1359 1710 1544 1746 προελθόντων
1557 1709 1672 1744 ἀγάμων
1684 1707 1792 1734 κελεύοη

1005 1767 1054 1793 μεν
1082 1758 1260 1793 βουλομένους
1282 1758 1381 1792 γαμεῖν
1405 1755 1591 1790 ἀναγνώστας,
1618 1755 1664 1781 καὶ
1687 1753 1791 1788 ψάλτας

1004 1805 1111 1839 μόνους.
1137 1804 1178 1831 Ad
1203 1811 1265 1838 quae.
1279 1802 1406 1830 Balsamo
1422 1801 1494 1829 istud
1506 1802 1634 1829 observat
1647 1810 1654 1827 :
1670 1805 1732 1827 ante
1746 1807 1790 1827 or-

1002 1851 1169 1878 dinationem
1185 1850 1369 1885 presbyteros,
1387 1849 1518 1875 diaconos
1534 1851 1561 1875 et
1587 1846 1791 1882 bypodiaconos

1003 1897 1130 1931 copulare
1144 1896 1263 1930 nuptias,
1280 1900 1363 1930 atque
1379 1895 1415 1921 ita
1431 1893 1553 1921 ordinari
1569 1893 1690 1928 potuisse
1707 1901 1713 1919 :
1731 1895 1792 1925 post

1003 1942 1214 1974 ordinationem,
1241 1941 1308 1968 solis
1336 1941 1386 1968 hoc
1409 1939 1556 1967 lectoribus
1582 1943 1610 1966 et
1632 1937 1791 1965 cantoribus

1003 1989 1151 2016 indultmn.
1167 1988 1247 2015 Addit
1266 1987 1399 2021 Zonaras,
1415 1992 1478 2014 ante
1495 1985 1693 2014 ordinationem
1712 1983 1792 2011 inter-

1004 2033 1092 2068 rogari
1116 2033 1300 2067 presbyteros,
1317 2032 1449 2058 diaconos
1476 2035 1503 2058 ct
1523 2029 1737 2065 bypodiaconos,
1756 2035 1790 2053 an

1003 2079 1173 2106 continenter
1197 2081 1224 2104 et
1247 2081 1321 2104 caste
1338 2077 1438 2104 vellent
1453 2076 1554 2103 virere.
1572 2075 1649 2109 Quod
1669 2075 1690 2101 si
1709 2081 1791 2108 nega-

1002 2124 1101 2155 verint,
1118 2123 1239 2158 permitti
1257 2127 1285 2149 ut
1300 2128 1363 2150 ante
1378 2122 1611 2150 consecrationem
1630 2127 1729 2147 mores
1745 2119 1792 2146 du-

1002 2175 1075 2197 cant.
1094 2168 1166 2196 Sanc
1190 2169 1216 2195 in
1233 2169 1390 2204 Ancyrano,
1417 2176 1478 2195 ean.
1506 2166 1589 2199 lO,de
1612 2165 1735 2193 diaconis
1756 2165 1791 2191 ita

1003 2216 1139 2244 sancitum
1157 2215 1267 2250 legitur,
1283 2219 1313 2242 ut
1328 2214 1376 2249 qui
1390 2214 1450 2249 ipso
1461 2212 1643 2240 ordinationis
1657 2219 1714 2239 suae
1728 2217 1792 2238 tem-

160 2252 244 2285 Quid,
259 2252 382 2286 inquam,
401 2251 426 2278 in
444 2251 490 2277 illo
512 2250 635 2278 criminis
661 2250 839 2285 udulteriique
854 2258 952 2285 genere
968 2264 989 2290 ι)
1005 2269 1071 2296 pore
1092 2261 1237 2288 comesum
1263 2260 1326 2292 sim,
1351 2267 1380 2287 se
1399 2259 1501 2294 nuptiis
1516 2266 1610 2286 carere
1626 2265 1680 2284 non
1699 2264 1790 2292 posse,

160 2299 250 2326 inesse
274 2302 361 2332 potest
381 2297 513 2332 mysterii,
536 2301 637 2324 utcum
667 2297 711 2328 iis,
729 2297 776 2331 qui
801 2297 949 2330 negantiam

161 2343 280 2378 peccatis
292 2344 420 2371 omnibus
433 2343 614 2370 atrocioribus
628 2343 815 2377 pmnitentiarn
829 2350 952 2369 commu-

162 2391 325 2424 nionemque
340 2395 513 2422 censuerant,
536 2389 636 2416 Nic-mni
661 2388 756 2416 Patres
774 2389 807 2416 de
828 2397 882 2416 uno
906 2389 952 2415 illo

161 2435 345 2470 stipulentur?
360 2435 427 2462 Nam
443 2435 514 2470 quod
531 2443 614 2462 unutn
633 2434 730 2461 afferre
745 2438 843 2469 potest,
860 2434 951 2461 surculi

160 2483 268 2518 legibus
281 2482 403 2510 adulterii
421 2489 506 2516 genus
522 2481 586 2508 illud
607 2481 691 2508 fuisse
705 2487 877 2513 concessum,
892 2480 952 2506 ideo

160 2533 331 2557 momentum
359 2527 439 2554 habet
464 2527 579 2560 nullum,
607 2527 756 2561 quoniam,
782 2531 812 2552 ut
839 2525 952 2560 ipsemet

160 2575 269 2608 asserit,
284 2581 424 2609 nunquam
436 2573 463 2601 id
482 2573 611 2601 Ecclesia:
628 2572 784 2608 persuaderi
809 2571 909 2606 potuit,
923 2576 953 2598 ut

160 2622 271 2649 divortii
288 2628 386 2649 causas
400 2620 460 2647 illas
478 2621 651 2655 approbaret,
667 2624 715 2647 aut
733 2619 811 2646 aliter
825 2618 858 2645 de
874 2617 951 2652 diga-

161 2669 214 2696 mis
229 2667 289 2696 istis
303 2675 386 2702 quam
401 2667 434 2694 de
449 2666 579 2694 adulteris
593 2671 732 2693 statueret.
749 2664 839 2698 Quare
855 2663 949 2691 eadem

161 2715 271 2747 horum,
291 2722 352 2749 qua:
380 2718 407 2741 et
435 2713 619 2741 adulterorum
642 2717 813 2743 cancrorum,
835 2710 951 2744 etquod

161 2760 194 2787 ad
211 2759 426 2787 Novatianorum
441 2759 579 2794 negotium
595 2761 707 2792 spectat,
727 2764 810 2791 quam
827 2761 951 2790 peccato-

162 2814 222 2833 rum
239 2806 360 2833 omnium
376 2805 446 2833 ratio
463 2805 556 2832 haberi
571 2813 585 2831 :t
599 2803 725 2830 Pultibus
739 2803 841 2830 debuit.
858 2802 951 2836 itaque

161 2852 275 2879 dubium
292 2853 396 2880 nullum
413 2857 464 2884 est,
484 2853 550 2887 quin
573 2851 703 2877 adversus
720 2850 889 2884 digamorum
904 2856 951 2883 ge-

165 2905 216 2924 nus
232 2898 341 2924 tertium
357 2906 374 2925 a
388 2898 523 2925 veteribus
542 2895 664 2924 conciliis
688 2895 840 2923 severitatis
863 2894 949 2922 aculei

1005 2307 1121 2342 ideoque
1135 2311 1196 2341 post
1208 2306 1407 2334 ordinationem
1423 2312 1524 2332 uxores
1533 2304 1672 2335 duxerint,
1687 2304 1721 2330 de
1737 2308 1793 2330 sta-

1003 2357 1031 2378 tu
1048 2359 1099 2378 suo
1117 2359 1170 2378 non
1185 2351 1387 2382 dimoveantur,
1408 2350 1481 2384 quod
1497 2350 1533 2376 ab
1549 2350 1676 2384 episcopo
1693 2349 1720 2376 id
1740 2349 1792 2376 illis

1003 2403 1164 2424 concessum
1179 2395 1281 2422 fuerit:
1296 2394 1382 2421 Τοῦτο
1401 2395 1440 2427 δὲ,
1462 2394 1489 2420 εἴ
1505 2403 1577 2426 τινες
1592 2394 1791 2429 σιωπήσαντες,

1003 2443 1051 2469 καὶ
1067 2441 1279 2475 καταδεξάμενοι
1300 2441 1329 2467 ὲν
1349 2441 1383 2476 τῇ
1408 2439 1560 2475 χειροτονίᾳ
1581 2439 1671 2475 μένειν
1692 2438 1793 2470 οὕτως,

1005 2489 1073 2524 μετὰ
1087 2488 1173 2516 ταῦτα
1184 2486 1265 2523 ἦλθον
1281 2488 1327 2513 ἐπὶ
1341 2487 1439 2522 γάμον,
1461 2486 1616 2513 πεπαῦσθαι
1631 2486 1729 2517 αὐτοὺς
1743 2486 1792 2520 τῆς

1002 2534 1149 2565 διακονίας.
1169 2533 1228 2560 Hoc
1245 2541 1315 2564 vero,
1339 2532 1438 2567 inquit,
1456 2533 1479 2559 si
1501 2533 1545 2567 qui
1564 2533 1632 2567 forte
1649 2534 1791 2563 tacuerint,

1001 2585 1026 2608 et
1039 2582 1066 2607 in
1078 2580 1243 2607 ordinatione
1258 2587 1410 2614 permanere
1426 2581 1453 2606 in
1469 2580 1525 2614 ipso
1538 2579 1723 2614 (continentia:
1738 2581 1793 2606 sci-

1003 2626 1075 2661 licet)
1091 2631 1162 2653 statu
1175 2625 1363 2658 consenserint,
1379 2633 1437 2652 cum
1451 2625 1544 2651 deinde
1555 2626 1662 2659 nuptias
1675 2625 1790 2657 inierint,

1003 2682 1018 2700 ιι
1034 2673 1178 2699 diaconum
1191 2671 1363 2705 repellantur.
1379 2671 1439 2704 Quo
1452 2679 1485 2698 ex
1502 2678 1607 2698 canone
1622 2670 1688 2698 illud
1704 2671 1792 2698 evinci

1002 2723 1102 2754 potest,
1121 2718 1281 2746 clericorum
1308 2718 1455 2752 majorum,
1484 2717 1516 2744 ad
1540 2717 1672 2744 diaconos
1695 2717 1791 2744 saltem

1001 2773 1098 2801 usque,
1111 2765 1344 2792 consecrationem
1361 2764 1534 2799 implicitum,
1550 2770 1580 2791 ut
1597 2764 1684 2795 aiunt,
1699 2768 1790 2790 votum

999 2813 1055 2847 jam
1071 2818 1126 2838 tum
1145 2811 1273 2838 habuisse
1287 2811 1476 2843 continentiae,
1491 2818 1554 2837 nam
1567 2817 1630 2837 cum
1650 2817 1711 2836 eam
1727 2815 1792 2836 con-

1002 2859 1132 2886 ditionem
1151 2857 1273 2892 apponit,
1294 2856 1321 2883 εἴ
1339 2866 1411 2888 τινες
1431 2856 1629 2892 σιωπήσαντες,
1644 2856 1690 2881 καὶ
1706 2862 1791 2881 κατα-

1003 2904 1140 2940 δεξάμενοε
1157 2904 1185 2930 ὲν
1201 2904 1235 2938 τῇ
1247 2903 1399 2939 χειροτονίᾳ
1415 2903 1505 2938 μένειν
1518 2901 1614 2934 οὕτως,
1634 2900 1791 2936 proculdu-
