1925 3043
143 183 211 210 ιθπ

532 179 576 207 DE
595 178 784 207 VETERIBUS
805 177 1004 212 QUIBUSDAM
1025 177 1203 206 Εραιεδιλιέ
1223 177 1369 206 RlTlllllS.

1703 182 1770 208 ιςεέε

141 241 187 268 hio
202 239 347 274 signilicat,
360 245 421 265 cum
434 237 605 265 ordinatione
618 237 674 272 ipsa
687 237 852 272 implicatam
869 243 929 263 esse
945 236 967 265 Α
981 244 1068 270 conos,
1097 237 1281 270 subdiaconos,
1309 239 1346 264 vel
1370 237 1499 272 deinceps.
1527 238 1621 273 quibus
1657 240 1771 269 ducendi

141 287 252 314 tacitam
278 284 447 314 castimonia:
471 285 568 320 legem,
593 292 653 319 qua:
674 284 783 311 nonnisi
800 286 930 318 concepta

142 333 304 360 nominatim
317 331 516 360 contestatione
524 331 640 358 devitari
653 334 753 364 posset.
768 329 931 364 Cujnsmodi

139 384 169 406 et
182 379 209 405 in
226 378 384 413 episcopatu
399 377 574 412 suscipiendo
593 377 677 404 fuisse
691 384 724 403 ex
741 375 849 411 Synesii
864 382 932 402 cau-

142 424 247 451 satione
260 423 355 458 liquet,
367 423 415 458 qui
429 424 508 458 epist.
520 423 646 454 105.com
662 431 677 450 ιι
689 421 931 450 Ptolemzecnsibus

142 470 170 497 iit
187 470 344 505 episcopum
362 474 528 504 posceretur,
545 469 693 504 praedicere
719 477 750 496 sc
776 476 808 496 ac
837 468 932 496 testari

143 514 216 541 istud
233 518 382 547 asseverat,
404 513 474 541 nolle
499 521 514 541 a
533 513 649 549 cornjugc
672 513 803 548 separari.
825 513 877 540 Sed
899 512 933 540 de

142 559 279 594 episcopis
295 559 407 587 ridicule
422 567 438 587 a
451 559 553 587 Graecis
566 560 705 587 hodiernis
717 560 861 595 excipitur,
875 560 933 595 qni-

144 606 196 633 bus
211 606 276 632 solis
295 606 398 640 nuptiis
424 605 597 633 interdicunt.
621 605 675 633 Nec
698 606 789 634 minus
807 607 897 641 inepte
913 614 933 633 ιι

144 652 254 679 concilii
274 651 403 686 Carthag.
427 659 515 679 canon
546 652 590 679 ille
612 652 630 679 5
651 653 808 687 accipitur:
826 652 933 680 Placuit

143 699 288 732 episcopos,
299 703 323 725 et
337 699 511 733 presbyteros,
520 703 545 726 et
564 699 700 732 diaconos,
717 708 751 726 se.
762 700 860 726 undam
872 708 934 734 pro-

143 745 205 779 pria
228 745 274 778 (al.
290 745 394 780 priora)
418 749 519 772 statuta
538 746 618 772 etiam
642 745 674 772 ab
699 746 824 773 uxoribus
849 747 934 773 conti-

144 798 216 822 nere,
239 794 290 818 etc.
319 789 347 817 l-n
373 798 429 825 quo
447 797 550 818 canone
572 792 735 827 jampridem
760 793 859 819 eruditi
883 792 933 819 viri

142 835 300 864 Graecorum
315 841 396 871 atque
412 837 601 865 haereticorum
614 837 749 866 inscitiam
764 838 932 866 refutarunt:

143 885 171 907 et
183 880 353 909 Balsatnonis
371 882 396 909 in
413 882 518 917 primis,
535 883 580 918 qui
596 883 629 910 ad
647 891 709 911 can.
724 885 741 911 4
753 885 848 920 synodi
865 885 932 912 Car-

143 926 207 960 thag
220 947 229 960 ,
244 935 304 961 (iure
322 927 440 954 secunda
466 928 546 963 vulgo
574 934 710 960 censetur,
740 938 826 965 nugas
844 939 933 959 meras

143 972 253 999 eﬂ'utiit.
272 973 354 1008 Atqui
369 981 504 1001 canonum
518 982 549 1002 ιιι
570 979 597 1002 et
611 983 636 1002 tv
653 976 780 1011 Carthag.
800 976 873 1004 illius
886 984 932 1012 sy-

144 1018 224 1049 nodi,
248 1018 294 1052 qui
320 1019 355 1046 ab
376 1019 522 1055 episcopis,
551 1020 718 1056 presbyteris
758 1026 785 1048 et
808 1022 932 1050 diaconis

143 1064 342 1093 continentiam
359 1067 480 1100 exigunt,
498 1072 552 1094 tam
568 1068 671 1103 liquida
683 1076 869 1103 expressaque
883 1077 934 1097 au-

143 1110 258 1138 etoritas
271 1115 322 1144 est,
338 1116 366 1138 ut
382 1112 595 1141 ludiﬁcationem
609 1121 641 1142 ac
656 1114 748 1142 fucum
765 1123 874 1145 omnem
890 1124 934 1144 rc-

142 1161 237 1190 spnat.
250 1155 353 1189 Placet,
368 1158 456 1193 inquit
466 1159 593 1195 Carthag.
610 1168 628 1186 ιι
640 1168 739 1188 canon.
752 1160 779 1193 2,
794 1167 824 1188 ut
837 1162 934 1196 episco-

143 1203 181 1235 pi,
199 1202 344 1238 presbyteri
360 1209 385 1231 et
402 1205 519 1239 diaconi,
544 1206 582 1233 uel
596 1207 641 1240 qui
654 1212 820 1234 sacramenta
833 1211 933 1235 contre-

143 1252 228 1279 ctant,
243 1248 378 1282 pudicitia:
393 1251 522 1283 custodes,
537 1252 616 1278 etiam
628 1253 660 1279 ab
672 1253 799 1279 uxoribus
810 1262 837 1280 se
848 1254 932 1280 alisti-

143 1297 233 1320 neant.
246 1294 283 1320 Ait
301 1295 421 1323 omnibus
433 1296 534 1324 dictant
548 1303 585 1325 est
595 1306 604 1324 .'
619 1298 708 1325 Placet
723 1305 748 1325 ut
767 1300 794 1326 in
812 1300 932 1327 omnibus

142 1344 168 1365 et
187 1339 219 1366 ab
234 1341 354 1368 omnibus
369 1343 498 1375 pudicitia
513 1345 688 1378 custodiatur,
703 1346 747 1380 qui
756 1346 837 1372 altari
845 1346 933 1373 deser-

143 1385 228 1412 ciunt.
240 1386 345 1414 Accidit
356 1392 381 1415 et
391 1388 518 1416 Chalced.
531 1398 629 1418 canon.
644 1392 677 1418 14
689 1401 694 1418 ;
710 1392 818 1427 Ἐπειδὴ
827 1392 855 1418 ἕν
864 1402 934 1419 τιπιν

141 1431 290 1466 ἐπαρχίαις
308 1434 517 1470 συγκεχώρηται
529 1438 585 1468 τοῖς
602 1438 790 1472 ἀναγνώσταις
804 1439 851 1465 xui.
866 1439 934 1473 ψάλ-

143 1484 206 1508 τιις
220 1479 328 1513 γαμεῖν,
345 1478 444 1514 ὥρισεν
463 1481 479 1514 ἡ
496 1481 562 1515 ἁγία
581 1481 698 1516 σύνοδος,
716 1483 753 1518 μὴ
769 1482 867 1515 ἐξεῖναί
881 1492 934 1510 τινι

144 1523 235 1550 αὐτῶν
250 1525 402 1559 cumam
413 1527 529 1560 γυναῖκα
544 1527 703 1563 λαμϐάνειν.
715 1528 781 1556 Cum
793 1530 821 1555 in
831 1529 934 1564 quibus-

143 1569 208 1596 dam
222 1571 362 1604 provinciis
376 1580 527 1599 concessum
544 1574 576 1600 sit
591 1573 732 1601 lectoribus
745 1579 768 1602 et
781 1576 932 1603 cantoribus

144 1624 240 1643 uxores
256 1617 361 1645 ducere.
375 1617 433 1646 Non
449 1619 531 1654 igitur
546 1620 652 1647 caeteris
669 1621 767 1648 licebat
779 1612 932 1654 ordinibus,

983 290 1078 309 latores
1092 283 1200 310 licentia
1220 292 1270 310 non
1285 289 1334 316 est,
1358 284 1436 311 ctiam
1453 285 1601 312 alienarum
1617 287 1771 320 nuptiarum
1798 309 1799 312 η

982 329 1078 357 evitent
1093 330 1236 357 consortia.
1251 330 1289 358 De
1303 331 1388 358 tribus
1400 331 1542 360 Ordinibus
1555 333 1659 360 accedit
1673 337 1699 360 et
1711 342 1772 360 con-

982 376 1028 403 cil.
1040 375 1162 403 Elibcrit.
1172 384 1235 404 ean.
1251 376 1300 410 55;
1317 382 1343 404 et
1355 378 1482 413 Carthag.
1500 387 1605 411 tt,.can.
1616 379 1643 410 2,
1657 385 1770 414 aposlo‘

983 421 1061 448 licam
1084 421 1154 449 hanc
1178 422 1376 450 institutionem
1396 431 1456 450 esse
1478 423 1613 459 signiﬁcat
1629 433 1636 451 :
1653 424 1685 451 Ut
1700 425 1770 460 quod

983 467 1096 501 apostoli
1111 469 1267 500 docuerunt,
1287 463 1387 503 inquit,
1407 474 1431 496 et
1452 469 1509 504 ipsa
1527 470 1640 496 servat-it
1655 471 1771 506 antiqui-

975 511 1036 542 tas,
1051 519 1098 538 nos
1112 519 1212 546 quoque
1231 513 1423 540 custodiamus.
1446 513 1508 542 llaec
1527 522 1578 542 nos
1600 523 1634 542 ex
1655 516 1769 544 infinitis

984 563 1081 590 pauca,
1094 565 1155 591 qua:
1168 557 1194 584 in
1209 558 1372 586 adversariis
1387 559 1541 592 exstabant,
1558 560 1591 588 de
1607 561 1768 589 clericorum

984 602 1108 631 caelibatu
1123 603 1278 638 selegimus.
1296 604 1400 632 Caetera
1415 606 1442 632 in
1460 605 1613 634 Annalibus
1625 607 1722 634 ecclcs.
1736 607 1770 634 ad

984 656 1085 676 annum
1103 649 1137 676 58
1153 655 1209 677 tum
1225 651 1259 677 ab
1276 651 1347 683 aliis,
1365 652 1411 686 qui
1428 651 1560 679 adversus
1575 652 1692 680 haereses
1707 653 1772 680 scri‘

984 701 1106 729 psernnt,
1119 697 1152 722 ad
1173 696 1244 723 idetn
1259 702 1451 732 argumentum
1466 698 1604 733 disputata
1621 700 1759 734 reperies;

1019 742 1077 770 Col.
1085 742 1137 770 884
1146 742 1174 771 Β.
1186 744 1405 778 Δευτερὸγαμον
1410 744 1444 771 δὲ
1450 746 1504 772 οὐχ
1511 745 1611 775 ἔξεστι
1619 746 1769 780 δέχεσθαι.

984 787 1123 824 Digatnttm
1129 795 1182 815 non
1190 788 1277 816 solum
1286 788 1318 816 ab
1325 788 1471 825 episcopali
1482 790 1653 822 munere,scd
1666 793 1746 820 etiam
1755 801 1771 820 ει

985 834 1071 861 sacris
1083 835 1210 864 omnibus
1227 838 1610 869 ordinibusexelusumfuisse
1627 843 1770 872 perpetuo.

985 879 1031 914 qui
1059 880 1172 914 probare
1191 881 1264 913 velit,
1283 882 1306 908 is
1321 883 1378 909 otio
1400 887 1427 909 et
1444 883 1538 910 charta
1558 883 1770 918 intemperante:

967 931 970 945 ε
985 926 1123 953 abutatur.
1135 926 1173 955 Dc
1187 927 1322 962 episcopis
1337 928 1413 956 locus
1424 933 1465 956 est
1478 930 1599 963 Apostoli
1615 929 1708 957 l.Tim.
1722 938 1770 958 ut:

987 971 1095 1006 Oportet
1115 973 1265 1007 episcopum
1288 980 1343 1000 esse
1366 974 1444 1000 tutius
1466 975 1557 1001 ua'oris
1577 975 1681 1007 virum;
1699 976 1772 1010 qttod

986 1018 1056 1044 idem
1076 1024 1102 1045 et
1116 1019 1150 1046 ad
1164 1019 1254 1046 Ὶὶιιιιιι
1269 1027 1328 1054 cap.
1345 1028 1364 1052 t,
1377 1021 1402 1053 7,
1419 1021 1524 1055 repetit.
1538 1020 1643 1053 Quibus
1660 1021 1687 1048 in
1705 1021 1772 1049 locis

986 1062 1066 1095 Beza,
1086 1067 1113 1090 et
1129 1064 1247 1091 him'ctiei
1263 1071 1367 1095 omnes.
1381 1065 1529 1100 prwsertim
1544 1065 1685 1093 Molinmus
1700 1067 1725 1093 in
1737 1067 1772 1101 ﬁ-

985 1110 1026 1136 lit‘i
1043 1109 1138 1140 Scuto,
1172 1118 1277 1138 necnon
1302 1115 1328 1137 et
1343 1111 1557 1145 jurisconsuhus
1575 1112 1618 1139 ille
1632 1120 1713 1147 supra
1729 1121 1774 1140 re-

985 1153 1087 1182 futatus
1106 1162 1120 1182 ξι
1139 1156 1233 1188 nobis,
1249 1156 1282 1183 dc
1299 1157 1417 1191 digamis
1439 1158 1492 1185 illis
1509 1158 1670 1193 Apeslolum
1688 1159 1773 1186 inter-

984 1204 1142 1234 pretantur,
1168 1201 1213 1236 qui
1240 1202 1306 1228 citra
1334 1203 1480 1237 legitimam
1504 1211 1631 1236 causam,
1653 1205 1706 1232 hoc
1731 1210 1774 1233 cst

985 1251 1079 1280 praeter
1095 1247 1218 1274 adulterii
1235 1249 1353 1282 culpam,
1368 1250 1508 1284 repudiata
1526 1251 1641 1286 conjuge
1657 1252 1771 1279 alteram

985 1293 1132 1321 duxissent.
1161 1293 1259 1322 Verum
1283 1296 1389 1323 tametsi
1415 1297 1466 1324 hoc
1488 1297 1575 1332 ipsum
1601 1298 1772 1333 digamornm

985 1347 1071 1372 genus
1085 1340 1180 1367 eodem
1197 1341 1318 1376 Apostoli
1333 1343 1443 1370 decreto
1455 1345 1707 1378 comprehenditur,
1725 1345 1773 1373 ab-

985 1386 1178 1413 surdissimum
1197 1392 1287 1415 tamen
1302 1393 1361 1420 est,
1377 1397 1431 1416 non
1449 1397 1498 1416 eos
1512 1397 1621 1425 quoque
1639 1390 1773 1418 cmrtincri

985 1431 1104 1464 credere,
1121 1432 1186 1466 qui,
1203 1441 1288 1460 uxore
1304 1438 1423 1466 mortua,
1441 1434 1521 1462 aliam
1537 1435 1600 1468 sibi,
1617 1441 1643 1462 et
1662 1436 1774 1470 quidem

985 1476 1150 1511 legitimam,
1166 1478 1309 1513 conjugem
1331 1479 1488 1507 asciverint.
1511 1479 1548 1507 De
1568 1488 1623 1515 quo
1651 1480 1774 1507 luculen-

987 1522 1122 1550 tissimttm
1136 1523 1188 1551 hoc
1199 1523 1226 1550 in
1240 1524 1300 1551 loco
1314 1525 1498 1552 testimonium
1512 1526 1595 1553 hach
1609 1525 1751 1560 Epiphanii
1764 1534 1772 1554 :

985 1577 1091 1597 necnon
1109 1574 1136 1597 et
1166 1570 1193 1597 in
1205 1570 1386 1598 Catharorum
1404 1572 1498 1599 Ineres.
1517 1572 1561 1605 59,
1579 1580 1656 1599 num.
1677 1572 1704 1605 4,
1726 1573 1772 1599 ubi

986 1616 1086 1643 diserte
1106 1621 1185 1651 negat
1206 1625 1299 1645 sacros
1321 1618 1354 1644 ad
1374 1618 1484 1645 ordines
1503 1618 1578 1645 illum
1599 1619 1701 1654 recipi,
1726 1619 1773 1655 qni

143 1662 264 1689 maxime
289 1663 484 1697 subdiaconis,
507 1672 539 1692 ac
560 1672 593 1692 ne
610 1665 755 1693 lectoribus
778 1667 886 1701 quidem
907 1672 931 1695 el

986 1662 1077 1696 priore
1093 1663 1208 1698 conjuge
1224 1669 1328 1690 tnortua
1348 1665 1461 1691 alteram
1474 1664 1592 1691 duxerit.
1611 1665 1687 1697 Quod
1703 1666 1772 1692 ade.)

143 1707 302 1735 cantoribus
320 1709 431 1744 ubique,
454 1710 501 1737 sed
523 1711 550 1737 in
567 1711 650 1738 certis
669 1711 801 1738 duntaxat
822 1713 934 1747 provin-

143 1751 205 1779 ciis.
229 1752 393 1788 Quanquam
413 1755 446 1782 de
468 1755 653 1788 snbdiaconis,
682 1764 736 1783 non
762 1765 795 1784 ex
821 1758 934 1786 canonis

145 1797 228 1826 ullius
249 1799 369 1832 decreto,
391 1806 419 1827 ut
435 1801 473 1827 ait
489 1800 668 1836 Epiphanius,
693 1803 741 1829 sed
764 1811 795 1830 ex
813 1804 933 1838 qttadatn

144 1843 312 1879 indulgentia
327 1850 354 1872 et
373 1847 523 1882 οἰκονομίᾳ,
545 1849 689 1875 remissum
702 1849 850 1884 aliquando
863 1850 934 1878 vidc-

144 1895 205 1923 tur;
219 1899 280 1918 nam
296 1897 321 1920 et
336 1893 591 1928 Carthaginensium
606 1896 785 1923 conciliorutn
801 1904 932 1929 canones,

143 1937 244 1971 quibus
270 1938 372 1966 diserte
397 1940 566 1968 continentia
595 1942 770 1978 praccipitur“
787 1943 933 1979 episcopos

143 1982 277 2010 duntaxat
295 1988 321 2011 et
340 1985 511 2020 presbyteros
524 1994 557 2014 ac
569 1987 698 2016 diaconos
710 1989 844 2024 complexi
857 1994 930 2017 sum.

142 2027 378 2062 Quemadmodum
394 2036 420 2059 et
434 2033 593 2061 Arelatense
615 2042 642 2067 ιι,
650 2043 710 2061 can.
728 2036 745 2062 5
761 2045 768 2062 :
783 2035 812 2063 Si
826 2038 884 2071 quis
901 2037 932 2064 de

140 2075 247 2101 clericis
263 2084 279 2101 a
295 2078 381 2111 gradu
392 2078 552 2104 diaconatus
571 2079 598 2104 in
615 2079 712 2106 solatio
729 2089 777 2107 suo
795 2081 932 2108 mulierem

142 2127 239 2154 prwter
253 2123 350 2155 aviam,
369 2128 490 2155 matrem,
509 2132 635 2158 sororem,
658 2125 742 2159 ﬁliam
763 2132 875 2161 neptem,
894 2128 932 2154 t'cl

142 2176 294 2196 conversam
322 2178 409 2197 secum
436 2179 544 2198 uxorem
569 2172 662 2199 [tubere
683 2175 892 2207 prwsumpserit,
915 2183 931 2201 ιι

142 2216 326 2242 communione
341 2216 444 2243 alienus
462 2217 606 2249 habeatur;
619 2226 680 2245 itaut
695 2227 857 2246 conversam
878 2229 929 2255 ap-

986 1717 1079 1736 verum
1094 1713 1145 1742 est,
1161 1714 1190 1736 ut
1202 1717 1235 1736 ne
1250 1709 1297 1736 Ari
1308 1710 1344 1736 .ni
1363 1711 1473 1744 quidem
1489 1715 1585 1738 contra
1599 1719 1772 1739 communem

987 1755 1057 1781 illam
1097 1759 1288 1790 receptamquc
1330 1756 1554 1783 consuetudinem
1587 1756 1680 1784 \‘cnirc
1712 1757 1772 1783 ausi

986 1801 1096 1828 iuerint.
1113 1800 1180 1828 Nam
1204 1802 1231 1828 itt
1250 1801 1437 1828 Ebionitarum
1460 1801 1558 1830 haeresi
1580 1801 1626 1835 30,
1651 1811 1727 1829 unm.
1744 1803 1772 1835 5,

985 1845 1120 1880 Josephus
1133 1853 1236 1878 cernes,
1255 1854 1317 1873 cum
1331 1847 1436 1879 Ariani,
1455 1852 1484 1875 ut
1497 1847 1530 1874 ad
1549 1851 1640 1882 partes
1655 1855 1721 1875 snas
1740 1847 1773 1875 il-

986 1891 1041 1918 lum
1071 1893 1226 1925 traherent,
1248 1892 1435 1927 episcopatum
1454 1894 1479 1920 ei
1502 1894 1712 1928 pollicerentw,
1739 1902 1772 1920 tte

985 1937 1085 1965 invitus
1102 1938 1136 1965 ab
1153 1938 1206 1966 illis
1221 1938 1404 1972 ordinaretur,
1428 1940 1518 1974 priore
1537 1939 1651 1975 conjuge
1676 1940 1772 1967 diiun-

985 1988 1044 2015 cta,
1060 1984 1193 2012 secundas
1211 1985 1320 2019 nuptias
1345 1985 1416 2012 iniit.
1442 1985 1590 2018 Quaesitum
1605 1985 1684 2013 .olitn
1711 1985 1771 2019 fuit,

985 2035 1076 2055 tttrnm
1099 2031 1145 2064 qui
1169 2033 1232 2057 ante
1255 2029 1420 2064 baptismum
1447 2030 1590 2065 conjugem
1619 2030 1771 2065 habuisset,

982 2075 1109 2109 digatnus
1125 2075 1259 2110 ejusmodi
1273 2081 1442 2108 censeretur,
1458 2076 1504 2111 qui
1521 2077 1555 2104 ab
1578 2076 1772 2104 ecclesiasticis

983 2121 1124 2148 ordinibus
1151 2127 1298 2148 arceretur.
1321 2122 1379 2155 Qua
1402 2122 1435 2149 de
1450 2130 1479 2149 re
1502 2131 1597 2157 partttn
1623 2124 1772 2158 probabilis

982 2166 1140 2202 Hieronymi
1160 2169 1293 2195 sententia
1311 2172 1400 2195 exstat
1422 2168 1449 2195 in
1467 2168 1552 2204 Epist.
1573 2169 1607 2195 nd
1623 2169 1769 2201 Occurritur,

982 2221 1043 2248 qua:
1058 2219 1100 2241 est
1118 2213 1162 2240 85.
1185 2213 1235 2240 Cui
1258 2214 1394 2242 contraria
1420 2220 1462 2242 est
1489 2215 1632 2250 Augustini
1659 2216 1706 2243 lib.
1734 2217 1771 2243 De

142 2261 234 2294 pellat,
245 2269 306 2296 quae
318 2267 414 2296 sponte
425 2270 454 2290 se
472 2270 486 2290 a
496 2263 546 2290 viri
559 2264 756 2291 consuetudine
770 2266 927 2300 segregarit,

984 2259 1049 2286 bona
1063 2261 1190 2295 coniugii,
1204 2268 1264 2295 cap.
1281 2262 1322 2293 18,
1337 2262 1508 2296 aliorumque
1522 2261 1633 2288 Patrum
1654 2262 1747 2296 opinio
1761 2271 1769 2289 :

142 2307 182 2334 uti
196 2315 301 2335 canone
319 2309 479 2342 praecedenti
498 2319 503 2336 :
523 2310 628 2336 Assumi
652 2310 767 2345 aliquant
789 2312 823 2337 ad
841 2320 930 2338 sacer-

141 2353 244 2380 dotium
260 2362 311 2380 non
333 2362 408 2389 posse
422 2356 452 2382 in
468 2355 572 2382 vinculo
592 2357 709 2392 conjugii
734 2359 928 2390 constitutum;

142 2400 195 2426 nisi
206 2400 336 2434 promissa
355 2402 434 2435 luerit
448 2403 592 2433 cmwcrsio,
617 2411 668 2428 non
686 2407 799 2437 oportet.
816 2405 849 2430 At
865 2412 931 2431 con-

141 2445 188 2472 cil.
207 2444 293 2472 Tolrt.
312 2453 329 2478 t,
344 2454 405 2474 can.
417 2447 590 2484 4,dccre\'it:
609 2447 642 2475 Ut
664 2448 840 2476 subdiaconus
860 2459 928 2477 uxo-

140 2499 195 2518 rem
211 2492 322 2519 alteram
344 2493 440 2520 ducens
461 2494 531 2520 inter
544 2495 668 2521 ostiarius
690 2495 728 2521 rei
754 2495 864 2522 lectores
881 2497 929 2522 lia-

141 2536 244 2564 beatur.
261 2537 339 2569 Quod
350 2538 373 2564 si
390 2538 496 2564 tertiam
512 2539 628 2572 duxerit,
645 2540 714 2574 quod
728 2548 773 2567 ncc
789 2540 929 2567 dicendum

140 2587 189 2615 est,
210 2582 347 2610 obstemus
362 2585 465 2612 biennio
481 2590 574 2620 postea
592 2586 660 2612 inter
675 2585 758 2612 laicos
776 2587 929 2614 reconcilia-

142 2633 186 2655 tus
202 2634 259 2663 post
274 2631 455 2664 paenitentiam
474 2632 657 2658 communicet.
685 2631 724 2659 Ad
741 2633 798 2660 lucc
813 2632 929 2662 Siricius

141 2681 210 2708 papa
229 2675 255 2702 in
268 2675 392 2709 cpistola,
408 2684 469 2711 quae
485 2677 512 2703 in
533 2676 639 2706 Telensi
655 2678 773 2705 concilio
789 2679 857 2706 lecta
874 2684 927 2712 est,

140 2727 205 2747 can.
222 2721 257 2754 9;
280 2720 454 2749 Innocentius
476 2723 556 2758 epist.
591 2723 618 2756 2,
642 2731 701 2758 cap.
724 2724 751 2757 9,
764 2729 790 2751 ct
803 2725 882 2760 epist.
899 2725 926 2757 5,

143 2776 204 2802 (ap.
218 2768 243 2802 i,
257 2769 429 2804 presbyteros
449 2770 581 2797 duntaxat
595 2775 621 2798 et
634 2771 763 2798 diaconos
777 2773 851 2799 coire
865 2780 926 2799 etnn

142 2815 275 2843 uxoribus
289 2817 431 2851 prohibent
442 2825 572 2851 :qnot'um
586 2817 694 2845 decreta
706 2819 928 2854 conlirmatAga-

140 2861 237 2889 thensc
255 2869 332 2889 conc.
355 2871 415 2890 ean.
441 2863 568 2898 9.~Qnod
587 2865 675 2898 ipsum
701 2871 791 2892 tamen
814 2873 874 2892 ean.
893 2866 927 2892 39

143 2906 326 2936 bubdiaronos
340 2908 420 2936 ctiam
445 2909 649 2944 cuiiiprehcndit
663 2921 669 2938 ;
689 2911 849 2945 l’rcaliytcri,
865 2911 924 2938 dia-

983 2306 1028 2332 cui
1047 2306 1231 2334 ecclesiastica
1253 2308 1362 2335 traditio
1388 2315 1418 2334 ac
1453 2310 1621 2335 consuetudo
1641 2308 1771 2344 suifraga-

984 2358 1037 2379 tur.
1053 2354 1110 2386 Qua
1124 2354 1156 2380 de
1170 2361 1198 2381 re
1216 2353 1348 2381 Valentini
1363 2355 1482 2387 c0nei|ii,
1497 2354 1571 2389 quod
1585 2355 1637 2382 sub
1652 2355 1770 2384 Damaso

983 2400 1146 2426 Cclebt'atunt
1172 2405 1214 2427 cst
1227 2420 1234 2432 ,
1252 2408 1337 2428 canon
1354 2401 1459 2435 pritnus
1481 2401 1516 2428 ita
1535 2401 1630 2428 statuit
1645 2411 1652 2429 :
1674 2401 1718 2428 Uti
1732 2402 1770 2428 cli-

982 2447 1052 2481 gami
1078 2455 1109 2473 ne
1126 2447 1280 2473 ordinentur
1294 2447 1404 2480 clerici,
1429 2447 1534 2474 etiamsi
1550 2448 1659 2482 gentiles
1684 2448 1770 2474 adhuc

981 2494 1030 2520 hac
1047 2502 1073 2520 se
1087 2493 1201 2528 infelicis
1215 2494 1295 2520 sortis
1311 2495 1465 2520 necessitate
1482 2494 1681 2520 maculaverint.
1701 2493 1769 2522 Vide

982 2541 1075 2567 lnnoc.
1090 2539 1196 2574 l,epist.
1206 2539 1266 2571 2,6.
1278 2540 1304 2567 6.
1314 2539 1384 2573 Quin
1393 2545 1420 2567 et
1435 2540 1561 2567 Zosimtts
1575 2548 1642 2575 papa
1655 2540 1734 2574 epist.
1753 2540 1764 2566 i

980 2594 1034 2613 non
1049 2586 1129 2613 modo
1142 2586 1313 2620 episcopum,
1337 2590 1383 2613 attt
1397 2587 1541 2614 diaconum
1565 2595 1596 2613 ac
1625 2586 1767 2613 subdiacn-

980 2639 1055 2664 ntnn,
1072 2631 1118 2658 sed
1137 2639 1170 2658 ne
1185 2631 1313 2659 lectorem
1330 2631 1451 2666 quidem,
1465 2637 1512 2658 attt
1525 2631 1688 2659 exet-cistam
1706 2631 1763 2659 ﬁeri

980 2678 1081 2712 patitur
1095 2686 1169 2711 cuni,
1186 2678 1233 2713 qui
1248 2678 1336 2705 vidua:
1351 2678 1385 2705 sit
1401 2678 1525 2705 maritus.
1544 2677 1634 2704 llcdeo
1646 2677 1679 2703 ad
1696 2677 1766 2712 Apo-

980 2723 1041 2750 stoli
1055 2723 1145 2751 locum
1161 2724 1235 2750 illum
1251 2723 1261 2750 l
1277 2725 1310 2751 ad
1322 2723 1449 2760 Tim.,1tt.
1467 2723 1563 2756 Quem,
1579 2723 1617 2750 ιιιί
1631 2723 1696 2755 dixi,
1709 2731 1763 2750 non

977 2770 1134 2803 negandum
1154 2774 1196 2797 est
1212 2771 1244 2797 ad
1264 2771 1324 2797 illos
1342 2771 1478 2805 pertinere
1498 2777 1608 2804 quoque
1625 2769 1762 2804 digamos,

979 2817 1025 2851 qui
1048 2824 1112 2851 repit
1125 2817 1187 2844 iiata
1209 2824 1346 2852 utcunque
1360 2816 1475 2850 conjuge
1488 2823 1572 2842 novas
1596 2817 1704 2851 nuptias
1720 2825 1767 2844 co.

981 2863 1101 2898 pularint
1117 2872 1123 2890 :
1142 2872 1196 2898 quo
1221 2872 1302 2891 sensu
1327 2864 1539 2898 Chrysmtoinus
1567 2862 1765 2898 interpretatus

980 2916 1032 2944 est,
1055 2910 1100 2946 qui
1117 2917 1143 2939 et
1161 2912 1217 2947 ipse
1234 2916 1323 2939 tamen
1339 2911 1451 2939 alterius
1465 2910 1634 2946 digamorttm
1648 2911 1766 2946 ειιιρςὶει.
