1925 3043
173 179 241 207 1079

736 172 908 201 ΑΡΡΕΝοιΧ
932 171 1249 201 DlSSERTATlGNUM.

1732 167 1801 196 1089

170 246 197 267 et
213 239 323 274 quidem
338 244 451 270 eorum,
476 236 521 272 qui
547 240 607 270 post
630 234 752 269 priorum
770 234 873 261 obitum
892 234 960 261 alias

1020 233 1144 265 λίποντο.⁷
1162 233 1209 259 καὶ
1223 230 1325 266 ταύτην
1347 229 1415 266 μετὰ
1430 229 1562 265 ἀκριϐοῦς
1571 228 1744 264 δοκιμασίας.
1763 226 1800 255 De

169 285 331 315 duxissent,
349 282 483 310 meminit.
500 281 578 312 Τινὲς
598 280 641 312 δὲ,
658 280 762 314 inquit,
779 279 824 306 ἵνα
845 280 877 306 ὲκ
896 279 960 314 μιᾶς

169 330 299 365 γυναικὸς
313 327 345 365 ᾖ,
361 328 428 363 φασὶ
441 327 520 354 τοῦτο
536 326 672 362 εἰρῆσθαι.
693 325 809 359 Quidam
831 325 889 352 ideo
917 325 959 352 di-

171 381 244 403 ctum
268 375 316 401 hoc
332 374 364 401 ab
379 373 506 408 Apostolo
521 376 635 404 censent,
655 377 683 399 ut
703 371 735 397 ab
755 379 810 398 una
827 379 908 398 uxore
925 371 960 398 sit

153 423 296 454 ,(inortua
325 419 430 447 scilicet
446 418 466 455 ).
488 418 597 446 Clarius
611 418 638 445 in
657 417 803 445 Comment.
820 418 854 444 ad
872 416 961 445 Titum

170 467 244 494 hom.
260 465 288 499 Ξ,
302 465 346 493 ubi
359 473 470 493 causam
492 465 562 493 hanc
575 464 730 499 apostolica:
757 463 906 491 sanctionis
918 462 961 490 al-

171 513 226 540 fert
246 522 252 539 :
279 512 309 539 '0
332 511 388 547 γὰρ
411 511 479 547 πρὸς
497 511 545 546 τὴν
562 510 733 537 ἀπελθοῦσαν
756 509 890 545 μηδεμίαν
910 517 962 544 φυ-

170 558 254 591 λάξας
281 558 408 590 silvam,
435 557 493 589 πῶς
520 557 553 584 ἃν
577 554 653 589 οὗτος
676 557 780 591 γένοιτο
806 556 961 592 προστάτης

171 606 270 638 καλός;
293 603 346 637 Qui
367 604 498 638 defuncta:
528 604 605 630 uxori
630 603 832 630 benevolentiam
859 601 960 628 nullam

171 658 287 678 servasse
302 650 506 684 deprehenditur
518 670 525 681 ,
543 656 656 685 quonam
677 653 755 683 pacto
771 649 812 674 hic
834 646 961 674 Ecclesia:

171 705 282 732 privasse
310 697 430 731 poterit?
456 695 642 722 ’Λπελθοῦσαν
667 695 784 730 appellat
806 699 960 728 mortuam,

172 751 226 771 non
243 751 317 774 eam,
334 751 395 778 qua
414 743 552 778 repudiata
565 742 688 770 discessit
706 762 713 774 ,
732 746 762 769 ut
777 740 902 776 imperite
916 740 961 776 ju—

172 789 357 817 risconsultus
373 789 472 821 vertit;
496 796 558 815 nam
583 793 610 816 et
632 788 703 823 apud
727 787 960 822 'l‘heophylactum

172 834 267 861 eadem
282 834 471 870 Cbrysostomi
487 834 569 861 verba
587 834 623 861 ita
638 833 789 861 redduntur
804 842 810 860 :
828 832 880 865 Qui
892 833 962 859 enim

173 878 276 905 nullam
296 879 409 906 servavit
432 878 637 906 benevolentiam
654 887 716 914 erga
736 887 811 911 eam,
834 886 893 913 ante
917 878 962 904 ob-

174 925 216 957 iit,
226 929 279 952 etc.
290 924 381 958 Quare
394 924 533 960 posterius
550 925 616 952 illud
631 931 663 952 ac
675 924 826 959 legitimum
840 924 962 959 digamo-

173 978 234 998 rum
263 979 349 1006 genus
373 971 407 998 ab
431 971 582 1006 apostolico
607 971 654 998 illo
681 971 792 998 decreto
822 977 961 1005 nunquam

173 1016 387 1052 Chrysostomus
409 1017 535 1044 exclusit.
563 1016 640 1044 Unus
664 1015 869 1048 Thcodoretus,
891 1015 964 1050 quod

174 1063 253 1090 Valde
268 1064 365 1096 miror,
375 1064 449 1091 solos
461 1063 651 1098 digamos,qui
665 1064 757 1098 plures
768 1063 850 1091 simul
864 1070 964 1090 uxores

175 1110 322 1143 haberent,
340 1110 374 1137 ab
392 1110 523 1145 Apostolo
552 1110 710 1145 rcpudiatos
727 1110 831 1137 sentire
845 1109 963 1136 videtur.

174 1155 203 1183 ln
221 1163 274 1190 quo
289 1156 443 1183 audiendus
460 1164 514 1183 non
529 1161 571 1184 est
583 1177 590 1189 ,
611 1158 752 1191 multoque
766 1156 859 1183 minus
879 1155 966 1182 hare-

175 1203 234 1235 tici,
258 1202 297 1229 uti
320 1201 390 1230 Beza
407 1202 564 1237 caeteriquc,
587 1203 633 1238 qui
650 1203 677 1229 in
693 1201 853 1237 apostolicis
876 1201 967 1228 verbis

175 1253 341 1283 praeceptum
357 1248 491 1276 contineri
508 1253 622 1283 putant,
638 1249 711 1284 quod
733 1249 838 1275 nullum
856 1247 889 1275 ad
909 1247 967 1282 epi-

177 1299 335 1329 scopatum,
351 1294 403 1321 nisi
422 1302 508 1321 uxore
529 1294 627 1327 ducta,
646 1295 801 1329 promoveri
816 1294 964 1330 permittat.

177 1340 255 1373 Quod
269 1340 430 1376 jamdudum
447 1340 668 1376 Theophylactus
680 1340 789 1368 refellit.

212 1387 271 1414 Col.
282 1386 334 1414 884
340 1387 370 1415 C.
378 1388 412 1414 El
420 1386 633 1414 δὲεϊενίκανοί.
642 1386 876 1420 Quemadmodum
886 1395 900 1415 c
910 1395 967 1415 mo—

177 1433 274 1461 nachis
282 1434 396 1468 eligendi
404 1433 458 1460 sint
466 1434 567 1466 clerici,
574 1434 652 1461 docet
660 1434 827 1469 Augustinus
833 1435 911 1469 epist.
921 1434 965 1461 76.

214 1478 282 1506 ibid.
296 1479 349 1506 Kal
361 1479 550 1506 διακόνισσιιι
561 1479 594 1506 δὲ
606 1480 808 1508 καθίστανται.
826 1480 968 1508 Diaconis-

179 1531 273 1553 sarum
291 1531 371 1551 usum
392 1528 419 1551 et
433 1524 586 1552 institutum
598 1525 708 1552 uberius
721 1525 967 1560 Collyridianorum

179 1569 277 1597 haeresi
288 1569 417 1601 declarat,
428 1577 488 1604 qum
501 1574 542 1597 est
551 1570 594 1602 79,
608 1578 683 1598 num.
694 1571 712 1598 5
726 1571 787 1599 οιΑ.
798 1571 848 1598 Ubi
862 1572 894 1599 ad
907 1580 966 1599 mu-

179 1614 291 1647 lierum,
299 1622 360 1650 quae
368 1615 400 1642 ba
405 1615 552 1650 ptizantur,
566 1615 707 1650 obsequia,
715 1616 837 1651 aliasque
848 1617 873 1644 id
884 1625 969 1652 genus

180 1659 335 1687 functiones
357 1659 449 1694 deligi,
475 1659 556 1694 idque
584 1668 599 1687 e
622 1660 764 1688 viduarum
795 1662 968 1696 potissimum

181 1706 288 1738 ordine,
301 1705 406 1733 scribit.
418 1704 495 1733 Unde
506 1711 533 1733 et
546 1706 632 1734 vidum
649 1711 676 1734 et
693 1706 854 1741 presbytides
877 1708 969 1742 appel-

181 1752 283 1780 Imtur.
300 1751 357 1779 Hoc
369 1760 433 1780 vero
447 1752 509 1779 loco
533 1759 586 1779 non
603 1752 691 1779 solum
706 1753 814 1784 viduas.
828 1753 874 1780 scd
887 1753 968 1780 etiam

181 1804 331 1834 perpetuas
347 1799 407 1834 capi
423 1799 543 1834 virgines
559 1798 703 1833 signiﬁcat.
723 1798 844 1827 Zonaras
866 1804 892 1827 et
908 1799 969 1826 Bal-

181 1852 259 1872 samo
271 1844 424 1872 Comment.
436 1844 469 1871 ad
488 1852 549 1871 can.
564 1844 598 1871 19
615 1843 731 1872 Nicaena:
743 1845 970 1881 synodi,\'irgiues

182 1890 317 1924 praecipue
339 1889 458 1916 delectas
479 1897 540 1917 esse
561 1890 682 1917 docent:
706 1891 841 1926 Παρθένοι
864 1890 971 1926 (inquit

183 1934 319 1970 Zonaras)
339 1934 369 1962 τὸ
386 1934 500 1962 παλαιὸν
516 1936 685 1972 προσήγοντο
703 1935 742 1971 τῷ
759 1936 819 1972 Θεῷ
845 1937 970 1970 ἁγνεύειν

181 1980 371 2015 ὀμολογοῦτσαι,
388 1980 421 2012 ἃς
443 1981 468 2006 οἱ
493 1980 637 2007 ἐπίσκοποι
662 1981 804 2016 καθιέρουν
831 1983 902 2010 κατὰ
925 1983 970 2009 τὸν

183 2028 210 2058 ς’
231 2025 331 2052 κανόνα
347 2026 396 2061 τῆς
415 2026 444 2051 ἐν
460 2025 627 2063 Καρθαγένῃ
647 2026 754 2053 συνόδου
764 2047 771 2059 ,
787 2028 833 2054 καὶ
847 2028 898 2063 τῆς
912 2028 972 2055 τοὺο

181 2080 236 2098 των
252 2071 411 2107 ἐφρόντιζον
434 2071 557 2107 φυλακῆς
581 2071 653 2098 κατὰ
676 2072 720 2099 τὸν
745 2073 785 2108 μδ¹
807 2074 906 2101 κανόνα
922 2074 972 2109 τῆς

182 2117 268 2152 αὐτῆς
285 2116 393 2143 συνόδου
403 2123 411 2131 ·
432 2115 462 2147 ἐξ
480 2113 518 2143 ὧν
531 2116 563 2151 δὴ
584 2115 727 2152 παρθένων
743 2118 789 2144 καὶ
803 2117 971 2145 διακόνισσαι

182 2163 399 2200 ἐχειροτονοῦντο
426 2162 496 2189 κατὰ
517 2162 563 2189 τὸν
590 2163 685 2198 καιρὸν
714 2163 759 2189 τὸν
783 2164 969 2199 προσήκοντα,

182 2211 267 2247 ἤγουν
290 2211 335 2237 ὅτε
355 2209 423 2237 ἐτῶν
440 2210 565 2245 ἐγένοντο
586 2213 627 2246 μ.”
644 2210 672 2237 αι
691 2210 719 2237 δὲ
740 2210 862 2237 τοιαῦται
882 2211 929 2238 καί
945 2220 972 2237 τι

979 920 998 946 Β

982 1592 1002 1621 C

1011 288 1045 307 η
1063 279 1142 306 annis
1154 278 1225 306 idem
1237 277 1391 312 Agathense
1404 276 1524 303 decrevit
1535 283 1597 303 can.
1617 274 1659 302 i9.
1676 274 1800 308 lgnatius

1010 327 1091 362 epist.
1107 325 1124 353 9
1139 333 1146 350 ι
1169 324 1340 359 ’Λσπάζομαι
1361 323 1410 355 τὰς
1425 321 1561 358 φρουροὺς
1575 321 1629 348 τῶν
1649 320 1735 354 ἁγίων
1753 328 1800 346 πυ-

1010 372 1114 404 λώνων,
1132 371 1181 403 τὰς
1204 371 1233 397 ἐν
1253 369 1363 406 Χριστῷ
1375 369 1525 401 διακόνους.
1544 367 1703 403 Epaunense
1719 373 1802 401 porro

1011 425 1073 446 can.
1097 417 1129 444 21
1159 416 1330 444 diaconissas
1353 415 1484 443 sustulit:
1512 413 1672 445 Viduarum,
1693 411 1799 446 inquit,

1012 464 1234 492 consecrationem
1244 483 1252 495 ,
1275 470 1341 497 quas
1354 462 1481 489 diaconus
1496 464 1605 492 vacant,
1620 459 1653 486 ab
1670 459 1741 485 omni
1759 465 1802 485 re-

1011 511 1086 546 gione
1102 515 1194 537 nostra
1209 508 1313 543 penitus
1329 507 1500 542 abrogamus,
1515 505 1600 532 solam
1619 505 1656 531 eis
1672 503 1800 536 pernitiem

1013 556 1057 582 tice
1070 554 1275 582 benedictionem
1286 572 1293 585 ,
1311 552 1333 579 si
1347 551 1462 579 converti
1478 550 1597 577 ambiunt
1609 570 1617 582 ,
1631 547 1800 583 imponendo.

1012 600 1069 628 lino
1091 604 1119 628 et
1144 592 1328 627 Laodicenum
1353 605 1387 625 ex
1409 605 1441 625 ea
1463 601 1540 631 parte
1561 595 1675 626 saltem,
1694 598 1724 620 ut
1738 593 1801 620 aliis

1012 647 1175 675 mulieribus
1190 645 1302 673 minime
1315 647 1474 679 praeessent,
1490 649 1539 669 nec
1551 648 1647 669 earum
1661 639 1802 667 ducemdu-

1012 701 1072 721 rum
1086 699 1187 720 munus
1202 694 1379 726 usurparent,
1394 694 1424 717 ut
1437 689 1560 716 Zonaras
1573 692 1601 715 et
1614 687 1743 714 Balsamo
1754 685 1802 712 de-

1012 741 1118 767 clarant
1130 739 1162 766 ad
1177 746 1239 766 can.
1255 738 1298 764 11.
1315 736 1401 771 Cujus
1419 736 1476 763 haec
1489 734 1570 762 verba
1582 740 1647 761 sunt
1662 741 1669 759 :
1685 733 1731 767 Μὴ
1741 732 1798 758 δεῖν

1012 786 1060 818 τὰς
1080 785 1229 820 λεγομένας
1245 782 1440 819 πρεσὸύτιδας,
1459 781 1519 817 ἢτοι
1534 778 1757 816 προκαθημένας,
1773 778 1802 804 ὲν

1018 832 1167 868 Ἐκκλησία
1182 828 1376 857 άαθῐστασθαι.
1390 828 1456 862 Quae
1472 828 1508 855 ita
1521 832 1598 855 vetus
1611 825 1694 854 editio
1704 824 1802 859 Latina

1013 879 1154 914 concipit:
1181 876 1324 908 Mulieres,
1347 883 1406 910 quae
1427 874 1498 905 apud
1519 872 1624 900 Gemens
1644 871 1802 906 presbytero:

1014 924 1192 959 appellantur,
1218 923 1288 958 apud
1309 930 1357 950 nos
1380 925 1468 948 autem
1484 920 1572 948 vidua:
1593 919 1718 949 seniores,
1744 916 1803 943 uni-

1014 972 1078 999 vira:
1096 976 1120 997 et
1133 969 1327 997 matriculariaa
1354 968 1536 998 nominantur,
1552 967 1580 992 in
1596 964 1727 995 Ecclesia,
1748 967 1804 989 tan-

1013 1026 1092 1053 quam
1112 1016 1260 1049 ordinatas,
1279 1014 1404 1042 constitui
1429 1020 1481 1040 non
1494 1012 1595 1039 debere.
1612 1010 1650 1038 De
1667 1009 1804 1037 diaconis-

1014 1064 1052 1092 sis
1072 1067 1190 1098 nugatur
1211 1060 1438 1090 Pseudodiataxis
1452 1059 1542 1087 Clem.
1559 1058 1608 1086 lib.
1625 1065 1656 1088 ιι.
1673 1064 1739 1091 cap.
1755 1055 1803 1087 26,

1015 1109 1061 1136 ubi
1083 1109 1233 1143 episcopum
1252 1106 1298 1134 Dei
1323 1106 1411 1133 Patris
1428 1106 1516 1132 instar
1530 1111 1591 1131 esse
1606 1103 1689 1135 dicit,
1710 1102 1804 1128 diaco-

1016 1163 1079 1182 num
1101 1154 1202 1181 Christi
1236 1152 1362 1185 Domini,
1387 1151 1567 1178 tliaconiuam
1594 1156 1659 1176 vero
1685 1148 1804 1183 Spiritus

1016 1200 1114 1228 sancti.
1140 1198 1259 1227 Proinde
1276 1198 1315 1225 uti
1330 1197 1449 1233 Spiritus
1463 1200 1575 1224 sanctus
1596 1195 1665 1222 nihil
1681 1202 1696 1221 a
1714 1194 1804 1229 scipso

1015 1247 1082 1274 dicit
1111 1245 1220 1277 facitve,
1247 1244 1315 1271 ἀλλὰ
1331 1242 1450 1276 δοξάζων
1466 1243 1511 1269 τὸν
1531 1240 1648 1277 Χριστὸν
1663 1237 1805 1276 περιμένει

1016 1293 1046 1319 τὸ
1070 1291 1175 1319 ἐκείνου
1191 1291 1297 1326 θέλημα
1309 1311 1316 1323 ,
1333 1290 1370 1316 ita
1389 1288 1551 1316 diaconissa:
1574 1287 1644 1314 nihil
1660 1287 1722 1314 sine
1744 1286 1804 1312 dia-

1017 1347 1087 1368 cono
1099 1339 1198 1366 debcnt
1213 1338 1363 1372 suScipere.
1379 1335 1445 1369 Quae
1460 1338 1525 1362 sunt
1539 1331 1666 1370 γραώδη,
1682 1338 1709 1360 et
1723 1333 1807 1359 haere-

1018 1386 1069 1414 sim
1085 1390 1214 1420 praeterea
1228 1383 1282 1410 τῶν
1299 1380 1539 1416 Πνευματομὰχων
1553 1378 1686 1406 redolent.

1051 1432 1112 1460 Col.
1122 1431 1174 1458 885
1185 1431 1217 1457 Α.
1227 1427 1287 1456 Εἶθ’
1297 1428 1371 1462 ἑξῆς
1379 1427 1491 1454 τούτων
1505 1423 1690 1459 ὲπορκισται.
1703 1422 1806 1450 Horum

1017 1479 1140 1508 omnium
1148 1482 1175 1505 et
1186 1475 1394 1512 prmeedentium
1405 1473 1530 1501 ordinum
1542 1471 1636 1499 crebra
1645 1473 1687 1497 est
1697 1468 1725 1496 in
1736 1472 1808 1495 vete-

1019 1527 1094 1554 ribus
1106 1523 1218 1560 synodis
1227 1527 1256 1551 et
1267 1521 1337 1557 apud
1350 1520 1476 1555 antiquos
1487 1518 1581 1545 Patres
1594 1515 1706 1544 mentio.
1716 1513 1745 1542 In
1754 1514 1808 1549 pri-

1019 1573 1071 1600 mis
1077 1571 1207 1607 Caruiag.
1216 1577 1242 1596 tv
1251 1567 1373 1603 singulos
1385 1565 1484 1602 gradus
1492 1563 1698 1592 accuratissime
1705 1560 1809 1588 descri-

1021 1617 1070 1649 bit,
1081 1604 1170 1651 etquo
1182 1604 1298 1649 quisque
1308 1613 1362 1639 ritu
1373 1612 1409 1639 sit
1421 1609 1571 1637 initiandus
1583 1607 1714 1635 declarat.
1729 1604 1809 1639 Apud

1022 1662 1154 1698 lgnatium
1171 1667 1233 1687 cum
1250 1659 1277 1686 in
1294 1657 1355 1685 aliis
1368 1655 1509 1692 epistolis,
1523 1659 1581 1682 tum
1595 1652 1622 1680 in
1631 1652 1806 1688 postrematl,

1021 1696 1118 1744 praeter
1131 1709 1251 1741 majores
1265 1705 1327 1733 illos
1342 1705 1591 1731 commemorantur
1609 1696 1807 1732 ’Δναγνῶσται,

1020 1741 1137 1787 ίινάλται,
1159 1751 1301 1788 Πυλωροὶ,
1324 1750 1349 1777 οῑ
1372 1747 1540 1780 Κοπιῶντες,
1557 1743 1744 1780 Ἑπορκισται.
1771 1741 1810 1769 De

1020 1801 1120 1837 quibus
1130 1799 1258 1826 omnibus
1267 1796 1386 1824 Annales
1402 1793 1530 1822 Ecclesiae
1544 1791 1666 1820 consule.

1055 1846 1123 1873 Ibid.
1135 1845 1163 1872 Β.
1176 1842 1323 1875 Συνὰξεις
1335 1841 1369 1868 δὲ
1377 1839 1610 1873 ἐπιτελούμεναι.
1622 1835 1740 1871 Synaxis
1751 1841 1811 1869 pro-

1021 1892 1079 1927 prie
1092 1898 1185 1919 sacros
1196 1892 1359 1920 conventus,
1373 1891 1400 1914 et
1415 1885 1487 1921 quod
1503 1885 1530 1911 in
1543 1884 1596 1911 illis
1606 1890 1621 1910 a
1633 1881 1757 1909 ﬁdelibus
1765 1887 1810 1907 ce-

1022 1939 1151 1969 lebratur,
1160 1935 1282 1963 divinum
1292 1933 1408 1961 ollicium
1419 1931 1554 1966 signiﬁcat
1562 1938 1570 1963 ;
1578 1928 1651 1964 quod
1667 1933 1809 1954 sacrarum

1022 1985 1187 2013 Litterarum
1200 1982 1356 2011 lectionem,
1370 1977 1562 2013 psalmodiam,
1578 1979 1737 2005 tractatum,
1753 1972 1811 1999 sive

1022 2037 1176 2059 sermonem
1199 2027 1233 2056 ad
1258 2026 1402 2062 populum,
1428 2031 1460 2051 ac
1473 2023 1594 2053 demum,
1611 2021 1657 2047 ubi
1674 2027 1744 2055 opus
1758 2021 1810 2051 est,

1022 2076 1178 2105 divinorum
1202 2072 1394 2108 mysteriorum
1421 2068 1633 2097 celebrationem
1656 2064 1812 2099 complecti-

1023 2129 1078 2156 tur,
1103 2122 1142 2150 uti
1170 2120 1273 2148 Fronto
1299 2117 1414 2145 Ducazus
1439 2119 1532 2143 noster
1562 2113 1595 2141 ad
1622 2109 1811 2147 Chrysostomi

1024 2173 1093 2197 orat.
1113 2168 1131 2195 Ξ
1143 2167 1171 2194 in
1190 2165 1299 2193 Judazos
1316 2161 1468 2191 adnotavit.
1483 2160 1687 2194 Nonnunquam
1708 2162 1811 2188 tamen,

1024 2220 1055 2243 ut
1070 2214 1141 2250 apud
1158 2211 1329 2248 Dionysium,
1347 2207 1497 2245 pmsertim
1512 2207 1584 2234 libro
1599 2204 1639 2232 De
1651 2204 1744 2231 ecclcs.
1756 2202 1812 2250 hie-

184 2258 276 2294 σχῆμα
293 2257 431 2285 ἐνεδύοντο
445 2257 520 2292 παρὰ
531 2256 586 2283 τῶν
600 2256 757 2283 ἐπισκόπων
773 2257 802 2283 ὲν
814 2256 853 2292 τῷ
869 2261 907 2284 κε’
919 2258 968 2284 ἐνι-

1025 2246 1158 2296 νανἾ-(ῑθι).
1173 2258 1201 2292 5,
1213 2246 1263 2294 pro
1278 2256 1337 2292 ipsa
1351 2253 1556 2284 communione,
1567 2251 1610 2279 vel
1622 2250 1715 2278 missae
1726 2246 1814 2276 sacri-

183 2303 259 2340 αυτῷ
274 2304 325 2340 τῆς
339 2303 446 2339 ἡλικίας
463 2303 564 2330 αὐτῶν.
581 2302 768 2331 Tertullianus
784 2311 850 2331 vero
865 2304 914 2332 lib.
936 2303 973 2331 De

183 2349 303 2376 vetandis
320 2347 416 2384 cirgin.
430 2356 490 2384 cap.
505 2349 532 2381 9,
542 2348 638 2386 viduas
654 2348 687 2376 ad
700 2349 835 2384 ejusmodi
848 2349 972 2376 ministe-

184 2395 225 2422 ria
238 2395 401 2422 constitutas
417 2394 503 2422 luisse
519 2402 551 2421 ex
566 2394 688 2429 Apostoli
703 2394 866 2422 auctoritate
887 2395 973 2429 signi-

184 2440 259 2473 ﬁcat,
276 2445 303 2468 et
327 2441 452 2475 queritur
474 2441 508 2468 ab
521 2441 651 2476 episcopo
668 2441 787 2476 quodam
806 2441 905 2468 alicubi
921 2443 974 2468 vir-

186 2488 273 2522 ginem
293 2487 321 2514 ἰη
339 2487 451 2514 viduata
466 2488 498 2514 ab
513 2488 590 2514 annis
606 2487 722 2514 nondum
745 2488 838 2523 viginti
859 2488 974 2515 col/ora-

187 2539 252 2562 tam.
266 2533 483 2569 Carthaginense
498 2542 534 2567 ιν,
548 2542 607 2570 cap.
620 2534 663 2567 12,
676 2534 709 2562 de
725 2535 820 2561 harum
836 2534 923 2561 oilicio
940 2535 975 2562 ita

186 2581 309 2616 loquitur
327 2590 334 2608 ε
364 2580 455 2608 Vidua:
466 2601 472 2613 ,
497 2581 535 2608 rel
551 2581 784 2614 sanctimonia/es,
800 2589 859 2617 qum
874 2581 908 2608 ad
929 2582 977 2608 mi-

187 2628 327 2655 nisterium
342 2627 565 2662 baptizandorum
587 2627 727 2655 mulierum
750 2627 899 2663 eligantur,
921 2633 977 2654 tant

187 2673 326 2701 instructa:
339 2673 391 2700 sint
409 2673 444 2700 all
472 2673 601 2708 oﬁicium,
622 2679 650 2699 ut
664 2674 766 2708 possint
785 2679 845 2708 apto
865 2678 889 2700 et
910 2682 976 2701 sano

186 2727 307 2746 sermone
322 2718 414 2746 docere
430 2719 567 2754 imperitas
592 2724 616 2746 et
640 2720 754 2746 rusticas
769 2720 893 2747 mulieres
914 2725 980 2747 tem-

193 2772 259 2797 pore
269 2773 320 2800 quo
336 2765 502 2800 baptizandce
513 2771 583 2798 stult,
596 2765 711 2800 qualiter
729 2767 890 2800 baptizatori
902 2767 980 2793 inter-

189 2815 289 2844 rogata
317 2811 503 2845 respondeant,
521 2816 544 2838 et
560 2811 674 2847 qualiter
690 2816 796 2846 accepto
821 2812 978 2846 baptismate

190 2855 288 2882 vivunt.
306 2855 459 2883 Concilium
481 2857 702 2884 Chalcedonense
723 2865 785 2884 can.
811 2858 844 2884 15
860 2867 867 2885 :
884 2858 980 2884 Διακὸ-

194 2909 287 2927 νισσαν
304 2902 341 2938 μὴ
359 2903 567 2938 χειροτονεῖσθαι
581 2905 696 2939 γυναῖκα
721 2904 773 2939 πρὸ
795 2904 864 2931 ἑτῶν
885 2913 913 2931 τε
921 2913 980 2931 Ioa-

1024 2307 1087 2335 licio
1099 2305 1228 2334 sumitur.
1241 2302 1310 2331 Nam
1327 2302 1364 2330 ibi
1380 2307 1491 2329 causam
1510 2298 1634 2333 inquirit,
1650 2304 1701 2324 cur
1719 2302 1814 2322 κοινω-

1024 2353 1084 2384 νίας
1098 2356 1126 2379 et
1150 2350 1287 2383 συνάξεως
1309 2347 1455 2384 appellatio
1479 2345 1571 2374 divino
1589 2344 1627 2372 illi
1651 2341 1815 2379 augustissi-

1025 2406 1125 2433 moque
1136 2399 1317 2427 sacramento,
1335 2401 1416 2429 quam
1431 2391 1544 2427 τελετὴν
1551 2388 1666 2417 τελετῶν
1681 2387 1813 2417 nominat,
1853 2391 1858 2394 ‘

1026 2445 1160 2481 praecipue
1176 2436 1320 2473 tribuatur,
1336 2447 1398 2467 cum
1425 2442 1585 2466 caterornm
1600 2443 1631 2463 ea
1647 2441 1759 2469 quoque
1776 2433 1814 2459 \‘is

1026 2480 1071 2522 sit,
1094 2495 1124 2517 ut
1145 2487 1274 2524 μεριστὰς
1286 2485 1364 2522 ἡμῶν
1378 2484 1450 2517 ζωὰς
1468 2484 1508 2515 εἰς
1523 2481 1625 2516 ἑνοειδῆ
1640 2480 1737 2507 θέωσιν
1753 2487 1814 2505 συν-

1027 2537 1116 2571 άγειν,
1139 2535 1191 2562 hoc
1207 2537 1258 2565 est,
1277 2531 1438 2559 consociare
1455 2529 1573 2565 possint.
1586 2527 1701 2561 Proprie
1714 2530 1813 2553 tamen.

1029 2588 1058 2610 ut
1077 2589 1127 2610 nos
1147 2581 1279 2611 diximus,
1292 2578 1402 2611 σύναξις
1425 2580 1590 2604 conventum
1605 2579 1716 2601 sacrum
1731 2575 1758 2598 et
1772 2570 1814 2597 di-

1027 2629 1132 2659 vinum.
1155 2626 1228 2661 quod
1252 2625 1278 2652 in
1302 2632 1334 2652 eo
1352 2623 1501 2660 peragitur,
1520 2620 1640 2649 oﬂicium
1663 2622 1754 2646 sonat.
1771 2615 1816 2643 Sic

1028 2673 1196 2709 Epiphanius
1220 2672 1247 2699 in
1265 2671 1362 2698 hteres.
1377 2669 1423 2701 69,
1434 2677 1495 2704 quae
1515 2672 1558 2696 est
1573 2665 1814 2696 Ariomanitarum,

1028 2720 1061 2748 de
1072 2719 1137 2747 Ario
1152 2718 1312 2752 cmtcrisque
1328 2716 1495 2752 presbyteris
1518 2721 1566 2750 per
1593 2713 1711 2740 urbanas
1729 2709 1815 2738 eccle-

1029 2765 1085 2793 sias
1099 2763 1269 2791 Alexandria:
1281 2761 1435 2790 distributis
1452 2761 1598 2790 ε’Ἑκαστος
1612 2758 1641 2784 δὲ
1655 2757 1757 2783 τούτων
1771 2755 1816 2790 δῆ-

1029 2812 1074 2838 λον
1085 2811 1155 2838 κατὰ
1169 2809 1217 2845 τὴν
1230 2809 1388 2844 εἰθισμένην
1400 2807 1508 2840 σύναξιν
1520 2806 1566 2832 τὸν
1578 2803 1654 2839 αὐτῷ
1669 2810 1816 2829 πεπιστευ-

1032 2857 1111 2892 μένον
1131 2856 1195 2883 λαὸν
1212 2854 1345 2881 διδάσκων
1367 2854 1396 2880 ὲν
1418 2854 1477 2884 ταῖς
1497 2852 1655 2886 ὲξηγήσεσι,
1674 2854 1728 2876 etc.
1743 2846 1818 2875 lianc
1835 2852 1845 2866 υ

1031 2903 1119 2930 Latini
1136 2902 1282 2936 collectam,
1295 2901 1335 2929 vel
1349 2901 1468 2932 missam,
1483 2903 1512 2927 ut
1523 2897 1594 2925 idem
1610 2895 1713 2924 Fronto
1726 2897 1818 2922 noster
