1925 3043
124 195 188 222 ιιιει

508 192 552 220 DE
573 192 767 220 VETERIBUS
785 191 984 226 QUIBUSDAH
1003 192 1180 221 ECCLESle
1199 192 1344 221 RITIBUS.

1675 191 1744 221 108!

123 253 261 282 observat,
284 249 418 285 appellare
440 254 650 277 consueverunt.
671 250 707 277 At
729 250 908 277 Casaubonus
922 251 945 280 Α
959 251 1055 279 axibus
1069 250 1240 279 Dominicum
1254 258 1354 285 corpus
1363 253 1410 277 aut
1431 248 1604 280 oﬁ‘erebatur,
1620 253 1666 279 aut
1681 257 1695 276 a
1710 250 1744 276 ti-

124 292 242 321 Exercit.
260 292 303 324 l6,
320 300 347 319 n.
360 292 405 325 42,
420 292 485 320 dum
505 292 668 321 Parisieusis
687 292 815 320 editionis
829 297 908 320 notas

123 340 151 367 in
175 339 402 374 Chrysostomum
421 338 571 373 redarguit,
599 338 773 372 castigandus
799 342 826 365 et
852 338 909 373 ipse

123 385 211 418 venit;
236 391 299 412 nam
323 384 452 419 pleraque
474 384 623 412 oscitanter
645 385 744 420 attigit.
770 383 908 419 Inprimis

122 431 334 467 Clirysostomus
350 429 441 458 ﬁdeles
455 430 615 463 adhortans,
633 436 662 458 ut
683 438 733 466 pro
748 439 777 459 se
793 431 909 466 quisque

124 476 266 512 captandis
281 484 314 504 ac
325 476 529 504 lucrifaciendis
542 477 676 512 proximis
700 477 851 509 incumbat.
866 477 909 504 his

123 522 215 557 verbis
236 522 386 557 alloquitur
401 530 410 549 ξ
427 522 459 548 Τί
477 522 549 557 μέγα
565 522 633 549 αἰτῶ
651 523 715 557 παρ’
732 522 820 558 ὑμῶν,
841 523 910 557 ἀγα-

123 567 222 603 πητοες
235 567 370 598 Ἕκαστος
387 566 463 602 ὑμῶν
477 567 525 594 ἕνα
542 576 587 602 μοι
600 567 653 594 τῶν
667 567 788 602 ἀδελφῶν
802 567 909 594 ἀνασω-

125 614 214 645 adeo),
240 612 483 649 περιεργασάσθω,
513 612 821 649 πολυπραγμονησάσθω
836 621 843 628 ·
867 613 910 640 ἵνα

123 659 163 690 εἰς
183 658 233 693 τὴν
252 657 382 684 ἐπιοῦσαν
403 656 513 689 σύναξιν
539 657 607 692 μετὰ
632 656 732 692 πολλῆς
754 657 910 693 παρρησίας

123 704 336 739 ἁπαντήσωμεν,
356 702 430 738 δῶρα
443 702 482 738 τῷ
496 702 555 737 Θεῷ
569 702 738 738 κομίζοντες,
753 702 826 738 δῶρα
841 702 910 729 πάν-

122 758 177 776 των
189 748 347 784 τιμιώτερα,
359 748 408 780 τὰς
426 748 514 784 ψυχὰς
526 748 579 775 τῶν
591 748 804 784 πεπλανημένων
826 748 910 775 ἔπαν-

122 795 282 829 αγαγόντες.
299 793 348 822 Hic
362 794 491 822 Erasmus
504 794 585 822 verba
600 794 644 821 illa
659 795 699 826 εἰς
714 794 763 830 τὴν
780 793 909 821 ἐπιοῦσαν

123 840 234 873 σύναξιν
249 845 375 873 verterat,
388 842 415 867 in
427 840 545 867 crastina
559 840 749 868 communione.
760 840 838 873 Quod
853 848 910 867 me.

123 886 177 914 rito
194 886 389 921 reprehensum
413 893 428 914 a
447 885 586 913 Frontone
605 890 710 918 nostro,
722 893 824 921 proque
838 894 910 913 com-

123 933 257 960 munionis
271 932 402 960 vocabulo
424 932 571 960 constituta
593 940 646 960 vox
668 932 795 960 collectae.
813 932 910 967 Displi~

124 979 181 1006 cuit
194 979 252 1006 haec
258 978 411 1005 emendatio
417 977 591 1010 Casaubono,
598 978 645 1012 qui
654 977 837 1006 cumErasmo
848 977 911 1005 adv-

124 1023 186 1055 αξιν
199 1024 254 1050 illic
268 1023 488 1050 communionem
503 1030 563 1050 esse
575 1022 706 1055 defendit,
719 1030 751 1050 eo
766 1022 852 1050 fretus
866 1031 911 1050 ar-

125 1072 266 1103 gumento,
283 1068 355 1103 quod
370 1068 505 1094 donorum
527 1067 639 1100 oblatio,
653 1067 687 1095 de
706 1067 805 1102 quibus
821 1067 908 1103 loqui-

124 1119 172 1141 tur
186 1114 409 1149 Cbrysostumus,
423 1113 621 1141 Eucharistiam
633 1114 764 1149 designet.
777 1114 829 1142 Sed
841 1114 910 1142 mira

125 1165 167 1187 est
180 1159 267 1186 critici
285 1159 357 1186 illius
373 1158 522 1195 ἀπροσεξία
531 1167 539 1173 ·
555 1166 617 1186 nam
630 1158 705 1194 δῶρα
716 1159 768 1187 ista
780 1166 834 1187 non
846 1163 911 1187 sunt

126 1206 206 1241 panis
221 1210 247 1233 et
260 1205 365 1238 vinum,
383 1212 444 1240 quae
458 1205 491 1232 ad
514 1204 714 1232 Eucharistiam
732 1205 908 1238 adhibentur,

126 1256 175 1280 aut
190 1251 360 1279 Eucliaristia
377 1251 446 1286 ipsa,
458 1250 505 1279 sed
519 1250 648 1278 nimirum
665 1251 781 1278 fratrum
791 1255 818 1278 et
828 1250 910 1279 Chri-

125 1299 277 1327 stianorum
288 1299 395 1330 animae,
413 1298 512 1333 quibus
523 1298 557 1325 ad
577 1297 691 1333 synaxin
705 1297 871 1326 adducendi:
883 1301 910 1326 et

128 1345 323 1373 conservandis
332 1348 362 1371 ut
370 1344 506 1376 studeant,
513 1343 650 1372 auditores
658 1352 722 1372 suos
731 1343 904 1372 admonebat.

162 1390 307 1418 Proximus
321 1395 364 1418 est
375 1390 517 1426 Epiphanii
532 1389 577 1417 ille
591 1390 648 1425 ipse
661 1390 749 1422 locus,
762 1397 842 1424 quem
853 1396 910 1424 prae

128 1435 255 1463 manibus
268 1435 400 1463 habemus
413 1444 420 1461 :
433 1435 460 1462 in
471 1441 527 1469 quo
539 1442 655 1470 synaxes
666 1434 705 1461 ait
717 1441 749 1461 ex
761 1434 911 1469 apostolica

127 1481 273 1510 traditione
296 1480 323 1508 in
345 1480 441 1508 feriam
463 1485 599 1515 quartam,
622 1485 648 1508 et
669 1480 858 1514 Parascevem,
878 1487 911 1508 ac

128 1527 296 1556 Dominicam
318 1528 448 1556 incidere.
461 1527 512 1554 Hic
524 1532 607 1562 potest
617 1528 735 1555 dubitari
747 1527 911 1563 (Casauboni

958 296 1064 324 delibus
1081 296 1271 331 usurpabatur.
1282 294 1362 328 Quod
1374 302 1407 322 ex
1420 293 1533 322 Socrate
1544 294 1672 328 primum,
1685 293 1745 321 loco

959 341 1015 375 illo,
1031 349 1111 376 quem
1127 341 1208 376 paulo
1220 345 1283 367 ante
1297 340 1453 372 citavimus,
1470 338 1639 374 intelligitur,
1656 338 1700 366 ubi
1711 339 1744 374 τῇ

958 388 1068 424 τετράδι
1095 388 1141 415 καὶ
1170 388 1331 422 παρασκευῇ
1361 393 1478 421 synaxes
1498 385 1667 412 Alexandrina
1687 384 1743 412 ﬁeri

959 434 1064 466 scribit,
1081 433 1142 468 δίχα
1157 433 1206 468 τῆς
1220 432 1273 459 τῶν
1289 432 1445 467 μυστηρίων
1464 430 1586 465 τελετῆς.

995 480 1064 508 Tum
1076 479 1202 506 universe
1212 478 1246 506 de
1255 477 1483 506 Orientalibus‘ac
1494 476 1596 504 Graecis
1611 475 1646 502 ita
1657 479 1745 511 potest

960 525 1071 554 conﬁci.
1088 525 1195 552 Etenim
1211 531 1259 559 per
1271 523 1408 551 solemnes
1425 522 1592 557 jejuniorum
1607 521 1666 549 dies
1685 529 1744 556 my-

960 572 1043 599 steria
1066 570 1140 598 nulla
1163 574 1190 597 et
1214 569 1348 597 sacriﬁcia
1363 568 1577 604 peragebantur,
1593 575 1681 602 neque
1695 575 1746 602 pu-

959 616 1029 644 blice
1040 623 1076 644 ac
1089 615 1208 651 legitime
1222 614 1462 642 communicabant
1473 613 1564 642 ﬁdeles
1579 623 1584 640 :
1599 621 1662 640 nam
1675 613 1745 640 Lao-

959 663 1087 690 dieenum
1102 661 1249 689 concilium
1262 668 1367 688 canone
1381 660 1415 688 ιθ
1432 664 1505 687 vetat
1517 659 1745 695 quadragesima“

960 710 1080 740 tempore
1105 713 1202 740 panem
1228 705 1343 738 oﬂ‘erre,
1374 709 1551 740 praeterquam
1573 704 1601 732 in
1627 703 1745 732 Sabbato

960 756 1041 786 atque
1055 750 1195 778 Dominica
1212 759 1219 778 :
1234 751 1295 777 Ὀτι
1306 750 1336 777 οὐ
1349 750 1390 776 δεῖ
1402 751 1436 785 τῇ
1448 751 1651 785 τεσσαρακοστῇ
1665 750 1746 785 ἄρτον

960 796 1135 831 προσφέρειν,
1155 796 1179 822 ει
1194 795 1231 831 μὴ
1247 797 1276 822 ἐν
1290 793 1422 829 Σαϐϐάτῳ
1440 794 1488 820 καὶ
1507 794 1634 829 κυριακῇ
1655 794 1744 829 μόνον.

959 841 1046 874 Quem
1061 831 1193 869 canonem
1205 840 1328 876 plerique
1343 847 1397 868 non
1414 846 1487 868 recte
1502 839 1536 868 de
1551 840 1676 874 eulogiis,
1689 839 1746 867 sive

961 885 1122 914 feriuentato
1133 893 1202 921 pane
1213 885 1383 920 interpretati
1395 889 1477 919 sunt;
1494 885 1528 912 de
1539 892 1594 919 quo
1608 886 1663 920 agit
1675 885 1746 912 idem

961 932 1072 960 Laodic.
1085 940 1148 960 can.
1169 932 1213 965 M,
1233 935 1260 959 et
1279 930 1450 959 innocentius
1464 930 1485 964 1,
1509 931 1589 966 epist.
1606 938 1625 963 ι,
1644 939 1703 966 cap.
1718 931 1744 958 5.

959 978 1047 1013 Atque
1059 978 1130 1004 hunc
1145 977 1247 1005 idcirco
1262 981 1359 1012 putant
1375 975 1467 1003 oﬁ'erri
1482 984 1529 1011 per
1546 976 1608 1003 illos
1624 976 1682 1004 dies
1696 977 1745 1003 mi-

960 1024 1033 1051 nime
1046 1023 1169 1055 licuisse,
1184 1030 1219 1050 ne
1231 1030 1263 1050 ea
1280 1022 1404 1050 solvendi
1414 1022 1513 1057 jejunii
1526 1027 1599 1050 esset
1615 1023 1724 1050 occasio
1739 1031 1745 1049 :

960 1070 1039 1105 cujus
1060 1069 1216 1098 falsissimre
1238 1069 1470 1104 interpretationis
1484 1073 1611 1096 auctores
1631 1069 1672 1096 vis
1689 1069 1745 1104 ipsa

959 1116 1035 1144 verbi
1047 1115 1213 1152 προσφέρειν
1229 1122 1262 1142 ac
1279 1118 1399 1149 potestas
1414 1113 1522 1145 refellit,
1537 1121 1598 1148 qua:
1615 1113 1649 1140 de
1660 1114 1747 1140 sacri-

959 1161 1022 1190 ﬁcio
1033 1165 1060 1189 et
1073 1160 1210 1188 oblatione
1222 1160 1293 1188 solet
1303 1159 1399 1194 accipi,
1414 1163 1441 1186 ut
1460 1158 1489 1186 in
1505 1158 1616 1186 Nicaano
1628 1158 1743 1186 can.18.

960 1207 1007 1235 Est
1027 1206 1109 1242 igitur
1123 1205 1288 1242 προσφέρειν
1308 1205 1401 1241 ἄρτον,
1424 1211 1522 1240 panem
1539 1204 1627 1238 ipsum
1645 1211 1745 1239 reprae—

960 1256 1079 1284 sentare,
1092 1258 1124 1278 ex
1137 1258 1190 1286 quo
1202 1250 1306 1278 Christi
1320 1257 1422 1284 corpus
1438 1250 1645 1277 consecratione
1658 1249 1744 1277 ﬁeret.

960 1297 1038 1331 Quod
1052 1297 1151 1333 partim
1166 1304 1182 1324 a
1197 1295 1386 1324 sacerdotibus
1401 1295 1467 1330 ipsis
1483 1295 1510 1322 in
1526 1302 1666 1323 sacrorum
1683 1295 1746 1322 fur.-

960 1344 1050 1372 ctione
1067 1352 1100 1372 ac
1117 1343 1213 1379 τελετῇ
1227 1342 1341 1378 geritur,
1355 1342 1453 1377 partim
1472 1347 1535 1370 ante
1551 1343 1744 1378 mysteriorum

960 1390 1171 1418 celebrationem
1189 1397 1204 1416 a
1220 1389 1357 1416 ﬁdelibus.
1379 1388 1464 1416 Nemo
1479 1388 1553 1416 enim
1567 1388 1635 1416 citra
1652 1392 1746 1415 notam

960 1436 1080 1471 aliquam
1097 1434 1262 1471 ἀσύμϐολος,
1276 1438 1303 1462 et
1318 1434 1379 1462 sine
1396 1434 1534 1462 oblatione
1548 1434 1655 1469 propria
1672 1442 1746 1462 com-

961 1481 1128 1515 municabat,
1150 1481 1198 1509 sed
1222 1488 1318 1516 panem
1342 1488 1421 1508 suum
1443 1489 1475 1508 ac
1489 1481 1582 1508 vinum
1604 1481 1744 1509 oﬁ'ercbat.

961 1528 1030 1556 Hinc
1052 1529 1197 1556 vehemens
1213 1527 1259 1555 illa
1283 1527 1412 1563 Cypriani
1437 1528 1546 1562 querela
1560 1528 1593 1555 de
1615 1530 1747 1556 matronis

127 1573 208 1600 verba
223 1573 297 1607 sunt)
310 1582 346 1600 an
355 1573 512 1607 simpliciter
526 1577 664 1600 conventus
679 1574 749 1600 sacri
762 1573 912 1609 intelligim-
923 1582 948 1613 ε
964 1574 1142 1610 locupletibus
1167 1573 1214 1601 lib.
1237 1573 1275 1600 De
1294 1582 1371 1608 opere
1386 1579 1411 1600 et
1425 1573 1544 1601 eleemos.
1555 1580 1565 1600 :
1582 1573 1708 1608 Locuples
1723 1579 1748 1601 et

129 1623 182 1651 tur,
199 1620 233 1646 ad
250 1620 354 1646 verbum
368 1618 540 1651 audiendum,
556 1623 581 1646 st
604 1618 752 1651 orandum;
777 1627 811 1646 an
833 1620 913 1646 etiam

127 1665 161 1692 de
184 1673 262 1692 came
287 1664 394 1692 Domini
416 1663 592 1692 celebratione
610 1665 720 1692 senserit
734 1663 908 1699 Epiphanius.

127 1710 208 1738 Ratio
221 1710 362 1738 dubitandi
382 1711 466 1738 oritur
481 1718 515 1738 σε
532 1710 709 1738 observatione
724 1710 827 1738 diuersa
844 1715 912 1738 rete-

128 1764 188 1783 rurn
202 1755 381 1784 Ecdssiarum
389 1764 399 1789 ;
409 1764 481 1790 nam,
498 1761 528 1783 ut
541 1760 654 1783 testatur
671 1755 807 1788 Socrates,
821 1755 914 1791 plera-

127 1810 177 1838 que
189 1811 277 1831 omnes
297 1804 366 1831 orbis
380 1809 510 1831 terrarum
523 1803 660 1836 Ecclesioz,
677 1808 701 1830 et
714 1803 755 1831 his
768 1804 870 1837 diebus,
888 1809 912 1832 et

129 1848 254 1877 Sabbatis
267 1850 346 1877 etiam
363 1850 398 1876 ad
421 1857 534 1884 synases
551 1849 746 1882 conveniebant,
768 1850 796 1877 iu
820 1850 914 1885 quibus

130 1895 255 1929 mysteria
278 1893 487 1922 celebrabantur.
504 1894 566 1923 Haec
586 1895 640 1923 ille.
655 1895 709 1924 Sed
723 1895 795 1930 quod
816 1895 914 1924 Socra-

131 1944 185 1966 tem
204 1939 337 1967 aﬁirmare
351 1939 459 1973 dicit,in
477 1940 616 1976 plerisque
630 1941 759 1969 omnibus
775 1946 912 1969 terrarum

131 1984 206 2012 orbis
235 1984 365 2012 Ecclesiis
386 1993 501 2020 synaxes
523 1990 550 2013 et
573 1987 701 2022 mysteria
722 1987 788 2015 feria
804 1991 912 2022 quarta,

131 2034 218 2062 sexta,
234 2034 262 2057 et
285 2030 404 2058 Sabbato
429 2031 572 2063 celebrari,
596 2032 774 2060 falsissimum
797 2037 848 2061 est.
874 2032 914 2060 De

132 2074 258 2104 Sabbatis
274 2076 301 2103 id
316 2076 425 2111 quidem
450 2081 506 2105 toto
529 2077 595 2105 orbe
612 2078 820 2106 usitatissimum
838 2086 910 2112 esse,

130 2122 153 2149 si
169 2121 319 2149 Romanam
331 2121 479 2150 Ecclesium
495 2128 522 2151 et
536 2123 747 2152 Alexandrinam
762 2125 912 2160 exceperis,

128 2167 209 2195 docet
223 2167 292 2195 libro
303 2167 360 2200 illo,
375 2175 456 2204 quem
469 2168 648 2198 Casaubonus
662 2170 739 2204 citat,
747 2169 874 2199 llistoritc
885 2179 912 2205 v,

130 2220 192 2248 cap.
204 2213 251 2240 21.
266 2213 343 2247 Quod
363 2218 455 2242 autem
478 2213 545 2242 feria
559 2219 659 2250 quarta
675 2220 783 2244 sextave
796 2224 912 2253 synaxes

963 1620 1034 1646 dives
1048 1627 1087 1651 es,
1103 1623 1127 1645 et
1141 1617 1312 1645 Dominicum
1329 1617 1462 1644 celebrare
1475 1623 1499 1645 te
1511 1618 1608 1650 credis,
1620 1627 1678 1653 qui:
1693 1626 1748 1645 cor-

963 1664 1056 1691 bonant
1072 1664 1177 1691 omnino
1192 1671 1244 1690 non
1257 1663 1386 1697 respicis;
1399 1671 1459 1698 qua:
1470 1663 1497 1690 in
1512 1663 1680 1690 Dominicum
1690 1664 1748 1692 sine

962 1710 1097 1744 sacriﬁcio
1116 1709 1185 1736 vanis
1199 1716 1277 1743 :qutc
1295 1709 1323 1735 in
1341 1713 1444 1743 portent
1462 1708 1495 1735 de
1515 1709 1660 1743 sacriﬁcio,
1676 1711 1746 1744 quod

962 1763 1064 1791 pauper
1081 1755 1189 1788 obtulit,
1215 1755 1309 1781 sumis.
1337 1753 1506 1789 Augustinus
1531 1761 1613 1782 serm.
1635 1754 1687 1781 215
1709 1754 1748 1782 De

963 1806 1076 1835 tempore
1091 1808 1100 1827 :
1117 1800 1282 1832 Oblationes,
1298 1808 1357 1835 qua:
1380 1800 1408 1826 in
1427 1799 1526 1826 altario
1549 1804 1746 1832 consectentur,

963 1846 1065 1881 offerte.
1084 1845 1246 1873 Erubesccre
1258 1846 1331 1873 debet
1346 1845 1422 1873 homo
1438 1845 1558 1879 idoneus,
1574 1846 1598 1872 si
1615 1846 1648 1872 de
1661 1846 1748 1873 aliena

963 1890 1095 1918 oblatione
1110 1891 1298 1917 communicat.
1323 1890 1400 1923 Quod
1423 1890 1493 1918 idem
1510 1895 1536 1918 et
1553 1890 1677 1925 sequenti
1692 1898 1750 1918 scr-

963 1943 1045 1964 mone
1068 1936 1176 1970 repetit.
1199 1935 1335 1969 Quoniam
1362 1936 1444 1970 igitur
1474 1936 1522 1971 qui
1546 1937 1749 1965 communionis

961 1982 1023 2017 jure
1039 1982 1169 2017 praditus
1183 1986 1252 2015 erat,
1272 1982 1343 2009 idem
1359 1986 1405 2009 aut
1421 1981 1572 2014 auferebat,
1587 1987 1635 2010 aut
1649 1982 1750 2011 offerre

963 2033 1046 2062 certe,
1066 2028 1138 2057 unde
1159 2029 1414 2057 communicaturus
1433 2033 1515 2063 esset,
1539 2033 1667 2064 poterat;
1686 2030 1750 2057 hinc

963 2074 1062 2101 vetusti
1078 2081 1197 2101 canones
1212 2081 1270 2106 eos,
1283 2073 1329 2108 qui
1342 2073 1369 2100 in
1385 2078 1507 2100 extremo
1520 2073 1605 2108 gradu
1621 2074 1752 2108 pmnitcn.

963 2118 1031 2145 tium
1057 2118 1203 2149 haererent,
1224 2125 1307 2152 quant
1334 2116 1462 2143 σύστασιν
1488 2116 1677 2148 nominabant,
1703 2116 1750 2151 qui

963 2171 1025 2191 cum
1042 2163 1166 2191 ﬁdelibus
1186 2163 1340 2190 orationum
1355 2162 1488 2190 duntaxat
1501 2166 1579 2188 erant
1593 2161 1750 2196 participes,

964 2217 1025 2243 nec,
1038 2209 1102 2237 dum
1118 2209 1291 2236 Dominicum
1307 2215 1408 2244 corpus
1420 2208 1599 2243 usurpabant,
1615 2208 1752 2234 κοινωνεῖν

129 2263 158 2287 et
179 2259 307 2295 mysteria
329 2259 462 2288 celebrata
486 2260 602 2294 fuerint,
624 2269 760 2296 nusquam
783 2263 912 2297 prodidit.
929 2260 952 2288 ι)
964 2256 1090 2284 dicebant
1105 2256 1170 2284 ἄνευ
1185 2256 1355 2291 προσφορᾶς,
1371 2259 1454 2282 Inest
1466 2254 1492 2282 in
1506 2253 1649 2289 Ancyrnno
1664 2253 1752 2281 can.5

130 2304 202 2338 Quin
218 2305 308 2340 potius
323 2305 356 2333 de
370 2305 437 2333 solis
451 2305 646 2334 Alexandrinis
660 2307 688 2335 id
703 2307 796 2341 refert,
821 2309 912 2337 omnia

129 2350 203 2385 apud
221 2350 292 2383 illos.
307 2358 368 2386 quae
385 2351 413 2378 in
430 2351 577 2387 synaxibus
593 2352 650 2388 geri
674 2361 734 2381 mos
747 2358 799 2386 est.
815 2359 913 2389 prater

132 2397 261 2433 mysteria
275 2404 306 2424 ac
325 2397 469 2430 sacriﬁcia,
483 2398 566 2426 biduo
583 2398 630 2426 illo
641 2399 744 2433 perﬁci.
762 2399 853 2432 Quare
865 2409 913 2430 ne-

131 2449 185 2477 que
199 2449 231 2469 ex
250 2441 408 2477 Epiphanio,
425 2449 514 2477 neque
526 2449 558 2470 ex
575 2442 687 2471 Socrate
701 2443 798 2471 conﬁci
813 2448 912 2479 potest,

132 2488 200 2516 feria
214 2493 310 2523 quarta
331 2493 357 2515 et
370 2487 521 2516 Parasceve
535 2488 707 2517 Christianos
720 2491 913 2525 augustissima

132 2535 178 2562 illa
189 2534 319 2562 Dominici
335 2535 458 2569 corporis
471 2542 548 2562 sacra
563 2535 724 2563 celebrasse.
734 2535 811 2568 Quod
822 2541 912 2564 utrum

132 2579 240 2606 aliunde
250 2579 340 2614 colligi
351 2579 447 2614 possit,
461 2583 606 2615 antequam
618 2580 738 2615 disputo,
752 2581 827 2615 prius
837 2589 915 2609 error

133 2625 178 2654 ille
193 2625 368 2660 castigandus
381 2629 434 2658 est,
447 2632 527 2661 quem
551 2633 606 2653 non
619 2625 708 2654 solum
725 2625 913 2660 Casaubonus,

133 2669 180 2696 sed
200 2673 228 2695 et
242 2668 286 2695 alii
304 2669 406 2704 pridem
418 2669 456 2704 pii
470 2673 498 2696 et
509 2669 609 2697 eruditi
629 2669 753 2698 homines
775 2671 915 2699 imbibisse

132 2713 258 2740 videntur
273 2723 280 2740 :
294 2713 321 2740 in
334 2713 462 2742 omnibus
474 2715 624 2750 synaxibus
640 2715 830 2752 mysteriorum
845 2717 915 2744 cele-

134 2759 284 2787 brationem
321 2767 354 2788 ac
384 2760 620 2795 participationem
651 2762 743 2789 locum
775 2762 914 2791 habuisse.

133 2805 208 2838 Quod
223 2813 302 2833 secus
317 2814 346 2833 se
364 2806 460 2838 habet;
476 2814 536 2833 nam
556 2814 570 2834 a
589 2808 778 2842 mysteriorum
795 2808 916 2836 celebra-

134 2855 205 2877 tume
217 2858 248 2877 ac
263 2851 453 2878 communione
467 2851 576 2886 synaxis
589 2852 699 2886 perinde
714 2853 810 2886 diﬁ‘ert,
829 2858 858 2880 ut
868 2861 914 2889 ge-

136 2904 188 2924 nus
201 2904 216 2924 a
231 2895 317 2924 forma
331 2905 338 2924 :
351 2901 490 2931 propterea
506 2896 577 2932 quod
591 2904 644 2925 non
658 2898 785 2928 omnibus
812 2899 839 2926 in
857 2907 917 2935 syu~

966 2302 1051 2330 etii.
1075 2302 1098 2330 Α
1119 2309 1175 2337 quo
1193 2301 1303 2329 demum
1325 2300 1421 2328 ordine
1445 2300 1478 2327 ad
1505 2299 1658 2327 absolutum
1683 2299 1752 2327 inte-

966 2355 1099 2384 grumque
1124 2352 1224 2375 statum
1256 2346 1502 2378 transferebantur,
1533 2352 1613 2380 quam
1642 2344 1753 2380 μέθεξιν

965 2393 1019 2421 τῶν
1029 2393 1113 2428 ἁγίων
1129 2396 1156 2421 et
1175 2393 1205 2419 τὺ
1215 2392 1318 2419 τέλειον
1334 2391 1481 2426 appellant,
1495 2398 1557 2417 cum
1575 2390 1677 2418 scilicet
1691 2399 1753 2425 pcr-

966 2441 1029 2468 inde
1049 2440 1082 2468 ad
1097 2440 1249 2468 oblationes
1267 2438 1407 2467 faciendas
1430 2443 1511 2473 atque
1532 2437 1566 2465 ad
1590 2437 1754 2472 participan-

966 2487 1029 2514 dam
1042 2486 1243 2514 Eucharistiam
1259 2485 1478 2512 admitterentur.
1497 2482 1590 2518 Neque
1602 2484 1674 2511 eni‘m
1688 2491 1755 2518 quo-

966 2540 1136 2568 rumcunque
1149 2532 1301 2560 oblationes
1317 2535 1432 2566 recepta:
1447 2535 1522 2563 sunt,
1546 2530 1592 2558 sed
1609 2530 1754 2557 scelerato-

966 2587 1027 2606 rum
1049 2578 1203 2610 hominum,
1228 2585 1261 2606 ac
1285 2577 1487 2612 paenitendum.
1508 2581 1535 2604 et
1555 2576 1680 2604 universe
1699 2575 1753 2601 τῶν

967 2624 1086 2651 ἀδέκτων
1111 2624 1158 2651 καὶ
1168 2624 1356 2658 ἀκοινωνήτων
1369 2623 1485 2658 rrjectaa.
1500 2622 1537 2649 De
1550 2629 1604 2656 quo
1618 2621 1679 2648 vide
1687 2621 1754 2648 Con-

967 2671 1025 2697 stit.
1041 2675 1127 2704 apost.
1149 2670 1196 2698 lib.
1218 2677 1259 2701 tu,
1275 2677 1336 2704 cap.
1362 2670 1388 2697 '5.
1416 2668 1448 2696 Et
1470 2668 1589 2695 Vascnse
1607 2667 1752 2695 concilium

968 2723 1029 2743 can.
1045 2715 1063 2742 2
1082 2715 1166 2750 iubet,
1184 2722 1212 2743 ut
1229 2715 1423 2751 pwnitentium,
1439 2714 1483 2748 qui
1501 2714 1557 2740 sine
1571 2714 1754 2741 conmiuniouc

967 2762 1103 2796 inopinato
1117 2762 1231 2789 transitu
1244 2763 1270 2789 in
1285 2762 1355 2797 agris
1377 2765 1423 2787 aut
1439 2759 1576 2787 itineribus
1590 2760 1754 2794 prteveniun-

969 2813 1024 2840 tur,
1040 2808 1185 2835 oblationes
1202 2809 1374 2843 recipiantur.

1005 2853 1217 2881 Excuticbantur
1230 2854 1321 2889 itaque
1334 2854 1452 2889 primum
1469 2851 1620 2879 oblationes
1633 2858 1647 2878 a
1662 2851 1755 2878 diaco-

971 2900 1031 2934 nis;
1055 2904 1136 2935 atque
1160 2904 1250 2928 utrum
1280 2899 1414 2935 ejusmodi
1437 2903 1537 2939 essent.
1555 2898 1754 2934 inquii‘cbatur,
