1925 3043
189 187 258 217 ιθεςδ

735 186 905 214 APPENDIX
929 186 1240 215 DlSSEllTATIONUli.

1747 182 1817 210 lCS-l

189 255 251 282 qua:
264 245 454 281 repratsentari
470 245 502 272 ad
516 245 601 282 altare
621 250 740 280 possent.
761 246 845 281 Igitur
862 246 888 273 in
904 246 974 274 Lao-
990 248 1013 276 A
1027 247 1132 273 riorum
1157 244 1305 272 celebratio
1328 251 1360 271 ac
1386 244 1563 278 partieipatio
1574 242 1632 269 sine
1649 249 1714 275 pace
1733 250 1818 269 oscu-

189 294 285 320 diceno
299 292 416 319 concilio
429 293 445 326 ἡ
464 291 606 326 προσφορά
616 291 648 318 de
662 296 777 326 utroque
791 300 889 326 genere
902 292 977 320 obla-

189 338 273 365 tionis
287 342 376 372 potest
394 337 517 371 intelligi,
534 342 587 363 tam
601 344 631 363 ea
644 345 704 371 quae
718 345 733 364 a
748 337 881 370 ﬁdelibus,
895 345 975 373 quam

188 390 250 417 qua:
264 390 278 408 a
296 381 483 408 sacerdotibus
503 381 594 408 tiebat.
610 381 667 409 Nec
687 382 786 414 obstat,
802 382 874 416 quod
890 391 975 418 προσ·

190 428 283 463 φέρειν
303 427 394 462 ἄρτον,
417 427 547 462 scriptum
564 432 606 454 est
624 428 650 454 itt
667 435 771 455 canone
788 438 794 455 :
812 437 872 463 quae
893 429 977 456 fuisse

188 480 270 500 causa
289 473 407 504 videtur,
430 474 466 500 ob
487 481 568 507 quant
592 475 719 502 catltollei
737 475 788 501 viri
808 475 841 502 de
860 475 976 510 eulogiis

188 519 278 552 potius
291 526 373 553 quam
385 519 418 546 de
432 518 603 546 Eucharistia
619 519 722 546 dictum
737 520 803 547 illud
818 521 977 555 interpreta-

189 568 294 590 rentur.
309 563 377 590 Natn
402 564 444 591 vel
467 564 547 599 ἄρτος
575 564 607 591 ad
632 565 658 591 id
684 564 811 597 refertur,
827 566 899 599 quod
915 570 977 593 ante

188 609 424 636 consecrationem
439 608 505 641 fuit;
524 613 570 635 aut
583 617 682 643 corpus
696 609 786 643 ipsum
806 609 913 637 Domini
928 618 977 644 pa-

189 655 229 680 nis
249 654 350 681 usitata
366 662 428 681 cum
443 655 469 681 in
487 655 645 689 Scriptttris,
664 659 719 681 tum
737 655 807 689 apud
820 654 915 682 Patres
929 663 977 690 ap-

187 699 335 733 pellatione
349 699 458 726 dicitur.
480 699 526 726 Sic
551 699 578 725 in
598 699 726 734 Cartltag.
758 699 876 726 concilio
905 700 976 734 apud

189 743 323 770 Zonaram
345 749 372 770 et
392 744 509 771 Balsatn.
527 752 588 770 catt.
603 743 637 770 40
654 753 659 770 :
675 744 742 779 Περὶ
761 743 808 770 τοῦ
824 743 861 779 μὴ
878 743 976 776 ἐξεῖναι

188 789 344 824 περαιτέρω
357 789 450 824 ἄρτου,
462 789 510 815 καὶ
521 789 592 814 οἴνου
599 788 674 814 ὕδατι
683 789 864 824 μεμιγμένου,
874 790 900 815 τί
912 798 976 816 ποτε

189 836 218 861 ἐν
233 836 289 866 τοῖς
306 835 393 869 ἁγίοις
414 834 590 869 προσφέρειν,
613 834 657 860 ἵνα
675 835 703 860 ὲν
719 836 774 866 τοῖς
791 835 878 869 ἁγίοις
895 835 977 870 μηδὲν

188 881 270 906 πλέον
291 880 338 906 τοῦ
366 880 491 915 σώματος
516 880 562 905 καὶ
588 879 635 906 τοῦ
662 880 776 915 αἵματος
804 880 849 907 τοῦ
873 880 975 915 Κυρίου

188 926 399 961 προσενεχθείη·
426 926 464 957 ὡς
490 926 536 952 καὶ
557 925 636 957 αὐτὸς
656 927 670 951 ὀ
685 926 787 960 Κύριος
807 926 975 960 παρέδωκεν,

187 972 311 999 τουτέστι
331 972 425 1007 ἄρτου,
450 972 496 998 καὶ
517 971 588 998 οἴνου
613 972 689 998 ὕδατι
705 972 884 1007 μεμιγμένου.
899 971 977 1005 Quod

188 1018 260 1052 apud
277 1018 389 1045 Latinos
407 1025 467 1044 can.
480 1017 516 1044 24
528 1018 638 1045 concilii
652 1026 681 1044 tu
693 1017 787 1045 Cat-th.
804 1018 841 1044 ita
860 1018 976 1052 legitur:

191 1065 225 1091 Ut
241 1065 267 1091 in
285 1064 458 1091 sacramentis
472 1065 590 1098 corporis
604 1069 628 1090 et
641 1064 778 1098 sanguinis
790 1063 898 1090 Domini
913 1064 979 1091 nihil

189 1110 303 1145 amplius
321 1110 460 1144 offeratur,
480 1118 558 1144 quam
580 1111 636 1144 ipse
652 1109 780 1137 Dominus
794 1111 916 1142 tradidit,
930 1111 978 1137 hoc

187 1163 227 1183 est
243 1157 330 1191 panis,
350 1160 374 1182 et
389 1156 477 1182 vinum
494 1164 562 1190 aqua
578 1157 695 1182 mistum.
709 1155 825 1183 Proinde
837 1156 905 1183 nihil
919 1164 978 1184 cer-

189 1202 245 1228 tius
262 1205 315 1233 est,
335 1207 417 1234 quam
438 1200 465 1226 itt
482 1199 638 1228 Laodiccno
656 1208 762 1228 canone
776 1201 924 1235 prohiberi,
944 1209 978 1229 nc

187 1255 236 1282 per
251 1246 495 1281 solemnesjejunii
509 1247 565 1273 dies
581 1247 734 1274 oblationes
747 1252 774 1274 ct
787 1247 921 1274 sacrilicia
936 1255 978 1275 ce-

187 1292 336 1320 lebrentttr.
360 1292 470 1327 Excipit
491 1292 640 1319 Sabbatutn
664 1300 696 1320 ac
718 1292 898 1325 Dominicam,
915 1294 977 1328 qui-

189 1339 240 1365 bus
258 1338 284 1364 itt
301 1338 413 1365 Oriente
430 1338 555 1373 jejunarc
577 1337 654 1365 nefas
668 1338 880 1365 arbitrabantur.
899 1338 976 1371 Quod

188 1393 220 1412 ex
238 1383 367 1411 Trullana
381 1384 485 1420 synodo
499 1384 669 1418 comprobari
681 1388 780 1418 potest,
797 1392 858 1418 quo:
869 1392 930 1411 catt.
943 1384 977 1411 52

189 1432 226 1458 ita
245 1432 335 1458 sanxit
353 1440 359 1458 :
379 1431 423 1456 ‘Ev
438 1431 539 1462 πάσαις
559 1431 619 1462 ταῖς
640 1430 689 1464 τῆς
712 1431 791 1465 ἁγίας
806 1431 976 1466 Τεσσαρακο-

190 1477 254 1512 στῆς
268 1477 321 1503 τῶν
333 1477 465 1512 νηστειῶν
474 1477 604 1512 ἡμέραις,
620 1477 757 1513 παρεκτὸς
771 1477 922 1509 Σαϐῦάτου,
931 1478 977 1504 καὶ

189 1524 343 1558 Κυριακῆς,
361 1523 407 1549 καὶ
420 1523 468 1558 τῆς
483 1523 562 1557 ἁγίοις
574 1522 619 1549 τοῦ
636 1523 841 1558 Εὑαγγελισμοῦ
859 1523 975 1559 ἡμέρῡις,

188 1568 304 1603 γινέσθω
320 1570 336 1604 ἡ
354 1568 408 1595 τῶν
424 1569 653 1604 προηγιασμένων
680 1569 740 1605 ἱερὰ
763 1569 926 1605 λειτουργίαν
943 1569 976 1596 1η

189 1615 310 1642 omnibus
339 1616 577 1651 quadragesimalis
602 1616 700 1650 jejuttii
728 1616 837 1648 diebus,
870 1621 975 1651 excepto

189 1660 316 1693 Sabbato,
341 1669 372 1688 ac
387 1661 536 1694 Dominica,
556 1666 580 1688 et
596 1669 672 1688 sacro
690 1662 907 1688 Anttuntiationis
923 1663 975 1695 die,

189 1706 333 1733 celebretur
352 1712 471 1733 sanciunt
493 1712 553 1734 ante
573 1712 785 1734 consccratarum
803 1707 975 1741 sacriﬁcium.

188 1751 276 1785 Quem
298 1753 329 1779 ad
352 1760 484 1780 canonem
509 1753 629 1780 Zonaras
649 1754 706 1780 lucc
727 1754 838 1780 adnotat
852 1763 858 1780 :
873 1753 906 1779 Al
922 1753 976 1780 τῶν

188 1799 320 1832 νηστειῶν
333 1799 434 1834 ἡμέραι
448 1796 648 1830 πένθους·εἷνοιι
664 1799 816 1834 ἐτάχθησαν
830 1800 876 1826 καὶ
895 1808 977 1826 κατα-

188 1844 289 1876 νύξεως
304 1846 343 1876 εἰς
356 1844 487 1880 ἐξίλασμα
503 1844 556 1870 τῶν
571 1844 687 1871 ἑκάστου
707 1846 885 1880 σφαλμάτων·
905 1846 934 1873 τὸ
948 1846 976 1872 δὲ

188 1889 227 1924 τῷ
243 1889 301 1924 Θεῷ
321 1890 467 1925 προσάγειν
491 1889 596 1921 θυσίας,
621 1891 816 1926 πανηγυρίζειν
839 1892 905 1924 ἐστί,
924 1898 975 1920 etc.

189 1935 238 1960 Διὰ
251 1934 329 1960 τοῦτο
343 1935 370 1959 ὲν
387 1934 435 1968 μὲν
448 1934 540 1966 ἄλλαις
556 1935 605 1969 τῆς
620 1935 847 1970 Τεσσαρακοστῆς
859 1937 978 1972 ἡμέραις

189 1978 206 2012 ἡ
226 1977 280 2004 τῶν
306 1977 532 2012 προηγιασμένων
548 1977 652 2011 γίνεται
676 1979 841 2014 λειτουργία,
865 1980 895 2005 οὐ
917 1980 977 2006 τότε

188 2023 334 2057 γινομένης
355 2022 405 2058 τῆς
429 2023 600 2058 ἀναιμάκτου
625 2023 731 2055 Θυσίας,
762 2024 829 2050 ἀλλὰ
851 2025 900 2064 τῆς
926 2025 975 2061 ἤδη

189 2067 400 2102 προσαχθείσης,
415 2067 462 2094 καὶ
478 2067 650 2103 τελεσθείσης
663 2066 740 2099 αὖθις
757 2069 975 2105 προσαγομένης.

188 2112 268 2139 Κατὰ
280 2110 311 2139 δὲ
325 2109 360 2137 τὰ
377 2112 503 2139 Σάϐϐατα
520 2114 566 2140 καὶ
579 2113 628 2144 τὰς
641 2113 791 2149 Κυριακὰς,
806 2115 866 2140 ἐπεὶ
879 2114 906 2140 ὲν
914 2114 977 2140 ταύ-

187 2167 248 2190 ταις
266 2157 406 2193 νηστεύειν
432 2158 628 2194 ἀπηγόρευται,
652 2158 785 2185 ἐνδὲδοτοιι
810 2159 856 2185 καὶ
881 2158 977 2186 θυσίαν

188 2203 364 2239 προσφέρειν,
394 2204 441 2230 καὶ
467 2204 572 2230 τελείαν
599 2204 765 2239 λειτουργεῖν
795 2204 975 2240 λειτουργίαν.

1027 293 1107 326 loqtte
1137 291 1324 326 peragebatur.
1358 289 1459 316 Horum
1486 289 1604 324 primum
1629 287 1816 314 Tertulliattus

1027 337 1075 364 lib.
1091 337 1125 364 De
1139 341 1207 364 arat.
1225 336 1277 364 sub
1287 335 1373 362 linem
1387 335 1490 362 indicat
1505 335 1547 361 his
1562 334 1666 361 verbis:
1677 332 1722 360 Sic
1734 338 1758 359 et
1773 332 1816 358 die

1028 384 1150 415 Prisc/ut,
1171 391 1221 418 quo
1234 382 1380 409 communis
1396 387 1419 409 et
1445 382 1520 416 quasi
1543 380 1647 415 publica
1659 380 1757 414 jejunii
1775 387 1815 405 re-

1027 430 1090 465 ligio
1107 435 1155 462 est,
1180 430 1273 456 merita
1289 429 1444 462 deponimus
1461 426 1592 457 osculum,
1609 424 1675 451 nihil
1689 429 1814 450 curantes

1027 477 1058 503 de
1074 476 1227 508 osculando,
1244 475 1312 510 quod
1329 482 1387 501 cum
1402 472 1520 500 omnibus
1536 472 1677 506 faciamus.

1062 521 1090 548 ln
1112 520 1229 555 publicis
1245 519 1327 553 igitur
1342 517 1564 550 solemnibusque
1578 515 1691 550 jejuniis
1706 521 1813 548 pacem,

1027 567 1080 594 ltoc
1098 570 1139 593 est
1157 565 1293 596 osculum,
1319 563 1372 590 sibi
1395 566 1490 590 mutuo
1513 561 1606 588 ﬁdeles
1629 568 1682 586 non
1701 559 1812 586 (labant.

1027 612 1105 646 Quod
1128 618 1190 638 cum
1213 611 1240 637 in
1261 609 1373 644 privatis
1397 612 1425 635 et
1445 607 1584 634 voluntate
1602 604 1737 638 susceptis
1753 611 1813 637 pcr-

1027 659 1090 686 inde
1106 658 1140 685 ab
1155 657 1207 684 illis
1219 657 1422 686 observaretur,
1437 653 1519 688 paulo
1534 657 1597 679 ante
1609 651 1680 678 idctn
1697 649 1812 677 Tertull.

1028 705 1163 739 improbat
1177 713 1183 730 :
1199 703 1259 730 Alia
1269 702 1339 737 jam,
1352 701 1449 736 inquit,
1465 698 1625 726 consuetudo
1636 697 1758 724 int-aluit.
1769 696 1815 722 Je-

1023 751 1159 785 junantes,
1172 749 1262 775 ltabita
1283 747 1402 774 oratione
1427 753 1486 772 cunt
1499 744 1636 779 fratribus,
1654 743 1814 769 subtrahunt

1027 794 1145 822 osculum
1159 793 1243 828 pacis,
1258 790 1327 826 quod
1344 795 1381 818 est
1397 788 1565 824 signaculum
1581 787 1720 813 orationis.
1737 784 1813 812 Unde

1027 841 1088 869 illos
1105 840 1241 871 admonet,
1257 842 1286 864 ut
1302 844 1364 864 cum
1378 835 1504 870 privatim
1521 834 1570 868 ipsi
1589 833 1721 868 iejttnant,
1742 832 1813 857 domi

1027 886 1142 921 quidem,
1157 885 1225 910 inter
1239 890 1303 918 quos
1321 881 1401 908 latere
1411 880 1543 914 jejunium
1558 879 1584 905 in
1602 882 1686 904 tutunt
1702 884 1752 902 non
1769 876 1819 901 da-

1029 937 1082 963 tur,
1092 937 1180 965 pacem
1189 929 1329 962 (li/ferant;
1340 931 1368 954 at
1382 925 1489 961 publice
1503 930 1529 952 et
1546 924 1573 951 in
1586 922 1718 954 Ecclesia,
1732 921 1806 948 dissi-

1028 977 1133 1005 mulato
1157 975 1273 1010 jejunio,
1300 971 1490 1000 consuetudini
1519 970 1649 997 serviattt.
1672 967 1812 994 Posterius

1027 1030 1104 1054 vero,
1122 1029 1219 1056 nempe
1235 1027 1297 1047 cum
1324 1018 1453 1054 mysteria
1478 1016 1694 1046 celebrarentur,
1718 1021 1812 1048 pacem

1028 1077 1109 1104 atque
1123 1069 1246 1096 osculum
1260 1075 1274 1094 ιι
1288 1066 1412 1093 ﬁdelibus
1427 1065 1550 1091 oblatum
1564 1062 1660 1093 fuisse,
1672 1061 1716 1088 vix
1731 1066 1773 1087 est
1785 1063 1812 1087 ul

1027 1114 1137 1150 probari
1155 1120 1268 1140 necesse
1283 1111 1328 1138 sit.
1346 1109 1399 1137 lies
1415 1109 1488 1136 enim
1514 1112 1556 1135 est
1582 1106 1734 1141 perspicua.
1761 1105 1813 1132 Sed

1028 1161 1134 1195 aliquot
1145 1158 1324 1186 nihilominus
1337 1160 1462 1195 _vetcrutn
1475 1153 1630 1182 testintonia
1645 1152 1793 1187 producam
1807 1160 1813 1177 ε

1028 1207 1148 1243 primutn
1172 1192 1356 1231 Laodicenufn
1376 1209 1453 1229 conc.
1475 1208 1535 1228 can.
1555 1199 1588 1226 19
1605 1199 1631 1225 in
1655 1198 1774 1232 liturgiis
1789 1203 1813 1224 el

1028 1251 1178 1288 synaxibus
1204 1250 1277 1276 hunc,
1297 1247 1448 1283 praescribit
1466 1245 1599 1272 ordinem.
1625 1244 1689 1271 Post
1708 1243 1812 1270 habitos

1028 1297 1062 1324 ab
1077 1296 1205 1330 episcopo
1218 1301 1368 1324 sermones,
1380 1291 1637 1319 catechutncnormn
1653 1288 1812 1316 succedebat

1029 1343 1126 1370 oratio.
1141 1340 1247 1374 Quibus
1261 1338 1401 1374 digressis,
1415 1345 1497 1372 super
1514 1337 1673 1371 poenitctttes
1686 1334 1813 1361 orabant.

1029 1387 1048 1414 li
1065 1387 1116 1414 sub
1131 1393 1226 1413 manus
1243 1384 1392 1412 subeuntes
1411 1382 1457 1410 ubi
1474 1385 1654 1410 recesserant,
1674 1384 1731 1406 tum
1750 1379 1809 1405 lide-

1028 1434 1094 1461 liutn
1117 1433 1214 1467 triplex
1237 1431 1326 1458 oratio
1350 1428 1555 1464 concipiebatur
1569 1437 1575 1454 :
1591 1424 1648 1453 Εἴθ’
1662 1425 1749 1458 οὕτως
1765 1424 1813 1459 τὴν

1028 1480 1139 1516 εἰρήνην
1155 1477 1273 1504 δίδοσθαι
1291 1477 1370 1511 jubet
1391 1485 1398 1502 :
1412 1475 1459 1502 καὶ
1477 1474 1545 1510 μετὰ
1561 1474 1590 1500 τὸ
1612 1472 1829 1508 πρεσϐυτέρους·

1027 1525 1117 1552 δοῦναι
1132 1524 1170 1560 τῷ
1187 1524 1327 1558 ἐπισκόπῳ
1345 1522 1394 1557 τὴν
1411 1522 1532 1556 εἰρήνην,
1551 1520 1611 1547 τότε
1627 1520 1690 1551 τοὺς
1704 1519 1813 1549 Minoia;

1027 1573 1077 1608 τὴν
1092 1572 1202 1607 εἰρήνην
1219 1570 1327 1598 διδόναι·
1344 1570 1391 1596 καὶ
1406 1568 1476 1595 οὓτω
1495 1568 1544 1603 τὴν
1560 1568 1639 1601 ἁγίαν
1656 1565 1813 1602 προσφορὰν

1028 1617 1221 1645 ἐπιτελεῖσθαι.
1250 1616 1316 1643 Tum
1341 1623 1403 1650 pax,
1427 1615 1525 1649 inquit,
1549 1613 1654 1645 danda;
1674 1621 1752 1647 quam
1771 1612 1813 1638 ubi

1028 1666 1148 1699 episcopo
1170 1663 1317 1690 sacerdotes
1338 1661 1531 1696 impertiat-int,
1549 1659 1612 1686 laici
1633 1658 1683 1685 sibi
1704 1658 1812 1684 invicem

1028 1710 1144 1742 dabunt;
1156 1709 1300 1736 secundum
1315 1715 1374 1742 quw
1391 1707 1547 1742 perﬁciatur
1560 1705 1671 1731 oblatio.
1686 1704 1721 1730 At
1735 1703 1810 1730 lnno-

1028 1757 1134 1784 cetttitts
1149 1756 1229 1790 epist.
1244 1763 1251 1782 ι
1268 1754 1302 1781 ad
1320 1753 1424 1780 Decem.
1443 1760 1503 1787 cap.
1520 1752 1544 1783 1,
1570 1759 1664 1786 pacem
1690 1750 1812 1785 prohibet

1028 1807 1090 1829 ante
1106 1801 1180 1828 [inita
1200 1799 1328 1834 mysteria
1352 1798 1420 1825 dari.
1446 1797 1540 1823 Pacem
1556 1803 1616 1830 ergo
1639 1796 1748 1826 asseris,
1771 1794 1812 1820 in-

1028 1846 1097 1881 quit,
1117 1850 1176 1872 ante
1189 1844 1307 1878 confecta
1325 1843 1449 1877 mysteria
1468 1842 1594 1876 quosdam
1614 1840 1717 1874 populi:
1734 1839 1815 1873 imp:-

1029 1900 1098 1925 rare,
1125 1891 1163 1919 uel
1186 1891 1236 1917 sibi
1263 1890 1332 1916 ἰηιεὴ
1356 1889 1504 1915 sacerdotes
1529 1887 1643 1918 tradere,
1670 1894 1729 1912 cum
1757 1890 1815 1920 post

1029 1938 1127 1970 omnia,
1141 1945 1200 1972 qua:
1217 1937 1318 1971 aperire
1332 1944 1381 1962 non
1395 1934 1482 1966 debeo,
1495 1941 1549 1968 pax
1563 1934 1596 1959 sit
1612 1932 1760 1959 necessario
1774 1932 1815 1958 in-

1028 1983 1149 2016 dicendo,
1166 1991 1211 2018 per
1226 1991 1305 2018 quant
1329 1986 1428 2008 constet
1446 1979 1571 2015 populant
1587 1979 1621 2005 ad
1642 1979 1742 2009 omnia,
1758 1986 1816 2013 qua:

1028 2030 1055 2056 in
1070 2030 1201 2065 mysteriis
1217 2032 1343 2063 aguntur.
1364 2032 1441 2062 atque
1459 2027 1486 2053 in
1503 2025 1624 2052 Ecclesia
1640 2024 1814 2054 celebrantur,

1028 2075 1142 2111 pra'bere
1156 2083 1309 2102 consensum
1314 2094 1321 2100 .

1064 2121 1169 2154 Quibus
1191 2120 1332 2148 subductis
1349 2119 1491 2150 omnibus,
1508 2118 1593 2152 liquet
1614 2115 1816 2142 vetustissimos

1028 2168 1109 2195 etiam
1125 2167 1298 2195 Christianos
1321 2166 1346 2192 in
1365 2165 1515 2201 synaxibus
1531 2164 1587 2190 suis
1613 2170 1666 2189 non
1686 2166 1816 2196 perpetuo

1029 2213 1267 2244 communicasse,
1290 2211 1396 2246 publice
1428 2210 1524 2238 saltent
1553 2216 1585 2235 ac
1607 2208 1736 2243 legitime.
1763 2206 1816 2233 Nec

188 2247 322 2280 Quocirca
347 2249 513 2276 sacrificium
539 2257 711 2284 nequaquam
736 2259 783 2286 per
803 2251 898 2286 jejunii
920 2252 976 2280 dies

1031 2259 1142 2286 interim
1156 2265 1287 2293 negamus
1303 2257 1428 2292 privatim
1447 2255 1531 2287 domi,
1546 2255 1590 2282 vel
1609 2260 1685 2281 extra
1700 2254 1815 2288 synaxin

189 2297 310 2323 oblatum
329 2300 381 2327 est,
402 2297 448 2324 scd
468 2305 499 2324 ea
520 2298 747 2331 rctractabantur,
764 2307 824 2333 qua:
836 2299 893 2334 jam
912 2304 976 2326 ante

187 2348 348 2369 Consecrata
364 2341 483 2374 fuerant,
496 2344 534 2370 uti
550 2350 631 2370 sacro
643 2343 807 2383 Parasceves
819 2352 924 2380 magnae
934 2345 978 2373 die

188 2388 260 2422 apud
284 2396 334 2415 nos
355 2388 413 2415 lleri
434 2389 585 2416 consuevit.
612 2388 727 2416 Exstant
753 2389 806 2417 illae
832 2390 887 2417 τῶν
909 2399 976 2425 προ-

188 2433 364 2468 ηγιασμένων
380 2433 544 2470 λειτουργίαι
557 2438 622 2461 tom.
635 2434 667 2461 Vl
677 2435 805 2462 Biblioth.
819 2444 881 2462 cum
891 2436 979 2463 Gene-

189 2476 283 2505 brardi
301 2478 474 2513 Prtefatione,
492 2481 517 2507 in
535 2488 589 2515 qua
612 2480 768 2508 Graecorum
792 2481 875 2508 ritum
900 2481 976 2508 illum

189 2526 323 2554 adversus
337 2527 487 2554 catltolicos
510 2527 643 2562 quosdam
665 2528 790 2554 doctores
805 2532 974 2562 propugnat;

187 2578 324 2608 negatque
339 2577 480 2608 propterea
497 2572 682 2601 damnandum
696 2581 766 2606 esse,
780 2574 852 2608 quod
865 2574 938 2601 nttlla
950 2573 977 2600 in

187 2619 224 2647 iis
241 2619 359 2654 liturgiis
372 2627 459 2654 tteque
472 2620 654 2654 consecratio,
672 2628 759 2655 neque
775 2620 931 2648 distributio
945 2628 978 2649 ac

187 2667 347 2694 communio
367 2667 563 2695 contineretur.
587 2667 705 2702 Apparet
722 2672 824 2700 autem,
845 2667 978 2702 quemad-

188 2712 345 2739 modumin
371 2713 531 2748 synaxibus,
555 2721 615 2748 quae
639 2721 687 2748 per
710 2713 771 2741 illos
795 2713 852 2741 dies
868 2714 977 2747 ﬁebant,

187 2758 296 2786 nullum
308 2763 349 2786 est
359 2759 479 2786 oblatuttt
492 2759 668 2792 sacriﬁcium,
687 2759 723 2786 ita
739 2760 840 2787 nullam
858 2760 977 2788 lideliunt

188 2805 411 2832 communionem
437 2805 584 2833 exstitisse.
607 2805 684 2838 Quod
712 2810 841 2840 praeterea
866 2806 920 2833 alio
943 2814 977 2833 ex

188 2854 352 2881 argumento
364 2851 510 2885 colligitur.
524 2849 629 2878 Etenim
642 2851 889 2886 nequejejunantes
901 2858 976 2878 oscu-

190 2891 246 2919 lum
263 2894 339 2928 pacis
355 2895 486 2924 fratribus
509 2895 746 2931 imparticbantur,
769 2893 860 2932 neque
875 2901 974 2931 myste-

1029 2303 1232 2330 cotnmunicare
1248 2302 1356 2336 aliquos
1375 2301 1507 2336 potuisse,
1524 2307 1586 2327 cuttt
1604 2299 1815 2330 Ettcharisliant,

1028 2356 1110 2383 quam
1129 2356 1143 2374 a
1162 2348 1302 2375 sacerdote
1325 2347 1410 2375 semel
1433 2349 1608 2380 acceperant,
1629 2345 1701 2371 donti
1727 2352 1816 2371 reser-

1028 2399 1118 2421 vatam
1136 2395 1257 2429 reliquos
1272 2394 1300 2420 itt
1328 2394 1385 2421 dies
1397 2393 1555 2426 dispensare
1567 2391 1694 2419 solerent.
1712 2389 1748 2416 De
1762 2397 1816 2424 quo

1027 2440 1089 2467 vide
1103 2447 1164 2475 qua:
1179 2439 1297 2466 Basilius
1321 2438 1399 2473 epist.
1418 2437 1471 2464 289
1494 2437 1528 2463 ad
1552 2436 1697 2464 Ctrsariam
1724 2435 1815 2461 l'atri-

1027 2487 1096 2513 ciant
1115 2485 1231 2519 scribit;
1256 2490 1312 2512 tum
1336 2484 1480 2510 Annalium
1499 2487 1638 2509 auctoretn
1659 2481 1692 2508 ad
1713 2488 1814 2507 annum

1029 2531 1074 2559 57.
1095 2530 1186 2558 Redeo
1208 2530 1264 2565 jam
1281 2529 1314 2557 ad
1331 2536 1448 2564 synaxcs
1475 2528 1546 2560 illas,
1565 2534 1634 2561 quas
1649 2525 1816 2560 Epiphanius

1029 2577 1063 2604 ab
1077 2575 1207 2610 apostolis
1230 2574 1315 2602 fuisse
1333 2574 1446 2601 traditas
1466 2572 1591 2605 allirmat,
1614 2571 1687 2598 ferite
1700 2576 1814 2604 quarta),

1029 2621 1205 2652 Parasceres,
1221 2625 1248 2647 et
1260 2619 1420 2648 Dominicat.
1439 2619 1512 2645 lnter
1525 2626 1594 2654 quas
1612 2617 1726 2644 tniretur
1742 2617 1815 2651 quis-

1028 2668 1100 2702 piam
1118 2667 1230 2694 Sabbati
1246 2667 1412 2694 tttentioncm
1430 2667 1532 2693 nullam
1549 2673 1610 2693 esse
1625 2664 1725 2691 factatn
1740 2672 1747 2689 :
1765 2663 1815 2689 hoc

1029 2712 1103 2739 ettitn
1118 2712 1162 2740 die
1183 2719 1300 2747 synaxes
1314 2711 1427 2739 Oriente
1445 2711 1501 2738 fere
1524 2715 1580 2738 toto
1599 2709 1762 2738 celebratas.
1785 2714 1814 2734 ac

1028 2758 1200 2794 frequentata
1223 2758 1350 2793 mysteria
1373 2762 1488 2785 testatur
1506 2757 1635 2784 Socrates
1660 2756 1708 2782 lib.
1726 2755 1773 2781 illo
1789 2761 1813 2785 ν,

1028 2812 1053 2833 c.
1065 2804 1109 2831 ‘22.
1122 2804 1283 2839 Quanquam
1300 2804 1352 2837 hic,
1369 2809 1397 2831 ut
1414 2809 1441 2831 et
1465 2803 1574 2830 Sozom.
1591 2802 1637 2829 lib.
1652 2809 1702 2833 vn,
1725 2808 1750 2828 ο.
1767 2799 1809 2830 l9,

1029 2851 1229 2879 Alexandrinos
1256 2855 1283 2878 et
1297 2850 1435 2878 Romanos
1457 2849 1576 2884 excipit:
1593 2847 1653 2874 Τῶν
1669 2846 1725 2881 γὰρ
1745 2853 1813 2873 παν-

1028 2897 1110 2932 ταχοῦ
1126 2897 1173 2932 τῆς
1186 2896 1350 2932 οἰκουμένης
1370 2895 1538 2932 Ἐχκὶησιών
1559 2895 1587 2922 ἐν
1601 2893 1693 2930 ἡμέρᾳ.
1705 2891 1812 2920 £16311-
