  <div class='ocr_page' id='page_1' title='image "/cluster/home/n/w/nwhite01/storage/ocr_20150623/42/njp.32101077772588/572.png"; bbox 0 0 1925 3043; ppageno 0'>
   <div class='ocr_carea' id='block_1_1' title="bbox 97 179 171 207">
    <p class='ocr_par' dir='ltr' id='par_1_1' title="bbox 97 179 171 207">
     <span class='ocr_line' id='line_1_1' title="bbox 97 179 171 207; baseline 0 0"><span class='ocrx_word' id='word_1_1' title='bbox 97 179 171 207; x_wconf 75' lang='grc'><strong>1085</strong></span> 
     </span>
    </p>
   </div>
   <div class='ocr_carea' id='block_1_2' title="bbox 493 161 1335 214">
    <p class='ocr_par' dir='ltr' id='par_1_2' title="bbox 493 161 1335 214">
     <span class='ocr_line' id='line_1_2' title="bbox 493 161 1335 214; baseline 0.002 -8"><span class='ocrx_word' id='word_1_2' title='bbox 493 178 538 206; x_wconf 88' lang='lat' dir='ltr'><strong>DE</strong></span> <span class='ocrx_word' id='word_1_3' title='bbox 557 179 750 207; x_wconf 74' lang='lat' dir='ltr'><strong>versamus</strong></span> <span class='ocrx_word' id='word_1_4' title='bbox 767 161 1168 214; x_wconf 65' lang='lat' dir='ltr'><strong>QUiBusnAutitiELEst/E</strong></span> <span class='ocrx_word' id='word_1_5' title='bbox 1188 165 1335 209; x_wconf 69' lang='lat' dir='ltr'><strong>mrtuus.</strong></span> 
     </span>
    </p>
   </div>
   <div class='ocr_carea' id='block_1_3' title="bbox 1662 179 1729 209">
    <p class='ocr_par' dir='ltr' id='par_1_3' title="bbox 1662 179 1729 209">
     <span class='ocr_line' id='line_1_3' title="bbox 1662 179 1729 209; baseline -0.03 0"><span class='ocrx_word' id='word_1_6' title='bbox 1662 179 1729 209; x_wconf 58' lang='lat' dir='ltr'><strong>lCSI’i</strong></span> 
     </span>
    </p>
   </div>
   <div class='ocr_carea' id='block_1_4' title="bbox 93 235 890 274">
    <p class='ocr_par' dir='ltr' id='par_1_4' title="bbox 93 235 889 273">
     <span class='ocr_line' id='line_1_4' title="bbox 93 235 889 273; baseline 0 -8"><span class='ocrx_word' id='word_1_7' title='bbox 93 245 154 265; x_wconf 79' lang='grc' dir='ltr'><strong>των</strong></span> <span class='ocrx_word' id='word_1_8' title='bbox 169 235 240 264; x_wconf 75' lang='grc' dir='ltr'><strong>κατὰ</strong></span> <span class='ocrx_word' id='word_1_9' title='bbox 256 236 347 263; x_wconf 62' lang='grc' dir='ltr'>πᾶσαν</span> <span class='ocrx_word' id='word_1_10' title='bbox 363 235 507 272; x_wconf 58' lang='grc' dir='ltr'><strong>ἐϐδθμάδος</strong></span> <span class='ocrx_word' id='word_1_11' title='bbox 520 237 644 273; x_wconf 75' lang='grc' dir='ltr'>περίοδον</span> <span class='ocrx_word' id='word_1_12' title='bbox 659 238 840 265; x_wconf 75' lang='grc' dir='ltr'><strong>ἐπιτελουσῶν</strong></span> <span class='ocrx_word' id='word_1_13' title='bbox 856 238 889 266; x_wconf 81' lang='grc' dir='ltr'><strong>τὰ</strong></span> 
     </span>
    </p>
   </div>
   <div class='ocr_carea' id='block_1_5' title="bbox 942 235 1730 274">
    <p class='ocr_par' dir='ltr' id='par_1_5' title="bbox 942 238 1730 274">
     <span class='ocr_line' id='line_1_5' title="bbox 942 238 1730 274; baseline -0.001 -8"><span class='ocrx_word' id='word_1_14' title='bbox 942 248 1030 272; x_wconf 81' lang='grc' dir='ltr'>τινος’</span> <span class='ocrx_word' id='word_1_15' title='bbox 1049 239 1106 266; x_wconf 78' lang='lat' dir='ltr'><strong>Nos</strong></span> <span class='ocrx_word' id='word_1_16' title='bbox 1122 244 1214 274; x_wconf 86' lang='lat' dir='ltr'><strong>quater</strong></span> <span class='ocrx_word' id='word_1_17' title='bbox 1238 240 1265 266; x_wconf 87' lang='lat' dir='ltr'><strong>in</strong></span> <span class='ocrx_word' id='word_1_18' title='bbox 1279 247 1380 274; x_wconf 83' lang='lat' dir='ltr'><strong>quaque</strong></span> <span class='ocrx_word' id='word_1_19' title='bbox 1399 238 1562 265; x_wconf 62' lang='lat' dir='ltr'><strong>Imbilomada</strong></span> <span class='ocrx_word' id='word_1_20' title='bbox 1586 240 1730 265; x_wconf 76' lang='lat' dir='ltr'><strong>centumui-</strong></span> 
     </span>
    </p>
   </div>
   <div class='ocr_carea' id='block_1_6' title="bbox 96 281 892 319">
    <p class='ocr_par' dir='ltr' id='par_1_6' title="bbox 96 281 892 319">
     <span class='ocr_line' id='line_1_6' title="bbox 96 281 892 319; baseline 0.003 -12"><span class='ocrx_word' id='word_1_21' title='bbox 96 282 252 318; x_wconf 76' lang='grc' dir='ltr'><strong>μυστήρια,</strong></span> <span class='ocrx_word' id='word_1_22' title='bbox 262 281 287 307; x_wconf 87' lang='grc' dir='ltr'><strong>οἱ</strong></span> <span class='ocrx_word' id='word_1_23' title='bbox 303 282 331 307; x_wconf 81' lang='grc' dir='ltr'>ἐν</span> <span class='ocrx_word' id='word_1_24' title='bbox 344 283 376 316; x_wconf 80' lang='grc' dir='ltr'><strong>τῇ</strong></span> <span class='ocrx_word' id='word_1_25' title='bbox 392 281 580 317; x_wconf 72' lang='grc' dir='ltr'><strong>Ἀλεξανδρείᾳ</strong></span> <span class='ocrx_word' id='word_1_26' title='bbox 598 282 644 308; x_wconf 79' lang='grc' dir='ltr'><strong>καὶ</strong></span> <span class='ocrx_word' id='word_1_27' title='bbox 663 283 686 308; x_wconf 75' lang='grc' dir='ltr'><strong>οἱ</strong></span> <span class='ocrx_word' id='word_1_28' title='bbox 705 284 732 308; x_wconf 76' lang='grc' dir='ltr'>ἐν</span> <span class='ocrx_word' id='word_1_29' title='bbox 749 284 782 318; x_wconf 82' lang='grc' dir='ltr'><strong>τῇ</strong></span> <span class='ocrx_word' id='word_1_30' title='bbox 798 283 892 319; x_wconf 83' lang='grc' dir='ltr'><strong>Ῥώμῃ</strong></span> 
     </span>
    </p>
   </div>
   <div class='ocr_carea' id='block_1_7' title="bbox 95 327 889 365">
    <p class='ocr_par' dir='ltr' id='par_1_7' title="bbox 95 327 889 365">
     <span class='ocr_line' id='line_1_7' title="bbox 95 327 889 365; baseline 0.003 -11"><span class='ocrx_word' id='word_1_31' title='bbox 95 329 131 354; x_wconf 77' lang='grc' dir='ltr'><strong>ἐκ</strong></span> <span class='ocrx_word' id='word_1_32' title='bbox 147 335 221 359; x_wconf 82' lang='grc' dir='ltr'><strong>τινος</strong></span> <span class='ocrx_word' id='word_1_33' title='bbox 238 327 355 363; x_wconf 68' lang='grc' dir='ltr'><strong>ἀρχαίας</strong></span> <span class='ocrx_word' id='word_1_34' title='bbox 367 327 543 362; x_wconf 67' lang='grc' dir='ltr'><strong>παραδόσεως</strong></span> <span class='ocrx_word' id='word_1_35' title='bbox 558 327 637 354; x_wconf 72' lang='grc' dir='ltr'><strong>τοῦτο</strong></span> <span class='ocrx_word' id='word_1_36' title='bbox 657 329 743 355; x_wconf 79' lang='grc' dir='ltr'>ποιεῖν</span> <span class='ocrx_word' id='word_1_37' title='bbox 763 329 889 365; x_wconf 81' lang='grc' dir='ltr'><strong>παρῃτή-</strong></span> 
     </span>
    </p>
   </div>
   <div class='ocr_carea' id='block_1_8' title="bbox 97 372 891 402">
    <p class='ocr_par' dir='ltr' id='par_1_8' title="bbox 97 372 891 402">
     <span class='ocr_line' id='line_1_8' title="bbox 97 372 891 402; baseline 0.003 -3"><span class='ocrx_word' id='word_1_38' title='bbox 97 382 195 400; x_wconf 78' lang='grc' dir='ltr'><strong>σαντο.</strong></span> <span class='ocrx_word' id='word_1_39' title='bbox 218 373 284 400; x_wconf 88' lang='lat' dir='ltr'><strong>Cum</strong></span> <span class='ocrx_word' id='word_1_40' title='bbox 307 372 375 400; x_wconf 83' lang='lat' dir='ltr'><strong>enim</strong></span> <span class='ocrx_word' id='word_1_41' title='bbox 393 381 480 400; x_wconf 84' lang='lat' dir='ltr'><strong>omnes</strong></span> <span class='ocrx_word' id='word_1_42' title='bbox 495 374 575 400; x_wconf 73' lang='lat' dir='ltr'><strong>totius</strong></span> <span class='ocrx_word' id='word_1_43' title='bbox 593 374 663 400; x_wconf 80' lang='lat' dir='ltr'><strong><em>orbis</em></strong></span> <span class='ocrx_word' id='word_1_44' title='bbox 684 374 809 402; x_wconf 72' lang='lat' dir='ltr'><strong>Ecclesia:</strong></span> <span class='ocrx_word' id='word_1_45' title='bbox 823 374 891 401; x_wconf 88' lang='lat' dir='ltr'><strong>Sab—</strong></span> 
     </span>
    </p>
   </div>
   <div class='ocr_carea' id='block_1_9' title="bbox 97 419 891 455">
    <p class='ocr_par' dir='ltr' id='par_1_9' title="bbox 97 419 891 455">
     <span class='ocr_line' id='line_1_9' title="bbox 97 419 891 455; baseline 0.001 -9"><span class='ocrx_word' id='word_1_46' title='bbox 97 420 172 447; x_wconf 81' lang='lat' dir='ltr'><strong>batis</strong></span> <span class='ocrx_word' id='word_1_47' title='bbox 195 419 316 446; x_wconf 82' lang='lat' dir='ltr'><strong>omnibus</strong></span> <span class='ocrx_word' id='word_1_48' title='bbox 331 427 377 453; x_wconf 72' lang='lat' dir='ltr'><strong>per</strong></span> <span class='ocrx_word' id='word_1_49' title='bbox 394 427 604 455; x_wconf 83' lang='lat' dir='ltr'><strong>unamquamque</strong></span> <span class='ocrx_word' id='word_1_50' title='bbox 627 420 816 447; x_wconf 83' lang='lat' dir='ltr'><strong>hebdomadam</strong></span> <span class='ocrx_word' id='word_1_51' title='bbox 834 429 891 455; x_wconf 81' lang='lat' dir='ltr'><strong>my-</strong></span> 
     </span>
    </p>
   </div>
   <div class='ocr_carea' id='block_1_10' title="bbox 93 464 892 497">
    <p class='ocr_par' dir='ltr' id='par_1_10' title="bbox 93 464 892 497">
     <span class='ocr_line' id='line_1_10' title="bbox 93 464 892 497; baseline 0 -5"><span class='ocrx_word' id='word_1_52' title='bbox 93 465 183 492; x_wconf 60' lang='lat' dir='ltr'><strong>steria</strong></span> <span class='ocrx_word' id='word_1_53' title='bbox 204 464 346 497; x_wconf 81' lang='lat' dir='ltr'><strong>celebrent,</strong></span> <span class='ocrx_word' id='word_1_54' title='bbox 376 465 550 492; x_wconf 73' lang='lat' dir='ltr'><strong>Alexandrini</strong></span> <span class='ocrx_word' id='word_1_55' title='bbox 573 469 597 491; x_wconf 87' lang='lat' dir='ltr'><strong>et</strong></span> <span class='ocrx_word' id='word_1_56' title='bbox 620 465 731 492; x_wconf 71' lang='lat' dir='ltr'><strong>Roman;</strong></span> <span class='ocrx_word' id='word_1_57' title='bbox 755 473 787 492; x_wconf 77' lang='lat' dir='ltr'><strong>ea:</strong></span> <span class='ocrx_word' id='word_1_58' title='bbox 809 471 892 493; x_wconf 81' lang='lat' dir='ltr'><strong>vetere</strong></span> 
     </span>
    </p>
   </div>
   <div class='ocr_carea' id='block_1_11' title="bbox 99 510 891 545">
    <p class='ocr_par' dir='ltr' id='par_1_11' title="bbox 99 510 891 545">
     <span class='ocr_line' id='line_1_11' title="bbox 99 510 891 545; baseline 0.003 -9"><span class='ocrx_word' id='word_1_59' title='bbox 99 510 220 545; x_wconf 85' lang='lat' dir='ltr'><strong>quadam</strong></span> <span class='ocrx_word' id='word_1_60' title='bbox 249 510 392 538; x_wconf 84' lang='lat' dir='ltr'><strong>traditione</strong></span> <span class='ocrx_word' id='word_1_61' title='bbox 414 511 442 537; x_wconf 87' lang='lat' dir='ltr'><strong>id</strong></span> <span class='ocrx_word' id='word_1_62' title='bbox 466 519 541 545; x_wconf 83' lang='lat' dir='ltr'><strong>agere</strong></span> <span class='ocrx_word' id='word_1_63' title='bbox 568 510 755 538; x_wconf 73' lang='lat' dir='ltr'><strong>detrectarunt.</strong></span> <span class='ocrx_word' id='word_1_64' title='bbox 780 511 817 538; x_wconf 81' lang='lat' dir='ltr'><strong>Ita</strong></span> <span class='ocrx_word' id='word_1_65' title='bbox 838 519 891 538; x_wconf 87' lang='lat' dir='ltr'><strong>non</strong></span> 
     </span>
    </p>
   </div>
   <div class='ocr_carea' id='block_1_12' title="bbox 98 554 890 588">
    <p class='ocr_par' dir='ltr' id='par_1_12' title="bbox 98 554 890 588">
     <span class='ocr_line' id='line_1_12' title="bbox 98 554 890 588; baseline 0 -6"><span class='ocrx_word' id='word_1_66' title='bbox 98 554 223 583; x_wconf 84' lang='lat' dir='ltr'><strong>Orientis</strong></span> <span class='ocrx_word' id='word_1_67' title='bbox 241 557 333 588; x_wconf 86' lang='lat' dir='ltr'><strong>modo,</strong></span> <span class='ocrx_word' id='word_1_68' title='bbox 355 556 401 583; x_wconf 87' lang='lat' dir='ltr'><strong>sed</strong></span> <span class='ocrx_word' id='word_1_69' title='bbox 417 560 443 583; x_wconf 91' lang='lat' dir='ltr'><strong>et</strong></span> <span class='ocrx_word' id='word_1_70' title='bbox 463 556 547 583; x_wconf 83' lang='lat' dir='ltr'><strong>totius</strong></span> <span class='ocrx_word' id='word_1_71' title='bbox 569 556 643 583; x_wconf 86' lang='lat' dir='ltr'><strong>orbis</strong></span> <span class='ocrx_word' id='word_1_72' title='bbox 664 556 890 583; x_wconf 76' lang='lat' dir='ltr'><strong>consuetudinem</strong></span> 
     </span>
    </p>
   </div>
   <div class='ocr_carea' id='block_1_13' title="bbox 97 599 892 636">
    <p class='ocr_par' dir='ltr' id='par_1_13' title="bbox 97 599 892 636">
     <span class='ocr_line' id='line_1_13' title="bbox 97 599 892 636; baseline -0.001 -9"><span class='ocrx_word' id='word_1_73' title='bbox 97 601 189 628; x_wconf 80' lang='lat' dir='ltr'><strong>fuisse</strong></span> <span class='ocrx_word' id='word_1_74' title='bbox 209 601 320 633; x_wconf 91' lang='lat' dir='ltr'><strong>scribit;</strong></span> <span class='ocrx_word' id='word_1_75' title='bbox 343 601 415 636; x_wconf 89' lang='lat' dir='ltr'><strong>quod</strong></span> <span class='ocrx_word' id='word_1_76' title='bbox 436 608 487 635; x_wconf 80' lang='lat' dir='ltr'><strong>ego</strong></span> <span class='ocrx_word' id='word_1_77' title='bbox 502 608 596 627; x_wconf 83' lang='lat' dir='ltr'><strong>verum</strong></span> <span class='ocrx_word' id='word_1_78' title='bbox 612 608 666 626; x_wconf 88' lang='lat' dir='ltr'><strong>non</strong></span> <span class='ocrx_word' id='word_1_79' title='bbox 683 601 812 627; x_wconf 79' lang='lat' dir='ltr'><strong>arbitror.</strong></span> <span class='ocrx_word' id='word_1_80' title='bbox 829 599 892 627; x_wconf 81' lang='lat' dir='ltr'><strong>Fuit</strong></span> 
     </span>
    </p>
   </div>
   <div class='ocr_carea' id='block_1_14' title="bbox 99 645 889 681">
    <p class='ocr_par' dir='ltr' id='par_1_14' title="bbox 99 645 889 681">
     <span class='ocr_line' id='line_1_14' title="bbox 99 645 889 681; baseline 0.001 -9"><span class='ocrx_word' id='word_1_81' title='bbox 99 647 176 673; x_wconf 89' lang='lat' dir='ltr'><strong>cuim</strong></span> <span class='ocrx_word' id='word_1_82' title='bbox 209 646 329 674; x_wconf 74' lang='lat' dir='ltr'><strong>Orientis</strong></span> <span class='ocrx_word' id='word_1_83' title='bbox 360 646 415 674; x_wconf 84' lang='lat' dir='ltr'><strong>lere</strong></span> <span class='ocrx_word' id='word_1_84' title='bbox 432 646 528 674; x_wconf 87' lang='lat' dir='ltr'><strong>solius.</strong></span> <span class='ocrx_word' id='word_1_85' title='bbox 559 645 587 672; x_wconf 90' lang='lat' dir='ltr'><strong>In</strong></span> <span class='ocrx_word' id='word_1_86' title='bbox 613 646 761 681; x_wconf 81' lang='lat' dir='ltr'><strong>Responsis</strong></span> <span class='ocrx_word' id='word_1_87' title='bbox 784 647 889 673; x_wconf 78' lang='lat' dir='ltr'><strong>Canon.</strong></span> 
     </span>
    </p>
   </div>
   <div class='ocr_carea' id='block_1_15' title="bbox 98 691 891 728">
    <p class='ocr_par' dir='ltr' id='par_1_15' title="bbox 98 691 891 728">
     <span class='ocr_line' id='line_1_15' title="bbox 98 691 891 728; baseline 0.001 -9"><span class='ocrx_word' id='word_1_88' title='bbox 98 691 240 720; x_wconf 84' lang='lat' dir='ltr'><strong>Timothei</strong></span> <span class='ocrx_word' id='word_1_89' title='bbox 267 693 399 720; x_wconf 77' lang='lat' dir='ltr'><strong>Alexaud.</strong></span> <span class='ocrx_word' id='word_1_90' title='bbox 429 693 501 727; x_wconf 86' lang='lat' dir='ltr'><strong>apud</strong></span> <span class='ocrx_word' id='word_1_91' title='bbox 533 692 664 726; x_wconf 83' lang='lat' dir='ltr'><strong>Balsam.,</strong></span> <span class='ocrx_word' id='word_1_92' title='bbox 682 693 812 728; x_wconf 69' lang='lat' dir='ltr'><strong>Iutarrog.</strong></span> <span class='ocrx_word' id='word_1_93' title='bbox 844 701 891 720; x_wconf 84' lang='lat' dir='ltr'><strong>xm</strong></span> 
     </span>
    </p>
   </div>
   <div class='ocr_carea' id='block_1_16' title="bbox 99 738 893 774">
    <p class='ocr_par' dir='ltr' id='par_1_16' title="bbox 99 738 893 774">
     <span class='ocr_line' id='line_1_16' title="bbox 99 738 893 774; baseline 0 -8"><span class='ocrx_word' id='word_1_94' title='bbox 99 739 248 774; x_wconf 69' lang='lat' dir='ltr'><strong>quaesitum</strong></span> <span class='ocrx_word' id='word_1_95' title='bbox 266 743 309 766; x_wconf 89' lang='lat' dir='ltr'><strong>est</strong></span> <span class='ocrx_word' id='word_1_96' title='bbox 328 749 334 766; x_wconf 95' lang='lat'><strong>:</strong></span> <span class='ocrx_word' id='word_1_97' title='bbox 354 739 454 774; x_wconf 86' lang='lat' dir='ltr'><strong>quibus</strong></span> <span class='ocrx_word' id='word_1_98' title='bbox 479 739 574 765; x_wconf 76' lang='lat' dir='ltr'><strong>diebus</strong></span> <span class='ocrx_word' id='word_1_99' title='bbox 600 738 732 773; x_wconf 80' lang='lat' dir='ltr'><strong>conjuges</strong></span> <span class='ocrx_word' id='word_1_100' title='bbox 752 739 893 766; x_wconf 87' lang='lat' dir='ltr'><strong>continere</strong></span> 
     </span>
    </p>
   </div>
   <div class='ocr_carea' id='block_1_17' title="bbox 99 783 892 819">
    <p class='ocr_par' dir='ltr' id='par_1_17' title="bbox 99 783 892 819">
     <span class='ocr_line' id='line_1_17' title="bbox 99 783 892 819; baseline -0.001 -7"><span class='ocrx_word' id='word_1_101' title='bbox 99 785 241 812; x_wconf 78' lang='lat' dir='ltr'><strong>debeam?</strong></span> <span class='ocrx_word' id='word_1_102' title='bbox 265 784 420 819; x_wconf 86' lang='lat' dir='ltr'><strong>Respondet</strong></span> <span class='ocrx_word' id='word_1_103' title='bbox 453 784 611 811; x_wconf 88' lang='lat' dir='ltr'><strong>Timotheus</strong></span> <span class='ocrx_word' id='word_1_104' title='bbox 636 786 748 811; x_wconf 67' lang='lat' dir='ltr'><strong>omnino</strong></span> <span class='ocrx_word' id='word_1_105' title='bbox 772 783 892 812; x_wconf 85' lang='lat' dir='ltr'><strong>Sahbato</strong></span> 
     </span>
    </p>
   </div>
   <div class='ocr_carea' id='block_1_18' title="bbox 100 830 892 866">
    <p class='ocr_par' dir='ltr' id='par_1_18' title="bbox 100 830 892 866">
     <span class='ocr_line' id='line_1_18' title="bbox 100 830 892 866; baseline -0.001 -8"><span class='ocrx_word' id='word_1_106' title='bbox 100 839 135 858; x_wconf 88' lang='lat' dir='ltr'><strong>ac</strong></span> <span class='ocrx_word' id='word_1_107' title='bbox 154 831 298 858; x_wconf 88' lang='lat' dir='ltr'><strong>Dominiea</strong></span> <span class='ocrx_word' id='word_1_108' title='bbox 321 831 544 865; x_wconf 69' lang='lat' dir='ltr'><strong>temperandum,</strong></span> <span class='ocrx_word' id='word_1_109' title='bbox 565 830 608 856; x_wconf 76' lang='grc' dir='ltr'><strong>διὰ</strong></span> <span class='ocrx_word' id='word_1_110' title='bbox 624 830 653 856; x_wconf 74' lang='grc' dir='ltr'><strong>τὸ</strong></span> <span class='ocrx_word' id='word_1_111' title='bbox 675 831 703 856; x_wconf 82' lang='grc' dir='ltr'>ἐν</span> <span class='ocrx_word' id='word_1_112' title='bbox 726 831 820 862; x_wconf 77' lang='grc' dir='ltr'>αὐταῖς</span> <span class='ocrx_word' id='word_1_113' title='bbox 844 830 892 866; x_wconf 75' lang='grc' dir='ltr'><strong>τὴν</strong></span> 
     </span>
    </p>
   </div>
   <div class='ocr_carea' id='block_1_19' title="bbox 100 875 892 911">
    <p class='ocr_par' dir='ltr' id='par_1_19' title="bbox 100 875 892 911">
     <span class='ocr_line' id='line_1_19' title="bbox 100 875 892 911; baseline 0 -9"><span class='ocrx_word' id='word_1_114' title='bbox 100 876 292 911; x_wconf 77' lang='grc' dir='ltr'><strong>πνευματικὴν</strong></span> <span class='ocrx_word' id='word_1_115' title='bbox 307 875 401 902; x_wconf 70' lang='grc' dir='ltr'>θυσίαν</span> <span class='ocrx_word' id='word_1_116' title='bbox 421 875 605 910; x_wconf 74' lang='grc' dir='ltr'><strong>ἀναφέρεσθαι</strong></span> <span class='ocrx_word' id='word_1_117' title='bbox 623 875 662 910; x_wconf 83' lang='grc' dir='ltr'>τῷ</span> <span class='ocrx_word' id='word_1_118' title='bbox 680 876 784 911; x_wconf 77' lang='grc' dir='ltr'>Κυρίῳ.</span> <span class='ocrx_word' id='word_1_119' title='bbox 807 875 892 910; x_wconf 77' lang='lat' dir='ltr'><strong>igitur</strong></span> 
     </span>
    </p>
   </div>
   <div class='ocr_carea' id='block_1_20' title="bbox 101 921 891 956">
    <p class='ocr_par' dir='ltr' id='par_1_20' title="bbox 101 921 891 956">
     <span class='ocr_line' id='line_1_20' title="bbox 101 921 891 956; baseline -0.001 -7"><span class='ocrx_word' id='word_1_120' title='bbox 101 921 229 950; x_wconf 86' lang='lat' dir='ltr'><strong>Sabbatis</strong></span> <span class='ocrx_word' id='word_1_121' title='bbox 256 921 428 949; x_wconf 67' lang='lat' dir='ltr'><strong>Alexandria:</strong></span> <span class='ocrx_word' id='word_1_122' title='bbox 454 922 590 948; x_wconf 66' lang='lat' dir='ltr'><strong>colebrata</strong></span> <span class='ocrx_word' id='word_1_123' title='bbox 620 921 766 956; x_wconf 84' lang='lat' dir='ltr'><strong>mysteria,</strong></span> <span class='ocrx_word' id='word_1_124' title='bbox 795 925 891 948; x_wconf 87' lang='lat' dir='ltr'><strong>contra</strong></span> 
     </span>
    </p>
   </div>
   <div class='ocr_carea' id='block_1_21' title="bbox 100 965 890 1002">
    <p class='ocr_par' dir='ltr' id='par_1_21' title="bbox 100 965 890 1002">
     <span class='ocr_line' id='line_1_21' title="bbox 100 965 890 1002; baseline 0 -9"><span class='ocrx_word' id='word_1_125' title='bbox 100 974 186 1002; x_wconf 81' lang='lat' dir='ltr'><strong>quam</strong></span> <span class='ocrx_word' id='word_1_126' title='bbox 210 966 331 993; x_wconf 80' lang='lat' dir='ltr'><strong>Socratis</strong></span> <span class='ocrx_word' id='word_1_127' title='bbox 363 970 442 993; x_wconf 64' lang='lat' dir='ltr'><strong>aetate</strong></span> <span class='ocrx_word' id='word_1_128' title='bbox 477 965 577 993; x_wconf 83' lang='lat' dir='ltr'><strong>factum</strong></span> <span class='ocrx_word' id='word_1_129' title='bbox 605 970 655 994; x_wconf 88' lang='lat' dir='ltr'><strong>est.</strong></span> <span class='ocrx_word' id='word_1_130' title='bbox 680 966 762 1000; x_wconf 82' lang='lat' dir='ltr'><strong>Atqui</strong></span> <span class='ocrx_word' id='word_1_131' title='bbox 785 965 890 993; x_wconf 83' lang='lat' dir='ltr'><strong>fortean</strong></span> 
     </span>
    </p>
   </div>
   <div class='ocr_carea' id='block_1_22' title="bbox 100 1011 892 1048">
    <p class='ocr_par' dir='ltr' id='par_1_22' title="bbox 100 1011 892 1048">
     <span class='ocr_line' id='line_1_22' title="bbox 100 1011 892 1048; baseline -0.001 -9"><span class='ocrx_word' id='word_1_132' title='bbox 100 1012 193 1048; x_wconf 75' lang='lat' dir='ltr'><strong>Cyprii</strong></span> <span class='ocrx_word' id='word_1_133' title='bbox 207 1012 294 1046; x_wconf 87' lang='lat' dir='ltr'><strong>(apud</strong></span> <span class='ocrx_word' id='word_1_134' title='bbox 310 1019 379 1047; x_wconf 89' lang='lat' dir='ltr'><strong>quos</strong></span> <span class='ocrx_word' id='word_1_135' title='bbox 395 1011 446 1039; x_wconf 89' lang='lat' dir='ltr'><strong>ista</strong></span> <span class='ocrx_word' id='word_1_136' title='bbox 464 1012 574 1046; x_wconf 78' lang='lat' dir='ltr'><strong>scripsit</strong></span> <span class='ocrx_word' id='word_1_137' title='bbox 587 1011 774 1048; x_wconf 80' lang='lat' dir='ltr'><strong>Epiphanius)</strong></span> <span class='ocrx_word' id='word_1_138' title='bbox 789 1012 892 1039; x_wconf 77' lang='lat' dir='ltr'><strong>Roma-</strong></span> 
     </span>
    </p>
   </div>
   <div class='ocr_carea' id='block_1_23' title="bbox 100 1056 890 1092">
    <p class='ocr_par' dir='ltr' id='par_1_23' title="bbox 100 1056 890 1092">
     <span class='ocr_line' id='line_1_23' title="bbox 100 1056 890 1092; baseline -0.001 -6"><span class='ocrx_word' id='word_1_139' title='bbox 100 1066 164 1089; x_wconf 85' lang='lat' dir='ltr'><strong>nos,</strong></span> <span class='ocrx_word' id='word_1_140' title='bbox 175 1062 224 1084; x_wconf 88' lang='lat' dir='ltr'><strong>aut</strong></span> <span class='ocrx_word' id='word_1_141' title='bbox 236 1057 341 1084; x_wconf 89' lang='lat' dir='ltr'><strong>vicinos</strong></span> <span class='ocrx_word' id='word_1_142' title='bbox 357 1065 423 1084; x_wconf 90' lang='lat' dir='ltr'><strong>suos</strong></span> <span class='ocrx_word' id='word_1_143' title='bbox 433 1056 631 1084; x_wconf 75' lang='lat' dir='ltr'><strong>Alexandrinos</strong></span> <span class='ocrx_word' id='word_1_144' title='bbox 648 1058 757 1089; x_wconf 83' lang='lat' dir='ltr'><strong>imitati,</strong></span> <span class='ocrx_word' id='word_1_145' title='bbox 773 1065 890 1092; x_wconf 76' lang='lat' dir='ltr'><strong>synaxes</strong></span> 
     </span>
    </p>
   </div>
   <div class='ocr_carea' id='block_1_24' title="bbox 100 1102 892 1138">
    <p class='ocr_par' dir='ltr' id='par_1_24' title="bbox 100 1102 892 1138">
     <span class='ocr_line' id='line_1_24' title="bbox 100 1102 892 1138; baseline -0.003 -7"><span class='ocrx_word' id='word_1_146' title='bbox 100 1104 192 1132; x_wconf 88' lang='lat' dir='ltr'><strong>nullas</strong></span> <span class='ocrx_word' id='word_1_147' title='bbox 208 1102 335 1130; x_wconf 85' lang='lat' dir='ltr'><strong>Sabbatis</strong></span> <span class='ocrx_word' id='word_1_148' title='bbox 357 1103 531 1130; x_wconf 85' lang='lat' dir='ltr'><strong>instituerunt</strong></span> <span class='ocrx_word' id='word_1_149' title='bbox 546 1111 553 1129; x_wconf 94' lang='lat'><strong>:</strong></span> <span class='ocrx_word' id='word_1_150' title='bbox 572 1102 683 1138; x_wconf 80' lang='lat' dir='ltr'><strong>reliquis</strong></span> <span class='ocrx_word' id='word_1_151' title='bbox 696 1110 771 1134; x_wconf 89' lang='lat' dir='ltr'><strong>vero,</strong></span> <span class='ocrx_word' id='word_1_152' title='bbox 785 1102 837 1129; x_wconf 85' lang='lat' dir='ltr'><strong>hoc</strong></span> <span class='ocrx_word' id='word_1_153' title='bbox 850 1107 892 1129; x_wconf 90' lang='lat' dir='ltr'><strong>est</strong></span> 
     </span>
    </p>
   </div>
   <div class='ocr_carea' id='block_1_25' title="bbox 100 1138 890 1186">
    <p class='ocr_par' dir='ltr' id='par_1_25' title="bbox 100 1138 890 1186">
     <span class='ocr_line' id='line_1_25' title="bbox 100 1138 890 1186; baseline -0.004 -8"><span class='ocrx_word' id='word_1_154' title='bbox 100 1155 200 1186; x_wconf 86' lang='lat' dir='ltr'><strong>quarta</strong></span> <span class='ocrx_word' id='word_1_155' title='bbox 221 1155 330 1177; x_wconf 76' lang='lat' dir='ltr'><strong>sextave</strong></span> <span class='ocrx_word' id='word_1_156' title='bbox 354 1149 432 1182; x_wconf 82' lang='lat' dir='ltr'><strong>feria,</strong></span> <span class='ocrx_word' id='word_1_157' title='bbox 447 1149 521 1177; x_wconf 82' lang='lat' dir='ltr'><strong>nulla</strong></span> <span class='ocrx_word' id='word_1_158' title='bbox 536 1149 562 1176; x_wconf 93' lang='lat' dir='ltr'><strong>in</strong></span> <span class='ocrx_word' id='word_1_159' title='bbox 589 1138 739 1184; x_wconf 86' lang='lat' dir='ltr'><strong>synaxibus</strong></span> <span class='ocrx_word' id='word_1_160' title='bbox 761 1149 890 1184; x_wconf 80' lang='lat' dir='ltr'><strong>mysteria</strong></span> 
     </span>
    </p>
   </div>
   <div class='ocr_carea' id='block_1_26' title="bbox 100 1194 889 1231">
    <p class='ocr_par' dir='ltr' id='par_1_26' title="bbox 100 1194 889 1231">
     <span class='ocr_line' id='line_1_26' title="bbox 100 1194 889 1231; baseline -0.006 -6"><span class='ocrx_word' id='word_1_161' title='bbox 100 1197 287 1225; x_wconf 81' lang='lat' dir='ltr'><strong>celebrarunt.</strong></span> <span class='ocrx_word' id='word_1_162' title='bbox 316 1196 353 1223; x_wconf 87' lang='lat' dir='ltr'><strong>De</strong></span> <span class='ocrx_word' id='word_1_163' title='bbox 373 1195 510 1231; x_wconf 83' lang='lat' dir='ltr'><strong>mysteriis</strong></span> <span class='ocrx_word' id='word_1_164' title='bbox 535 1199 608 1222; x_wconf 89' lang='lat' dir='ltr'><strong>certe</strong></span> <span class='ocrx_word' id='word_1_165' title='bbox 629 1194 732 1221; x_wconf 89' lang='lat' dir='ltr'><strong>mentio</strong></span> <span class='ocrx_word' id='word_1_166' title='bbox 754 1202 889 1228; x_wconf 86' lang='lat' dir='ltr'><strong>nusquam</strong></span> 
     </span>
    </p>
   </div>
   <div class='ocr_carea' id='block_1_27' title="bbox 100 1238 891 1275">
    <p class='ocr_par' dir='ltr' id='par_1_27' title="bbox 100 1238 891 1275">
     <span class='ocr_line' id='line_1_27' title="bbox 100 1238 891 1275; baseline -0.006 -5"><span class='ocrx_word' id='word_1_167' title='bbox 100 1243 146 1270; x_wconf 83' lang='lat' dir='ltr'><strong>hic</strong></span> <span class='ocrx_word' id='word_1_168' title='bbox 172 1242 302 1273; x_wconf 84' lang='lat' dir='ltr'><strong>habetur.</strong></span> <span class='ocrx_word' id='word_1_169' title='bbox 344 1245 438 1268; x_wconf 85' lang='lat' dir='ltr'><strong>contra</strong></span> <span class='ocrx_word' id='word_1_170' title='bbox 469 1247 550 1275; x_wconf 81' lang='lat' dir='ltr'><strong>quant</strong></span> <span class='ocrx_word' id='word_1_171' title='bbox 580 1239 760 1266; x_wconf 83' lang='lat' dir='ltr'><strong>Casaubonus</strong></span> <span class='ocrx_word' id='word_1_172' title='bbox 792 1238 891 1272; x_wconf 84' lang='lat' dir='ltr'><strong>aliique</strong></span> 
     </span>
    </p>
   </div>
   <div class='ocr_carea' id='block_1_28' title="bbox 99 1286 617 1321">
    <p class='ocr_par' dir='ltr' id='par_1_28' title="bbox 99 1286 617 1321">
     <span class='ocr_line' id='line_1_28' title="bbox 99 1286 617 1321; baseline -0.004 -7"><span class='ocrx_word' id='word_1_173' title='bbox 99 1292 206 1315; x_wconf 83' lang='lat' dir='ltr'><strong>temere</strong></span> <span class='ocrx_word' id='word_1_174' title='bbox 222 1286 412 1321; x_wconf 88' lang='lat' dir='ltr'><strong>prodiderunt.</strong></span> <span class='ocrx_word' id='word_1_175' title='bbox 612 1313 617 1317; x_wconf 64' lang='grc'><em>,</em></span> 
     </span>
    </p>
   </div>
   <div class='ocr_carea' id='block_1_29' title="bbox 138 1329 891 1368">
    <p class='ocr_par' dir='ltr' id='par_1_29' title="bbox 138 1329 891 1368">
     <span class='ocr_line' id='line_1_29' title="bbox 138 1329 891 1368; baseline -0.005 -8"><span class='ocrx_word' id='word_1_176' title='bbox 138 1333 167 1360; x_wconf 90' lang='lat' dir='ltr'><strong>lu</strong></span> <span class='ocrx_word' id='word_1_177' title='bbox 195 1334 320 1368; x_wconf 86' lang='lat' dir='ltr'><strong>sequenti</strong></span> <span class='ocrx_word' id='word_1_178' title='bbox 349 1339 484 1362; x_wconf 84' lang='lat' dir='ltr'><strong>numero,</strong></span> <span class='ocrx_word' id='word_1_179' title='bbox 515 1331 683 1366; x_wconf 80' lang='lat' dir='ltr'><strong>Epiphanius</strong></span> <span class='ocrx_word' id='word_1_180' title='bbox 712 1331 745 1357; x_wconf 90' lang='lat' dir='ltr'><strong>dc</strong></span> <span class='ocrx_word' id='word_1_181' title='bbox 779 1329 891 1357; x_wconf 84' lang='lat' dir='ltr'><strong>Sabbati</strong></span> 
     </span>
    </p>
   </div>
   <div class='ocr_carea' id='block_1_30' title="bbox 100 1378 891 1416">
    <p class='ocr_par' dir='ltr' id='par_1_30' title="bbox 100 1378 891 1416">
     <span class='ocr_line' id='line_1_30' title="bbox 100 1378 891 1416; baseline -0.004 -9"><span class='ocrx_word' id='word_1_182' title='bbox 100 1380 253 1416; x_wconf 83' lang='lat' dir='ltr'><strong>synaxibus</strong></span> <span class='ocrx_word' id='word_1_183' title='bbox 274 1380 311 1406; x_wconf 87' lang='lat' dir='ltr'><strong>ita</strong></span> <span class='ocrx_word' id='word_1_184' title='bbox 323 1379 452 1414; x_wconf 83' lang='lat' dir='ltr'><strong>loquitur.</strong></span> <span class='ocrx_word' id='word_1_185' title='bbox 468 1383 496 1406; x_wconf 95' lang='lat' dir='ltr'><strong>ut</strong></span> <span class='ocrx_word' id='word_1_186' title='bbox 511 1379 539 1405; x_wconf 90' lang='lat' dir='ltr'><strong>iu</strong></span> <span class='ocrx_word' id='word_1_187' title='bbox 555 1378 676 1406; x_wconf 84' lang='lat' dir='ltr'><strong>Ecclesia</strong></span> <span class='ocrx_word' id='word_1_188' title='bbox 689 1386 737 1405; x_wconf 86' lang='lat' dir='ltr'><strong>sua</strong></span> <span class='ocrx_word' id='word_1_189' title='bbox 753 1378 891 1405; x_wconf 83' lang='lat' dir='ltr'><strong>institutas</strong></span> 
     </span>
    </p>
   </div>
   <div class='ocr_carea' id='block_1_31' title="bbox 100 1423 892 1461">
    <p class='ocr_par' dir='ltr' id='par_1_31' title="bbox 100 1423 892 1461">
     <span class='ocr_line' id='line_1_31' title="bbox 100 1423 892 1461; baseline -0.004 -8"><span class='ocrx_word' id='word_1_190' title='bbox 100 1433 201 1461; x_wconf 67' lang='lat' dir='ltr'><strong>negare</strong></span> <span class='ocrx_word' id='word_1_191' title='bbox 215 1426 348 1453; x_wconf 88' lang='lat' dir='ltr'><strong>videatur.</strong></span> <span class='ocrx_word' id='word_1_192' title='bbox 359 1425 458 1452; x_wconf 85' lang='lat' dir='ltr'><strong>Scribit</strong></span> <span class='ocrx_word' id='word_1_193' title='bbox 471 1425 543 1452; x_wconf 85' lang='lat' dir='ltr'><strong>enim</strong></span> <span class='ocrx_word' id='word_1_194' title='bbox 554 1434 561 1452; x_wconf 90' lang='lat'><strong>:</strong></span> <span class='ocrx_word' id='word_1_195' title='bbox 571 1425 620 1451; x_wconf 88' lang='grc' dir='ltr'>Ἔν</span> <span class='ocrx_word' id='word_1_196' title='bbox 633 1433 688 1451; x_wconf 81' lang='grc' dir='ltr'><strong>τισι</strong></span> <span class='ocrx_word' id='word_1_197' title='bbox 701 1424 729 1451; x_wconf 82' lang='grc' dir='ltr'><strong>δὲ</strong></span> <span class='ocrx_word' id='word_1_198' title='bbox 740 1423 833 1455; x_wconf 80' lang='grc' dir='ltr'>τόποις</span> <span class='ocrx_word' id='word_1_199' title='bbox 845 1424 892 1450; x_wconf 85' lang='grc' dir='ltr'><strong>καὶ</strong></span> 
     </span>
    </p>
   </div>
   <div class='ocr_carea' id='block_1_32' title="bbox 100 1469 892 1505">
    <p class='ocr_par' dir='ltr' id='par_1_32' title="bbox 100 1469 892 1505">
     <span class='ocr_line' id='line_1_32' title="bbox 100 1469 892 1505; baseline -0.004 -6"><span class='ocrx_word' id='word_1_200' title='bbox 100 1473 130 1499; x_wconf 79' lang='grc' dir='ltr'>ἑν</span> <span class='ocrx_word' id='word_1_201' title='bbox 153 1474 211 1504; x_wconf 60' lang='grc' dir='ltr'>τρῖς</span> <span class='ocrx_word' id='word_1_202' title='bbox 235 1472 355 1499; x_wconf 76' lang='grc' dir='ltr'><strong>Σάϐδασι</strong></span> <span class='ocrx_word' id='word_1_203' title='bbox 376 1471 498 1504; x_wconf 79' lang='grc' dir='ltr'>συνάξεις</span> <span class='ocrx_word' id='word_1_204' title='bbox 530 1470 707 1497; x_wconf 78' lang='grc' dir='ltr'><strong>ἐπιτελοῦσιν.</strong></span> <span class='ocrx_word' id='word_1_205' title='bbox 734 1469 792 1498; x_wconf 90' lang='lat' dir='ltr'><strong>Non</strong></span> <span class='ocrx_word' id='word_1_206' title='bbox 811 1469 892 1505; x_wconf 75' lang='lat' dir='ltr'><strong>igitur</strong></span> 
     </span>
    </p>
   </div>
   <div class='ocr_carea' id='block_1_33' title="bbox 100 1514 891 1553">
    <p class='ocr_par' dir='ltr' id='par_1_33' title="bbox 100 1514 891 1553">
     <span class='ocr_line' id='line_1_33' title="bbox 100 1514 891 1553; baseline -0.004 -8"><span class='ocrx_word' id='word_1_207' title='bbox 100 1518 128 1546; x_wconf 85' lang='lat' dir='ltr'><strong>in</strong></span> <span class='ocrx_word' id='word_1_208' title='bbox 157 1517 266 1553; x_wconf 80' lang='lat' dir='ltr'><strong>Cypro;</strong></span> <span class='ocrx_word' id='word_1_209' title='bbox 297 1524 330 1544; x_wconf 83' lang='lat' dir='ltr'><strong>ac</strong></span> <span class='ocrx_word' id='word_1_210' title='bbox 363 1516 476 1552; x_wconf 87' lang='lat' dir='ltr'><strong>proinde</strong></span> <span class='ocrx_word' id='word_1_211' title='bbox 495 1515 636 1543; x_wconf 77' lang='lat' dir='ltr'><strong>verissima</strong></span> <span class='ocrx_word' id='word_1_212' title='bbox 666 1519 707 1542; x_wconf 89' lang='lat' dir='ltr'><strong>est</strong></span> <span class='ocrx_word' id='word_1_213' title='bbox 735 1514 891 1550; x_wconf 67' lang='lat' dir='ltr'><strong>conjectura</strong></span> 
     </span>
    </p>
   </div>
   <div class='ocr_carea' id='block_1_34' title="bbox 101 1561 891 1599">
    <p class='ocr_par' dir='ltr' id='par_1_34' title="bbox 101 1561 891 1599">
     <span class='ocr_line' id='line_1_34' title="bbox 101 1561 891 1599; baseline -0.005 -7"><span class='ocrx_word' id='word_1_214' title='bbox 101 1569 197 1592; x_wconf 88' lang='lat' dir='ltr'><strong>nostra</strong></span> <span class='ocrx_word' id='word_1_215' title='bbox 214 1573 220 1590; x_wconf 90' lang='lat'>:</span> <span class='ocrx_word' id='word_1_216' title='bbox 241 1563 357 1599; x_wconf 90' lang='lat' dir='ltr'><strong>Cyprios</strong></span> <span class='ocrx_word' id='word_1_217' title='bbox 379 1561 627 1589; x_wconf 79' lang='lat' dir='ltr'><strong>Alexandrinorum</strong></span> <span class='ocrx_word' id='word_1_218' title='bbox 646 1569 750 1588; x_wconf 91' lang='lat' dir='ltr'><strong>morem</strong></span> <span class='ocrx_word' id='word_1_219' title='bbox 772 1561 891 1588; x_wconf 85' lang='lat' dir='ltr'><strong>imitatos</strong></span> 
     </span>
    </p>
   </div>
   <div class='ocr_carea' id='block_1_35' title="bbox 101 1607 891 1644">
    <p class='ocr_par' dir='ltr' id='par_1_35' title="bbox 101 1607 891 1644">
     <span class='ocr_line' id='line_1_35' title="bbox 101 1607 891 1644; baseline -0.004 -8"><span class='ocrx_word' id='word_1_220' title='bbox 101 1619 172 1639; x_wconf 81' lang='lat' dir='ltr'><strong>esse.</strong></span> <span class='ocrx_word' id='word_1_221' title='bbox 185 1610 225 1638; x_wconf 84' lang='lat' dir='ltr'><strong>Ac</strong></span> <span class='ocrx_word' id='word_1_222' title='bbox 238 1617 300 1636; x_wconf 91' lang='lat' dir='ltr'><strong>cum</strong></span> <span class='ocrx_word' id='word_1_223' title='bbox 323 1608 403 1644; x_wconf 81' lang='lat' dir='ltr'><strong>paulo</strong></span> <span class='ocrx_word' id='word_1_224' title='bbox 417 1612 479 1635; x_wconf 85' lang='lat' dir='ltr'><strong>ante</strong></span> <span class='ocrx_word' id='word_1_225' title='bbox 498 1607 716 1635; x_wconf 86' lang='lat' dir='ltr'><strong>demonstratum</strong></span> <span class='ocrx_word' id='word_1_226' title='bbox 739 1607 792 1640; x_wconf 88' lang='lat' dir='ltr'><strong>sit,</strong></span> <span class='ocrx_word' id='word_1_227' title='bbox 822 1614 891 1642; x_wconf 89' lang='lat' dir='ltr'><strong>qua-</strong></span> 
     </span>
    </p>
   </div>
   <div class='ocr_carea' id='block_1_36' title="bbox 102 1652 891 1692">
    <p class='ocr_par' dir='ltr' id='par_1_36' title="bbox 102 1652 891 1692">
     <span class='ocr_line' id='line_1_36' title="bbox 102 1652 891 1692; baseline -0.006 -8"><span class='ocrx_word' id='word_1_228' title='bbox 102 1655 293 1692; x_wconf 80' lang='lat' dir='ltr'><strong>dragesimalis</strong></span> <span class='ocrx_word' id='word_1_229' title='bbox 320 1654 416 1690; x_wconf 79' lang='lat' dir='ltr'><strong>jejunii</strong></span> <span class='ocrx_word' id='word_1_230' title='bbox 431 1658 554 1688; x_wconf 87' lang='lat' dir='ltr'><strong>tempore</strong></span> <span class='ocrx_word' id='word_1_231' title='bbox 570 1653 645 1680; x_wconf 86' lang='lat' dir='ltr'><strong>nulla</strong></span> <span class='ocrx_word' id='word_1_232' title='bbox 670 1653 698 1679; x_wconf 91' lang='lat' dir='ltr'><strong>in</strong></span> <span class='ocrx_word' id='word_1_233' title='bbox 723 1652 809 1680; x_wconf 87' lang='lat' dir='ltr'><strong>sacris</strong></span> <span class='ocrx_word' id='word_1_234' title='bbox 825 1660 891 1680; x_wconf 91' lang='lat' dir='ltr'><strong>con-</strong></span> 
     </span>
    </p>
   </div>
   <div class='ocr_carea' id='block_1_37' title="bbox 103 1698 891 1734">
    <p class='ocr_par' dir='ltr' id='par_1_37' title="bbox 103 1698 891 1734">
     <span class='ocr_line' id='line_1_37' title="bbox 103 1698 891 1734; baseline -0.008 -4"><span class='ocrx_word' id='word_1_235' title='bbox 103 1703 232 1731; x_wconf 60' lang='lat' dir='ltr'><strong>ventibus</strong></span> <span class='ocrx_word' id='word_1_236' title='bbox 266 1702 403 1730; x_wconf 82' lang='lat' dir='ltr'><strong>celebrata</strong></span> <span class='ocrx_word' id='word_1_237' title='bbox 439 1700 523 1727; x_wconf 84' lang='lat' dir='ltr'><strong>luisse</strong></span> <span class='ocrx_word' id='word_1_238' title='bbox 551 1699 698 1734; x_wconf 87' lang='lat' dir='ltr'><strong>mysteria,</strong></span> <span class='ocrx_word' id='word_1_239' title='bbox 729 1698 762 1725; x_wconf 89' lang='lat' dir='ltr'><strong>de</strong></span> <span class='ocrx_word' id='word_1_240' title='bbox 793 1702 891 1732; x_wconf 84' lang='lat' dir='ltr'><strong>quarta</strong></span> 
     </span>
    </p>
   </div>
   <div class='ocr_carea' id='block_1_38' title="bbox 105 1742 892 1783">
    <p class='ocr_par' dir='ltr' id='par_1_38' title="bbox 105 1742 892 1783">
     <span class='ocr_line' id='line_1_38' title="bbox 105 1742 892 1783; baseline -0.01 -7"><span class='ocrx_word' id='word_1_241' title='bbox 105 1753 238 1783; x_wconf 84' lang='lat' dir='ltr'><strong>sextaque</strong></span> <span class='ocrx_word' id='word_1_242' title='bbox 269 1747 336 1774; x_wconf 81' lang='lat' dir='ltr'><strong>feria</strong></span> <span class='ocrx_word' id='word_1_243' title='bbox 363 1746 433 1773; x_wconf 91' lang='lat' dir='ltr'><strong>idem</strong></span> <span class='ocrx_word' id='word_1_244' title='bbox 460 1745 545 1772; x_wconf 90' lang='lat' dir='ltr'><strong>videri</strong></span> <span class='ocrx_word' id='word_1_245' title='bbox 577 1743 678 1778; x_wconf 87' lang='lat' dir='ltr'><strong>possit,</strong></span> <span class='ocrx_word' id='word_1_246' title='bbox 701 1751 762 1770; x_wconf 89' lang='lat' dir='ltr'><strong>cum</strong></span> <span class='ocrx_word' id='word_1_247' title='bbox 787 1743 813 1769; x_wconf 91' lang='lat' dir='ltr'><strong>in</strong></span> <span class='ocrx_word' id='word_1_248' title='bbox 839 1742 892 1769; x_wconf 86' lang='lat' dir='ltr'><strong>illis</strong></span> 
     </span>
    </p>
   </div>
   <div class='ocr_carea' id='block_1_39' title="bbox 104 1789 891 1831">
    <p class='ocr_par' dir='ltr' id='par_1_39' title="bbox 104 1789 891 1831">
     <span class='ocr_line' id='line_1_39' title="bbox 104 1789 891 1831; baseline -0.01 -8"><span class='ocrx_word' id='word_1_249' title='bbox 104 1795 228 1823; x_wconf 80' lang='lat' dir='ltr'><strong>solemne</strong></span> <span class='ocrx_word' id='word_1_250' title='bbox 263 1804 388 1831; x_wconf 67' lang='lat' dir='ltr'><strong>permquc</strong></span> <span class='ocrx_word' id='word_1_251' title='bbox 405 1791 541 1827; x_wconf 82' lang='lat' dir='ltr'><strong>jejunium</strong></span> <span class='ocrx_word' id='word_1_252' title='bbox 565 1790 718 1821; x_wconf 79' lang='lat' dir='ltr'><strong>exstitisse,</strong></span> <span class='ocrx_word' id='word_1_253' title='bbox 740 1793 835 1816; x_wconf 87' lang='lat' dir='ltr'><strong>auctor</strong></span> <span class='ocrx_word' id='word_1_254' title='bbox 856 1789 891 1816; x_wconf 82' lang='lat' dir='ltr'><strong>sit</strong></span> 
     </span>
    </p>
   </div>
   <div class='ocr_carea' id='block_1_40' title="bbox 103 1835 891 1875">
    <p class='ocr_par' dir='ltr' id='par_1_40' title="bbox 103 1835 891 1875">
     <span class='ocr_line' id='line_1_40' title="bbox 103 1835 891 1875; baseline -0.008 -8"><span class='ocrx_word' id='word_1_255' title='bbox 103 1839 285 1875; x_wconf 85' lang='lat' dir='ltr'><strong>Epiphanius.</strong></span> <span class='ocrx_word' id='word_1_256' title='bbox 312 1838 364 1865; x_wconf 83' lang='lat' dir='ltr'><strong>Sed</strong></span> <span class='ocrx_word' id='word_1_257' title='bbox 386 1845 419 1865; x_wconf 85' lang='lat' dir='ltr'><strong>ne</strong></span> <span class='ocrx_word' id='word_1_258' title='bbox 439 1837 509 1864; x_wconf 85' lang='lat' dir='ltr'><strong>istud</strong></span> <span class='ocrx_word' id='word_1_259' title='bbox 533 1843 739 1867; x_wconf 69' lang='lat' dir='ltr'><strong>assevaremus,</strong></span> <span class='ocrx_word' id='word_1_260' title='bbox 765 1835 891 1870; x_wconf 89' lang='lat' dir='ltr'><strong>prohibet</strong></span> 
     </span>
    </p>
   </div>
   <div class='ocr_carea' id='block_1_41' title="bbox 104 1882 890 1922">
    <p class='ocr_par' dir='ltr' id='par_1_41' title="bbox 104 1882 890 1922">
     <span class='ocr_line' id='line_1_41' title="bbox 104 1882 890 1922; baseline -0.008 -9"><span class='ocrx_word' id='word_1_261' title='bbox 104 1886 131 1914; x_wconf 84' lang='lat' dir='ltr'><strong>in</strong></span> <span class='ocrx_word' id='word_1_262' title='bbox 145 1886 241 1922; x_wconf 82' lang='lat' dir='ltr'><strong>primis</strong></span> <span class='ocrx_word' id='word_1_263' title='bbox 258 1885 333 1917; x_wconf 79' lang='lat' dir='ltr'><strong>illud,</strong></span> <span class='ocrx_word' id='word_1_264' title='bbox 346 1885 418 1919; x_wconf 79' lang='lat' dir='ltr'><strong>quod</strong></span> <span class='ocrx_word' id='word_1_265' title='bbox 432 1886 449 1920; x_wconf 81' lang='grc' dir='ltr'>ἡ</span> <span class='ocrx_word' id='word_1_266' title='bbox 463 1884 517 1911; x_wconf 82' lang='grc' dir='ltr'><strong>τῶν</strong></span> <span class='ocrx_word' id='word_1_267' title='bbox 531 1882 758 1920; x_wconf 71' lang='grc' dir='ltr'>προηγιασμένων</span> <span class='ocrx_word' id='word_1_268' title='bbox 770 1882 890 1917; x_wconf 78' lang='grc' dir='ltr'><strong>λειτουρ-</strong></span> 
     </span>
    </p>
   </div>
   <div class='ocr_carea' id='block_1_42' title="bbox 104 1927 892 1966">
    <p class='ocr_par' dir='ltr' id='par_1_42' title="bbox 104 1927 892 1966">
     <span class='ocr_line' id='line_1_42' title="bbox 104 1927 892 1966; baseline -0.005 -9"><span class='ocrx_word' id='word_1_269' title='bbox 104 1932 150 1966; x_wconf 85' lang='grc' dir='ltr'><strong>γία</strong></span> <span class='ocrx_word' id='word_1_270' title='bbox 168 1931 218 1959; x_wconf 88' lang='lat' dir='ltr'><strong>soli</strong></span> <span class='ocrx_word' id='word_1_271' title='bbox 236 1930 457 1965; x_wconf 75' lang='lat' dir='ltr'><strong>Quadragcsima:</strong></span> <span class='ocrx_word' id='word_1_272' title='bbox 485 1929 590 1964; x_wconf 88' lang='lat' dir='ltr'><strong>jejunio</strong></span> <span class='ocrx_word' id='word_1_273' title='bbox 617 1929 644 1956; x_wconf 91' lang='lat' dir='ltr'><strong>in</strong></span> <span class='ocrx_word' id='word_1_274' title='bbox 665 1927 804 1955; x_wconf 90' lang='lat' dir='ltr'><strong>veteribus</strong></span> <span class='ocrx_word' id='word_1_275' title='bbox 825 1934 892 1954; x_wconf 85' lang='lat' dir='ltr'><strong>con-</strong></span> 
     </span>
    </p>
   </div>
   <div class='ocr_carea' id='block_1_43' title="bbox 105 1973 891 2013">
    <p class='ocr_par' dir='ltr' id='par_1_43' title="bbox 105 1973 891 2013">
     <span class='ocr_line' id='line_1_43' title="bbox 105 1973 891 2013; baseline -0.009 -6"><span class='ocrx_word' id='word_1_276' title='bbox 105 1980 177 2008; x_wconf 77' lang='lat' dir='ltr'><strong>ciliis</strong></span> <span class='ocrx_word' id='word_1_277' title='bbox 191 1983 218 2005; x_wconf 88' lang='lat' dir='ltr'><strong>ct</strong></span> <span class='ocrx_word' id='word_1_278' title='bbox 235 1977 369 2013; x_wconf 76' lang='lat' dir='ltr'><strong>liturgicis</strong></span> <span class='ocrx_word' id='word_1_279' title='bbox 385 1975 547 2003; x_wconf 88' lang='lat' dir='ltr'><strong>ascribatur.</strong></span> <span class='ocrx_word' id='word_1_280' title='bbox 573 1975 685 2002; x_wconf 82' lang='lat' dir='ltr'><strong>Accedit</strong></span> <span class='ocrx_word' id='word_1_281' title='bbox 702 1979 728 2001; x_wconf 90' lang='lat' dir='ltr'><strong>et</strong></span> <span class='ocrx_word' id='word_1_282' title='bbox 743 1973 891 2002; x_wconf 83' lang='lat' dir='ltr'><strong>disertissi—</strong></span> 
     </span>
    </p>
   </div>
   <div class='ocr_carea' id='block_1_44' title="bbox 104 2020 891 2056">
    <p class='ocr_par' dir='ltr' id='par_1_44' title="bbox 104 2020 891 2056">
     <span class='ocr_line' id='line_1_44' title="bbox 104 2020 891 2056; baseline -0.008 -4"><span class='ocrx_word' id='word_1_283' title='bbox 104 2034 165 2053; x_wconf 84' lang='lat' dir='ltr'><strong>mus</strong></span> <span class='ocrx_word' id='word_1_284' title='bbox 189 2023 348 2052; x_wconf 85' lang='lat' dir='ltr'><strong>Tertulliani</strong></span> <span class='ocrx_word' id='word_1_285' title='bbox 377 2023 471 2055; x_wconf 89' lang='lat' dir='ltr'><strong>locus;</strong></span> <span class='ocrx_word' id='word_1_286' title='bbox 487 2022 534 2056; x_wconf 89' lang='lat' dir='ltr'><strong>qui</strong></span> <span class='ocrx_word' id='word_1_287' title='bbox 562 2022 589 2048; x_wconf 93' lang='lat' dir='ltr'><strong>in</strong></span> <span class='ocrx_word' id='word_1_288' title='bbox 614 2021 660 2048; x_wconf 90' lang='lat' dir='ltr'><strong>lih.</strong></span> <span class='ocrx_word' id='word_1_289' title='bbox 687 2021 725 2047; x_wconf 83' lang='lat' dir='ltr'><strong>De</strong></span> <span class='ocrx_word' id='word_1_290' title='bbox 748 2025 816 2048; x_wconf 86' lang='lat' dir='ltr'><strong>orat.</strong></span> <span class='ocrx_word' id='word_1_291' title='bbox 839 2020 891 2047; x_wconf 86' lang='lat' dir='ltr'><strong>sub</strong></span> 
     </span>
    </p>
   </div>
   <div class='ocr_carea' id='block_1_45' title="bbox 104 2065 890 2104">
    <p class='ocr_par' dir='ltr' id='par_1_45' title="bbox 104 2065 890 2104">
     <span class='ocr_line' id='line_1_45' title="bbox 104 2065 890 2104; baseline -0.01 -4"><span class='ocrx_word' id='word_1_292' title='bbox 104 2074 186 2100; x_wconf 81' lang='lat' dir='ltr'><strong>linem</strong></span> <span class='ocrx_word' id='word_1_293' title='bbox 203 2071 334 2102; x_wconf 88' lang='lat' dir='ltr'><strong>ostendit,</strong></span> <span class='ocrx_word' id='word_1_294' title='bbox 357 2069 423 2104; x_wconf 87' lang='lat' dir='ltr'><strong>ipsis</strong></span> <span class='ocrx_word' id='word_1_295' title='bbox 446 2069 595 2096; x_wconf 85' lang='lat' dir='ltr'><strong>stationum</strong></span> <span class='ocrx_word' id='word_1_296' title='bbox 616 2067 722 2100; x_wconf 89' lang='lat' dir='ltr'><strong>diebus,</strong></span> <span class='ocrx_word' id='word_1_297' title='bbox 743 2074 803 2102; x_wconf 65' lang='lat' dir='ltr'><strong>quae</strong></span> <span class='ocrx_word' id='word_1_298' title='bbox 823 2065 890 2093; x_wconf 79' lang='lat' dir='ltr'><strong>feria</strong></span> 
     </span>
    </p>
   </div>
   <div class='ocr_carea' id='block_1_46' title="bbox 104 2113 888 2153">
    <p class='ocr_par' dir='ltr' id='par_1_46' title="bbox 104 2113 888 2153">
     <span class='ocr_line' id='line_1_46' title="bbox 104 2113 888 2153; baseline -0.009 -8"><span class='ocrx_word' id='word_1_299' title='bbox 104 2122 199 2153; x_wconf 86' lang='lat' dir='ltr'><strong>quarta</strong></span> <span class='ocrx_word' id='word_1_300' title='bbox 220 2121 350 2151; x_wconf 85' lang='lat' dir='ltr'><strong>scxtaque</strong></span> <span class='ocrx_word' id='word_1_301' title='bbox 367 2123 429 2143; x_wconf 89' lang='lat' dir='ltr'><strong>cum</strong></span> <span class='ocrx_word' id='word_1_302' title='bbox 445 2113 557 2150; x_wconf 86' lang='lat' dir='ltr'><strong>jejuniis</strong></span> <span class='ocrx_word' id='word_1_303' title='bbox 579 2113 652 2140; x_wconf 86' lang='lat' dir='ltr'><strong>obiri</strong></span> <span class='ocrx_word' id='word_1_304' title='bbox 679 2116 888 2145; x_wconf 87' lang='lat' dir='ltr'><strong>consueverant,</strong></span> 
     </span>
    </p>
   </div>
   <div class='ocr_carea' id='block_1_47' title="bbox 104 2157 889 2196">
    <p class='ocr_par' dir='ltr' id='par_1_47' title="bbox 104 2157 889 2196">
     <span class='ocr_line' id='line_1_47' title="bbox 104 2157 889 2196; baseline -0.005 -8"><span class='ocrx_word' id='word_1_305' title='bbox 104 2166 134 2188; x_wconf 90' lang='lat' dir='ltr'><strong>ut</strong></span> <span class='ocrx_word' id='word_1_306' title='bbox 149 2161 231 2196; x_wconf 85' lang='lat' dir='ltr'><strong>paulo</strong></span> <span class='ocrx_word' id='word_1_307' title='bbox 247 2164 307 2195; x_wconf 89' lang='lat' dir='ltr'><strong>post</strong></span> <span class='ocrx_word' id='word_1_308' title='bbox 322 2160 442 2192; x_wconf 85' lang='lat' dir='ltr'><strong>dicetur,</strong></span> <span class='ocrx_word' id='word_1_309' title='bbox 468 2158 602 2186; x_wconf 85' lang='lat' dir='ltr'><strong>sacriﬁcia</strong></span> <span class='ocrx_word' id='word_1_310' title='bbox 623 2157 766 2188; x_wconf 77' lang='lat' dir='ltr'><strong>celebrari,</strong></span> <span class='ocrx_word' id='word_1_311' title='bbox 784 2165 817 2185; x_wconf 85' lang='lat' dir='ltr'><strong>ac</strong></span> <span class='ocrx_word' id='word_1_312' title='bbox 834 2157 889 2184; x_wconf 88' lang='lat' dir='ltr'><strong>Do-</strong></span> 
     </span>
    </p>
   </div>
   <div class='ocr_carea' id='block_1_48' title="bbox 104 2203 889 2241">
    <p class='ocr_par' dir='ltr' id='par_1_48' title="bbox 104 2203 889 2241">
     <span class='ocr_line' id='line_1_48' title="bbox 104 2203 889 2241; baseline -0.008 -6"><span class='ocrx_word' id='word_1_313' title='bbox 104 2208 237 2236; x_wconf 91' lang='lat' dir='ltr'><strong>minicum</strong></span> <span class='ocrx_word' id='word_1_314' title='bbox 260 2213 360 2241; x_wconf 88' lang='lat' dir='ltr'><strong>corpus</strong></span> <span class='ocrx_word' id='word_1_315' title='bbox 378 2206 406 2232; x_wconf 93' lang='lat' dir='ltr'><strong>in</strong></span> <span class='ocrx_word' id='word_1_316' title='bbox 430 2204 523 2233; x_wconf 88' lang='lat' dir='ltr'><strong>ﬁdeles</strong></span> <span class='ocrx_word' id='word_1_317' title='bbox 545 2204 672 2231; x_wconf 88' lang='lat' dir='ltr'><strong>distribui</strong></span> <span class='ocrx_word' id='word_1_318' title='bbox 693 2204 791 2231; x_wconf 81' lang='lat' dir='ltr'><strong>solere.</strong></span> <span class='ocrx_word' id='word_1_319' title='bbox 807 2203 889 2230; x_wconf 87' lang='lat' dir='ltr'><strong>Simi-</strong></span> 
     </span>
    </p>
   </div>
   <div class='ocr_carea' id='block_1_49' title="bbox 943 283 1729 320">
    <p class='ocr_par' dir='ltr' id='par_1_49' title="bbox 943 283 1729 320">
     <span class='ocr_line' id='line_1_49' title="bbox 943 283 1729 320; baseline -0.003 -8"><span class='ocrx_word' id='word_1_320' title='bbox 943 294 1051 317; x_wconf 81' lang='lat' dir='ltr'><strong>camus;</strong></span> <span class='ocrx_word' id='word_1_321' title='bbox 1063 284 1215 319; x_wconf 85' lang='lat' dir='ltr'><strong>Dominica,</strong></span> <span class='ocrx_word' id='word_1_322' title='bbox 1228 286 1294 320; x_wconf 74' lang='lat' dir='ltr'><strong>feria</strong></span> <span class='ocrx_word' id='word_1_323' title='bbox 1309 289 1415 320; x_wconf 79' lang='lat' dir='ltr'><strong>quarta,</strong></span> <span class='ocrx_word' id='word_1_324' title='bbox 1426 284 1582 319; x_wconf 68' lang='lat' dir='ltr'><strong>Parasceve,</strong></span> <span class='ocrx_word' id='word_1_325' title='bbox 1596 283 1729 313; x_wconf 81' lang='lat' dir='ltr'><strong>Sabbato.‘</strong></span> 
     </span>
    </p>
   </div>
   <div class='ocr_carea' id='block_1_50' title="bbox 943 329 1731 365">
    <p class='ocr_par' dir='ltr' id='par_1_50' title="bbox 943 329 1731 365">
     <span class='ocr_line' id='line_1_50' title="bbox 943 329 1731 365; baseline -0.004 -7"><span class='ocrx_word' id='word_1_326' title='bbox 943 331 987 359; x_wconf 77' lang='lat' dir='ltr'><strong>sed</strong></span> <span class='ocrx_word' id='word_1_327' title='bbox 1003 336 1026 358; x_wconf 90' lang='lat' dir='ltr'><strong>et</strong></span> <span class='ocrx_word' id='word_1_328' title='bbox 1039 331 1129 358; x_wconf 79' lang='lat' dir='ltr'><strong>diebus</strong></span> <span class='ocrx_word' id='word_1_329' title='bbox 1148 333 1261 363; x_wconf 66' lang='lat' dir='ltr'><strong>«cteris,</strong></span> <span class='ocrx_word' id='word_1_330' title='bbox 1280 331 1307 357; x_wconf 86' lang='lat' dir='ltr'><strong>in</strong></span> <span class='ocrx_word' id='word_1_331' title='bbox 1323 339 1386 365; x_wconf 79' lang='lat' dir='ltr'><strong>quos</strong></span> <span class='ocrx_word' id='word_1_332' title='bbox 1400 330 1526 357; x_wconf 78' lang='lat' dir='ltr'><strong>memoria</strong></span> <span class='ocrx_word' id='word_1_333' title='bbox 1541 330 1666 364; x_wconf 83' lang='lat' dir='ltr'><strong>martyris</strong></span> <span class='ocrx_word' id='word_1_334' title='bbox 1680 329 1731 356; x_wconf 81' lang='lat' dir='ltr'><strong>ali-</strong></span> 
     </span>
    </p>
   </div>
   <div class='ocr_carea' id='block_1_51' title="bbox 943 375 1729 411">
    <p class='ocr_par' dir='ltr' id='par_1_51' title="bbox 943 375 1729 411">
     <span class='ocr_line' id='line_1_51' title="bbox 943 375 1729 411; baseline -0.004 -7"><span class='ocrx_word' id='word_1_335' title='bbox 943 377 1018 411; x_wconf 75' lang='lat' dir='ltr'><strong>cuius</strong></span> <span class='ocrx_word' id='word_1_336' title='bbox 1044 378 1146 405; x_wconf 76' lang='lat' dir='ltr'><strong>incidit.</strong></span> <span class='ocrx_word' id='word_1_337' title='bbox 1174 376 1252 404; x_wconf 87' lang='lat' dir='ltr'><strong>Unde</strong></span> <span class='ocrx_word' id='word_1_338' title='bbox 1276 376 1348 411; x_wconf 79' lang='lat' dir='ltr'><strong>quod</strong></span> <span class='ocrx_word' id='word_1_339' title='bbox 1363 377 1395 403; x_wconf 89' lang='lat' dir='ltr'><strong>de</strong></span> <span class='ocrx_word' id='word_1_340' title='bbox 1417 375 1521 411; x_wconf 72' lang='lat' dir='ltr'><strong>jejunio</strong></span> <span class='ocrx_word' id='word_1_341' title='bbox 1544 375 1645 402; x_wconf 92' lang='lat' dir='ltr'><strong>dictum</strong></span> <span class='ocrx_word' id='word_1_342' title='bbox 1675 380 1729 406; x_wconf 85' lang='lat' dir='ltr'><strong>est,</strong></span> 
     </span>
    </p>
   </div>
   <div class='ocr_carea' id='block_1_52' title="bbox 943 419 1729 455">
    <p class='ocr_par' dir='ltr' id='par_1_52' title="bbox 943 419 1729 455">
     <span class='ocr_line' id='line_1_52' title="bbox 943 419 1729 455; baseline -0.005 -5"><span class='ocrx_word' id='word_1_343' title='bbox 943 423 1047 450; x_wconf 92' lang='lat' dir='ltr'><strong>nullum</strong></span> <span class='ocrx_word' id='word_1_344' title='bbox 1065 423 1091 449; x_wconf 91' lang='lat' dir='ltr'><strong>in</strong></span> <span class='ocrx_word' id='word_1_345' title='bbox 1112 430 1145 450; x_wconf 92' lang='lat' dir='ltr'><strong>eo</strong></span> <span class='ocrx_word' id='word_1_346' title='bbox 1165 422 1329 449; x_wconf 79' lang='lat' dir='ltr'><strong>celebratum</strong></span> <span class='ocrx_word' id='word_1_347' title='bbox 1346 420 1430 447; x_wconf 84' lang='lat' dir='ltr'><strong>fuisse</strong></span> <span class='ocrx_word' id='word_1_348' title='bbox 1450 420 1619 455; x_wconf 84' lang='lat' dir='ltr'><strong>mysterium,</strong></span> <span class='ocrx_word' id='word_1_349' title='bbox 1641 419 1729 447; x_wconf 48' lang='lat' dir='ltr'><strong>neuti.</strong></span> 
     </span>
    </p>
   </div>
   <div class='ocr_carea' id='block_1_53' title="bbox 943 463 1728 505">
    <p class='ocr_par' dir='ltr' id='par_1_53' title="bbox 943 463 1728 505">
     <span class='ocr_line' id='line_1_53' title="bbox 943 463 1728 505; baseline -0.009 -8"><span class='ocrx_word' id='word_1_350' title='bbox 943 477 1061 505; x_wconf 88' lang='lat' dir='ltr'><strong>nemque</strong></span> <span class='ocrx_word' id='word_1_351' title='bbox 1081 467 1298 496; x_wconf 82' lang='lat' dir='ltr'><strong>communicasse</strong></span> <span class='ocrx_word' id='word_1_352' title='bbox 1326 466 1462 497; x_wconf 87' lang='lat' dir='ltr'><strong>ﬁdelium,</strong></span> <span class='ocrx_word' id='word_1_353' title='bbox 1478 465 1511 492; x_wconf 88' lang='lat' dir='ltr'><strong>de</strong></span> <span class='ocrx_word' id='word_1_354' title='bbox 1531 465 1588 492; x_wconf 90' lang='lat' dir='ltr'><strong>solo</strong></span> <span class='ocrx_word' id='word_1_355' title='bbox 1607 463 1728 497; x_wconf 82' lang='lat' dir='ltr'><strong>Quadra-</strong></span> 
     </span>
    </p>
   </div>
   <div class='ocr_carea' id='block_1_54' title="bbox 944 509 1729 550">
    <p class='ocr_par' dir='ltr' id='par_1_54' title="bbox 944 509 1729 550">
     <span class='ocr_line' id='line_1_54' title="bbox 944 509 1729 550; baseline -0.01 -8"><span class='ocrx_word' id='word_1_356' title='bbox 944 515 1067 550; x_wconf 80' lang='lat' dir='ltr'><strong>gesimali</strong></span> <span class='ocrx_word' id='word_1_357' title='bbox 1093 521 1142 548; x_wconf 81' lang='lat' dir='ltr'><strong>par</strong></span> <span class='ocrx_word' id='word_1_358' title='bbox 1157 517 1199 540; x_wconf 87' lang='lat' dir='ltr'><strong>est</strong></span> <span class='ocrx_word' id='word_1_359' title='bbox 1220 512 1324 546; x_wconf 80' lang='lat' dir='ltr'><strong>accipi,</strong></span> <span class='ocrx_word' id='word_1_360' title='bbox 1350 511 1371 538; x_wconf 94' lang='lat' dir='ltr'><strong>si</strong></span> <span class='ocrx_word' id='word_1_361' title='bbox 1395 510 1595 536; x_wconf 76' lang='lat' dir='ltr'><strong>Alexandrinos</strong></span> <span class='ocrx_word' id='word_1_362' title='bbox 1615 509 1729 540; x_wconf 75' lang='lat' dir='ltr'><strong>exiutas,</strong></span> 
     </span>
    </p>
   </div>
   <div class='ocr_carea' id='block_1_55' title="bbox 943 555 1731 595">
    <p class='ocr_par' dir='ltr' id='par_1_55' title="bbox 943 555 1731 595">
     <span class='ocr_line' id='line_1_55' title="bbox 943 555 1731 595; baseline -0.01 -8"><span class='ocrx_word' id='word_1_363' title='bbox 943 567 1060 595; x_wconf 89' lang='lat' dir='ltr'><strong>quorum</strong></span> <span class='ocrx_word' id='word_1_364' title='bbox 1075 559 1148 586; x_wconf 75' lang='lat' dir='ltr'><strong>velut</strong></span> <span class='ocrx_word' id='word_1_365' title='bbox 1162 558 1301 593; x_wconf 78' lang='lat' dir='ltr'><strong>singulare</strong></span> <span class='ocrx_word' id='word_1_366' title='bbox 1318 557 1388 583; x_wconf 84' lang='lat' dir='ltr'><strong>istud</strong></span> <span class='ocrx_word' id='word_1_367' title='bbox 1406 564 1421 582; x_wconf 88' lang='lat' dir='ltr'><strong>a</strong></span> <span class='ocrx_word' id='word_1_368' title='bbox 1437 555 1549 582; x_wconf 84' lang='lat' dir='ltr'><strong>Socrate</strong></span> <span class='ocrx_word' id='word_1_369' title='bbox 1563 561 1731 581; x_wconf 87' lang='lat' dir='ltr'><strong>commemo-</strong></span> 
     </span>
    </p>
   </div>
   <div class='ocr_carea' id='block_1_56' title="bbox 944 601 1731 640">
    <p class='ocr_par' dir='ltr' id='par_1_56' title="bbox 944 601 1731 640">
     <span class='ocr_line' id='line_1_56' title="bbox 944 601 1731 640; baseline -0.01 -7"><span class='ocrx_word' id='word_1_370' title='bbox 944 612 1031 639; x_wconf 89' lang='lat' dir='ltr'><strong>ratur,</strong></span> <span class='ocrx_word' id='word_1_371' title='bbox 1047 605 1119 640; x_wconf 90' lang='lat' dir='ltr'><strong>quod</strong></span> <span class='ocrx_word' id='word_1_372' title='bbox 1141 604 1207 632; x_wconf 83' lang='lat' dir='ltr'><strong>leria</strong></span> <span class='ocrx_word' id='word_1_373' title='bbox 1223 609 1319 638; x_wconf 85' lang='lat' dir='ltr'><strong>quarta</strong></span> <span class='ocrx_word' id='word_1_374' title='bbox 1335 608 1417 638; x_wconf 84' lang='lat' dir='ltr'><strong>atque</strong></span> <span class='ocrx_word' id='word_1_375' title='bbox 1436 607 1511 630; x_wconf 75' lang='lat' dir='ltr'><strong>sexta</strong></span> <span class='ocrx_word' id='word_1_376' title='bbox 1529 601 1619 628; x_wconf 90' lang='lat' dir='ltr'><strong>omnia</strong></span> <span class='ocrx_word' id='word_1_377' title='bbox 1635 605 1731 635; x_wconf 66' lang='lat' dir='ltr'><strong>pra&#39;ter</strong></span> 
     </span>
    </p>
   </div>
   <div class='ocr_carea' id='block_1_57' title="bbox 943 648 1731 689">
    <p class='ocr_par' dir='ltr' id='par_1_57' title="bbox 943 648 1731 689">
     <span class='ocr_line' id='line_1_57' title="bbox 943 648 1731 689; baseline -0.008 -8"><span class='ocrx_word' id='word_1_378' title='bbox 943 654 1055 689; x_wconf 79' lang='grc' dir='ltr'>τελετήν</span> <span class='ocrx_word' id='word_1_379' title='bbox 1071 660 1210 688; x_wconf 74' lang='lat' dir='ltr'><strong>synaxcon</strong></span> <span class='ocrx_word' id='word_1_380' title='bbox 1227 651 1337 686; x_wconf 89' lang='lat' dir='ltr'><strong>propria</strong></span> <span class='ocrx_word' id='word_1_381' title='bbox 1355 649 1540 686; x_wconf 78' lang='lat' dir='ltr'><strong>praestiterint.</strong></span> <span class='ocrx_word' id='word_1_382' title='bbox 1551 648 1589 675; x_wconf 88' lang='lat' dir='ltr'><strong>De</strong></span> <span class='ocrx_word' id='word_1_383' title='bbox 1600 655 1654 683; x_wconf 91' lang='lat' dir='ltr'><strong>quo</strong></span> <span class='ocrx_word' id='word_1_384' title='bbox 1669 655 1731 682; x_wconf 86' lang='lat' dir='ltr'><strong>pro-</strong></span> 
     </span>
    </p>
   </div>
   <div class='ocr_carea' id='block_1_58' title="bbox 944 699 1196 727">
    <p class='ocr_par' dir='ltr' id='par_1_58' title="bbox 944 699 1196 727">
     <span class='ocr_line' id='line_1_58' title="bbox 944 699 1196 727; baseline -0.012 0"><span class='ocrx_word' id='word_1_385' title='bbox 944 701 1017 727; x_wconf 82' lang='lat' dir='ltr'><strong>xime</strong></span> <span class='ocrx_word' id='word_1_386' title='bbox 1034 699 1196 726; x_wconf 77' lang='lat' dir='ltr'><strong>videbimus.</strong></span> 
     </span>
    </p>
   </div>
   <div class='ocr_carea' id='block_1_59' title="bbox 979 739 1731 780">
    <p class='ocr_par' dir='ltr' id='par_1_59' title="bbox 979 739 1731 780">
     <span class='ocr_line' id='line_1_59' title="bbox 979 739 1731 780; baseline -0.011 -8"><span class='ocrx_word' id='word_1_387' title='bbox 979 746 1100 780; x_wconf 89' lang='lat' dir='ltr'><strong>Denique</strong></span> <span class='ocrx_word' id='word_1_388' title='bbox 1118 744 1190 780; x_wconf 87' lang='lat' dir='ltr'><strong>quod</strong></span> <span class='ocrx_word' id='word_1_389' title='bbox 1218 742 1385 777; x_wconf 80' lang='lat' dir='ltr'><strong>Epiphanius</strong></span> <span class='ocrx_word' id='word_1_390' title='bbox 1414 741 1561 768; x_wconf 83' lang='lat' dir='ltr'><strong>admonet:</strong></span> <span class='ocrx_word' id='word_1_391' title='bbox 1590 739 1731 773; x_wconf 76' lang='lat' dir='ltr'><strong>Triplirem</strong></span> 
     </span>
    </p>
   </div>
   <div class='ocr_carea' id='block_1_60' title="bbox 942 785 1731 825">
    <p class='ocr_par' dir='ltr' id='par_1_60' title="bbox 942 785 1731 825">
     <span class='ocr_line' id='line_1_60' title="bbox 942 785 1731 825; baseline -0.01 -7"><span class='ocrx_word' id='word_1_392' title='bbox 942 791 1017 818; x_wconf 88' lang='lat' dir='ltr'><strong>illam</strong></span> <span class='ocrx_word' id='word_1_393' title='bbox 1033 791 1144 825; x_wconf 69' lang='lat' dir='ltr'><strong>syrma-in</strong></span> <span class='ocrx_word' id='word_1_394' title='bbox 1166 789 1270 816; x_wconf 75' lang='lat' dir='ltr'><strong>dierum</strong></span> <span class='ocrx_word' id='word_1_395' title='bbox 1285 788 1391 814; x_wconf 83' lang='lat' dir='ltr'><strong>totidem</strong></span> <span class='ocrx_word' id='word_1_396' title='bbox 1404 787 1435 813; x_wconf 88' lang='lat' dir='ltr'><strong>ab</strong></span> <span class='ocrx_word' id='word_1_397' title='bbox 1459 785 1585 820; x_wconf 78' lang='lat' dir='ltr'><strong>apostolis</strong></span> <span class='ocrx_word' id='word_1_398' title='bbox 1606 792 1660 811; x_wconf 77' lang='lat' dir='ltr'><strong>esse</strong></span> <span class='ocrx_word' id='word_1_399' title='bbox 1675 790 1731 814; x_wconf 84' lang='lat' dir='ltr'><strong>tra-</strong></span> 
     </span>
    </p>
   </div>
   <div class='ocr_carea' id='block_1_61' title="bbox 942 833 1728 869">
    <p class='ocr_par' dir='ltr' id='par_1_61' title="bbox 942 833 1728 869">
     <span class='ocr_line' id='line_1_61' title="bbox 942 833 1728 869; baseline -0.009 -6"><span class='ocrx_word' id='word_1_400' title='bbox 942 837 1044 869; x_wconf 83' lang='lat' dir='ltr'><strong>ditum,</strong></span> <span class='ocrx_word' id='word_1_401' title='bbox 1067 835 1138 862; x_wconf 89' lang='lat' dir='ltr'><strong>haud</strong></span> <span class='ocrx_word' id='word_1_402' title='bbox 1166 834 1226 861; x_wconf 88' lang='lat' dir='ltr'><strong>scio</strong></span> <span class='ocrx_word' id='word_1_403' title='bbox 1249 841 1282 860; x_wconf 88' lang='lat' dir='ltr'><strong>an</strong></span> <span class='ocrx_word' id='word_1_404' title='bbox 1310 833 1376 859; x_wconf 81' lang='lat' dir='ltr'><strong>satis</strong></span> <span class='ocrx_word' id='word_1_405' title='bbox 1396 835 1472 858; x_wconf 85' lang='lat' dir='ltr'><strong>certo</strong></span> <span class='ocrx_word' id='word_1_406' title='bbox 1488 834 1613 858; x_wconf 84' lang='lat' dir='ltr'><strong>constare</strong></span> <span class='ocrx_word' id='word_1_407' title='bbox 1637 834 1728 864; x_wconf 85' lang='lat' dir='ltr'><strong>queat.</strong></span> 
     </span>
    </p>
   </div>
   <div class='ocr_carea' id='block_1_62' title="bbox 942 876 1733 917">
    <p class='ocr_par' dir='ltr' id='par_1_62' title="bbox 942 876 1733 917">
     <span class='ocr_line' id='line_1_62' title="bbox 942 876 1733 917; baseline -0.011 -7"><span class='ocrx_word' id='word_1_408' title='bbox 942 881 1127 917; x_wconf 69' lang='lat' dir='ltr'><strong>Nam,primis</strong></span> <span class='ocrx_word' id='word_1_409' title='bbox 1151 879 1281 907; x_wconf 75' lang='lat' dir='ltr'><strong>Ecclesia:</strong></span> <span class='ocrx_word' id='word_1_410' title='bbox 1313 878 1482 912; x_wconf 85' lang='lat' dir='ltr'><strong>temporibus</strong></span> <span class='ocrx_word' id='word_1_411' title='bbox 1505 884 1578 903; x_wconf 88' lang='lat' dir='ltr'><strong>unus</strong></span> <span class='ocrx_word' id='word_1_412' title='bbox 1599 876 1733 903; x_wconf 77' lang='lat' dir='ltr'><strong>duntaxat</strong></span> 
     </span>
    </p>
   </div>
   <div class='ocr_carea' id='block_1_63' title="bbox 909 912 1732 956">
    <p class='ocr_par' dir='ltr' id='par_1_63' title="bbox 909 912 1732 956">
     <span class='ocr_line' id='line_1_63' title="bbox 909 912 1732 956; baseline -0.01 0"><span class='ocrx_word' id='word_1_413' title='bbox 909 912 926 938; x_wconf 72' lang='grc' dir='ltr'>Β</span> <span class='ocrx_word' id='word_1_414' title='bbox 944 927 1103 956; x_wconf 88' lang='lat' dir='ltr'><strong>Dominicus</strong></span> <span class='ocrx_word' id='word_1_415' title='bbox 1118 927 1178 954; x_wconf 90' lang='lat' dir='ltr'><strong>dies</strong></span> <span class='ocrx_word' id='word_1_416' title='bbox 1196 926 1228 953; x_wconf 81' lang='lat' dir='ltr'><strong>ad</strong></span> <span class='ocrx_word' id='word_1_417' title='bbox 1244 932 1303 952; x_wconf 86' lang='lat' dir='ltr'><strong>eam</strong></span> <span class='ocrx_word' id='word_1_418' title='bbox 1323 932 1378 951; x_wconf 89' lang='lat' dir='ltr'><strong>rem</strong></span> <span class='ocrx_word' id='word_1_419' title='bbox 1393 923 1553 950; x_wconf 77' lang='lat' dir='ltr'><strong>observatus</strong></span> <span class='ocrx_word' id='word_1_420' title='bbox 1571 922 1686 952; x_wconf 71' lang='lat' dir='ltr'><strong>videtur,</strong></span> <span class='ocrx_word' id='word_1_421' title='bbox 1702 925 1732 948; x_wconf 82' lang='lat' dir='ltr'><strong>ut</strong></span> 
     </span>
    </p>
   </div>
   <div class='ocr_carea' id='block_1_64' title="bbox 941 967 1731 1009">
    <p class='ocr_par' dir='ltr' id='par_1_64' title="bbox 941 967 1731 1009">
     <span class='ocr_line' id='line_1_64' title="bbox 941 967 1731 1009; baseline -0.011 -7"><span class='ocrx_word' id='word_1_422' title='bbox 941 983 974 1002; x_wconf 84' lang='lat' dir='ltr'><strong>ex</strong></span> <span class='ocrx_word' id='word_1_423' title='bbox 991 974 1119 1009; x_wconf 89' lang='lat' dir='ltr'><strong>Apostolo</strong></span> <span class='ocrx_word' id='word_1_424' title='bbox 1132 973 1141 999; x_wconf 91' lang='lat' dir='ltr'><strong>l</strong></span> <span class='ocrx_word' id='word_1_425' title='bbox 1153 972 1187 1000; x_wconf 86' lang='lat' dir='ltr'><strong>ad</strong></span> <span class='ocrx_word' id='word_1_426' title='bbox 1202 972 1266 1000; x_wconf 86' lang='lat' dir='ltr'><strong>Cor.</strong></span> <span class='ocrx_word' id='word_1_427' title='bbox 1280 979 1339 1006; x_wconf 87' lang='lat' dir='ltr'><strong>cap.</strong></span> <span class='ocrx_word' id='word_1_428' title='bbox 1351 978 1395 997; x_wconf 74' lang='lat' dir='ltr'><strong>1m</strong></span> <span class='ocrx_word' id='word_1_429' title='bbox 1407 969 1552 1004; x_wconf 79' lang='lat' dir='ltr'><strong>colligitur.</strong></span> <span class='ocrx_word' id='word_1_430' title='bbox 1568 967 1731 1001; x_wconf 83' lang='lat' dir='ltr'><strong>Quinetiam</strong></span> 
     </span>
    </p>
   </div>
   <div class='ocr_carea' id='block_1_65' title="bbox 941 1014 1731 1055">
    <p class='ocr_par' dir='ltr' id='par_1_65' title="bbox 941 1014 1731 1055">
     <span class='ocr_line' id='line_1_65' title="bbox 941 1014 1731 1055; baseline -0.013 -6"><span class='ocrx_word' id='word_1_431' title='bbox 941 1021 1064 1049; x_wconf 83' lang='lat' dir='ltr'><strong>Justinus</strong></span> <span class='ocrx_word' id='word_1_432' title='bbox 1090 1020 1191 1055; x_wconf 80' lang='lat' dir='ltr'><strong>Martyr</strong></span> <span class='ocrx_word' id='word_1_433' title='bbox 1216 1018 1293 1053; x_wconf 81' lang='lat' dir='ltr'><strong>Apol.</strong></span> <span class='ocrx_word' id='word_1_434' title='bbox 1309 1017 1344 1049; x_wconf 78' lang='lat'><strong>‘2,</strong></span> <span class='ocrx_word' id='word_1_435' title='bbox 1374 1024 1435 1044; x_wconf 88' lang='lat' dir='ltr'><strong>eum</strong></span> <span class='ocrx_word' id='word_1_436' title='bbox 1454 1015 1488 1043; x_wconf 85' lang='lat' dir='ltr'><strong>de</strong></span> <span class='ocrx_word' id='word_1_437' title='bbox 1512 1014 1731 1042; x_wconf 81' lang='lat' dir='ltr'><strong>Christianorum</strong></span> 
     </span>
    </p>
   </div>
   <div class='ocr_carea' id='block_1_66' title="bbox 944 1057 1733 1100">
    <p class='ocr_par' dir='ltr' id='par_1_66' title="bbox 944 1057 1733 1100">
     <span class='ocr_line' id='line_1_66' title="bbox 944 1057 1733 1100; baseline -0.013 -5"><span class='ocrx_word' id='word_1_438' title='bbox 944 1067 1121 1095; x_wconf 87' lang='lat' dir='ltr'><strong>conventibus</strong></span> <span class='ocrx_word' id='word_1_439' title='bbox 1147 1065 1219 1100; x_wconf 80' lang='lat' dir='ltr'><strong>agit,</strong></span> <span class='ocrx_word' id='word_1_440' title='bbox 1240 1063 1326 1091; x_wconf 91' lang='lat' dir='ltr'><strong>solius</strong></span> <span class='ocrx_word' id='word_1_441' title='bbox 1353 1061 1501 1088; x_wconf 67' lang='lat' dir='ltr'><strong>Dominicaa</strong></span> <span class='ocrx_word' id='word_1_442' title='bbox 1517 1059 1659 1090; x_wconf 87' lang='lat' dir='ltr'><strong>meminit,</strong></span> <span class='ocrx_word' id='word_1_443' title='bbox 1683 1057 1733 1094; x_wconf 70' lang='grc' dir='ltr'><strong>τὴν</strong></span> 
     </span>
    </p>
   </div>
   <div class='ocr_carea' id='block_1_67' title="bbox 941 1104 1731 1147">
    <p class='ocr_par' dir='ltr' id='par_1_67' title="bbox 941 1104 1731 1147">
     <span class='ocr_line' id='line_1_67' title="bbox 941 1104 1731 1147; baseline -0.014 -7"><span class='ocrx_word' id='word_1_444' title='bbox 941 1113 969 1140; x_wconf 82' lang='grc' dir='ltr'><strong>δὲ</strong></span> <span class='ocrx_word' id='word_1_445' title='bbox 994 1112 1040 1139; x_wconf 79' lang='grc' dir='ltr'><strong>τοῦ</strong></span> <span class='ocrx_word' id='word_1_446' title='bbox 1064 1111 1141 1147; x_wconf 74' lang='grc' dir='ltr'>ἡλίου</span> <span class='ocrx_word' id='word_1_447' title='bbox 1158 1109 1265 1145; x_wconf 75' lang='grc' dir='ltr'><strong>ἡμέραν</strong></span> <span class='ocrx_word' id='word_1_448' title='bbox 1290 1109 1366 1142; x_wconf 80' lang='grc' dir='ltr'>κοινῇ</span> <span class='ocrx_word' id='word_1_449' title='bbox 1385 1107 1484 1137; x_wconf 75' lang='grc' dir='ltr'>πάντες</span> <span class='ocrx_word' id='word_1_450' title='bbox 1504 1106 1554 1141; x_wconf 82' lang='grc' dir='ltr'><strong>τὴν</strong></span> <span class='ocrx_word' id='word_1_451' title='bbox 1577 1104 1731 1131; x_wconf 76' lang='grc' dir='ltr'><strong>συνέλευσιν</strong></span> 
     </span>
    </p>
   </div>
   <div class='ocr_carea' id='block_1_68' title="bbox 941 1151 1732 1196">
    <p class='ocr_par' dir='ltr' id='par_1_68' title="bbox 941 1151 1732 1196">
     <span class='ocr_line' id='line_1_68' title="bbox 941 1151 1732 1196; baseline -0.015 -7"><span class='ocrx_word' id='word_1_452' title='bbox 941 1160 1102 1196; x_wconf 68' lang='grc' dir='ltr'><strong>ποιούμεθα.</strong></span> <span class='ocrx_word' id='word_1_453' title='bbox 1130 1158 1219 1192; x_wconf 84' lang='lat' dir='ltr'><strong>Quare</strong></span> <span class='ocrx_word' id='word_1_454' title='bbox 1248 1156 1335 1191; x_wconf 81' lang='lat' dir='ltr'><strong>magis</strong></span> <span class='ocrx_word' id='word_1_455' title='bbox 1364 1155 1389 1181; x_wconf 93' lang='lat' dir='ltr'><strong>id</strong></span> <span class='ocrx_word' id='word_1_456' title='bbox 1407 1162 1439 1180; x_wconf 78' lang='lat' dir='ltr'><strong>ex</strong></span> <span class='ocrx_word' id='word_1_457' title='bbox 1471 1153 1575 1188; x_wconf 86' lang='lat' dir='ltr'><strong>privato</strong></span> <span class='ocrx_word' id='word_1_458' title='bbox 1603 1151 1732 1178; x_wconf 72' lang='lat' dir='ltr'><strong>Ecclesia:</strong></span> 
     </span>
    </p>
   </div>
   <div class='ocr_carea' id='block_1_69' title="bbox 941 1198 1731 1242">
    <p class='ocr_par' dir='ltr' id='par_1_69' title="bbox 941 1198 1731 1242">
     <span class='ocr_line' id='line_1_69' title="bbox 941 1198 1731 1242; baseline -0.018 -6"><span class='ocrx_word' id='word_1_459' title='bbox 941 1208 1075 1242; x_wconf 86' lang='lat' dir='ltr'><strong>cujusque</strong></span> <span class='ocrx_word' id='word_1_460' title='bbox 1102 1205 1171 1237; x_wconf 87' lang='lat' dir='ltr'><strong>ritu,</strong></span> <span class='ocrx_word' id='word_1_461' title='bbox 1198 1210 1280 1238; x_wconf 83' lang='lat' dir='ltr'><strong>quam</strong></span> <span class='ocrx_word' id='word_1_462' title='bbox 1309 1209 1342 1228; x_wconf 72' lang='lat' dir='ltr'><strong>ex</strong></span> <span class='ocrx_word' id='word_1_463' title='bbox 1368 1199 1507 1227; x_wconf 86' lang='lat' dir='ltr'><strong>communi</strong></span> <span class='ocrx_word' id='word_1_464' title='bbox 1542 1198 1731 1232; x_wconf 78' lang='lat' dir='ltr'><strong>apostolorum</strong></span> 
     </span>
    </p>
   </div>
   <div class='ocr_carea' id='block_1_70' title="bbox 941 1248 1731 1292">
    <p class='ocr_par' dir='ltr' id='par_1_70' title="bbox 941 1248 1731 1292">
     <span class='ocr_line' id='line_1_70' title="bbox 941 1248 1731 1292; baseline -0.02 -8"><span class='ocrx_word' id='word_1_465' title='bbox 941 1255 1098 1292; x_wconf 69' lang='lat' dir='ltr'><strong>prmscripto</strong></span> <span class='ocrx_word' id='word_1_466' title='bbox 1121 1253 1273 1280; x_wconf 82' lang='lat' dir='ltr'><strong>derivatum</strong></span> <span class='ocrx_word' id='word_1_467' title='bbox 1296 1249 1436 1280; x_wconf 74' lang='lat' dir='ltr'><strong>existimo,</strong></span> <span class='ocrx_word' id='word_1_468' title='bbox 1449 1252 1479 1274; x_wconf 89' lang='lat' dir='ltr'><strong>ut</strong></span> <span class='ocrx_word' id='word_1_469' title='bbox 1500 1250 1597 1281; x_wconf 85' lang='lat' dir='ltr'><strong>quarta</strong></span> <span class='ocrx_word' id='word_1_470' title='bbox 1621 1248 1731 1271; x_wconf 81' lang='lat' dir='ltr'><strong>sextare</strong></span> 
     </span>
    </p>
   </div>
   <div class='ocr_carea' id='block_1_71' title="bbox 941 1294 1732 1334">
    <p class='ocr_par' dir='ltr' id='par_1_71' title="bbox 941 1294 1732 1334">
     <span class='ocr_line' id='line_1_71' title="bbox 941 1294 1732 1334; baseline -0.02 -4"><span class='ocrx_word' id='word_1_471' title='bbox 941 1302 1019 1334; x_wconf 82' lang='lat' dir='ltr'><strong>feria,</strong></span> <span class='ocrx_word' id='word_1_472' title='bbox 1047 1305 1095 1328; x_wconf 83' lang='lat' dir='ltr'><strong>aut</strong></span> <span class='ocrx_word' id='word_1_473' title='bbox 1122 1299 1204 1327; x_wconf 89' lang='lat' dir='ltr'><strong>etiam</strong></span> <span class='ocrx_word' id='word_1_474' title='bbox 1238 1297 1357 1324; x_wconf 86' lang='lat' dir='ltr'><strong>Sabbato</strong></span> <span class='ocrx_word' id='word_1_475' title='bbox 1384 1300 1500 1330; x_wconf 77' lang='lat' dir='ltr'><strong>synaxes</strong></span> <span class='ocrx_word' id='word_1_476' title='bbox 1525 1294 1732 1323; x_wconf 80' lang='lat' dir='ltr'><strong>conventusque</strong></span> 
     </span>
    </p>
   </div>
   <div class='ocr_carea' id='block_1_72' title="bbox 941 1336 1732 1380">
    <p class='ocr_par' dir='ltr' id='par_1_72' title="bbox 941 1336 1732 1380">
     <span class='ocr_line' id='line_1_72' title="bbox 941 1336 1732 1380; baseline -0.021 -3"><span class='ocrx_word' id='word_1_477' title='bbox 941 1349 1047 1377; x_wconf 86' lang='lat' dir='ltr'><strong>ﬁerent.</strong></span> <span class='ocrx_word' id='word_1_478' title='bbox 1066 1347 1153 1380; x_wconf 82' lang='lat' dir='ltr'><strong>Quam</strong></span> <span class='ocrx_word' id='word_1_479' title='bbox 1169 1346 1265 1373; x_wconf 92' lang='lat' dir='ltr'><strong>iurem</strong></span> <span class='ocrx_word' id='word_1_480' title='bbox 1278 1343 1402 1378; x_wconf 77' lang='lat' dir='ltr'><strong>egregius</strong></span> <span class='ocrx_word' id='word_1_481' title='bbox 1422 1345 1464 1368; x_wconf 87' lang='lat' dir='ltr'><strong>est</strong></span> <span class='ocrx_word' id='word_1_482' title='bbox 1486 1337 1631 1374; x_wconf 70' lang='lat' dir='ltr'><strong>Augustini</strong></span> <span class='ocrx_word' id='word_1_483' title='bbox 1656 1336 1732 1363; x_wconf 72' lang='lat' dir='ltr'><strong>locus</strong></span> 
     </span>
    </p>
   </div>
   <div class='ocr_carea' id='block_1_73' title="bbox 941 1381 1731 1430">
    <p class='ocr_par' dir='ltr' id='par_1_73' title="bbox 941 1381 1731 1430">
     <span class='ocr_line' id='line_1_73' title="bbox 941 1381 1731 1430; baseline -0.02 -7"><span class='ocrx_word' id='word_1_484' title='bbox 941 1395 1019 1430; x_wconf 87' lang='lat' dir='ltr'><strong>epist.</strong></span> <span class='ocrx_word' id='word_1_485' title='bbox 1035 1393 1096 1425; x_wconf 75' lang='lat'><strong>“8,</strong></span> <span class='ocrx_word' id='word_1_486' title='bbox 1113 1393 1159 1428; x_wconf 88' lang='lat' dir='ltr'><strong>qui</strong></span> <span class='ocrx_word' id='word_1_487' title='bbox 1176 1391 1243 1419; x_wconf 84' lang='lat' dir='ltr'><strong>mibi</strong></span> <span class='ocrx_word' id='word_1_488' title='bbox 1263 1390 1305 1417; x_wconf 87' lang='lat' dir='ltr'><strong>hic</strong></span> <span class='ocrx_word' id='word_1_489' title='bbox 1323 1386 1502 1416; x_wconf 82' lang='lat' dir='ltr'><strong>ascribendus</strong></span> <span class='ocrx_word' id='word_1_490' title='bbox 1520 1385 1626 1411; x_wconf 79' lang='lat' dir='ltr'><strong>videtur</strong></span> <span class='ocrx_word' id='word_1_491' title='bbox 1642 1392 1648 1409; x_wconf 86' lang='lat'>:</span> <span class='ocrx_word' id='word_1_492' title='bbox 1669 1381 1731 1408; x_wconf 50' lang='lat' dir='ltr'><strong>Alii:</strong></span> 
     </span>
    </p>
   </div>
   <div class='ocr_carea' id='block_1_74' title="bbox 942 1430 1732 1473">
    <p class='ocr_par' dir='ltr' id='par_1_74' title="bbox 942 1430 1732 1473">
     <span class='ocr_line' id='line_1_74' title="bbox 942 1430 1732 1473; baseline -0.02 -6"><span class='ocrx_word' id='word_1_493' title='bbox 942 1448 1018 1471; x_wconf 78' lang='lat' dir='ltr'><strong>vero,</strong></span> <span class='ocrx_word' id='word_1_494' title='bbox 1034 1438 1133 1473; x_wconf 88' lang='lat' dir='ltr'><strong>inquit,</strong></span> <span class='ocrx_word' id='word_1_495' title='bbox 1149 1444 1208 1472; x_wconf 76' lang='lat' dir='ltr'><strong>qua:</strong></span> <span class='ocrx_word' id='word_1_496' title='bbox 1222 1443 1267 1470; x_wconf 80' lang='lat' dir='ltr'><strong>per</strong></span> <span class='ocrx_word' id='word_1_497' title='bbox 1280 1434 1338 1460; x_wconf 81' lang='lat' dir='ltr'><strong>loca</strong></span> <span class='ocrx_word' id='word_1_498' title='bbox 1356 1438 1485 1459; x_wconf 80' lang='lat' dir='ltr'><strong>terrarum</strong></span> <span class='ocrx_word' id='word_1_499' title='bbox 1503 1430 1668 1464; x_wconf 76' lang='lat' dir='ltr'><strong>regionesque</strong></span> <span class='ocrx_word' id='word_1_500' title='bbox 1684 1435 1732 1455; x_wconf 72' lang='grc' dir='ltr'><strong>ινα--</strong></span> 
     </span>
    </p>
   </div>
   <div class='ocr_carea' id='block_1_75' title="bbox 942 1472 1732 1517">
    <p class='ocr_par' dir='ltr' id='par_1_75' title="bbox 942 1472 1732 1517">
     <span class='ocr_line' id='line_1_75' title="bbox 942 1472 1732 1517; baseline -0.02 -4"><span class='ocrx_word' id='word_1_501' title='bbox 942 1487 1056 1517; x_wconf 87' lang='lat' dir='ltr'><strong>riantur,</strong></span> <span class='ocrx_word' id='word_1_502' title='bbox 1073 1472 1160 1511; x_wconf 62' lang='lat' dir='ltr'><strong>sicuti</strong></span> <span class='ocrx_word' id='word_1_503' title='bbox 1178 1486 1215 1509; x_wconf 82' lang='lat' dir='ltr'><strong>est</strong></span> <span class='ocrx_word' id='word_1_504' title='bbox 1235 1480 1303 1516; x_wconf 86' lang='lat' dir='ltr'><strong>quod</strong></span> <span class='ocrx_word' id='word_1_505' title='bbox 1327 1479 1376 1506; x_wconf 85' lang='lat' dir='ltr'><strong>alii</strong></span> <span class='ocrx_word' id='word_1_506' title='bbox 1396 1478 1519 1512; x_wconf 79' lang='lat' dir='ltr'><strong>jejunant</strong></span> <span class='ocrx_word' id='word_1_507' title='bbox 1541 1474 1665 1505; x_wconf 80' lang='lat' dir='ltr'><strong>Sabbato,</strong></span> <span class='ocrx_word' id='word_1_508' title='bbox 1684 1472 1732 1498; x_wconf 83' lang='lat' dir='ltr'><strong>alii</strong></span> 
     </span>
    </p>
   </div>
   <div class='ocr_carea' id='block_1_76' title="bbox 941 1521 1732 1564">
    <p class='ocr_par' dir='ltr' id='par_1_76' title="bbox 941 1521 1732 1564">
     <span class='ocr_line' id='line_1_76' title="bbox 941 1521 1732 1564; baseline -0.02 -4"><span class='ocrx_word' id='word_1_509' title='bbox 941 1540 1000 1560; x_wconf 79' lang='lat' dir='ltr'><strong>vero</strong></span> <span class='ocrx_word' id='word_1_510' title='bbox 1013 1538 1084 1558; x_wconf 79' lang='lat' dir='ltr'><strong>non:</strong></span> <span class='ocrx_word' id='word_1_511' title='bbox 1103 1529 1151 1556; x_wconf 86' lang='lat' dir='ltr'><strong>alii</strong></span> <span class='ocrx_word' id='word_1_512' title='bbox 1162 1527 1279 1564; x_wconf 87' lang='lat' dir='ltr'><strong>quotidie</strong></span> <span class='ocrx_word' id='word_1_513' title='bbox 1293 1525 1486 1552; x_wconf 77' lang='lat' dir='ltr'><strong>communicant</strong></span> <span class='ocrx_word' id='word_1_514' title='bbox 1506 1521 1609 1556; x_wconf 86' lang='lat' dir='ltr'><strong>corpori</strong></span> <span class='ocrx_word' id='word_1_515' title='bbox 1629 1524 1652 1546; x_wconf 87' lang='lat' dir='ltr'><strong>ct</strong></span> <span class='ocrx_word' id='word_1_516' title='bbox 1670 1527 1732 1545; x_wconf 83' lang='lat' dir='ltr'><strong>san-</strong></span> 
     </span>
    </p>
   </div>
   <div class='ocr_carea' id='block_1_77' title="bbox 905 1564 1732 1615">
    <p class='ocr_par' dir='ltr' id='par_1_77' title="bbox 905 1564 1732 1615">
     <span class='ocr_line' id='line_1_77' title="bbox 905 1564 1732 1615; baseline -0.021 -9"><span class='ocrx_word' id='word_1_517' title='bbox 905 1587 926 1615; x_wconf 80' lang='lat' dir='ltr'>c</span> <span class='ocrx_word' id='word_1_518' title='bbox 943 1578 1018 1614; x_wconf 83' lang='lat' dir='ltr'><strong>guini</strong></span> <span class='ocrx_word' id='word_1_519' title='bbox 1044 1576 1201 1607; x_wconf 85' lang='lat' dir='ltr'><strong>Dominico;</strong></span> <span class='ocrx_word' id='word_1_520' title='bbox 1222 1573 1269 1600; x_wconf 85' lang='lat' dir='ltr'><strong>alii</strong></span> <span class='ocrx_word' id='word_1_521' title='bbox 1288 1572 1364 1599; x_wconf 76' lang='lat' dir='ltr'><strong>certis</strong></span> <span class='ocrx_word' id='word_1_522' title='bbox 1386 1570 1478 1597; x_wconf 81' lang='lat' dir='ltr'><strong>diebus</strong></span> <span class='ocrx_word' id='word_1_523' title='bbox 1498 1567 1646 1601; x_wconf 77' lang='lat' dir='ltr'><strong>accipiunt;</strong></span> <span class='ocrx_word' id='word_1_524' title='bbox 1667 1564 1732 1591; x_wconf 82' lang='lat' dir='ltr'><strong>alibi</strong></span> 
     </span>
    </p>
   </div>
   <div class='ocr_carea' id='block_1_78' title="bbox 942 1609 1732 1651">
    <p class='ocr_par' dir='ltr' id='par_1_78' title="bbox 942 1609 1732 1651">
     <span class='ocr_line' id='line_1_78' title="bbox 942 1609 1732 1651; baseline -0.019 -1"><span class='ocrx_word' id='word_1_525' title='bbox 942 1609 1031 1651; x_wconf 67' lang='lat' dir='ltr'><strong>iiullus</strong></span> <span class='ocrx_word' id='word_1_526' title='bbox 1055 1621 1110 1647; x_wconf 78' lang='lat' dir='ltr'><strong>dies</strong></span> <span class='ocrx_word' id='word_1_527' title='bbox 1132 1618 1318 1646; x_wconf 76' lang='lat' dir='ltr'><strong>intermittitur</strong></span> <span class='ocrx_word' id='word_1_528' title='bbox 1332 1624 1382 1651; x_wconf 89' lang='lat' dir='ltr'><strong>quo</strong></span> <span class='ocrx_word' id='word_1_529' title='bbox 1404 1624 1454 1642; x_wconf 89' lang='lat' dir='ltr'><strong>nou</strong></span> <span class='ocrx_word' id='word_1_530' title='bbox 1487 1613 1634 1647; x_wconf 77' lang='lat' dir='ltr'><strong>offeratur;</strong></span> <span class='ocrx_word' id='word_1_531' title='bbox 1666 1609 1732 1636; x_wconf 84' lang='lat' dir='ltr'><strong>alibi</strong></span> 
     </span>
    </p>
   </div>
   <div class='ocr_carea' id='block_1_79' title="bbox 942 1655 1732 1696">
    <p class='ocr_par' dir='ltr' id='par_1_79' title="bbox 942 1655 1732 1696">
     <span class='ocr_line' id='line_1_79' title="bbox 942 1655 1732 1696; baseline -0.019 0"><span class='ocrx_word' id='word_1_532' title='bbox 942 1668 1058 1696; x_wconf 87' lang='lat' dir='ltr'><strong>Sabbato</strong></span> <span class='ocrx_word' id='word_1_533' title='bbox 1083 1670 1187 1693; x_wconf 86' lang='lat' dir='ltr'><strong>tantum</strong></span> <span class='ocrx_word' id='word_1_534' title='bbox 1204 1668 1228 1690; x_wconf 85' lang='lat' dir='ltr'><strong>et</strong></span> <span class='ocrx_word' id='word_1_535' title='bbox 1252 1662 1406 1693; x_wconf 85' lang='lat' dir='ltr'><strong>Domiuico;</strong></span> <span class='ocrx_word' id='word_1_536' title='bbox 1431 1660 1495 1687; x_wconf 85' lang='lat' dir='ltr'><strong>alibi</strong></span> <span class='ocrx_word' id='word_1_537' title='bbox 1514 1663 1616 1685; x_wconf 85' lang='lat' dir='ltr'><strong>tantum</strong></span> <span class='ocrx_word' id='word_1_538' title='bbox 1639 1655 1732 1682; x_wconf 79' lang='lat' dir='ltr'><strong>Domi--</strong></span> 
     </span>
    </p>
   </div>
   <div class='ocr_carea' id='block_1_80' title="bbox 942 1703 1732 1746">
    <p class='ocr_par' dir='ltr' id='par_1_80' title="bbox 942 1703 1732 1746">
     <span class='ocr_line' id='line_1_80' title="bbox 942 1703 1732 1746; baseline -0.018 -5"><span class='ocrx_word' id='word_1_539' title='bbox 942 1715 1056 1744; x_wconf 82' lang='lat' dir='ltr'><strong>nico;et</strong></span> <span class='ocrx_word' id='word_1_540' title='bbox 1076 1711 1177 1746; x_wconf 76' lang='lat' dir='ltr'><strong>siquid</strong></span> <span class='ocrx_word' id='word_1_541' title='bbox 1200 1709 1274 1736; x_wconf 80' lang='lat' dir='ltr'><strong>aliud</strong></span> <span class='ocrx_word' id='word_1_542' title='bbox 1295 1707 1425 1743; x_wconf 66' lang='lat' dir='ltr'><strong>ejusmodi</strong></span> <span class='ocrx_word' id='word_1_543' title='bbox 1443 1703 1617 1732; x_wconf 78' lang='lat' dir='ltr'><strong>auinmdrerti</strong></span> <span class='ocrx_word' id='word_1_544' title='bbox 1636 1706 1732 1736; x_wconf 76' lang='lat' dir='ltr'><strong>potest,</strong></span> 
     </span>
    </p>
   </div>
   <div class='ocr_carea' id='block_1_81' title="bbox 942 1746 1730 1791">
    <p class='ocr_par' dir='ltr' id='par_1_81' title="bbox 942 1746 1730 1791">
     <span class='ocr_line' id='line_1_81' title="bbox 942 1746 1730 1791; baseline -0.018 -6"><span class='ocrx_word' id='word_1_545' title='bbox 942 1762 1026 1785; x_wconf 89' lang='lat' dir='ltr'><strong>totum</strong></span> <span class='ocrx_word' id='word_1_546' title='bbox 1047 1757 1094 1783; x_wconf 83' lang='lat' dir='ltr'><strong>hoc</strong></span> <span class='ocrx_word' id='word_1_547' title='bbox 1113 1763 1193 1791; x_wconf 74' lang='lat' dir='ltr'><strong>genus</strong></span> <span class='ocrx_word' id='word_1_548' title='bbox 1211 1761 1298 1781; x_wconf 86' lang='lat' dir='ltr'><strong>rerum</strong></span> <span class='ocrx_word' id='word_1_549' title='bbox 1319 1752 1415 1779; x_wconf 81' lang='lat' dir='ltr'><strong>liberas</strong></span> <span class='ocrx_word' id='word_1_550' title='bbox 1434 1750 1510 1776; x_wconf 84' lang='lat' dir='ltr'><strong>habet</strong></span> <span class='ocrx_word' id='word_1_551' title='bbox 1527 1746 1730 1774; x_wconf 75' lang='lat' dir='ltr'><strong>observationes.</strong></span> 
     </span>
    </p>
   </div>
   <div class='ocr_carea' id='block_1_82' title="bbox 941 1794 1732 1836">
    <p class='ocr_par' dir='ltr' id='par_1_82' title="bbox 941 1794 1732 1836">
     <span class='ocr_line' id='line_1_82' title="bbox 941 1794 1732 1836; baseline -0.018 -5"><span class='ocrx_word' id='word_1_552' title='bbox 941 1803 1116 1831; x_wconf 78' lang='lat' dir='ltr'><strong>Innocentius</strong></span> <span class='ocrx_word' id='word_1_553' title='bbox 1142 1808 1225 1836; x_wconf 90' lang='lat' dir='ltr'><strong>porro</strong></span> <span class='ocrx_word' id='word_1_554' title='bbox 1248 1799 1327 1834; x_wconf 86' lang='lat' dir='ltr'><strong>epist.</strong></span> <span class='ocrx_word' id='word_1_555' title='bbox 1350 1797 1371 1831; x_wconf 87' lang='lat' dir='ltr'><strong>l,</strong></span> <span class='ocrx_word' id='word_1_556' title='bbox 1385 1805 1445 1831; x_wconf 82' lang='lat' dir='ltr'><strong>cap.</strong></span> <span class='ocrx_word' id='word_1_557' title='bbox 1464 1796 1491 1827; x_wconf 70' lang='grc'><strong>4,</strong></span> <span class='ocrx_word' id='word_1_558' title='bbox 1515 1794 1581 1821; x_wconf 82' lang='lat' dir='ltr'><strong>feria</strong></span> <span class='ocrx_word' id='word_1_559' title='bbox 1606 1798 1681 1820; x_wconf 79' lang='lat' dir='ltr'><strong>srxla</strong></span> <span class='ocrx_word' id='word_1_560' title='bbox 1705 1796 1732 1818; x_wconf 73' lang='lat' dir='ltr'><strong>ct</strong></span> 
     </span>
    </p>
   </div>
   <div class='ocr_carea' id='block_1_83' title="bbox 942 1837 1731 1876">
    <p class='ocr_par' dir='ltr' id='par_1_83' title="bbox 942 1837 1731 1876">
     <span class='ocr_line' id='line_1_83' title="bbox 942 1837 1731 1876; baseline -0.016 0"><span class='ocrx_word' id='word_1_561' title='bbox 942 1848 1061 1876; x_wconf 88' lang='lat' dir='ltr'><strong>Sabbato</strong></span> <span class='ocrx_word' id='word_1_562' title='bbox 1087 1849 1258 1874; x_wconf 80' lang='lat' dir='ltr'><strong>sacramenta</strong></span> <span class='ocrx_word' id='word_1_563' title='bbox 1277 1844 1388 1870; x_wconf 82' lang='lat' dir='ltr'><strong>minime</strong></span> <span class='ocrx_word' id='word_1_564' title='bbox 1412 1840 1544 1869; x_wconf 77' lang='lat' dir='ltr'><strong>celebrari</strong></span> <span class='ocrx_word' id='word_1_565' title='bbox 1568 1838 1672 1870; x_wconf 70' lang='lat' dir='ltr'><strong>scribit,</strong></span> <span class='ocrx_word' id='word_1_566' title='bbox 1688 1837 1731 1864; x_wconf 88' lang='lat' dir='ltr'><strong>his</strong></span> 
     </span>
    </p>
   </div>
   <div class='ocr_carea' id='block_1_84' title="bbox 941 1886 1730 1925">
    <p class='ocr_par' dir='ltr' id='par_1_84' title="bbox 941 1886 1730 1925">
     <span class='ocr_line' id='line_1_84' title="bbox 941 1886 1730 1925; baseline -0.016 -5"><span class='ocrx_word' id='word_1_567' title='bbox 941 1893 1031 1920; x_wconf 86' lang='lat' dir='ltr'><strong>verbis</strong></span> <span class='ocrx_word' id='word_1_568' title='bbox 1048 1900 1053 1918; x_wconf 95' lang='lat'><strong>:</strong></span> <span class='ocrx_word' id='word_1_569' title='bbox 1077 1891 1153 1924; x_wconf 84' lang='lat' dir='ltr'><strong>Quod</strong></span> <span class='ocrx_word' id='word_1_570' title='bbox 1170 1891 1257 1925; x_wconf 85' lang='lat' dir='ltr'><strong>utique</strong></span> <span class='ocrx_word' id='word_1_571' title='bbox 1274 1897 1323 1915; x_wconf 87' lang='lat' dir='ltr'><strong>non</strong></span> <span class='ocrx_word' id='word_1_572' title='bbox 1336 1887 1444 1913; x_wconf 81' lang='lat' dir='ltr'><strong>dubiant</strong></span> <span class='ocrx_word' id='word_1_573' title='bbox 1461 1890 1510 1918; x_wconf 87' lang='lat' dir='ltr'><strong>est,</strong></span> <span class='ocrx_word' id='word_1_574' title='bbox 1526 1886 1552 1911; x_wconf 80' lang='lat' dir='ltr'><strong>in</strong></span> <span class='ocrx_word' id='word_1_575' title='bbox 1569 1888 1670 1910; x_wconf 82' lang='lat' dir='ltr'><strong>tantum</strong></span> <span class='ocrx_word' id='word_1_576' title='bbox 1687 1890 1730 1908; x_wconf 77' lang='lat' dir='ltr'><strong>eos</strong></span> 
     </span>
    </p>
   </div>
   <div class='ocr_carea' id='block_1_85' title="bbox 937 1929 1730 1973">
    <p class='ocr_par' dir='ltr' id='par_1_85' title="bbox 937 1929 1730 1973">
     <span class='ocr_line' id='line_1_85' title="bbox 937 1929 1730 1973; baseline -0.019 -8"><span class='ocrx_word' id='word_1_577' title='bbox 937 1938 1073 1973; x_wconf 77' lang='lat' dir='ltr'><strong>jejunasse</strong></span> <span class='ocrx_word' id='word_1_578' title='bbox 1088 1936 1136 1971; x_wconf 88' lang='lat' dir='ltr'><strong>(de</strong></span> <span class='ocrx_word' id='word_1_579' title='bbox 1154 1934 1286 1970; x_wconf 84' lang='lat' dir='ltr'><strong>apostolis</strong></span> <span class='ocrx_word' id='word_1_580' title='bbox 1313 1931 1449 1966; x_wconf 86' lang='lat' dir='ltr'><strong>loquitur)</strong></span> <span class='ocrx_word' id='word_1_581' title='bbox 1473 1929 1552 1955; x_wconf 86' lang='lat' dir='ltr'><strong>biduo</strong></span> <span class='ocrx_word' id='word_1_582' title='bbox 1575 1930 1730 1958; x_wconf 74' lang='lat' dir='ltr'><strong>utemur-ato,</strong></span> 
     </span>
    </p>
   </div>
   <div class='ocr_carea' id='block_1_86' title="bbox 941 1975 1731 2011">
    <p class='ocr_par' dir='ltr' id='par_1_86' title="bbox 941 1975 1731 2011">
     <span class='ocr_line' id='line_1_86' title="bbox 941 1975 1731 2011; baseline -0.016 0"><span class='ocrx_word' id='word_1_583' title='bbox 941 1989 969 2011; x_wconf 91' lang='lat' dir='ltr'><strong>ut</strong></span> <span class='ocrx_word' id='word_1_584' title='bbox 987 1983 1096 2010; x_wconf 88' lang='lat' dir='ltr'><strong>traditio</strong></span> <span class='ocrx_word' id='word_1_585' title='bbox 1119 1980 1245 2007; x_wconf 80' lang='lat' dir='ltr'><strong>Ecclesia:</strong></span> <span class='ocrx_word' id='word_1_586' title='bbox 1264 1978 1371 2008; x_wconf 79' lang='lat' dir='ltr'><strong>habeat.</strong></span> <span class='ocrx_word' id='word_1_587' title='bbox 1390 1978 1440 2003; x_wconf 67' lang='lat' dir='ltr'><strong>isto</strong></span> <span class='ocrx_word' id='word_1_588' title='bbox 1459 1975 1539 2002; x_wconf 82' lang='lat' dir='ltr'><strong>birluo</strong></span> <span class='ocrx_word' id='word_1_589' title='bbox 1564 1975 1731 2000; x_wconf 83' lang='lat' dir='ltr'><strong>sacramenta</strong></span> 
     </span>
    </p>
   </div>
   <div class='ocr_carea' id='block_1_87' title="bbox 941 2018 1732 2064">
    <p class='ocr_par' dir='ltr' id='par_1_87' title="bbox 941 2018 1732 2064">
     <span class='ocr_line' id='line_1_87' title="bbox 941 2018 1732 2064; baseline -0.018 -7"><span class='ocrx_word' id='word_1_590' title='bbox 941 2030 1043 2064; x_wconf 84' lang='lat' dir='ltr'><strong>penitus</strong></span> <span class='ocrx_word' id='word_1_591' title='bbox 1058 2035 1109 2054; x_wconf 84' lang='lat' dir='ltr'><strong>non</strong></span> <span class='ocrx_word' id='word_1_592' title='bbox 1126 2025 1262 2053; x_wconf 81' lang='lat' dir='ltr'><strong>celebrari.</strong></span> <span class='ocrx_word' id='word_1_593' title='bbox 1276 2024 1304 2050; x_wconf 92' lang='lat' dir='ltr'><strong>ln</strong></span> <span class='ocrx_word' id='word_1_594' title='bbox 1321 2021 1516 2050; x_wconf 74' lang='lat' dir='ltr'><strong>Mcdiolanensi</strong></span> <span class='ocrx_word' id='word_1_595' title='bbox 1528 2018 1647 2046; x_wconf 83' lang='lat' dir='ltr'><strong>Ecclesia</strong></span> <span class='ocrx_word' id='word_1_596' title='bbox 1661 2025 1732 2052; x_wconf 88' lang='lat' dir='ltr'><strong>quo-</strong></span> 
     </span>
    </p>
   </div>
   <div class='ocr_carea' id='block_1_88' title="bbox 942 2062 1732 2102">
    <p class='ocr_par' dir='ltr' id='par_1_88' title="bbox 942 2062 1732 2102">
     <span class='ocr_line' id='line_1_88' title="bbox 942 2062 1732 2102; baseline -0.016 -1"><span class='ocrx_word' id='word_1_597' title='bbox 942 2062 1005 2102; x_wconf 77' lang='lat' dir='ltr'><strong>tidie</strong></span> <span class='ocrx_word' id='word_1_598' title='bbox 1022 2071 1187 2100; x_wconf 87' lang='lat' dir='ltr'><strong>sacriﬁcium</strong></span> <span class='ocrx_word' id='word_1_599' title='bbox 1206 2070 1327 2096; x_wconf 86' lang='lat' dir='ltr'><strong>oblatum</strong></span> <span class='ocrx_word' id='word_1_600' title='bbox 1341 2076 1371 2094; x_wconf 76' lang='lat' dir='ltr'><strong>es</strong></span> <span class='ocrx_word' id='word_1_601' title='bbox 1388 2066 1531 2094; x_wconf 83' lang='lat' dir='ltr'><strong>Ambrosio</strong></span> <span class='ocrx_word' id='word_1_602' title='bbox 1543 2067 1667 2094; x_wconf 86' lang='lat' dir='ltr'><strong>constat;</strong></span> <span class='ocrx_word' id='word_1_603' title='bbox 1684 2062 1732 2096; x_wconf 87' lang='lat' dir='ltr'><strong>qui</strong></span> 
     </span>
    </p>
   </div>
   <div class='ocr_carea' id='block_1_89' title="bbox 941 2109 1731 2150">
    <p class='ocr_par' dir='ltr' id='par_1_89' title="bbox 941 2109 1731 2150">
     <span class='ocr_line' id='line_1_89' title="bbox 941 2109 1731 2150; baseline -0.019 -3"><span class='ocrx_word' id='word_1_604' title='bbox 941 2127 1024 2147; x_wconf 86' lang='lat' dir='ltr'><strong>serm.</strong></span> <span class='ocrx_word' id='word_1_605' title='bbox 1049 2117 1084 2145; x_wconf 72' lang='grc'><strong>54</strong></span> <span class='ocrx_word' id='word_1_606' title='bbox 1105 2117 1140 2143; x_wconf 88' lang='lat' dir='ltr'><strong>ita</strong></span> <span class='ocrx_word' id='word_1_607' title='bbox 1156 2115 1298 2150; x_wconf 86' lang='lat' dir='ltr'><strong>loquitur:</strong></span> <span class='ocrx_word' id='word_1_608' title='bbox 1326 2112 1417 2139; x_wconf 81' lang='lat' dir='ltr'><strong>Moneo</strong></span> <span class='ocrx_word' id='word_1_609' title='bbox 1437 2112 1527 2141; x_wconf 76' lang='lat' dir='ltr'><strong>etiam,</strong></span> <span class='ocrx_word' id='word_1_610' title='bbox 1545 2115 1572 2136; x_wconf 88' lang='lat' dir='ltr'><strong>ut</strong></span> <span class='ocrx_word' id='word_1_611' title='bbox 1591 2109 1636 2143; x_wconf 86' lang='lat' dir='ltr'><strong>qui</strong></span> <span class='ocrx_word' id='word_1_612' title='bbox 1649 2109 1731 2142; x_wconf 70' lang='lat' dir='ltr'><strong>juxta</strong></span> 
     </span>
    </p>
   </div>
   <div class='ocr_carea' id='block_1_90' title="bbox 942 2156 1730 2193">
    <p class='ocr_par' dir='ltr' id='par_1_90' title="bbox 942 2156 1730 2193">
     <span class='ocr_line' id='line_1_90' title="bbox 942 2156 1730 2193; baseline -0.018 -2"><span class='ocrx_word' id='word_1_613' title='bbox 942 2163 1089 2191; x_wconf 73' lang='lat' dir='ltr'><strong>Ecclesia»:</strong></span> <span class='ocrx_word' id='word_1_614' title='bbox 1113 2166 1168 2192; x_wconf 81' lang='lat' dir='ltr'><strong>est.</strong></span> <span class='ocrx_word' id='word_1_615' title='bbox 1187 2164 1211 2186; x_wconf 83' lang='lat' dir='ltr'><strong>et</strong></span> <span class='ocrx_word' id='word_1_616' title='bbox 1239 2159 1294 2185; x_wconf 80' lang='lat' dir='ltr'><strong>sine</strong></span> <span class='ocrx_word' id='word_1_617' title='bbox 1319 2158 1394 2193; x_wconf 84' lang='lat' dir='ltr'><strong>gravi</strong></span> <span class='ocrx_word' id='word_1_618' title='bbox 1418 2156 1601 2190; x_wconf 75' lang='lat' dir='ltr'><strong>impedimento</strong></span> <span class='ocrx_word' id='word_1_619' title='bbox 1629 2157 1730 2188; x_wconf 77' lang='lat' dir='ltr'><strong>potest,</strong></span> 
     </span>
    </p>
   </div>
   <div class='ocr_carea' id='block_1_91' title="bbox 941 2199 1732 2244">
    <p class='ocr_par' dir='ltr' id='par_1_91' title="bbox 941 2199 1732 2244">
     <span class='ocr_line' id='line_1_91' title="bbox 941 2199 1732 2244; baseline -0.018 -8"><span class='ocrx_word' id='word_1_620' title='bbox 941 2208 1057 2244; x_wconf 79' lang='lat' dir='ltr'><strong>quotidie</strong></span> <span class='ocrx_word' id='word_1_621' title='bbox 1081 2206 1172 2234; x_wconf 76' lang='lat' dir='ltr'><strong>audiat</strong></span> <span class='ocrx_word' id='word_1_622' title='bbox 1203 2205 1328 2236; x_wconf 67' lang='lat' dir='ltr'><strong>missam;</strong></span> <span class='ocrx_word' id='word_1_623' title='bbox 1342 2207 1366 2229; x_wconf 78' lang='lat' dir='ltr'><strong>et</strong></span> <span class='ocrx_word' id='word_1_624' title='bbox 1383 2203 1428 2237; x_wconf 88' lang='lat' dir='ltr'><strong>qui</strong></span> <span class='ocrx_word' id='word_1_625' title='bbox 1444 2205 1537 2236; x_wconf 78' lang='lat' dir='ltr'><strong>potest,</strong></span> <span class='ocrx_word' id='word_1_626' title='bbox 1559 2199 1631 2226; x_wconf 86' lang='lat' dir='ltr'><strong>omni</strong></span> <span class='ocrx_word' id='word_1_627' title='bbox 1657 2202 1732 2224; x_wconf 80' lang='lat' dir='ltr'><strong>nocte</strong></span> 
     </span>
    </p>
   </div>
   <div class='ocr_carea' id='block_1_92' title="bbox 104 2244 890 2288">
    <p class='ocr_par' dir='ltr' id='par_1_92' title="bbox 104 2249 888 2288">
     <span class='ocr_line' id='line_1_92' title="bbox 104 2249 888 2288; baseline -0.008 -7"><span class='ocrx_word' id='word_1_628' title='bbox 104 2254 173 2284; x_wconf 81' lang='lat' dir='ltr'><strong>liter.</strong></span> <span class='ocrx_word' id='word_1_629' title='bbox 188 2252 284 2288; x_wconf 84' lang='lat' dir='ltr'><strong>inquit,</strong></span> <span class='ocrx_word' id='word_1_630' title='bbox 297 2252 328 2278; x_wconf 87' lang='lat' dir='ltr'><strong>de</strong></span> <span class='ocrx_word' id='word_1_631' title='bbox 340 2251 483 2278; x_wconf 83' lang='lat' dir='ltr'><strong>stationum</strong></span> <span class='ocrx_word' id='word_1_632' title='bbox 495 2250 585 2278; x_wconf 81' lang='lat' dir='ltr'><strong>diebus</strong></span> <span class='ocrx_word' id='word_1_633' title='bbox 601 2258 651 2276; x_wconf 85' lang='lat' dir='ltr'><strong>non</strong></span> <span class='ocrx_word' id='word_1_634' title='bbox 666 2254 760 2284; x_wconf 82' lang='lat' dir='ltr'><strong>putant</strong></span> <span class='ocrx_word' id='word_1_635' title='bbox 772 2249 888 2284; x_wconf 82' lang='lat' dir='ltr'><strong>plerique</strong></span> 
     </span>
    </p>
   </div>
   <div class='ocr_carea' id='block_1_93' title="bbox 942 2244 1732 2288">
    <p class='ocr_par' dir='ltr' id='par_1_93' title="bbox 942 2244 1732 2284">
     <span class='ocr_line' id='line_1_93' title="bbox 942 2244 1732 2284; baseline -0.018 -2"><span class='ocrx_word' id='word_1_636' title='bbox 942 2254 976 2282; x_wconf 89' lang='lat' dir='ltr'><strong>ad</strong></span> <span class='ocrx_word' id='word_1_637' title='bbox 991 2253 1149 2280; x_wconf 87' lang='lat' dir='ltr'><strong>matutinum</strong></span> <span class='ocrx_word' id='word_1_638' title='bbox 1164 2251 1260 2277; x_wconf 81' lang='lat' dir='ltr'><strong>veniat.</strong></span> <span class='ocrx_word' id='word_1_639' title='bbox 1281 2248 1313 2275; x_wconf 83' lang='lat' dir='ltr'><strong>Et</strong></span> <span class='ocrx_word' id='word_1_640' title='bbox 1328 2248 1408 2284; x_wconf 82' lang='lat' dir='ltr'><strong>paulo</strong></span> <span class='ocrx_word' id='word_1_641' title='bbox 1423 2251 1484 2282; x_wconf 82' lang='lat' dir='ltr'><strong>post</strong></span> <span class='ocrx_word' id='word_1_642' title='bbox 1498 2255 1504 2272; x_wconf 94' lang='lat'>:</span> <span class='ocrx_word' id='word_1_643' title='bbox 1528 2245 1558 2271; x_wconf 91' lang='lat' dir='ltr'><strong>ln</strong></span> <span class='ocrx_word' id='word_1_644' title='bbox 1576 2244 1732 2277; x_wconf 79' lang='lat' dir='ltr'><strong>Qum/rage-</strong></span> 
     </span>
    </p>
   </div>
   <div class='ocr_carea' id='block_1_94' title="bbox 103 2295 893 2333">
    <p class='ocr_par' dir='ltr' id='par_1_94' title="bbox 103 2295 893 2333">
     <span class='ocr_line' id='line_1_94' title="bbox 103 2295 893 2333; baseline -0.006 -7"><span class='ocrx_word' id='word_1_645' title='bbox 103 2299 295 2333; x_wconf 72' lang='lat' dir='ltr'><strong>:acriﬁciorum</strong></span> <span class='ocrx_word' id='word_1_646' title='bbox 309 2296 473 2324; x_wconf 72' lang='lat' dir='ltr'><strong>orationibus</strong></span> <span class='ocrx_word' id='word_1_647' title='bbox 495 2295 718 2322; x_wconf 82' lang='lat' dir='ltr'><strong>interveniendum</strong></span> <span class='ocrx_word' id='word_1_648' title='bbox 731 2303 739 2326; x_wconf 86' lang='lat'><strong><em>;</em></strong></span> <span class='ocrx_word' id='word_1_649' title='bbox 753 2295 821 2330; x_wconf 90' lang='lat' dir='ltr'><strong>quod</strong></span> <span class='ocrx_word' id='word_1_650' title='bbox 836 2299 893 2321; x_wconf 80' lang='lat' dir='ltr'><strong>sta-</strong></span> 
     </span>
    </p>
   </div>
   <div class='ocr_carea' id='block_1_95' title="bbox 105 2340 890 2378">
    <p class='ocr_par' dir='ltr' id='par_1_95' title="bbox 105 2340 890 2378">
     <span class='ocr_line' id='line_1_95' title="bbox 105 2340 890 2378; baseline -0.006 -6"><span class='ocrx_word' id='word_1_651' title='bbox 105 2346 141 2373; x_wconf 90' lang='lat' dir='ltr'><strong>tio</strong></span> <span class='ocrx_word' id='word_1_652' title='bbox 152 2343 277 2372; x_wconf 74' lang='lat' dir='ltr'><strong>soluenda</strong></span> <span class='ocrx_word' id='word_1_653' title='bbox 294 2345 329 2370; x_wconf 76' lang='lat' dir='ltr'><strong>ait</strong></span> <span class='ocrx_word' id='word_1_654' title='bbox 344 2347 448 2378; x_wconf 83' lang='lat' dir='ltr'><strong>accepto</strong></span> <span class='ocrx_word' id='word_1_655' title='bbox 464 2349 570 2376; x_wconf 82' lang='lat' dir='ltr'><strong>corpore</strong></span> <span class='ocrx_word' id='word_1_656' title='bbox 585 2341 702 2368; x_wconf 75' lang='lat' dir='ltr'><strong>Domitii.</strong></span> <span class='ocrx_word' id='word_1_657' title='bbox 725 2340 795 2375; x_wconf 83' lang='lat' dir='ltr'><strong>Ergo</strong></span> <span class='ocrx_word' id='word_1_658' title='bbox 811 2340 890 2368; x_wconf 80' lang='lat' dir='ltr'><strong>devo-</strong></span> 
     </span>
    </p>
   </div>
   <div class='ocr_carea' id='block_1_96' title="bbox 105 2387 890 2424">
    <p class='ocr_par' dir='ltr' id='par_1_96' title="bbox 105 2387 890 2424">
     <span class='ocr_line' id='line_1_96' title="bbox 105 2387 890 2424; baseline -0.005 -7"><span class='ocrx_word' id='word_1_659' title='bbox 105 2396 158 2418; x_wconf 88' lang='lat' dir='ltr'><strong>tum</strong></span> <span class='ocrx_word' id='word_1_660' title='bbox 181 2390 236 2417; x_wconf 89' lang='lat' dir='ltr'><strong>Deo</strong></span> <span class='ocrx_word' id='word_1_661' title='bbox 255 2389 406 2424; x_wconf 82' lang='lat' dir='ltr'><strong>obsequium</strong></span> <span class='ocrx_word' id='word_1_662' title='bbox 428 2388 599 2416; x_wconf 82' lang='lat' dir='ltr'><strong>Euclmristia</strong></span> <span class='ocrx_word' id='word_1_663' title='bbox 621 2387 737 2420; x_wconf 82' lang='lat' dir='ltr'><strong>resolvit,</strong></span> <span class='ocrx_word' id='word_1_664' title='bbox 758 2396 792 2414; x_wconf 86' lang='lat' dir='ltr'><strong>an</strong></span> <span class='ocrx_word' id='word_1_665' title='bbox 806 2387 890 2422; x_wconf 80' lang='lat' dir='ltr'><strong>magis</strong></span> 
     </span>
    </p>
   </div>
   <div class='ocr_carea' id='block_1_97' title="bbox 104 2433 890 2471">
    <p class='ocr_par' dir='ltr' id='par_1_97' title="bbox 104 2433 890 2471">
     <span class='ocr_line' id='line_1_97' title="bbox 104 2433 890 2471; baseline -0.008 -6"><span class='ocrx_word' id='word_1_666' title='bbox 104 2437 157 2466; x_wconf 83' lang='lat' dir='ltr'><strong>Deo</strong></span> <span class='ocrx_word' id='word_1_667' title='bbox 173 2435 294 2471; x_wconf 78' lang='lat' dir='ltr'><strong>obligat?</strong></span> <span class='ocrx_word' id='word_1_668' title='bbox 315 2434 411 2462; x_wconf 85' lang='lat' dir='ltr'><strong>Nonne</strong></span> <span class='ocrx_word' id='word_1_669' title='bbox 425 2435 566 2461; x_wconf 72' lang='lat' dir='ltr'><strong>solt-maior</strong></span> <span class='ocrx_word' id='word_1_670' title='bbox 589 2435 637 2461; x_wconf 82' lang='lat' dir='ltr'><strong>erit</strong></span> <span class='ocrx_word' id='word_1_671' title='bbox 655 2433 735 2460; x_wconf 81' lang='lat' dir='ltr'><strong>statio</strong></span> <span class='ocrx_word' id='word_1_672' title='bbox 754 2437 809 2465; x_wconf 88' lang='lat' dir='ltr'><strong>tua,</strong></span> <span class='ocrx_word' id='word_1_673' title='bbox 827 2434 850 2460; x_wconf 82' lang='lat' dir='ltr'><strong>si</strong></span> <span class='ocrx_word' id='word_1_674' title='bbox 866 2438 890 2459; x_wconf 88' lang='lat' dir='ltr'><strong>et</strong></span> 
     </span>
    </p>
   </div>
   <div class='ocr_carea' id='block_1_98' title="bbox 104 2477 890 2514">
    <p class='ocr_par' dir='ltr' id='par_1_98' title="bbox 104 2477 890 2514">
     <span class='ocr_line' id='line_1_98' title="bbox 104 2477 890 2514; baseline -0.006 -6"><span class='ocrx_word' id='word_1_675' title='bbox 104 2481 138 2509; x_wconf 90' lang='lat' dir='ltr'><strong>ad</strong></span> <span class='ocrx_word' id='word_1_676' title='bbox 157 2489 233 2508; x_wconf 84' lang='lat' dir='ltr'><strong>arant</strong></span> <span class='ocrx_word' id='word_1_677' title='bbox 253 2480 302 2508; x_wconf 78' lang='lat' dir='ltr'><strong>Dei</strong></span> <span class='ocrx_word' id='word_1_678' title='bbox 323 2480 451 2508; x_wconf 79' lang='lat' dir='ltr'><strong>steteris?</strong></span> <span class='ocrx_word' id='word_1_679' title='bbox 465 2481 577 2514; x_wconf 81' lang='lat' dir='ltr'><strong>Accepto</strong></span> <span class='ocrx_word' id='word_1_680' title='bbox 601 2486 707 2513; x_wconf 83' lang='lat' dir='ltr'><strong>corpore</strong></span> <span class='ocrx_word' id='word_1_681' title='bbox 732 2477 850 2510; x_wconf 82' lang='lat' dir='ltr'><strong>Domini,</strong></span> <span class='ocrx_word' id='word_1_682' title='bbox 865 2482 890 2504; x_wconf 87' lang='lat' dir='ltr'><strong>et</strong></span> 
     </span>
    </p>
   </div>
   <div class='ocr_carea' id='block_1_99' title="bbox 104 2523 890 2561">
    <p class='ocr_par' dir='ltr' id='par_1_99' title="bbox 104 2523 890 2561">
     <span class='ocr_line' id='line_1_99' title="bbox 104 2523 890 2561; baseline -0.006 -6"><span class='ocrx_word' id='word_1_683' title='bbox 104 2531 246 2559; x_wconf 75' lang='lat' dir='ltr'><strong>reservato,</strong></span> <span class='ocrx_word' id='word_1_684' title='bbox 263 2531 403 2561; x_wconf 85' lang='lat' dir='ltr'><strong>utrumque</strong></span> <span class='ocrx_word' id='word_1_685' title='bbox 425 2525 527 2552; x_wconf 78' lang='lat' dir='ltr'><strong>salvum</strong></span> <span class='ocrx_word' id='word_1_686' title='bbox 549 2530 598 2558; x_wconf 85' lang='lat' dir='ltr'><strong>est,</strong></span> <span class='ocrx_word' id='word_1_687' title='bbox 612 2530 636 2551; x_wconf 81' lang='lat' dir='ltr'><strong>et</strong></span> <span class='ocrx_word' id='word_1_688' title='bbox 652 2523 821 2559; x_wconf 81' lang='lat' dir='ltr'><strong>participatio</strong></span> <span class='ocrx_word' id='word_1_689' title='bbox 844 2531 890 2550; x_wconf 82' lang='lat' dir='ltr'><strong>sa-</strong></span> 
     </span>
    </p>
   </div>
   <div class='ocr_carea' id='block_1_100' title="bbox 105 2570 889 2608">
    <p class='ocr_par' dir='ltr' id='par_1_100' title="bbox 105 2570 889 2608">
     <span class='ocr_line' id='line_1_100' title="bbox 105 2570 889 2608; baseline -0.006 -7"><span class='ocrx_word' id='word_1_690' title='bbox 105 2574 212 2608; x_wconf 82' lang='lat' dir='ltr'><strong>criﬁcii,</strong></span> <span class='ocrx_word' id='word_1_691' title='bbox 228 2578 252 2600; x_wconf 86' lang='lat' dir='ltr'><strong>et</strong></span> <span class='ocrx_word' id='word_1_692' title='bbox 270 2573 402 2600; x_wconf 76' lang='lat' dir='ltr'><strong>exsecutio</strong></span> <span class='ocrx_word' id='word_1_693' title='bbox 420 2572 506 2606; x_wconf 70' lang='lat' dir='ltr'><strong>oﬁicii.</strong></span> <span class='ocrx_word' id='word_1_694' title='bbox 521 2571 573 2604; x_wconf 82' lang='lat' dir='ltr'><strong>Qui</strong></span> <span class='ocrx_word' id='word_1_695' title='bbox 589 2572 663 2598; x_wconf 90' lang='lat' dir='ltr'><strong>locus</strong></span> <span class='ocrx_word' id='word_1_696' title='bbox 680 2571 760 2606; x_wconf 85' lang='lat' dir='ltr'><strong>paulo</strong></span> <span class='ocrx_word' id='word_1_697' title='bbox 774 2578 797 2597; x_wconf 37' lang='lat' dir='ltr'><strong>a&gt;</strong></span> <span class='ocrx_word' id='word_1_698' title='bbox 810 2570 889 2597; x_wconf 89' lang='lat' dir='ltr'><strong>nobis</strong></span> 
     </span>
    </p>
   </div>
   <div class='ocr_carea' id='block_1_101' title="bbox 104 2616 905 2655">
    <p class='ocr_par' dir='ltr' id='par_1_101' title="bbox 104 2616 905 2655">
     <span class='ocr_line' id='line_1_101' title="bbox 104 2616 905 2655; baseline -0.006 -8"><span class='ocrx_word' id='word_1_699' title='bbox 104 2625 197 2655; x_wconf 84' lang='lat' dir='ltr'><strong>postea</strong></span> <span class='ocrx_word' id='word_1_700' title='bbox 214 2618 405 2646; x_wconf 86' lang='lat' dir='ltr'><strong>declarabitur.</strong></span> <span class='ocrx_word' id='word_1_701' title='bbox 434 2617 475 2645; x_wconf 84' lang='lat' dir='ltr'><strong>Ad</strong></span> <span class='ocrx_word' id='word_1_702' title='bbox 499 2617 556 2644; x_wconf 79' lang='lat' dir='ltr'><strong>haec</strong></span> <span class='ocrx_word' id='word_1_703' title='bbox 577 2616 694 2644; x_wconf 80' lang='lat' dir='ltr'><strong>Basilius</strong></span> <span class='ocrx_word' id='word_1_704' title='bbox 716 2617 743 2644; x_wconf 94' lang='lat' dir='ltr'><strong>in</strong></span> <span class='ocrx_word' id='word_1_705' title='bbox 768 2616 905 2651; x_wconf 78' lang='lat' dir='ltr'><strong>Epistola_</strong></span> 
     </span>
    </p>
   </div>
   <div class='ocr_carea' id='block_1_102' title="bbox 105 2662 888 2698">
    <p class='ocr_par' dir='ltr' id='par_1_102' title="bbox 105 2662 888 2698">
     <span class='ocr_line' id='line_1_102' title="bbox 105 2662 888 2698; baseline -0.004 -6"><span class='ocrx_word' id='word_1_706' title='bbox 105 2664 139 2692; x_wconf 83' lang='lat' dir='ltr'><strong>ad</strong></span> <span class='ocrx_word' id='word_1_707' title='bbox 153 2663 310 2696; x_wconf 60' lang='lat' dir='ltr'><strong>Caesariani,</strong></span> <span class='ocrx_word' id='word_1_708' title='bbox 323 2664 401 2698; x_wconf 84' lang='lat' dir='ltr'><strong>cujus</strong></span> <span class='ocrx_word' id='word_1_709' title='bbox 416 2671 498 2698; x_wconf 89' lang='lat' dir='ltr'><strong>supra</strong></span> <span class='ocrx_word' id='word_1_710' title='bbox 518 2663 703 2694; x_wconf 89' lang='lat' dir='ltr'><strong>meminimus,</strong></span> <span class='ocrx_word' id='word_1_711' title='bbox 719 2670 780 2689; x_wconf 91' lang='lat' dir='ltr'><strong>cum</strong></span> <span class='ocrx_word' id='word_1_712' title='bbox 796 2662 888 2696; x_wconf 90' lang='lat' dir='ltr'><strong>quoti-</strong></span> 
     </span>
    </p>
   </div>
   <div class='ocr_carea' id='block_1_103' title="bbox 105 2708 886 2750">
    <p class='ocr_par' dir='ltr' id='par_1_103' title="bbox 105 2708 886 2750">
     <span class='ocr_line' id='line_1_103' title="bbox 105 2708 886 2750; baseline -0.003 -14"><span class='ocrx_word' id='word_1_713' title='bbox 105 2710 211 2737; x_wconf 85' lang='lat' dir='ltr'><strong>dianam</strong></span> <span class='ocrx_word' id='word_1_714' title='bbox 235 2710 456 2750; x_wconf 83' lang='lat' dir='ltr'><strong>c0jumuuionem</strong></span> <span class='ocrx_word' id='word_1_715' title='bbox 481 2709 630 2743; x_wconf 92' lang='lat' dir='ltr'><strong>plurimum</strong></span> <span class='ocrx_word' id='word_1_716' title='bbox 649 2708 886 2740; x_wconf 77' lang='lat' dir='ltr'><strong>commendasset,</strong></span> 
     </span>
    </p>
   </div>
   <div class='ocr_carea' id='block_1_104' title="bbox 105 2753 888 2790">
    <p class='ocr_par' dir='ltr' id='par_1_104' title="bbox 105 2753 888 2790">
     <span class='ocr_line' id='line_1_104' title="bbox 105 2753 888 2790; baseline -0.005 -7"><span class='ocrx_word' id='word_1_717' title='bbox 105 2756 156 2783; x_wconf 83' lang='lat' dir='ltr'><strong>ista</strong></span> <span class='ocrx_word' id='word_1_718' title='bbox 177 2755 307 2790; x_wconf 87' lang='lat' dir='ltr'><strong>subjicit:</strong></span> <span class='ocrx_word' id='word_1_719' title='bbox 331 2755 427 2790; x_wconf 81' lang='grc' dir='ltr'><strong>Ἡμεῖς</strong></span> <span class='ocrx_word' id='word_1_720' title='bbox 448 2755 540 2790; x_wconf 79' lang='grc' dir='ltr'><strong>μέντοι</strong></span> <span class='ocrx_word' id='word_1_721' title='bbox 558 2762 589 2788; x_wconf 84' lang='grc' dir='ltr'><strong>γε</strong></span> <span class='ocrx_word' id='word_1_722' title='bbox 609 2754 736 2789; x_wconf 77' lang='grc' dir='ltr'><strong>τέταρτον</strong></span> <span class='ocrx_word' id='word_1_723' title='bbox 752 2753 812 2780; x_wconf 73' lang='grc' dir='ltr'><strong>καθ’</strong></span> <span class='ocrx_word' id='word_1_724' title='bbox 827 2754 888 2780; x_wconf 80' lang='grc' dir='ltr'><strong>ἐκά-</strong></span> 
     </span>
    </p>
   </div>
   <div class='ocr_carea' id='block_1_105' title="bbox 106 2801 886 2837">
    <p class='ocr_par' dir='ltr' id='par_1_105' title="bbox 106 2801 886 2837">
     <span class='ocr_line' id='line_1_105' title="bbox 106 2801 886 2837; baseline -0.003 -9"><span class='ocrx_word' id='word_1_725' title='bbox 106 2810 169 2837; x_wconf 75' lang='grc' dir='ltr'><strong>στην</strong></span> <span class='ocrx_word' id='word_1_726' title='bbox 187 2801 323 2837; x_wconf 72' lang='grc' dir='ltr'><strong>ἑϐδομάδα</strong></span> <span class='ocrx_word' id='word_1_727' title='bbox 346 2801 536 2836; x_wconf 70' lang='grc' dir='ltr'><strong>κοινωνοῦμεν,</strong></span> <span class='ocrx_word' id='word_1_728' title='bbox 551 2801 579 2826; x_wconf 81' lang='grc' dir='ltr'>ὲν</span> <span class='ocrx_word' id='word_1_729' title='bbox 599 2802 632 2836; x_wconf 85' lang='grc' dir='ltr'><strong>τῇ</strong></span> <span class='ocrx_word' id='word_1_730' title='bbox 654 2801 779 2836; x_wconf 63' lang='grc' dir='ltr'>κυριακῇ</span> <span class='ocrx_word' id='word_1_731' title='bbox 790 2820 796 2831; x_wconf 86' lang='grc'><em>,</em></span> <span class='ocrx_word' id='word_1_732' title='bbox 812 2801 840 2826; x_wconf 78' lang='grc' dir='ltr'>ἐν</span> <span class='ocrx_word' id='word_1_733' title='bbox 854 2801 886 2835; x_wconf 86' lang='grc' dir='ltr'>τῇ</span> 
     </span>
    </p>
   </div>
   <div class='ocr_carea' id='block_1_106' title="bbox 105 2846 885 2883">
    <p class='ocr_par' dir='ltr' id='par_1_106' title="bbox 105 2846 885 2883">
     <span class='ocr_line' id='line_1_106' title="bbox 105 2846 885 2883; baseline -0.003 -9"><span class='ocrx_word' id='word_1_734' title='bbox 105 2848 223 2882; x_wconf 68' lang='grc' dir='ltr'><strong>τετράδι,</strong></span> <span class='ocrx_word' id='word_1_735' title='bbox 238 2847 285 2874; x_wconf 72' lang='grc' dir='ltr'><strong>καὶ</strong></span> <span class='ocrx_word' id='word_1_736' title='bbox 312 2849 340 2874; x_wconf 77' lang='grc' dir='ltr'>ἐν</span> <span class='ocrx_word' id='word_1_737' title='bbox 361 2848 394 2883; x_wconf 78' lang='grc' dir='ltr'><strong>τῇ</strong></span> <span class='ocrx_word' id='word_1_738' title='bbox 418 2847 596 2882; x_wconf 66' lang='grc' dir='ltr'><strong>Πχρασκευῇ,</strong></span> <span class='ocrx_word' id='word_1_739' title='bbox 613 2847 659 2873; x_wconf 63' lang='grc' dir='ltr'><strong>καὶ</strong></span> <span class='ocrx_word' id='word_1_740' title='bbox 685 2846 723 2882; x_wconf 81' lang='grc' dir='ltr'><strong>τῷ</strong></span> <span class='ocrx_word' id='word_1_741' title='bbox 745 2846 885 2882; x_wconf 72' lang='grc' dir='ltr'><strong>Σαϐϐάτῳ,</strong></span> 
     </span>
    </p>
   </div>
   <div class='ocr_carea' id='block_1_107' title="bbox 105 2891 886 2928">
    <p class='ocr_par' dir='ltr' id='par_1_107' title="bbox 105 2891 886 2928">
     <span class='ocr_line' id='line_1_107' title="bbox 105 2891 886 2928; baseline -0.003 -6"><span class='ocrx_word' id='word_1_742' title='bbox 105 2894 152 2922; x_wconf 69' lang='grc' dir='ltr'><strong>καὶ</strong></span> <span class='ocrx_word' id='word_1_743' title='bbox 168 2894 197 2920; x_wconf 78' lang='grc' dir='ltr'>ὲν</span> <span class='ocrx_word' id='word_1_744' title='bbox 212 2894 270 2927; x_wconf 64' lang='grc' dir='ltr'><strong>ταῖς</strong></span> <span class='ocrx_word' id='word_1_745' title='bbox 285 2893 378 2925; x_wconf 76' lang='grc' dir='ltr'>ἄλλαις</span> <span class='ocrx_word' id='word_1_746' title='bbox 392 2892 520 2928; x_wconf 75' lang='grc' dir='ltr'><strong>ἡμέραις,</strong></span> <span class='ocrx_word' id='word_1_747' title='bbox 536 2892 583 2920; x_wconf 76' lang='grc' dir='ltr'>ἐὰν</span> <span class='ocrx_word' id='word_1_748' title='bbox 639 2893 732 2928; x_wconf 80' lang='grc' dir='ltr'><strong>μνήμη</strong></span> <span class='ocrx_word' id='word_1_749' title='bbox 751 2893 886 2928; x_wconf 70' lang='grc' dir='ltr'><strong>μάρτυρός</strong></span> 
     </span>
    </p>
   </div>
   <div class='ocr_carea' id='block_1_108' title="bbox 942 2288 1730 2328">
    <p class='ocr_par' dir='ltr' id='par_1_108' title="bbox 942 2288 1730 2328">
     <span class='ocr_line' id='line_1_108' title="bbox 942 2288 1730 2328; baseline -0.016 -2"><span class='ocrx_word' id='word_1_750' title='bbox 942 2301 1009 2327; x_wconf 81' lang='lat' dir='ltr'><strong>sima</strong></span> <span class='ocrx_word' id='word_1_751' title='bbox 1031 2306 1089 2325; x_wconf 82' lang='lat' dir='ltr'><strong>vero</strong></span> <span class='ocrx_word' id='word_1_752' title='bbox 1104 2305 1202 2328; x_wconf 78' lang='lat' dir='ltr'><strong>ntoneo,</strong></span> <span class='ocrx_word' id='word_1_753' title='bbox 1219 2301 1248 2322; x_wconf 86' lang='lat' dir='ltr'><strong>ut</strong></span> <span class='ocrx_word' id='word_1_754' title='bbox 1265 2295 1307 2321; x_wconf 83' lang='lat' dir='ltr'><strong>die</strong></span> <span class='ocrx_word' id='word_1_755' title='bbox 1328 2294 1408 2327; x_wconf 89' lang='lat' dir='ltr'><strong>omni,</strong></span> <span class='ocrx_word' id='word_1_756' title='bbox 1426 2297 1471 2319; x_wconf 86' lang='lat' dir='ltr'><strong>aut</strong></span> <span class='ocrx_word' id='word_1_757' title='bbox 1485 2291 1590 2322; x_wconf 68' lang='lat' dir='ltr'><strong>saltem,</strong></span> <span class='ocrx_word' id='word_1_758' title='bbox 1612 2296 1640 2316; x_wconf 87' lang='lat' dir='ltr'><strong>ut</strong></span> <span class='ocrx_word' id='word_1_759' title='bbox 1661 2288 1730 2320; x_wconf 75' lang='lat' dir='ltr'><strong>dixi,</strong></span> 
     </span>
    </p>
   </div>
   <div class='ocr_carea' id='block_1_109' title="bbox 942 2335 1732 2377">
    <p class='ocr_par' dir='ltr' id='par_1_109' title="bbox 942 2335 1732 2377">
     <span class='ocr_line' id='line_1_109' title="bbox 942 2335 1732 2377; baseline -0.014 -6"><span class='ocrx_word' id='word_1_760' title='bbox 942 2342 1222 2377; x_wconf 77' lang='lat' dir='ltr'><strong>Dominica,o/feralis</strong></span> <span class='ocrx_word' id='word_1_761' title='bbox 1252 2345 1277 2368; x_wconf 82' lang='lat' dir='ltr'><strong>et</strong></span> <span class='ocrx_word' id='word_1_762' title='bbox 1304 2338 1510 2367; x_wconf 80' lang='lat' dir='ltr'><strong>communicetis.</strong></span> <span class='ocrx_word' id='word_1_763' title='bbox 1545 2336 1623 2362; x_wconf 72' lang='lat' dir='ltr'><strong>Varia</strong></span> <span class='ocrx_word' id='word_1_764' title='bbox 1650 2335 1732 2370; x_wconf 79' lang='lat' dir='ltr'><strong>igitur</strong></span> 
     </span>
    </p>
   </div>
   <div class='ocr_carea' id='block_1_110' title="bbox 942 2381 1731 2425">
    <p class='ocr_par' dir='ltr' id='par_1_110' title="bbox 942 2381 1731 2425">
     <span class='ocr_line' id='line_1_110' title="bbox 942 2381 1731 2425; baseline -0.014 -7"><span class='ocrx_word' id='word_1_765' title='bbox 942 2390 1088 2425; x_wconf 77' lang='lat' dir='ltr'><strong>admodum</strong></span> <span class='ocrx_word' id='word_1_766' title='bbox 1113 2396 1159 2424; x_wconf 87' lang='lat' dir='ltr'><strong>per</strong></span> <span class='ocrx_word' id='word_1_767' title='bbox 1176 2387 1312 2415; x_wconf 82' lang='lat' dir='ltr'><strong>Ecclesias</strong></span> <span class='ocrx_word' id='word_1_768' title='bbox 1327 2384 1499 2414; x_wconf 86' lang='lat' dir='ltr'><strong>consuetudo</strong></span> <span class='ocrx_word' id='word_1_769' title='bbox 1524 2383 1587 2410; x_wconf 81' lang='lat' dir='ltr'><strong>fuit.</strong></span> <span class='ocrx_word' id='word_1_770' title='bbox 1610 2381 1669 2409; x_wconf 83' lang='lat' dir='ltr'><strong>Non</strong></span> <span class='ocrx_word' id='word_1_771' title='bbox 1696 2381 1731 2408; x_wconf 87' lang='lat' dir='ltr'><strong>de</strong></span> 
     </span>
    </p>
   </div>
   <div class='ocr_carea' id='block_1_111' title="bbox 941 2430 1732 2469">
    <p class='ocr_par' dir='ltr' id='par_1_111' title="bbox 941 2430 1732 2469">
     <span class='ocr_line' id='line_1_111' title="bbox 941 2430 1732 2469; baseline -0.011 -5"><span class='ocrx_word' id='word_1_772' title='bbox 941 2436 1134 2464; x_wconf 83' lang='lat' dir='ltr'><strong>vetustissimis</strong></span> <span class='ocrx_word' id='word_1_773' title='bbox 1160 2434 1346 2469; x_wconf 84' lang='lat' dir='ltr'><strong>temporibus,</strong></span> <span class='ocrx_word' id='word_1_774' title='bbox 1365 2433 1452 2467; x_wconf 86' lang='lat' dir='ltr'><strong>deque</strong></span> <span class='ocrx_word' id='word_1_775' title='bbox 1473 2430 1656 2458; x_wconf 83' lang='lat' dir='ltr'><strong>Orientalibus</strong></span> <span class='ocrx_word' id='word_1_776' title='bbox 1672 2436 1732 2456; x_wconf 86' lang='lat' dir='ltr'><strong>ma-</strong></span> 
     </span>
    </p>
   </div>
   <div class='ocr_carea' id='block_1_112' title="bbox 942 2478 1534 2516">
    <p class='ocr_par' dir='ltr' id='par_1_112' title="bbox 942 2478 1534 2516">
     <span class='ocr_line' id='line_1_112' title="bbox 942 2478 1534 2516; baseline -0.008 -8"><span class='ocrx_word' id='word_1_777' title='bbox 942 2482 1023 2514; x_wconf 75' lang='lat' dir='ltr'><strong>xime,</strong></span> <span class='ocrx_word' id='word_1_778' title='bbox 1038 2489 1099 2516; x_wconf 77' lang='lat' dir='ltr'><strong>qua:</strong></span> <span class='ocrx_word' id='word_1_779' title='bbox 1118 2480 1248 2512; x_wconf 83' lang='lat' dir='ltr'><strong>diximus,</strong></span> <span class='ocrx_word' id='word_1_780' title='bbox 1267 2478 1381 2513; x_wconf 74' lang='lat' dir='ltr'><strong>intelligi</strong></span> <span class='ocrx_word' id='word_1_781' title='bbox 1398 2478 1534 2504; x_wconf 75' lang='lat' dir='ltr'><strong>volumus.</strong></span> 
     </span>
    </p>
   </div>
   <div class='ocr_carea' id='block_1_113' title="bbox 976 2521 1727 2562">
    <p class='ocr_par' dir='ltr' id='par_1_113' title="bbox 976 2521 1727 2562">
     <span class='ocr_line' id='line_1_113' title="bbox 976 2521 1727 2562; baseline -0.009 -7"><span class='ocrx_word' id='word_1_782' title='bbox 976 2528 1014 2555; x_wconf 82' lang='lat' dir='ltr'><strong>Ex</strong></span> <span class='ocrx_word' id='word_1_783' title='bbox 1026 2528 1071 2554; x_wconf 92' lang='lat' dir='ltr'><strong>illo</strong></span> <span class='ocrx_word' id='word_1_784' title='bbox 1084 2535 1148 2555; x_wconf 86' lang='lat' dir='ltr'><strong>vero</strong></span> <span class='ocrx_word' id='word_1_785' title='bbox 1167 2532 1304 2562; x_wconf 89' lang='lat' dir='ltr'><strong>postremo</strong></span> <span class='ocrx_word' id='word_1_786' title='bbox 1327 2524 1464 2552; x_wconf 88' lang='lat' dir='ltr'><strong>Ambrosii</strong></span> <span class='ocrx_word' id='word_1_787' title='bbox 1486 2524 1547 2551; x_wconf 87' lang='lat' dir='ltr'><strong>loco</strong></span> <span class='ocrx_word' id='word_1_788' title='bbox 1572 2523 1660 2558; x_wconf 88' lang='lat' dir='ltr'><strong>liquet</strong></span> <span class='ocrx_word' id='word_1_789' title='bbox 1677 2521 1727 2549; x_wconf 82' lang='lat' dir='ltr'><strong>lal-</strong></span> 
     </span>
    </p>
   </div>
   <div class='ocr_carea' id='block_1_114' title="bbox 941 2568 1726 2608">
    <p class='ocr_par' dir='ltr' id='par_1_114' title="bbox 941 2568 1726 2608">
     <span class='ocr_line' id='line_1_114' title="bbox 941 2568 1726 2608; baseline -0.01 -7"><span class='ocrx_word' id='word_1_790' title='bbox 941 2573 1080 2601; x_wconf 74' lang='lat' dir='ltr'><strong>sissimum</strong></span> <span class='ocrx_word' id='word_1_791' title='bbox 1094 2581 1166 2607; x_wconf 84' lang='lat' dir='ltr'><strong>esse,</strong></span> <span class='ocrx_word' id='word_1_792' title='bbox 1178 2573 1250 2608; x_wconf 89' lang='lat' dir='ltr'><strong>quod</strong></span> <span class='ocrx_word' id='word_1_793' title='bbox 1271 2571 1406 2599; x_wconf 61' lang='lat' dir='ltr'><strong>haereticis</strong></span> <span class='ocrx_word' id='word_1_794' title='bbox 1429 2570 1592 2606; x_wconf 87' lang='lat' dir='ltr'><strong>quibusdam</strong></span> <span class='ocrx_word' id='word_1_795' title='bbox 1613 2568 1726 2595; x_wconf 79' lang='lat' dir='ltr'><strong>nimium</strong></span> 
     </span>
    </p>
   </div>
   <div class='ocr_carea' id='block_1_115' title="bbox 940 2614 1730 2654">
    <p class='ocr_par' dir='ltr' id='par_1_115' title="bbox 940 2614 1730 2654">
     <span class='ocr_line' id='line_1_115' title="bbox 940 2614 1730 2654; baseline -0.01 -8"><span class='ocrx_word' id='word_1_796' title='bbox 940 2619 1038 2646; x_wconf 90' lang='lat' dir='ltr'><strong>stolide</strong></span> <span class='ocrx_word' id='word_1_797' title='bbox 1052 2626 1212 2654; x_wconf 86' lang='lat' dir='ltr'><strong>persuasum</strong></span> <span class='ocrx_word' id='word_1_798' title='bbox 1231 2625 1290 2645; x_wconf 89' lang='lat' dir='ltr'><strong>esse</strong></span> <span class='ocrx_word' id='word_1_799' title='bbox 1311 2617 1388 2644; x_wconf 86' lang='lat' dir='ltr'><strong>video</strong></span> <span class='ocrx_word' id='word_1_800' title='bbox 1405 2623 1564 2650; x_wconf 85' lang='lat' dir='ltr'><strong>:uuuquam</strong></span> <span class='ocrx_word' id='word_1_801' title='bbox 1590 2614 1616 2640; x_wconf 90' lang='lat' dir='ltr'><strong>in</strong></span> <span class='ocrx_word' id='word_1_802' title='bbox 1639 2618 1730 2640; x_wconf 75' lang='lat' dir='ltr'><strong>vetere</strong></span> 
     </span>
    </p>
   </div>
   <div class='ocr_carea' id='block_1_116' title="bbox 940 2660 1728 2694">
    <p class='ocr_par' dir='ltr' id='par_1_116' title="bbox 940 2660 1728 2694">
     <span class='ocr_line' id='line_1_116' title="bbox 940 2660 1728 2694; baseline -0.009 -2"><span class='ocrx_word' id='word_1_803' title='bbox 940 2665 1061 2693; x_wconf 76' lang='lat' dir='ltr'><strong>Ecclesia</strong></span> <span class='ocrx_word' id='word_1_804' title='bbox 1077 2666 1188 2693; x_wconf 89' lang='lat' dir='ltr'><strong>missam</strong></span> <span class='ocrx_word' id='word_1_805' title='bbox 1204 2665 1322 2692; x_wconf 88' lang='lat' dir='ltr'><strong>auditam</strong></span> <span class='ocrx_word' id='word_1_806' title='bbox 1338 2672 1353 2691; x_wconf 84' lang='lat' dir='ltr'><strong>a</strong></span> <span class='ocrx_word' id='word_1_807' title='bbox 1370 2663 1494 2690; x_wconf 88' lang='lat' dir='ltr'><strong>ﬁdelibus</strong></span> <span class='ocrx_word' id='word_1_808' title='bbox 1510 2669 1580 2692; x_wconf 81' lang='lat' dir='ltr'><strong>esse,</strong></span> <span class='ocrx_word' id='word_1_809' title='bbox 1596 2660 1660 2694; x_wconf 89' lang='lat' dir='ltr'><strong>quin</strong></span> <span class='ocrx_word' id='word_1_810' title='bbox 1673 2667 1728 2686; x_wconf 80' lang='lat' dir='ltr'><strong>una</strong></span> 
     </span>
    </p>
   </div>
   <div class='ocr_carea' id='block_1_117' title="bbox 940 2706 1729 2743">
    <p class='ocr_par' dir='ltr' id='par_1_117' title="bbox 940 2706 1729 2743">
     <span class='ocr_line' id='line_1_117' title="bbox 940 2706 1729 2743; baseline -0.01 -4"><span class='ocrx_word' id='word_1_811' title='bbox 940 2712 1182 2739; x_wconf 87' lang='lat' dir='ltr'><strong>communicarent.</strong></span> <span class='ocrx_word' id='word_1_812' title='bbox 1209 2710 1268 2743; x_wconf 87' lang='lat' dir='ltr'><strong>Quo</strong></span> <span class='ocrx_word' id='word_1_813' title='bbox 1289 2711 1315 2737; x_wconf 90' lang='lat' dir='ltr'><strong>in</strong></span> <span class='ocrx_word' id='word_1_814' title='bbox 1342 2718 1433 2737; x_wconf 87' lang='lat' dir='ltr'><strong>errore</strong></span> <span class='ocrx_word' id='word_1_815' title='bbox 1459 2716 1522 2736; x_wconf 79' lang='lat' dir='ltr'><strong>sane</strong></span> <span class='ocrx_word' id='word_1_816' title='bbox 1539 2706 1729 2742; x_wconf 77' lang='lat' dir='ltr'><strong>stupidissima</strong></span> 
     </span>
    </p>
   </div>
   <div class='ocr_carea' id='block_1_118' title="bbox 939 2752 1725 2785">
    <p class='ocr_par' dir='ltr' id='par_1_118' title="bbox 939 2752 1725 2785">
     <span class='ocr_line' id='line_1_118' title="bbox 939 2752 1725 2785; baseline -0.009 0"><span class='ocrx_word' id='word_1_817' title='bbox 939 2763 1063 2785; x_wconf 86' lang='lat' dir='ltr'><strong>versatur</strong></span> <span class='ocrx_word' id='word_1_818' title='bbox 1087 2757 1264 2784; x_wconf 81' lang='lat' dir='ltr'><strong>Casaubonus</strong></span> <span class='ocrx_word' id='word_1_819' title='bbox 1288 2756 1407 2783; x_wconf 79' lang='lat' dir='ltr'><strong>Exercit.</strong></span> <span class='ocrx_word' id='word_1_820' title='bbox 1432 2755 1463 2781; x_wconf 88' lang='grc'><strong>16</strong></span> <span class='ocrx_word' id='word_1_821' title='bbox 1482 2754 1516 2780; x_wconf 87' lang='lat' dir='ltr'><strong>ad</strong></span> <span class='ocrx_word' id='word_1_822' title='bbox 1539 2761 1601 2780; x_wconf 88' lang='lat' dir='ltr'><strong>ann.</strong></span> <span class='ocrx_word' id='word_1_823' title='bbox 1624 2752 1725 2779; x_wconf 85' lang='lat' dir='ltr'><strong>Baron.</strong></span> 
     </span>
    </p>
   </div>
   <div class='ocr_carea' id='block_1_119' title="bbox 939 2798 1727 2838">
    <p class='ocr_par' dir='ltr' id='par_1_119' title="bbox 939 2798 1727 2838">
     <span class='ocr_line' id='line_1_119' title="bbox 939 2798 1727 2838; baseline -0.005 -8"><span class='ocrx_word' id='word_1_824' title='bbox 939 2811 967 2830; x_wconf 90' lang='lat' dir='ltr'><strong>n.</strong></span> <span class='ocrx_word' id='word_1_825' title='bbox 985 2803 1028 2830; x_wconf 80' lang='lat'><strong>58.</strong></span> <span class='ocrx_word' id='word_1_826' title='bbox 1047 2802 1088 2835; x_wconf 84' lang='lat' dir='ltr'><strong>Et,</strong></span> <span class='ocrx_word' id='word_1_827' title='bbox 1106 2803 1179 2838; x_wconf 89' lang='lat' dir='ltr'><strong>quod</strong></span> <span class='ocrx_word' id='word_1_828' title='bbox 1195 2803 1293 2830; x_wconf 91' lang='lat' dir='ltr'><strong>mirum</strong></span> <span class='ocrx_word' id='word_1_829' title='bbox 1310 2807 1362 2834; x_wconf 80' lang='lat' dir='ltr'><strong>est,</strong></span> <span class='ocrx_word' id='word_1_830' title='bbox 1384 2803 1455 2829; x_wconf 87' lang='lat' dir='ltr'><strong>hunc</strong></span> <span class='ocrx_word' id='word_1_831' title='bbox 1474 2799 1563 2833; x_wconf 80' lang='lat' dir='ltr'><strong>ipsum</strong></span> <span class='ocrx_word' id='word_1_832' title='bbox 1588 2798 1727 2826; x_wconf 81' lang='lat' dir='ltr'><strong>Ambrosii</strong></span> 
     </span>
    </p>
   </div>
   <div class='ocr_carea' id='block_1_120' title="bbox 939 2845 1729 2882">
    <p class='ocr_par' dir='ltr' id='par_1_120' title="bbox 939 2845 1729 2882">
     <span class='ocr_line' id='line_1_120' title="bbox 939 2845 1729 2882; baseline -0.006 -6"><span class='ocrx_word' id='word_1_833' title='bbox 939 2850 1028 2877; x_wconf 92' lang='lat' dir='ltr'><strong>locum</strong></span> <span class='ocrx_word' id='word_1_834' title='bbox 1047 2849 1130 2882; x_wconf 89' lang='lat' dir='ltr'><strong>citat;</strong></span> <span class='ocrx_word' id='word_1_835' title='bbox 1158 2857 1207 2877; x_wconf 85' lang='lat' dir='ltr'><strong>nec</strong></span> <span class='ocrx_word' id='word_1_836' title='bbox 1225 2849 1340 2876; x_wconf 76' lang='lat' dir='ltr'><strong>advertit</strong></span> <span class='ocrx_word' id='word_1_837' title='bbox 1361 2848 1498 2880; x_wconf 78' lang='lat' dir='ltr'><strong>eumdem,</strong></span> <span class='ocrx_word' id='word_1_838' title='bbox 1520 2855 1581 2875; x_wconf 85' lang='lat' dir='ltr'><strong>cum</strong></span> <span class='ocrx_word' id='word_1_839' title='bbox 1602 2845 1729 2882; x_wconf 77' lang='lat' dir='ltr'><strong>quotidie</strong></span> 
     </span>
    </p>
   </div>
   <div class='ocr_carea' id='block_1_121' title="bbox 941 2894 1729 2930">
    <p class='ocr_par' dir='ltr' id='par_1_121' title="bbox 941 2894 1729 2930">
     <span class='ocr_line' id='line_1_121' title="bbox 941 2894 1729 2930; baseline -0.006 -6"><span class='ocrx_word' id='word_1_840' title='bbox 941 2897 1039 2924; x_wconf 82' lang='lat' dir='ltr'><strong>missas</strong></span> <span class='ocrx_word' id='word_1_841' title='bbox 1053 2896 1157 2930; x_wconf 78' lang='lat' dir='ltr'><strong>audire,</strong></span> <span class='ocrx_word' id='word_1_842' title='bbox 1169 2896 1195 2923; x_wconf 87' lang='lat' dir='ltr'><strong>in</strong></span> <span class='ocrx_word' id='word_1_843' title='bbox 1208 2895 1421 2930; x_wconf 69' lang='lat' dir='ltr'><strong>Quadragesima</strong></span> <span class='ocrx_word' id='word_1_844' title='bbox 1433 2902 1506 2927; x_wconf 61' lang='lat' dir='ltr'><strong>vcrb,</strong></span> <span class='ocrx_word' id='word_1_845' title='bbox 1522 2894 1543 2922; x_wconf 75' lang='lat' dir='ltr'><strong>si</strong></span> <span class='ocrx_word' id='word_1_846' title='bbox 1556 2894 1612 2922; x_wconf 81' lang='lat' dir='ltr'><strong>ﬁcri</strong></span> <span class='ocrx_word' id='word_1_847' title='bbox 1625 2895 1729 2929; x_wconf 55' lang='lat' dir='ltr'><strong>puteus,</strong></span> 
     </span>
    </p>
   </div>
  </div>
