1925 3043
210 152 279 181 1087

763 154 933 182 APPE‘NDIX
951 154 1268 183 DISSERTATIONUM.

1769 150 1842 178 i0?!

209 212 622 246 et‘amcommuniearcjubeat,
643 213 710 240 satis
739 213 864 246 innuerc,
891 221 995 249 nequa-
1009 217 1032 245 Α
1047 213 1207 247 Cujusmodi
1235 220 1318 248 porro
1337 211 1470 239 stationes
1493 211 1545 239 illm
1567 209 1678 242 fuerint,
1702 215 1730 236 et
1748 214 1844 236 utrum

208 265 291 293 quam
303 257 435 292 quotidie,
454 257 559 284 caeteris
575 257 672 285 saltem
695 262 793 292 praeter
813 257 997 293 Quadragesi-

209 311 282 330 mam
310 303 417 334 diebus,
445 303 800 331 communieatumiuisse.
817 304 895 339 Apud
911 304 997 332 Ense-

209 349 283 376 bium
297 348 344 376 lib.
361 357 396 376 vn
415 348 517 377 Histor.
531 357 591 384 cap.
611 349 637 382 9,
649 350 675 376 in
699 350 811 378 historia
841 350 996 385 cujusdam,

209 395 255 428 qui
270 394 303 421 ab
323 393 457 421 haereticis
473 395 637 429 baptismum
654 399 808 430 acceperat,
822 396 859 423 ita
876 396 974 431 legitur
988 405 995 423 :

209 439 391 475 Εὐχαριστίας
402 439 456 474 γὰρ
471 439 671 472 ἐπακούσαντα,
687 440 734 466 καὶ
749 440 997 476 συνεπιφθεγξάμε-

208 494 252 513 νον
260 485 404 521 τὺ,“Αμὴν,
417 486 464 512 καὶ
478 485 603 522 τραπέζῃ
623 485 812 521 παραστάντα,
832 486 879 513 καὶ
903 487 997 522 χεῖρας

209 532 248 563 εἰς
274 530 406 566 ὑποδοχὴν
430 531 480 567 τῆς
502 531 583 566 ἁγίας
609 532 714 567 τροφῆς
738 532 924 567 προτείνοντα,
943 537 995 560 etc.

208 577 390 604 Casanbonus
404 581 433 604 ut
447 578 542 604 audire
552 578 660 604 missam
677 578 748 605 idem
765 585 825 605 esse
837 578 908 612 quod
924 586 997 605 com-

209 624 344 650 municare
373 624 526 656 conﬁrmet,
553 623 627 651 hunc
654 623 763 651 Eusebii
791 624 880 651 locum
908 623 996 656 aﬂ'ert,

208 677 264 704 quo
281 669 349 696 nihil
364 674 407 696 est
422 670 552 703 alienius;
569 677 631 696 nam
655 677 687 697 ex
712 669 806 697 eodem
823 669 882 704 ipso
899 669 997 704 proba-

208 719 264 745 tur,
296 714 434 741 diversnrn
465 722 497 741 ac
520 715 678 741 distinctum
707 722 768 741 esse
792 714 921 749 quiddam
946 715 996 740 ἐπ-

208 760 319 787 ακούειν
327 760 376 796 τῆς
385 760 569 796 εὐχαριστίας,
584 764 610 787 et
619 760 779 795 participare
793 760 928 787 Dominico
939 768 998 787 cor-

209 805 282 838 pori;
296 803 420 838 quamvis
432 804 488 831 duo
501 803 559 830 haec
573 809 628 830 tum
643 803 678 830 ab
691 803 738 830 illo
753 804 872 838 praestita
884 803 995 831 fuerint.

209 850 237 877 In
253 850 399 885 Agathensi
415 857 480 877 vero
498 849 625 881 concilio,
644 850 715 884 quod
732 857 763 877 ex
782 849 914 877 Gratiano
932 849 998 877 citat

1048 259 1150 295 jejunia
1165 259 1223 293 ipsa
1238 258 1371 286 stationes
1387 257 1528 292 appellata:
1544 257 1609 288 sint,
1627 256 1709 292 paulo
1727 259 1770 282 est
1788 256 1844 282 hoc

1050 304 1110 331 loco
1135 303 1291 339 diligentius
1315 302 1520 338 inquirendum.
1549 302 1603 329 Res
1625 301 1698 330 enim
1723 305 1765 328 est
1785 308 1842 327 non

1051 350 1142 377 minus
1168 349 1259 377 studio
1281 348 1373 384 digna,
1400 356 1482 384 quam
1507 353 1618 383 propter
1645 347 1843 382 antiquitatem

1050 396 1176 427 obscura,
1192 403 1279 431 neque
1296 395 1376 430 vulgo
1391 394 1457 422 satis
1474 395 1594 430 cognita.

1087 442 1224 469 Stationes
1243 441 1326 477 igitur
1343 445 1430 468 statos
1452 440 1620 476 jejuniorum
1637 447 1698 467 esse
1712 439 1772 466 dies
1788 437 1843 465 Pa-

1051 487 1149 515 mclius
1167 487 1200 514 ad
1223 487 1270 514 lib.
1294 486 1331 514 De
1353 495 1450 513 corona
1472 485 1542 518 mil.,
1559 493 1618 521 cap.
1645 485 1673 512 H
1689 506 1696 517 ,
1722 484 1840 512 scribit:

1049 533 1204 568 Metaphora
1216 541 1232 559 a
1245 532 1373 559 militibus
1387 537 1456 562 orta.
1471 532 1541 567 quod
1555 531 1672 567 quandiu
1685 531 1712 557 in
1724 532 1843 558 statione

1049 582 1125 606 erant
1143 577 1267 612 jejunare
1283 585 1327 604 eos
1340 577 1485 612 oportebat.
1510 575 1587 609 Quod
1611 581 1638 603 et
1657 575 1722 602 alibi
1736 576 1840 610 passim

1050 624 1156 658 repetit.
1175 625 1213 651 Ac
1233 623 1369 659 jejunium
1393 622 1503 658 quidem
1533 622 1678 649 stationem
1706 629 1770 648 cum
1793 621 1840 648 alii

1050 670 1171 705 plerique
1186 675 1295 702 vocant,
1305 673 1362 696 tum
1378 668 1492 695 Hermas
1508 668 1555 694 lib.
1569 675 1610 700 ιιι,
1623 667 1706 694 simil.
1724 665 1750 698 5,
1768 666 1839 699 Quid

1049 720 1098 749 cst,
1119 715 1224 750 inquit,
1244 715 1347 742 statio?
1370 713 1403 741 Et
1431 714 1498 745 dixi,
1520 713 1663 748 jejunium.
1689 711 1840 739 Rhabanus

1049 761 1161 788 Maurus
1177 761 1223 788 lib.
1245 769 1264 787 ιι
1292 759 1328 786 De
1339 759 1425 786 instit.
1448 759 1615 793 cleric.,cap.
1642 758 1687 789 18,
1712 765 1744 784 ex
1770 766 1840 792 quo-

1051 807 1174 834 rumdam
1193 806 1327 834 sententia
1348 805 1418 833 inter
1438 805 1573 840 jejunium
1600 808 1627 831 et
1647 804 1792 831 stationem
1812 803 1839 830 id

1051 853 1183 880 interesse
1201 851 1306 884 scribit,
1318 851 1390 886 quod
1403 850 1537 886 jejunium
1555 850 1736 884 indi/ferenter
1748 850 1834 884 cujus-

210 895 400 928 Casaubonus,
423 899 529 922 tantum
549 895 636 928 abest,
655 900 684 921 nt
704 895 806 930 aliquid
827 894 860 922 ad
875 901 996 922 errorem
1013 894 1033 921 Β
1047 899 1110 926 [ibet
1131 898 1184 925 die;
1205 898 1239 924 εει
1264 897 1436 930 alimmum,
1454 905 1504 923 ηοη
1523 905 1569 931 per
1582 895 1674 931 legem,
1686 896 1731 922 ,τά
1745 904 1839 923 ut“.

210 941 286 968 illum
306 939 503 967 sublevandum
519 940 657 967 decretum
673 938 764 972 fuerit,
785 943 815 966 ut
828 939 996 967 contrarium

210 985 300 1019 potius
317 985 460 1012 manifeste
486 985 577 1019 colligi
606 986 701 1020 possit.
729 985 836 1012 Etenim
864 993 925 1012 can.
950 985 996 1018 l7,

210 1031 304 1058 Patres
317 1030 352 1057 ita
368 1030 529 1065 praecipiunt
542 1039 548 1057 :
567 1030 663 1057 Missas
678 1031 720 1057 die
732 1030 871 1057 Dominica
885 1030 996 1058 strcula-

210 1075 282 1101 ribus
295 1080 380 1102 tenere
395 1075 506 1109 speciali
520 1076 612 1102 ordine
623 1075 804 1110 prwcipimus,
826 1075 865 1102 ita
887 1079 915 1102 ut
937 1078 998 1102 ante

212 1121 418 1148 brnedictionem
439 1121 584 1148 sacerdotis
596 1122 696 1156 regredi
706 1121 818 1156 populus
836 1129 885 1147 non
901 1128 999 1155 prmu-

209 1171 276 1192 mat.
291 1165 342 1198 Qui
359 1167 383 1194 si
394 1166 514 1200 fecerint,
528 1167 560 1194 ab
573 1168 693 1202 episcopo
716 1167 819 1202 publice
837 1167 1000 1201 confundan-

210 1218 264 1240 tur.
288 1213 369 1247 Atqui
400 1221 462 1239 can.
484 1212 517 1240 l8
545 1213 582 1240 ita
616 1214 710 1241 statuit
733 1223 740 1240 ε
772 1212 929 1245 δαιεηιανεε,
954 1215 998 1248 qui

210 1259 238 1285 in
260 1257 355 1285 Natali
373 1258 490 1290 Domini.
513 1257 629 1290 Pascha,
645 1259 798 1286 Pentecoste
813 1267 864 1286 non
881 1267 999 1286 comnm-

212 1305 370 1337 nicaverint,
384 1304 509 1331 catholici
524 1313 576 1331 non
599 1305 750 1336 credantur,
765 1313 811 1331 nec
827 1305 896 1331 inter
910 1304 1000 1331 catho-

210 1351 275 1378 licos
297 1350 453 1377 habeantur.
470 1349 521 1377 Hic
533 1350 620 1377 tribus
631 1350 765 1378 duntaxat
776 1351 872 1378 diebus
887 1356 1001 1385 quotan—

211 1397 256 1424 nis
281 1396 374 1424 ﬁdeles
398 1397 432 1424 ad
459 1396 679 1423 communiOnem
701 1396 860 1431 compellit:
876 1397 931 1424 illic
948 1396 1001 1424 Do-

212 1441 320 1470 minicis
352 1442 467 1477 singulis
494 1442 573 1477 jubet
604 1442 698 1469 audire
727 1442 850 1470 missam.
880 1442 938 1470 Non
960 1448 1002 1470 est

212 1487 295 1521 igitur
316 1487 386 1514 idem
407 1488 501 1514 audire
528 1488 648 1519 missam,
675 1495 707 1515 ac
730 1489 938 1521 communicare;
951 1496 1002 1516 nec

213 1533 296 1561 anibo
312 1533 356 1560 illa
373 1533 493 1560 ﬁdelium
508 1541 558 1561 usu
586 1533 771 1569 Ecelesiaeqne
788 1534 889 1562 veteris
905 1541 1001 1570 perpe-

214 1584 261 1605 tuo
275 1577 350 1605 fuere
364 1578 519 1613 conjuncta.

248 1624 306 1652 Col.
322 1624 373 1652 885
385 1625 415 1653 Β.
433 1625 550 1659 Τετράδι
563 1625 597 1652 δὲ
604 1626 653 1652 καὶ
667 1626 704 1652 ἐν
714 1625 916 1660 προσαεϐἀτῳ.
926 1626 1002 1654 Anti-

213 1670 345 1705 quissima
352 1675 393 1698 est
400 1671 752 1706 utriusquejejuniireligio,
761 1672 905 1706 cujusetin
912 1671 1003 1699 Aeria-

214 1715 257 1743 nis
270 1723 352 1751 supra
367 1716 532 1744 mentionem
546 1717 610 1751 egit.
622 1716 649 1743 In
660 1723 759 1744 canon.
774 1717 869 1752 Apost.
879 1716 924 1749 69,
939 1723 1002 1744 cum

211 1762 452 1797 quadragesima“,
470 1762 600 1798 τετράδος
626 1767 653 1789 et
675 1763 852 1798 παρασκευῆς
865 1761 1000 1797 jejunium

213 1809 308 1836 eadem
333 1809 475 1837 sanctione
508 1809 675 1844 prmcipitnr.
701 1809 741 1836 Ad
764 1817 846 1844 quem
876 1809 1002 1846 Balsamo

214 1854 287 1882 istud
303 1855 415 1882 adnotat
430 1864 436 1882 :
453 1854 564 1890 perinde
579 1854 686 1881 duabus
709 1853 761 1881 illis
777 1853 862 1886 feriis,
875 1859 958 1889 atque
975 1854 1002 1881 in

213 1899 439 1935 Quadragesirna,
450 1899 618 1936 ξηροφαγίαν
633 1900 782 1934 praescribi.
798 1899 868 1926 Tum
887 1907 920 1926 ne
935 1907 1004 1934 prm-

214 1946 285 1972 senti
311 1946 421 1980 quidem
446 1946 543 1973 mortis
566 1945 594 1972 in
626 1945 746 1979 periculo
773 1945 903 1972 carnibus
930 1944 1003 1972 vesci

215 1990 308 2018 licere.
331 1990 452 2026 lgnatius
471 1991 551 2026 epist.
567 1990 584 2017 5
597 1991 631 2017 ad
653 1990 769 2024 Philipp.
793 1991 914 2024 ejusdem
935 1998 1004 2025 pra:-

215 2036 288 2071 cepti
308 2036 443 2064 meminit.
458 2035 486 2063 ln
501 2035 615 2063 Constit.
638 2040 723 2070 apost.
740 2036 787 2062 lib.
806 2043 856 2068 vn,
882 2043 944 2070 cap.
956 2035 1002 2068 ει,

215 2090 299 2111 causa
323 2090 373 2110 cur
398 2082 506 2119 τετράδι
528 2082 706 2118 jejunandum
729 2082 765 2110 sit
789 2082 847 2110 haec
867 2082 1002 2110 aﬂ‘ertur:

216 2129 290 2164 quod
305 2133 332 2156 et
345 2128 412 2156 feria
432 2134 529 2164 quarta
551 2129 731 2156 deliberatum
752 2136 766 2156 a
781 2127 884 2156 Iudaeis
906 2133 949 2156 est
971 2128 1004 2156 de

217 2175 406 2203 interﬁciendo
420 2175 541 2207 Christo,
561 2180 588 2202 et
602 2173 687 2203 Judas
703 2182 813 2210 operam
835 2182 913 2203 suam
924 2175 1004 2203 detu—

1048 945 1110 971 dum
1131 943 1266 979 propriam
1285 943 1444 969 voluntatem
1459 950 1469 969 .'
1489 941 1582 975 statio,
1605 941 1754 968 obseruatio
1779 946 1838 968 sta-

1049 994 1167 1017 tutorum
1183 989 1297 1022 dierum,
1317 993 1346 1015 ut
1357 993 1458 1024 quartw
1469 993 1494 1015 et
1515 991 1596 1015 sextm
1614 987 1697 1022 ferite,
1714 987 1754 1014 vel
1766 987 1839 1021 Qua-

1048 1035 1214 1071 dragesimte.
1232 1034 1358 1061 Citantur
1379 1038 1407 1061 et
1427 1034 1485 1061 haec
1504 1033 1573 1069 apud
1600 1033 1748 1065 Pamelium
1771 1033 1838 1059 Am-

1049 1081 1132 1109 brosii
1156 1080 1237 1108 verba
1252 1088 1335 1109 serm.
1350 1079 1384 1107 56
1399 1089 1406 1107 :
1429 1078 1563 1107 Stationes
1583 1083 1710 1106 vocantur
1722 1079 1838 1113 jejunia,

1049 1127 1118 1163 quod
1141 1131 1240 1154 stantes
1271 1131 1295 1153 et
1319 1130 1510 1152 commorantes
1530 1126 1558 1151 in
1574 1125 1611 1152 eis
1634 1125 1755 1151 inimicos
1771 1123 1839 1150 insi-

1049 1173 1153 1200 diantes
1181 1171 1341 1207 repellimus.
1375 1170 1476 1198 Verum
1502 1178 1589 1206 neque
1615 1178 1665 1205 ego
1689 1169 1836 1197 stationem

1050 1218 1120 1245 idem
1136 1225 1196 1245 esse
1220 1225 1282 1245 eum
1296 1216 1400 1252 jejunio
1420 1216 1548 1247 arbitror,
1568 1222 1667 1250 neque,
1685 1219 1716 1241 ut
1733 1214 1840 1241 intersit

1050 1263 1164 1298 aliquid,
1178 1262 1326 1290 discrimen
1343 1260 1409 1288 illud
1423 1261 1520 1296 probo,
1545 1260 1617 1294 quod
1636 1259 1706 1294 apud
1726 1258 1839 1285 libaba-

1051 1317 1116 1336 nurn
1135 1309 1242 1344 legitur.
1259 1307 1337 1342 Quod
1359 1307 1432 1335 enim
1459 1315 1474 1334 a
1497 1306 1603 1341 jejunio
1627 1305 1775 1340 discrepet,
1801 1312 1837 1332 ex

1051 1355 1218 1383 Tertulliano
1232 1355 1334 1390 liquet;
1349 1353 1396 1390 qui
1413 1353 1460 1381 lib.
1482 1360 1500 1380 ιι
1522 1353 1562 1380 Ad
1588 1360 1710 1384 uxorem,
1731 1358 1792 1386 cap.
1812 1351 1839 1381 ι,

1052 1401 1088 1429 ita
1100 1401 1236 1436 loquitur:
1251 1400 1285 1427 Ut
1300 1401 1323 1427 si
1336 1400 1415 1427 statio
1428 1399 1550 1434 facienda
1563 1403 1613 1429 est,
1625 1397 1738 1424 maritus
1752 1396 1785 1423 de
1799 1396 1842 1422 die

1052 1447 1172 1474 condit-at
1196 1446 1231 1473 ad
1255 1446 1379 1478 balneas;
1404 1445 1428 1473 si
1449 1445 1554 1480 jejunio
1576 1443 1738 1471 observanda
1768 1446 1840 1474 sunt,

1053 1493 1169 1520 maritus
1183 1492 1275 1519 eadem
1297 1492 1339 1519 die
1363 1491 1509 1518 convivium
1529 1493 1658 1517 exerceat.
1670 1488 1742 1521 Quin
1758 1487 1841 1515 etiam

1053 1539 1113 1567 loco
1126 1539 1172 1566 illo
1183 1539 1266 1566 citato
1282 1545 1314 1565 ex
1328 1537 1376 1564 lib.
1400 1542 1493 1564 contra
1516 1535 1612 1571 Psych.
1627 1542 1687 1569 cap.
1711 1534 1758 1566 14,
1787 1538 1843 1561 sta-

1054 1585 1143 1612 tiones
1156 1583 1292 1619 ajejuniis
1306 1581 1440 1615 secernit;
1457 1588 1519 1608 cum
1534 1579 1698 1608 stationibus
1714 1582 1842 1613 quartam

1053 1634 1079 1657 et
1092 1633 1196 1656 sextam
1218 1627 1331 1656 Sabbati
1352 1628 1469 1655 dicatam
1486 1633 1547 1654 esse
1570 1625 1648 1658 dicit,
1663 1624 1842 1651 Parascevem

1049 1675 1173 1710 jejuniis.
1189 1674 1291 1702 Contra
1304 1674 1352 1701 lib.
1368 1673 1405 1700 De
1421 1681 1519 1700 corona
1532 1672 1589 1699 mil.
1609 1679 1670 1706 cap.
1689 1671 1734 1702 Η,
1747 1670 1843 1698 statio-

1053 1728 1102 1748 nes
1112 1720 1285 1755 projejuniis
1300 1718 1427 1753 usurpari
1443 1718 1580 1746 Pamelius
1595 1717 1747 1749 existimat,
1761 1716 1805 1743 his
1815 1715 1843 1742 in

1053 1764 1144 1791 verbis
1161 1773 1167 1790 :
1183 1762 1245 1790 Iam
1256 1768 1281 1790 et
1298 1764 1424 1790 stationes
1437 1767 1483 1790 aut
1499 1763 1548 1789 alii
1560 1763 1644 1798 magis
1661 1762 1753 1796 faciet,
1764 1769 1843 1796 quam

1053 1809 1178 1836 Christo?
1198 1813 1245 1836 aut
1260 1813 1284 1836 et
1301 1808 1441 1836 Dominico
1461 1808 1514 1840 die,
1531 1807 1637 1841 quando
1657 1815 1703 1834 nec
1717 1806 1844 1834 Christo?

1054 1854 1087 1882 Et
1100 1855 1186 1882 multo
1195 1854 1365 1882 manifestius
1382 1855 1429 1882 lib.
1447 1854 1484 1881 De
1496 1854 1596 1887 anima,
1613 1860 1674 1888 cap.
1692 1852 1727 1879 48
1744 1861 1750 1879 :
1771 1851 1843 1885 Quia

1053 1906 1077 1928 et
1094 1900 1190 1928 Daniel
1209 1901 1287 1927 trium
1303 1899 1495 1927 hebdomadam
1510 1899 1626 1926 statione
1640 1898 1713 1925 aruit
1733 1898 1842 1924 victum.

1093 1947 1146 1974 Sed
1162 1954 1212 1982 ego
1228 1946 1373 1974 stationem
1386 1945 1458 1981 apud
1471 1945 1669 1973 Tertullianum
1686 1944 1840 1979 prazsertim

1053 1992 1212 2028 religiosum
1236 1992 1302 2019 illud
1332 1999 1393 2019 esse
1421 1991 1540 2018 ﬁdelium
1566 1990 1684 2017 oﬁicium
1711 1989 1842 2021 arbitror,

1054 2047 1109 2075 quo
1125 2039 1207 2067 certis
1225 2039 1322 2066 diebus
1347 2038 1380 2066 ad
1397 2039 1511 2073 synaxin
1533 2038 1673 2067 adeuntes,
1688 2035 1791 2063 ibidem
1811 2035 1843 2061 ad

1054 2093 1156 2114 nonam
1184 2092 1272 2120 usque
1298 2084 1527 2119 perseverabant,
1555 2083 1588 2110 ad
1623 2089 1704 2117 quam
1732 2082 1845 2116 insuper

1052 2131 1156 2167 jejunia
1172 2131 1369 2167 producebant.
1395 2129 1473 2157 Unde
1489 2133 1517 2157 et
1527 2136 1576 2164 pro
1591 2127 1768 2155 multitudine
1787 2127 1844 2162 ipsa

1055 2182 1248 2213 conventuque
1262 2184 1459 2212 nonnunquam
1479 2175 1549 2204 solet
1563 2174 1661 2210 accipi.
1676 2173 1736 2201 Non
1753 2181 1844 2205 secus,

217 2220 258 2248 lit.
270 2220 321 2248 Cui
337 2221 502 2256 astipulatur
514 2225 540 2247 et
551 2220 648 2249 Petrus
663 2220 866 2248 Alexandrinus
880 2228 943 2248 can.
957 2221 1000 2248 l5.
1017 2229 1042 2259 ο
1055 2224 1163 2259 opinor,
1183 2231 1215 2250 ac
1233 2222 1360 2250 militaris
1374 2222 1457 2250 statio
1470 2227 1524 2249 lam
1540 2229 1589 2256 pro
1607 2221 1678 2253 loco,
1692 2228 1776 2255 quam
1797 2227 1846 2254 pro

218 2265 250 2293 Et
269 2267 377 2301 quidem
393 2265 541 2300 probabilis
556 2270 598 2293 est
610 2266 661 2293 ista
680 2266 759 2293 ratio.
779 2265 867 2299 Quam
882 2273 947 2294 vero
961 2265 1005 2293 hic

218 2311 388 2347 Epiphanius
401 2311 500 2343 reddit,
514 2310 582 2338 falsa
595 2314 647 2342 est,
668 2315 694 2337 et
711 2311 874 2346 evangelica:
895 2310 1005 2338 veritati

217 2358 367 2385 contraria.
395 2357 459 2384 Vult
484 2357 556 2384 enim
585 2356 725 2384 Christum
756 2356 904 2384 Dominum
935 2355 1006 2384 feria

220 2408 318 2438 quarta
326 2403 564 2438 comprehensum.
575 2402 653 2436 Quod
666 2403 692 2430 in
705 2402 830 2429 Diatriba
841 2403 872 2430 de
884 2403 1006 2437 passione

220 2448 327 2480 Domini
353 2457 434 2484 supra
465 2448 621 2476 discussum
643 2455 675 2476 ac
700 2447 848 2476 refutatum
877 2453 929 2476 est.
968 2447 1006 2476 De

219 2495 317 2523 iisdem
344 2495 457 2530 jejuniis
482 2495 648 2522 mentionem
675 2495 739 2523 facit
754 2503 807 2522 non
827 2503 881 2523 uno
898 2495 925 2522 in
946 2495 1007 2522 loco

220 2540 415 2575 Tertullianus,
429 2545 457 2568 et
480 2540 612 2569 stationes
639 2541 694 2569 illis
719 2541 786 2576 ipsis
817 2541 914 2568 diebus
937 2541 1007 2568 obiri

220 2587 397 2615 consuevisse
412 2585 546 2622 signiﬁcat
564 2596 570 2614 :
587 2591 617 2614 ut
630 2587 657 2614 in
675 2587 723 2615 lib.
745 2587 900 2622 Dejejuniis
914 2591 1008 2614 contra

222 2633 365 2670 Psychicos
391 2641 400 2660 :
423 2632 477 2661 Cur
512 2633 671 2661 stationibus
707 2639 830 2668 quartam
856 2639 880 2660 et
905 2638 1008 2660 sextam

221 2678 332 2706 Sabbati
346 2679 475 2712 dicamus,
492 2679 634 2714 etjcjuniis
650 2679 840 2707 Parascevem!
852 2679 884 2707 Et
895 2687 955 2715 cap.
970 2680 988 2706 2
1000 2689 1006 2707 :

222 2725 267 2753 Sic
282 2730 306 2753 et
319 2726 452 2762 apostolos
469 2726 629 2758 observasse,
641 2726 743 2752 nullum
761 2726 834 2753 aliud
850 2725 1009 2761 imponentes

219 2773 313 2807 iugum
337 2779 478 2800 certorum.
501 2777 525 2799 et
546 2774 573 2799 in
594 2781 730 2800 commune
743 2774 863 2801 omnibus
877 2774 1010 2801 obeundo-

223 2826 283 2844 rum
295 2818 456 2853 jejuniorum
467 2827 477 2846 :
488 2819 596 2853 proinde
609 2827 654 2846 nec
669 2820 824 2853 stationum,
840 2829 898 2856 [μίαν
908 2826 932 2848 et
948 2821 1011 2855 ipsa

223 2871 286 2891 suos
307 2865 411 2899 quidem
429 2866 485 2893 dies
505 2864 628 2898 habeant,
653 2871 755 2901 quartw
774 2866 847 2901 feria:
867 2872 890 2893 et
917 2871 1008 2895 scatit.

1056 2269 1146 2297 standi
1159 2274 1186 2297 et
1197 2267 1348 2296 excubandi
1362 2267 1502 2296 functione
1513 2288 1520 2300 ,
1539 2267 1594 2294 imo
1608 2270 1635 2294 et
1653 2274 1702 2301 pro
1722 2266 1781 2302 ipsa
1796 2266 1847 2292 mi-

1054 2316 1127 2344 litari
1169 2323 1252 2343 manu
1293 2315 1364 2350 apud
1398 2314 1509 2342 Latinos
1548 2317 1708 2348 usurpatur.
1753 2311 1846 2339 Livius

1054 2362 1102 2390 lib.
1136 2370 1239 2390 xxxvnt
1269 2372 1276 2389 :
1301 2361 1477 2388 Pabulatores
1512 2359 1707 2396 lignatoresque
1733 2357 1846 2385 Romani

1055 2409 1083 2436 in
1097 2417 1156 2436 eam
1181 2414 1292 2443 partem,
1322 2409 1350 2436 in
1371 2417 1424 2443 qua
1448 2407 1609 2443 colloquium
1631 2407 1752 2442 futurum
1778 2411 1845 2439 erat,

1055 2454 1129 2481 ducti
1150 2459 1221 2487 sunt,
1245 2454 1328 2481 tutius
1352 2454 1378 2480 id
1405 2454 1525 2489 futurum
1549 2453 1661 2480 tribunis
1685 2453 1764 2485 ratis,
1785 2453 1847 2488 quia

1056 2509 1124 2528 coss.
1138 2500 1290 2535 prwsidium
1300 2504 1324 2526 et
1336 2499 1421 2534 ipsum
1432 2507 1480 2534 pro
1493 2499 1606 2526 statione
1618 2499 1735 2525 habituri
1747 2504 1824 2526 erant
1837 2507 1846 2526 :

1056 2555 1135 2574 suam
1164 2550 1251 2572 tamen
1270 2546 1383 2572 alteram
1409 2545 1552 2572 stationem
1575 2545 1683 2580 propius
1704 2549 1793 2571 castra
1815 2552 1847 2572 nc

1058 2593 1175 2629 equitum
1202 2597 1355 2628 posuerunt.
1373 2591 1456 2619 Erant
1478 2591 1589 2623 milites,
1610 2590 1656 2626 qui
1674 2590 1818 2626 aliquanto
1832 2598 1847 2618 ιι

1058 2639 1155 2668 castris
1186 2638 1328 2666 intervallo
1356 2638 1389 2665 ad
1409 2645 1505 2665 eorum
1529 2637 1641 2664 tutelam
1661 2636 1845 2663 excubabant.

1060 2684 1160 2712 Eodem
1183 2684 1264 2711 modo
1285 2683 1505 2711 Christianorum
1527 2683 1661 2710 stationes
1689 2687 1744 2708 tam
1764 2689 1847 2709 saera:

1059 2731 1112 2758 illa:
1129 2730 1227 2758 diebus
1240 2729 1321 2757 certis
1336 2729 1542 2759 excubationes,
1559 2726 1767 2762 quamipsimet
1783 2726 1848 2753 tide-

1059 2776 1125 2803 lium
1144 2780 1292 2803 conventus
1309 2775 1447 2810 appellati.
1469 2773 1584 2800 Tertull.
1606 2773 1632 2799 in
1655 2772 1729 2799 calce
1744 2771 1792 2798 lib.
1810 2769 1847 2797 De

1061 2826 1129 2848 orat.
1145 2829 1154 2848 :
1171 2820 1199 2848 Si
1215 2821 1296 2848 statio
1312 2819 1344 2847 de
1364 2819 1475 2846 militari
1491 2817 1608 2852 exemplo
1631 2824 1727 2844 nomen
1752 2815 1847 2851 accipit

1062 2867 1135 2903 (nam
1151 2871 1174 2894 et
1196 2866 1294 2893 militia
1319 2865 1365 2893 Dei
1388 2865 1503 2900 sumus),
1526 2865 1615 2901 utique
1640 2862 1716 2890 nulla
1743 2861 1847 2892 latitia,
