1925 3043
85 159 156 187 1089

476 157 519 184 DE
539 140 734 186 VETEIHBUS
751 159 951 193 QUIBUSDAM
971 161 1148 191 ECCLESlAi‘.
1170 163 1314 192 RITIBUS.

1642 169 1710 198 1030

83 216 139 242 sive
164 213 275 240 tristitia
313 212 450 240 obveniens
478 215 574 241 castris
609 216 735 243 stationes
760 218 873 244 militum
888 219 910 248 Α
925 219 1084 252 stationum,
1102 220 1141 248 uti
1167 228 1215 248 nec
1239 222 1371 249 stationes
1400 222 1475 257 ipsm,
1506 223 1617 252 minime
1639 227 1708 255 ultra

84 259 226 288 rescindit.
247 259 352 292 Quibus
377 260 468 288 verbis
491 261 660 288 demonstrat
683 269 872 297 nequaquam,

82 306 157 340 quod
182 305 263 340 vulgo
290 313 453 340 persuasum
480 311 555 339 erat,
581 307 714 335 stationes
739 307 873 336 Dominici

83 350 209 384 corporis
233 350 428 377 communione
443 351 567 384 dissolvi,
589 353 719 386 quoniam
741 353 873 389 quidquid

81 395 112 421 in
128 394 228 422 castris
244 394 360 426 accidat,
374 395 432 421 sive
446 402 620 430 prosperum,
639 396 698 423 sive
717 396 805 428 triste,
823 397 874 424 mi—

84 439 175 466 litaris
203 438 383 465 nihilominus
415 439 498 466 statio
532 443 698 474 perseverat.
727 440 872 475 Perperam

88 484 174 518 igitur
203 482 352 510 Rbabanns
385 483 442 510 haec
471 485 623 518 posteriora
649 494 656 512 :
686 486 777 520 utique
798 486 873 513 nulla

84 528 194 560 ιωιὶιία,
219 529 272 555 sire
297 528 419 559 tristitia,
444 534 509 560 etc.,
536 529 610 556 velut.
635 537 745 558 causam
772 531 872 564 attulit,

84 583 135 602 cur
147 575 369 603 Christianorum
382 575 464 601 statio
478 583 493 601 a
509 575 620 602 militari
640 583 740 603 nomen
757 577 874 611 accepis-

84 626 136 649 set.
153 621 214 654 Quo
229 622 323 648 eodem
342 629 436 648 errore
451 621 588 649 Pamclius
608 622 641 648 ad
655 622 702 649 lib.
717 622 756 650 De
774 631 873 650 corona

84 666 142 693 mil.
165 673 226 701 cap.
256 666 299 698 Η,
325 667 471 693 stationem
491 666 558 693 dicit
585 674 634 701 per
655 669 841 702 metaphoram
858 676 873 695 a

85 712 252 738 militaribus
271 711 436 739 stationibus
463 712 607 746 usurpari;
625 713 693 747 quod
714 713 830 748 quandiu
845 714 873 741 in

84 757 200 784 statione
210 757 306 784 milites
318 762 405 791 erant,
414 757 538 792 jajanare
554 758 615 785 illos
626 759 761 793 oportebat
776 768 785 786 :
801 760 873 794 quod

85 811 152 831 sane
167 803 313 831 ridiculum
337 809 391 832 est.
406 803 501 839 Neque
527 812 592 832 vero
614 806 708 833 tandiu
734 805 874 834 famelicos

84 857 148 877 esse
172 850 357 890 praesidiarios
381 850 444 877 illos
467 853 495 878 et
521 850 703 885 excubitores,
738 853 874 881 exercitus

925 273 1024 292 nonam
1054 266 1278 294 obscrvabantur.
1296 269 1386 300 Quare
1415 274 1514 296 merito
1539 276 1553 296 a
1568 271 1710 300 catholicis

923 311 1053 347 castigata
1073 312 1299 340 Montanistarnm
1316 313 1361 340 illa
1379 314 1486 342 novitas
1499 320 1551 347 est,
1570 316 1641 350 quod
1655 321 1712 344 sta-

924 358 1014 384 tiones
1030 362 1056 384 et
1068 357 1171 391 jcjnnia
1198 358 1270 390 aliis,
1284 366 1365 393 quam
1383 366 1443 393 qua:
1456 359 1490 386 ab
1508 359 1628 388 Ecclesia
1646 370 1712 397 prte-

924 403 1024 436 scripta
1035 407 1134 435 essent,
1148 404 1315 438 temporibus
1326 405 1359 431 ad
1369 412 1509 440 vesperam
1519 407 1709 435 extenderent:

925 455 987 474 nam
1005 447 1071 475 feria
1085 453 1180 482 quarta
1199 454 1329 485 sextoque
1344 449 1378 477 ad
1394 458 1492 478 nonam
1505 451 1637 479 duntaxat
1649 460 1711 486 per-

924 501 1063 521 severasse
1084 495 1110 521 in
1130 495 1245 523 statione
1266 495 1445 524 Montanistas
1465 498 1560 524 eodem
1579 499 1625 525 illo
1640 499 1710 527 libro

924 547 983 574 cap.
1000 539 1033 566 £0
1050 539 1162 568 Tertull.
1178 541 1278 569 indicat
1294 551 1299 568 :
1315 541 1375 568 Non
1393 543 1469 577 quasi
1483 551 1635 577 rcspuamus
1660 553 1709 572 no-

925 594 997 617 nam,
1009 587 1105 621 inquit,
1118 587 1160 613 cui
1173 593 1195 614 et
1208 594 1304 622 quarta
1317 587 1438 621 Sabbati,
1447 593 1470 615 et
1483 594 1556 616 sexta
1566 590 1710 623 plurimum

925 631 1070 666 Iungimur.
1086 631 1231 668 Propterea
1247 640 1311 660 vero
1325 633 1471 660 stationum
1485 633 1588 668 jejunia
1605 634 1648 662 illa
1669 643 1710 661 ne-

925 677 1063 711 mijeiunia
1075 677 1108 704 ab
1123 678 1217 705 eodem
1235 683 1346 706 auctore
1363 679 1553 712 nominantur,
1573 687 1632 715 cap.
1650 680 1684 707 15
1701 689 1708 707 :

926 721 994 749 Ecce
1011 723 1079 749 enim
1095 722 1150 758 (ait
1169 723 1297 750 adversus
1313 724 1480 759 catholicos)
1492 725 1614 752 convenio
1627 733 1669 752 vos
1684 729 1710 752 et

924 771 1020 800 prcetcr
1048 765 1150 793 Pascha
1173 767 1336 802 jejunantes,
1354 769 1421 795 citra
1445 768 1505 796 illos
1526 770 1592 803 dies,
1615 769 1709 804 quibus

925 811 1029 838 ablatus
1044 817 1081 838 est
1094 819 1222 846 sponsus;
1236 817 1260 839 et
1277 813 1422 840 stationum
1442 814 1608 849 semijcjltnia
1626 815 1709 842 inter-

925 862 1058 892 ponentes.

87 894 174 930 ipsius
203 899 284 929 atque
299 895 470 930 imperatoris
485 895 619 923 interfuit.
634 896 687 924 Sed
704 905 753 925 nec
766 905 781 924 a
796 898 874 926 statis
889 896 910 924 Β
961 901 1013 930 sed
1046 902 1260 930 obscurissimis
1289 907 1331 931 est
1361 903 1458 931 iisdem
1487 905 1521 932 de
1546 905 1710 933 stationibus

85 941 256 975 temporibus
287 941 420 969 stationes
442 942 589 970 nominata:
612 942 747 974 videntur,
770 943 818 970 sed
839 943 872 970 ab

85 986 144 1021 ipsa
162 986 319 1019 assistendi,
340 988 392 1014 hoc
412 991 453 1014 est
473 987 654 1015 conveniendi
670 988 872 1015 commorandi-

84 1039 138 1066 que
166 1031 324 1064 l‘tutctione;
353 1033 425 1067 quod
456 1032 527 1059 ultra
560 1032 711 1067 legitimum
733 1041 873 1068 synaxeon

84 1082 202 1112 tempus,
228 1078 353 1105 videlicet
369 1078 546 1111 matutinum,
562 1078 684 1106 divinum
701 1078 819 1107 cilicium
839 1079 872 1107 ad

83 1131 185 1151 nonam
208 1131 294 1158 usque
319 1125 513 1159 producerent,
539 1130 566 1152 et
581 1125 767 1153 diuturniores
784 1126 812 1153 in
826 1134 872 1153 ec-

83 1169 165 1196 clesia
183 1177 273 1196 moras
293 1175 414 1205 agerent.
437 1171 516 1205 Apud
538 1170 703 1206 Cyprianum
725 1171 806 1205 epist.
825 1170 870 1202 61,

83 1214 125 1242 Ad
146 1214 298 1242 Cornelium
314 1216 548 1250 papam,stationis
564 1224 663 1244 nomen
685 1220 740 1243 tam
756 1216 790 1244 de
808 1223 874 1244 con-

83 1265 164 1288 ventu
182 1261 252 1295 ipso,
272 1269 353 1295 quam
369 1262 402 1289 de
418 1268 540 1296 tempore
560 1270 592 1290 ac
613 1262 656 1290 die
680 1267 769 1298 potest
791 1263 871 1290 intel-

83 1301 224 1341 ligifcum
243 1307 276 1334 de
297 1305 443 1335 Navatiani
467 1308 564 1343 legatis
585 1308 612 1335 in
637 1308 758 1336 Africam
781 1308 872 1336 missis

83 1360 167 1388 agens
185 1361 192 1379 :
207 1352 260 1385 Qui
275 1361 333 1380 cum
349 1354 375 1380 in
389 1354 514 1386 statione,
534 1355 633 1390 inquit,
652 1355 790 1382 invidiosis
806 1363 872 1390 quo-

84 1406 132 1433 que
159 1399 282 1426 conviciis
319 1405 344 1426 et
376 1399 536 1428 clamoribus
567 1401 726 1429 turbulentis
761 1410 872 1437 prorue-

85 1449 155 1476 rant,
174 1450 226 1472 etc.

91 1517 100 1523 ,
118 1490 303 1523 Quamobrem
320 1491 453 1519 stationes
469 1499 522 1519 non
538 1491 642 1527 jejunia
662 1493 719 1528 ipsa
736 1499 809 1527 sunt,
825 1494 871 1522 sed

84 1543 145 1563 cum
161 1535 273 1570 jejuniis
287 1536 444 1571 coujuncta.
461 1536 623 1573 Quanquam
636 1538 736 1574 duplex
753 1540 874 1574 jejunio-

84 1589 144 1609 rum
158 1589 244 1616 genus
259 1582 329 1616 apud
344 1583 473 1617 antiquos
487 1582 538 1610 fuit
555 1592 561 1611 :
578 1591 641 1611 nam
658 1584 731 1612 aliud
754 1586 873 1620 exquisi-

84 1628 138 1655 tius
153 1632 222 1659 erat,
238 1628 311 1662 quod
325 1628 443 1664 longius,
462 1629 513 1656 hoc
526 1633 568 1657 est
579 1629 613 1657 ad
626 1637 767 1665 vesperam
785 1639 873 1665 usque

83 1673 292 1707 prorogabatur,
312 1673 351 1700 uti
377 1674 614 1709 quadragesimale
634 1674 779 1710 jejunium.
809 1675 874 1711 Epi-

83 1719 200 1754 phanius
225 1719 296 1746 enim
320 1718 403 1750 infra,
418 1719 512 1746 eodem
536 1719 589 1747 isto
615 1726 873 1755 numero,synaxes

83 1764 343 1800 quadragesimales,
358 1765 392 1791 ab
406 1765 472 1792 hora
487 1772 559 1792 nona
579 1765 612 1792 ad
630 1772 771 1800 vesperam
785 1773 874 1801 usque

84 1811 216 1838 celebrari
235 1810 314 1838 docet
329 1819 336 1837 :
353 1814 415 1838 ante
426 1818 496 1845 quas
510 1817 625 1846 synaxes
637 1811 741 1846 jejunia
760 1811 873 1838 minime

84 1857 271 1885 solvebantur.
284 1856 363 1884 Aliud
381 1860 440 1884 erat
450 1856 532 1891 paulo
545 1856 687 1884 remissius
702 1864 734 1885 ac
751 1857 871 1890 brevius,

84 1902 156 1937 quod
170 1902 205 1930 ad
222 1910 322 1930 nonam
336 1903 468 1930 duntaxat
483 1902 700 1937 produceretur:
717 1903 873 1939 cujusmodi

85 1948 159 1976 feriae
188 1953 292 1984 quartae
320 1953 457 1984 sexusque
479 1949 614 1984 jejunium
638 1950 776 1978 exstitisse
800 1950 872 1978 idem

85 1993 252 2029 Epiphanius
273 1994 388 2021 asserit:
405 1994 569 2029 Τετράδιδὲ,
583 1995 630 2022 καὶ
642 1995 670 2022 ὲν
686 1995 868 2031 προσαὸδάτῳ

84 2041 114 2068 ὲν
131 2041 240 2076 νηστείᾳ
257 2040 309 2072 ἕως
327 2040 402 2076 ὥρας
417 2040 525 2076 ἐνάτης.
547 2039 615 2068 Hinc
629 2044 683 2072 est,
701 2042 783 2076 quod,
797 2046 827 2068 ut
838 2048 871 2069 ex

87 2085 256 2113 Tertulliano
273 2087 454 2120 conspicuum
467 2090 519 2117 est,
536 2086 667 2114 statlones
678 2094 732 2114 non
746 2087 816 2114 ultra
826 2095 873 2114 no-

84 2139 147 2158 uam
161 2131 380 2161 extenderentur.
398 2131 458 2164 Quo
475 2131 586 2160 nomine
604 2139 619 2159 a
633 2131 786 2164 catholicis,
802 2140 872 2167 quos

84 2175 232 2211 Psychicos
244 2177 371 2211 appellat,
384 2175 554 2204 Montanistae
564 2177 723 2211 reprehensi
737 2182 810 2209 sunt,
821 2185 870 2212 pro

84 2229 117 2248 eo
143 2221 217 2256 quod
244 2222 377 2250 stationes
404 2220 468 2250 sitas
493 2222 527 2250 ad
551 2229 692 2257 vesperam
708 2223 869 2257 proferrent.
887 2242 909 2270 Β

84 2266 245 2294 Tertulliani
259 2268 339 2295 verba
359 2272 423 2295 sunt
435 2268 481 2294 lib.
491 2267 644 2302 Dejejuniis
657 2273 749 2295 contra
762 2268 869 2303 Psyclt.:

84 2311 173 2347 (Eque
187 2313 315 2340 stationes
332 2318 447 2345 nostras,
463 2318 491 2339 ut
508 2313 647 2348 indignas;
669 2313 798 2344 quasdam
812 2322 871 2340 vero

84 2362 109 2386 et
120 2358 147 2384 in
155 2366 240 2385 serum
250 2359 407 2385 constitutas
420 2359 543 2386 novitatis
553 2359 656 2385 nomine
670 2359 792 2386 incusant
803 2366 812 2385 :
824 2359 872 2386 hoc

84 2412 185 2439 quoque
199 2412 293 2431 manus
305 2410 328 2432 et
339 2412 372 2431 etc
387 2405 498 2432 arbitrio
512 2405 658 2432 obeundum
676 2413 732 2432 esse
746 2405 871 2438 dicentes,

84 2453 109 2476 et
121 2457 173 2476 non
186 2450 258 2476 ultra
273 2457 370 2487 nonam
384 2450 563 2484 detinendam,
573 2450 604 2477 de
618 2458 667 2478 suo
677 2450 777 2478 scilicet
789 2459 869 2478 more.

85 2493 186 2522 Ibidem
202 2499 330 2530 przeterea
348 2504 355 2523 :
372 2496 493 2531 Arguunt
508 2505 555 2523 nos
571 2497 641 2532 quod
648 2496 753 2532 jejunio
764 2497 872 2532 propria

85 2541 275 2575 custodiamus,
297 2542 366 2578 quod
383 2543 508 2570 stationes
518 2543 672 2580 plerumque
691 2544 718 2570 in
740 2552 872 2578 vesperam

85 2587 271 2622 producamus.
295 2587 355 2622 Quo
380 2589 407 2616 in
433 2590 493 2617 loco
510 2597 564 2617 non
579 2589 672 2617 leviter
689 2589 871 2618 ballucinatus

85 2637 128 2660 est
149 2633 306 2667 Pamelius,
332 2635 396 2662 dum
421 2634 616 2662 Tertullianum
632 2642 680 2670 per
705 2635 870 2663 calumniam

85 2679 144 2707 haec
170 2679 198 2706 in
222 2680 387 2708 orthodoxos
410 2680 502 2715 jacere
521 2681 625 2713 scribit,
643 2681 717 2716 quod
738 2685 871 2716 negarent

85 2725 228 2758 stationes,
249 2726 300 2754 hoc
314 2726 469 2763 estjejunia
486 2727 555 2755 ultra
570 2735 668 2755 noxiam
685 2728 869 2763 propaganda.

85 2778 160 2803 cum,
177 2776 205 2799 ut
219 2779 251 2799 cx
270 2772 383 2801 inﬁnitis
397 2777 516 2800 veterum
531 2773 694 2801 testimoniis
707 2777 825 2806 constat,
837 2772 870 2800 ad

85 2816 152 2845 solis
188 2825 316 2845 occasum
351 2826 437 2854 usque
466 2818 570 2854 jejunia
596 2819 786 2854 produxerim.
817 2818 870 2846 Sed

85 2862 158 2891 aliud
172 2864 297 2892 videlicet
308 2865 388 2892 statio
399 2869 450 2898 est,
465 2871 546 2901 quam
558 2864 707 2900 jejunium;
721 2870 748 2894 et
761 2864 865 2900 jejunia

924 952 1030 982 quartas
1056 951 1193 983 sexusque
1215 947 1290 975 feria:
1306 947 1463 976 Tertulliani
1479 948 1556 977 locus
1575 957 1635 984 cap.
1653 949 1684 976 l4
1702 957 1708 976 :

924 992 978 1020 Cur
993 993 1161 1024 stationibus,
1179 993 1276 1027 inquit.
1298 998 1421 1027 quartam
1444 998 1468 1020 et
1481 999 1582 1021 sextam
1599 994 1710 1022 Sabbati

924 1038 1056 1071 dicamus,
1080 1043 1104 1065 et
1128 1039 1237 1074 jejuniis
1260 1038 1443 1066 Parasceuen?
1466 1038 1533 1067 Nam
1561 1040 1711 1068 Parascevc

900 1091 906 1097 ’
923 1085 988 1120 quid
1003 1084 1075 1112 aliud
1090 1088 1131 1112 est
1148 1092 1230 1119 quam
1247 1090 1321 1112 sexta
1337 1084 1464 1113 Sabbati?
1484 1085 1618 1114 Praeterea
1638 1087 1711 1121 jeju-

924 1131 999 1158 nium
1019 1130 1168 1158 Parasceve
1194 1130 1245 1158 soli
1275 1131 1379 1163 tribuit,
1404 1132 1483 1166 quasi
1510 1139 1563 1159 non
1587 1137 1613 1160 et
1642 1133 1710 1160 fetis

923 1181 1019 1211 quarta
1036 1180 1065 1203 ut
1078 1177 1171 1208 statio,
1186 1176 1222 1202 ita
1233 1175 1370 1211 jejunium
1385 1177 1506 1205 solemne
1521 1177 1611 1204 fuerit.
1622 1176 1710 1212 llnjus

923 1222 949 1248 in
977 1221 1028 1248 loci
1056 1221 1277 1256 interpretatione
1310 1222 1410 1248 mirum
1440 1222 1504 1257 quid
1536 1221 1655 1249 Pamelio
1680 1223 1709 1250 in

922 1272 1041 1294 mentem
1068 1267 1182 1298 venerit,
1210 1275 1270 1294 cum
1298 1266 1467 1294 ParaSCeven
1496 1274 1511 1294 a
1539 1266 1710 1295 Tertulliano

922 1321 993 1341 nove
1019 1313 1167 1340 Sabbatum
1193 1313 1322 1348 appellari
1344 1313 1469 1340 credidit.
1495 1312 1647 1346 Stationes,
1667 1313 1709 1340 in-

922 1360 991 1394 quit,
1011 1359 1125 1394 appellat
1140 1364 1242 1394 quarta:
1264 1363 1289 1385 et
1309 1363 1391 1385 satis
1414 1358 1487 1393 ferite
1508 1358 1623 1393 jejunia,
1639 1359 1708 1393 quod

922 1410 1022 1433 statuta
1038 1410 1123 1432 essent
1140 1405 1194 1432 illis
1205 1405 1296 1432 diebus
1305 1405 1420 1439 jejunia,
1436 1413 1486 1432 non
1499 1405 1560 1432 item
1574 1405 1618 1431 die
1628 1404 1709 1431 Para-

922 1459 1016 1483 scevcs,
1029 1459 1088 1485 qua:
1107 1455 1183 1477 erant
1205 1450 1365 1478 voluntaria.
1381 1449 1413 1476 Et
1430 1457 1544 1477 numero
1556 1453 1686 1484 sequente
1700 1459 1707 1476 :

923 1498 1085 1524 Parasceven
1117 1497 1155 1524 ait
1173 1504 1228 1524 esse
1249 1495 1397 1524 Sabbatum
1411 1515 1419 1528 ,
1448 1495 1517 1531 quod
1543 1495 1709 1523 Dominicam

923 1545 1088 1578 praecederet.
1105 1543 1163 1576 Quo
1178 1543 1220 1570 die
1233 1542 1366 1577 jejunium
1379 1550 1425 1577 pro
1436 1542 1560 1577 cujusque
1575 1542 1709 1569 voluntate

923 1594 1054 1617 servatam
1069 1594 1118 1626 est.
1135 1587 1207 1616 Nihil
1224 1593 1271 1615 aut
1285 1588 1441 1618 absurdius.
1462 1593 1508 1615 aut
1524 1588 1595 1622 quod
1611 1595 1628 1614 a
1642 1587 1705 1615 Ter-

923 1634 1028 1662 tulliani
1056 1639 1147 1661 mente
1176 1634 1262 1669 magis
1287 1633 1465 1665 abhorreret,
1492 1632 1582 1660 aﬁ‘erri
1607 1633 1707 1667 potuit.

923 1679 1039 1707 Tantum
1054 1679 1127 1707 enim
1152 1678 1237 1711 abest,
1253 1683 1282 1705 ut
1301 1677 1484 1704 Tertullianns
1505 1676 1653 1704 Sabbatum
1666 1677 1708 1711 je-

919 1726 1005 1761 juniis
1027 1725 1146 1753 dicatum
1161 1731 1220 1751 esse
1235 1723 1459 1758 pronuntiaverit.
1476 1726 1506 1750 ut
1521 1722 1554 1749 de
1570 1729 1603 1749 eo
1616 1723 1707 1750 statim

922 1772 973 1800 ista
987 1771 1116 1806 subjiciat
1133 1779 1139 1797 :
1158 1770 1315 1804 Quanquam
1336 1777 1380 1796 eos
1402 1769 1483 1795 etiam
1505 1767 1660 1800 Sabbatum,
1684 1768 1709 1795 si

921 1818 1036 1853 quando,
1052 1816 1223 1849 continuatis,
1245 1823 1377 1850 nunquam
1399 1815 1451 1841 nisi
1473 1814 1499 1840 in
1513 1812 1619 1840 Pascha
1636 1814 1709 1848 jeju-

921 1863 1049 1895 nandum,
1063 1861 1205 1889 secundum
1221 1861 1350 1888 rationem
1364 1859 1428 1887 alibi
1446 1859 1585 1886 redditam.
1600 1858 1628 1886 Si
1639 1867 1709 1886 nun—

921 1916 1004 1944 quam
1017 1907 1137 1935 Sabbato
1149 1905 1339 1942 jejunandum,
1357 1912 1412 1933 uno
1427 1904 1563 1932 duntaxat
1582 1909 1706 1939 excepto,

922 1955 1060 1990 quomodo
1076 1955 1195 1982 dicatum
1208 1960 1223 1980 a
1242 1952 1312 1985 suis,
1329 1952 1441 1987 perinde
1454 1959 1486 1979 ac
1499 1951 1651 1983 catholicis,
1665 1951 1708 1986 je-

920 2002 999 2037 junio
1013 2000 1160 2028 Sabbatum
1173 1999 1358 2027 Tertullianus
1369 1998 1460 2026 dicere
1474 1997 1582 2032 potuit?
1592 1997 1709 2024 Aliunde

922 2048 1005 2083 igitur
1021 2047 1164 2082 quzerenda
1184 2050 1226 2073 est
1249 2045 1301 2073 loci
1321 2045 1395 2072 illius
1419 2044 1572 2079 explicatio.
1588 2043 1654 2077 Quae
1672 2051 1707 2070 an

922 2093 1056 2128 ejusmodi
1069 2091 1156 2126 possit
1167 2098 1237 2121 esse,
1262 2089 1490 2118 considerandum
1503 2093 1545 2116 est
1557 2098 1564 2115 :
1577 2088 1707 2115 nimirum

922 2136 1082 2164 Tertulliani
1099 2140 1228 2170 tempore,
1244 2142 1306 2162 cum
1331 2134 1461 2161 stationes
1484 2132 1550 2160 feria
1566 2136 1663 2167 quarta
1679 2135 1707 2158 et

922 2187 998 2211 sexta
1012 2183 1126 2212 tierent,
1134 2181 1220 2208 amba:
1233 2180 1341 2215 quidem
1354 2179 1387 2206 ad
1402 2186 1501 2206 nonam
1517 2178 1648 2205 duntaxat
1661 2177 1707 2204 ho-

923 2236 980 2256 ram
997 2231 1146 2263 prorogatte
1168 2229 1247 2259 sunt;
1266 2225 1312 2252 sed
1338 2224 1403 2252 feria
1425 2227 1521 2258 quarta
1538 2222 1629 2250 statim
1644 2225 1707 2256 post

922 2273 1049 2301 stationis
1062 2272 1164 2300 exitum
1178 2271 1329 2305 horamque
1342 2276 1441 2296 nonam
1451 2268 1584 2303 jejunium
1600 2267 1708 2295 solvere

923 2319 1024 2348 licitum
1040 2318 1104 2345 fuit:
1121 2321 1196 2345 sexta
1207 2323 1271 2344 vero
1288 2315 1365 2349 feria,
1377 2315 1482 2350 expleto
1497 2313 1623 2342 stationis
1637 2318 1706 2341 tem-

922 2371 997 2399 pore,
1018 2371 1071 2390 non
1089 2363 1182 2390 statim
1204 2361 1246 2389 ias
1262 2365 1320 2388 erat
1336 2360 1419 2392 vesci.
1441 2359 1487 2387 sed
1511 2359 1545 2387 ad
1564 2366 1706 2393 vesperam

921 2413 1027 2436 tantum
1044 2416 1051 2435 :
1067 2408 1138 2435 unde
1163 2406 1228 2434 feria
1252 2411 1348 2442 quarta
1360 2405 1572 2440 scmijejunium,
1589 2408 1620 2432 ut
1637 2403 1705 2432 Ter-

923 2455 1052 2482 tullianus
1078 2457 1166 2484 vocat,
1184 2452 1357 2481 observatum
1381 2455 1432 2484 est,
1452 2455 1527 2478 sexta
1559 2449 1706 2485 jejunium.

921 2500 961 2528 lla
981 2499 1119 2527 nonnullis
1133 2501 1161 2526 in
1175 2498 1253 2531 iocis,
1268 2501 1298 2525 nt
1319 2496 1400 2532 paulo
1421 2497 1481 2531 post
1502 2500 1616 2527 testatur
1641 2495 1708 2530 Epi-

921 2548 1050 2582 phanius,
1067 2546 1131 2574 feria
1145 2546 1240 2582 quinta
1257 2544 1368 2580 majoris
1380 2543 1556 2571 hebdomadas
1571 2551 1633 2571 eum
1651 2545 1708 2570 sta-

923 2594 1011 2622 tiones
1033 2596 1060 2620 et
1081 2599 1197 2628 synaxes
1209 2591 1242 2618 ad
1256 2591 1351 2618 horam
1373 2596 1473 2617 nonam
1494 2589 1706 2618 celebrarentur,

922 2647 975 2667 non
1001 2642 1093 2666 tamen
1117 2637 1232 2665 subinde
1256 2635 1361 2671 jejnnia
1387 2635 1573 2662 solvebantur.
1592 2631 1623 2659 Et
1642 2638 1707 2659 vero

921 2685 1038 2712 arctiore
1057 2683 1163 2719 jejunio
1188 2689 1220 2710 ac
1245 2682 1418 2710 diuturniora
1440 2680 1529 2708 inedia
1544 2677 1705 2706 celebranda

921 2730 980 2759 dies
1005 2730 1051 2757 illa
1071 2729 1170 2761 fuerat,
1185 2736 1246 2763 quae
1266 2727 1415 2756 Dominicte
1429 2724 1554 2753 Passieni
1571 2723 1707 2758 pratcipue

922 2781 1108 2804 consecratur.
1119 2774 1251 2810 Equidem
1263 2782 1318 2801 non
1333 2773 1411 2800 video
1422 2771 1486 2806 quid
1506 2770 1539 2798 de
1547 2767 1707 2797 Tertulliani

921 2822 982 2850 loco
999 2821 1044 2849 illo
1059 2821 1112 2849 dici
1126 2820 1295 2856 probabilius
1309 2819 1405 2854 possit.
1422 2816 1481 2844 Jam
1499 2823 1562 2843 vero
1581 2821 1629 2850 per
1645 2815 1705 2842 illus

923 2867 1070 2897 stationum
1088 2866 1158 2900 dies,
1171 2874 1232 2903 quae
1248 2873 1310 2894 cum
1329 2864 1434 2901 jejunio
1446 2862 1599 2899 conjuncta
1614 2865 1706 2893 erant,
