  <div class='ocr_page' id='page_1' title='image "/cluster/home/n/w/nwhite01/storage/ocr_20150623/42/njp.32101077772588/575.png"; bbox 0 0 1925 3043; ppageno 0'>
   <div class='ocr_carea' id='block_1_1' title="bbox 208 149 275 178">
    <p class='ocr_par' dir='ltr' id='par_1_1' title="bbox 208 149 275 178">
     <span class='ocr_line' id='line_1_1' title="bbox 208 149 275 178; baseline -0.015 -2"><span class='ocrx_word' id='word_1_1' title='bbox 208 149 275 178; x_wconf 64' lang='grc' dir='ltr'><strong>1ίῧ1</strong></span> 
     </span>
    </p>
   </div>
   <div class='ocr_carea' id='block_1_2' title="bbox 773 141 1277 172">
    <p class='ocr_par' dir='ltr' id='par_1_2' title="bbox 773 141 1277 172">
     <span class='ocr_line' id='line_1_2' title="bbox 773 141 1277 172; baseline -0.01 0"><span class='ocrx_word' id='word_1_2' title='bbox 773 143 944 172; x_wconf 72' lang='lat' dir='ltr'><strong>APPENDIX</strong></span> <span class='ocrx_word' id='word_1_3' title='bbox 966 141 1277 170; x_wconf 70' lang='lat' dir='ltr'><strong>DISSEBTATIONUM.</strong></span> 
     </span>
    </p>
   </div>
   <div class='ocr_carea' id='block_1_3' title="bbox 1767 142 1839 170">
    <p class='ocr_par' dir='ltr' id='par_1_3' title="bbox 1767 142 1839 170">
     <span class='ocr_line' id='line_1_3' title="bbox 1767 142 1839 170; baseline -0.014 0"><span class='ocrx_word' id='word_1_4' title='bbox 1767 142 1839 170; x_wconf 68' lang='lat'><strong>109&#39;)</strong></span> 
     </span>
    </p>
   </div>
   <div class='ocr_carea' id='block_1_4' title="bbox 205 197 992 240">
    <p class='ocr_par' dir='ltr' id='par_1_4' title="bbox 205 203 992 240">
     <span class='ocr_line' id='line_1_4' title="bbox 205 203 992 240; baseline -0.008 -5"><span class='ocrx_word' id='word_1_5' title='bbox 205 213 300 236; x_wconf 88' lang='lat' dir='ltr'><strong>contra</strong></span> <span class='ocrx_word' id='word_1_6' title='bbox 315 211 396 240; x_wconf 86' lang='lat' dir='ltr'><strong>atque</strong></span> <span class='ocrx_word' id='word_1_7' title='bbox 412 205 438 232; x_wconf 91' lang='lat' dir='ltr'><strong>in</strong></span> <span class='ocrx_word' id='word_1_8' title='bbox 455 204 724 239; x_wconf 85' lang='lat' dir='ltr'><strong>majoribusjejuniis</strong></span> <span class='ocrx_word' id='word_1_9' title='bbox 737 203 865 237; x_wconf 86' lang='lat' dir='ltr'><strong>usurpari</strong></span> <span class='ocrx_word' id='word_1_10' title='bbox 880 209 992 233; x_wconf 88' lang='lat' dir='ltr'><strong>consuc-</strong></span> 
     </span>
    </p>
   </div>
   <div class='ocr_carea' id='block_1_5' title="bbox 1044 197 1837 240">
    <p class='ocr_par' dir='ltr' id='par_1_5' title="bbox 1046 197 1837 235">
     <span class='ocr_line' id='line_1_5' title="bbox 1046 197 1837 235; baseline -0.003 -7"><span class='ocrx_word' id='word_1_11' title='bbox 1046 205 1122 228; x_wconf 82' lang='lat' dir='ltr'><strong>t‘atut‘</strong></span> <span class='ocrx_word' id='word_1_12' title='bbox 1136 200 1146 228; x_wconf 74' lang='grc' dir='ltr'><em>ξ</em></span> <span class='ocrx_word' id='word_1_13' title='bbox 1168 200 1201 226; x_wconf 78' lang='grc' dir='ltr'><strong>Εἴ</strong></span> <span class='ocrx_word' id='word_1_14' title='bbox 1213 209 1255 231; x_wconf 87' lang='grc' dir='ltr'><strong>τις</strong></span> <span class='ocrx_word' id='word_1_15' title='bbox 1277 199 1405 235; x_wconf 70' lang='grc' dir='ltr'><strong>κληρικος</strong></span> <span class='ocrx_word' id='word_1_16' title='bbox 1419 197 1517 234; x_wconf 75' lang='grc' dir='ltr'>εὑρεθῇ</span> <span class='ocrx_word' id='word_1_17' title='bbox 1540 198 1588 234; x_wconf 82' lang='grc' dir='ltr'>τὴν</span> <span class='ocrx_word' id='word_1_18' title='bbox 1606 199 1750 234; x_wconf 76' lang='grc' dir='ltr'>Κυριακὴν</span> <span class='ocrx_word' id='word_1_19' title='bbox 1766 199 1837 234; x_wconf 77' lang='grc' dir='ltr'><strong>ἠμέ-</strong></span> 
     </span>
    </p>
   </div>
   <div class='ocr_carea' id='block_1_6' title="bbox 205 249 992 286">
    <p class='ocr_par' dir='ltr' id='par_1_6' title="bbox 205 249 992 286">
     <span class='ocr_line' id='line_1_6' title="bbox 205 249 992 286; baseline -0.008 -6"><span class='ocrx_word' id='word_1_20' title='bbox 205 257 292 285; x_wconf 74' lang='lat' dir='ltr'><strong>verat,</strong></span> <span class='ocrx_word' id='word_1_21' title='bbox 305 252 397 280; x_wconf 81' lang='lat' dir='ltr'><strong>divina</strong></span> <span class='ocrx_word' id='word_1_22' title='bbox 417 251 543 286; x_wconf 85' lang='lat' dir='ltr'><strong>mysteria</strong></span> <span class='ocrx_word' id='word_1_23' title='bbox 570 256 597 278; x_wconf 86' lang='lat' dir='ltr'><strong>et</strong></span> <span class='ocrx_word' id='word_1_24' title='bbox 620 250 756 278; x_wconf 79' lang='lat' dir='ltr'><strong>sacriﬁcia</strong></span> <span class='ocrx_word' id='word_1_25' title='bbox 781 249 992 284; x_wconf 81' lang='lat' dir='ltr'><strong>peragebantur,</strong></span> 
     </span>
    </p>
   </div>
   <div class='ocr_carea' id='block_1_7' title="bbox 205 295 994 332">
    <p class='ocr_par' dir='ltr' id='par_1_7' title="bbox 205 295 994 332">
     <span class='ocr_line' id='line_1_7' title="bbox 205 295 994 332; baseline -0.008 -6"><span class='ocrx_word' id='word_1_26' title='bbox 205 298 350 326; x_wconf 88' lang='lat' dir='ltr'><strong>distributa</strong></span> <span class='ocrx_word' id='word_1_27' title='bbox 365 305 473 332; x_wconf 88' lang='lat' dir='ltr'><strong>quoque</strong></span> <span class='ocrx_word' id='word_1_28' title='bbox 488 297 514 323; x_wconf 91' lang='lat' dir='ltr'><strong>in</strong></span> <span class='ocrx_word' id='word_1_29' title='bbox 530 296 622 323; x_wconf 82' lang='lat' dir='ltr'><strong>ﬁdeles</strong></span> <span class='ocrx_word' id='word_1_30' title='bbox 639 295 812 323; x_wconf 86' lang='lat' dir='ltr'><strong>Eucharistia</strong></span> <span class='ocrx_word' id='word_1_31' title='bbox 828 304 834 321; x_wconf 74' lang='grc' dir='ltr'><strong>ε</strong></span> <span class='ocrx_word' id='word_1_32' title='bbox 851 301 933 329; x_wconf 89' lang='lat' dir='ltr'><strong>quam</strong></span> <span class='ocrx_word' id='word_1_33' title='bbox 952 298 994 320; x_wconf 89' lang='lat' dir='ltr'><strong>ta-</strong></span> 
     </span>
    </p>
   </div>
   <div class='ocr_carea' id='block_1_8' title="bbox 205 335 994 376">
    <p class='ocr_par' dir='ltr' id='par_1_8' title="bbox 205 335 994 376">
     <span class='ocr_line' id='line_1_8' title="bbox 205 335 994 376; baseline -0.008 -6"><span class='ocrx_word' id='word_1_34' title='bbox 205 350 267 370; x_wconf 84' lang='lat' dir='ltr'><strong>men</strong></span> <span class='ocrx_word' id='word_1_35' title='bbox 284 351 337 369; x_wconf 90' lang='lat' dir='ltr'><strong>non</strong></span> <span class='ocrx_word' id='word_1_36' title='bbox 352 341 466 369; x_wconf 88' lang='lat' dir='ltr'><strong>subinde</strong></span> <span class='ocrx_word' id='word_1_37' title='bbox 493 341 518 368; x_wconf 93' lang='lat' dir='ltr'><strong>in</strong></span> <span class='ocrx_word' id='word_1_38' title='bbox 533 350 564 369; x_wconf 88' lang='lat' dir='ltr'><strong>os</strong></span> <span class='ocrx_word' id='word_1_39' title='bbox 580 341 678 376; x_wconf 88' lang='lat' dir='ltr'><strong>trajici,</strong></span> <span class='ocrx_word' id='word_1_40' title='bbox 695 341 741 368; x_wconf 84' lang='lat' dir='ltr'><strong>sed</strong></span> <span class='ocrx_word' id='word_1_41' title='bbox 759 335 892 368; x_wconf 58' lang='lat' dir='ltr'><strong>rcserx’ari</strong></span> <span class='ocrx_word' id='word_1_42' title='bbox 913 346 994 373; x_wconf 88' lang='lat' dir='ltr'><strong>opor-</strong></span> 
     </span>
    </p>
   </div>
   <div class='ocr_carea' id='block_1_9' title="bbox 205 385 993 418">
    <p class='ocr_par' dir='ltr' id='par_1_9' title="bbox 205 385 993 418">
     <span class='ocr_line' id='line_1_9' title="bbox 205 385 993 418; baseline -0.006 -3"><span class='ocrx_word' id='word_1_43' title='bbox 205 393 262 415; x_wconf 87' lang='lat' dir='ltr'><strong>tere</strong></span> <span class='ocrx_word' id='word_1_44' title='bbox 281 387 463 415; x_wconf 82' lang='lat' dir='ltr'><strong>Tcrtullianus</strong></span> <span class='ocrx_word' id='word_1_45' title='bbox 480 387 616 418; x_wconf 87' lang='lat' dir='ltr'><strong>admonet,</strong></span> <span class='ocrx_word' id='word_1_46' title='bbox 640 387 667 414; x_wconf 92' lang='lat' dir='ltr'><strong>in</strong></span> <span class='ocrx_word' id='word_1_47' title='bbox 689 387 763 414; x_wconf 86' lang='lat' dir='ltr'><strong>calce</strong></span> <span class='ocrx_word' id='word_1_48' title='bbox 779 386 827 413; x_wconf 91' lang='lat' dir='ltr'><strong>Iih.</strong></span> <span class='ocrx_word' id='word_1_49' title='bbox 851 385 890 412; x_wconf 83' lang='lat' dir='ltr'><strong>De</strong></span> <span class='ocrx_word' id='word_1_50' title='bbox 912 388 993 416; x_wconf 64' lang='lat' dir='ltr'><strong>orat,</strong></span> 
     </span>
    </p>
   </div>
   <div class='ocr_carea' id='block_1_10' title="bbox 204 431 993 468">
    <p class='ocr_par' dir='ltr' id='par_1_10' title="bbox 204 431 993 468">
     <span class='ocr_line' id='line_1_10' title="bbox 204 431 993 468; baseline -0.005 -7"><span class='ocrx_word' id='word_1_51' title='bbox 204 435 292 461; x_wconf 90' lang='lat' dir='ltr'><strong>donec</strong></span> <span class='ocrx_word' id='word_1_52' title='bbox 306 434 431 460; x_wconf 79' lang='lat' dir='ltr'><strong>absoluta</strong></span> <span class='ocrx_word' id='word_1_53' title='bbox 444 434 478 460; x_wconf 86' lang='lat' dir='ltr'><strong>sit</strong></span> <span class='ocrx_word' id='word_1_54' title='bbox 491 433 582 460; x_wconf 80' lang='lat' dir='ltr'><strong>statio.</strong></span> <span class='ocrx_word' id='word_1_55' title='bbox 600 432 692 468; x_wconf 82' lang='lat' dir='ltr'><strong>Neque</strong></span> <span class='ocrx_word' id='word_1_56' title='bbox 710 437 765 459; x_wconf 91' lang='lat' dir='ltr'><strong>tum</strong></span> <span class='ocrx_word' id='word_1_57' title='bbox 781 431 993 467; x_wconf 61' lang='lat' dir='ltr'><strong>praetermissum</strong></span> 
     </span>
    </p>
   </div>
   <div class='ocr_carea' id='block_1_11' title="bbox 204 477 995 514">
    <p class='ocr_par' dir='ltr' id='par_1_11' title="bbox 204 477 995 514">
     <span class='ocr_line' id='line_1_11' title="bbox 204 477 995 514; baseline -0.005 -7"><span class='ocrx_word' id='word_1_58' title='bbox 204 480 312 507; x_wconf 65' lang='lat' dir='ltr'><strong>videtur</strong></span> <span class='ocrx_word' id='word_1_59' title='bbox 326 480 400 514; x_wconf 77' lang='lat' dir='ltr'><strong>pacis</strong></span> <span class='ocrx_word' id='word_1_60' title='bbox 415 479 552 511; x_wconf 88' lang='lat' dir='ltr'><strong>osculum,</strong></span> <span class='ocrx_word' id='word_1_61' title='bbox 567 478 638 513; x_wconf 87' lang='lat' dir='ltr'><strong>quod</strong></span> <span class='ocrx_word' id='word_1_62' title='bbox 657 485 713 505; x_wconf 91' lang='lat' dir='ltr'><strong>uno</strong></span> <span class='ocrx_word' id='word_1_63' title='bbox 729 477 841 505; x_wconf 69' lang='lat' dir='ltr'><strong>Pascha:</strong></span> <span class='ocrx_word' id='word_1_64' title='bbox 861 477 904 504; x_wconf 83' lang='lat' dir='ltr'><strong>die</strong></span> <span class='ocrx_word' id='word_1_65' title='bbox 922 484 995 505; x_wconf 91' lang='lat' dir='ltr'><strong>com—</strong></span> 
     </span>
    </p>
   </div>
   <div class='ocr_carea' id='block_1_12' title="bbox 169 521 994 556">
    <p class='ocr_par' dir='ltr' id='par_1_12' title="bbox 169 521 994 556">
     <span class='ocr_line' id='line_1_12' title="bbox 169 521 994 556; baseline -0.004 -5"><span class='ocrx_word' id='word_1_66' title='bbox 169 523 172 556; x_wconf 72' lang='grc' dir='ltr'>ξ</span> <span class='ocrx_word' id='word_1_67' title='bbox 203 525 321 551; x_wconf 88' lang='lat' dir='ltr'><strong>muniter</strong></span> <span class='ocrx_word' id='word_1_68' title='bbox 341 524 374 551; x_wconf 75' lang='lat' dir='ltr'><strong>ab</strong></span> <span class='ocrx_word' id='word_1_69' title='bbox 395 524 523 550; x_wconf 89' lang='lat' dir='ltr'><strong>omnibus</strong></span> <span class='ocrx_word' id='word_1_70' title='bbox 540 524 674 550; x_wconf 89' lang='lat' dir='ltr'><strong>omissum</strong></span> <span class='ocrx_word' id='word_1_71' title='bbox 692 523 762 549; x_wconf 89' lang='lat' dir='ltr'><strong>idem</strong></span> <span class='ocrx_word' id='word_1_72' title='bbox 778 527 873 549; x_wconf 88' lang='lat' dir='ltr'><strong>auctor</strong></span> <span class='ocrx_word' id='word_1_73' title='bbox 890 521 994 556; x_wconf 70' lang='lat' dir='ltr'><strong>signiti-</strong></span> 
     </span>
    </p>
   </div>
   <div class='ocr_carea' id='block_1_13' title="bbox 167 568 993 602">
    <p class='ocr_par' dir='ltr' id='par_1_13' title="bbox 167 568 993 602">
     <span class='ocr_line' id='line_1_13' title="bbox 167 568 993 602; baseline -0.005 -4"><span class='ocrx_word' id='word_1_74' title='bbox 167 573 172 584; x_wconf 84' lang='lat'><strong>‘</strong></span> <span class='ocrx_word' id='word_1_75' title='bbox 203 576 257 602; x_wconf 82' lang='lat' dir='ltr'><strong>cat.</strong></span> <span class='ocrx_word' id='word_1_76' title='bbox 278 571 330 597; x_wconf 79' lang='lat' dir='ltr'><strong>Sed</strong></span> <span class='ocrx_word' id='word_1_77' title='bbox 347 572 380 597; x_wconf 87' lang='lat' dir='ltr'><strong>de</strong></span> <span class='ocrx_word' id='word_1_78' title='bbox 393 570 478 598; x_wconf 76' lang='lat' dir='ltr'><strong>variis</strong></span> <span class='ocrx_word' id='word_1_79' title='bbox 491 569 674 597; x_wconf 82' lang='lat' dir='ltr'><strong>Eeclcsiarum</strong></span> <span class='ocrx_word' id='word_1_80' title='bbox 697 569 794 596; x_wconf 88' lang='lat' dir='ltr'><strong>ritibus</strong></span> <span class='ocrx_word' id='word_1_81' title='bbox 806 568 918 595; x_wconf 87' lang='lat' dir='ltr'><strong>consule</strong></span> <span class='ocrx_word' id='word_1_82' title='bbox 933 575 993 602; x_wconf 66' lang='lat' dir='ltr'><strong>qua:</strong></span> 
     </span>
    </p>
   </div>
   <div class='ocr_carea' id='block_1_14' title="bbox 204 613 994 651">
    <p class='ocr_par' dir='ltr' id='par_1_14' title="bbox 204 613 994 651">
     <span class='ocr_line' id='line_1_14' title="bbox 204 613 994 651; baseline -0.003 -9"><span class='ocrx_word' id='word_1_83' title='bbox 204 617 230 642; x_wconf 92' lang='lat' dir='ltr'><strong>in</strong></span> <span class='ocrx_word' id='word_1_84' title='bbox 248 617 388 651; x_wconf 74' lang='lat' dir='ltr'><strong>superiore</strong></span> <span class='ocrx_word' id='word_1_85' title='bbox 403 621 466 643; x_wconf 80' lang='lat' dir='ltr'><strong>nota</strong></span> <span class='ocrx_word' id='word_1_86' title='bbox 483 624 514 642; x_wconf 76' lang='lat' dir='ltr'><strong>cx</strong></span> <span class='ocrx_word' id='word_1_87' title='bbox 526 616 677 650; x_wconf 73' lang='lat' dir='ltr'><strong>Augustino</strong></span> <span class='ocrx_word' id='word_1_88' title='bbox 690 619 717 642; x_wconf 86' lang='lat' dir='ltr'><strong>et</strong></span> <span class='ocrx_word' id='word_1_89' title='bbox 731 614 888 641; x_wconf 80' lang='lat' dir='ltr'><strong>Innocentio</strong></span> <span class='ocrx_word' id='word_1_90' title='bbox 902 613 994 641; x_wconf 85' lang='lat' dir='ltr'><strong>decla-</strong></span> 
     </span>
    </p>
   </div>
   <div class='ocr_carea' id='block_1_15' title="bbox 203 659 995 693">
    <p class='ocr_par' dir='ltr' id='par_1_15' title="bbox 203 659 995 693">
     <span class='ocr_line' id='line_1_15' title="bbox 203 659 995 693; baseline -0.005 -5"><span class='ocrx_word' id='word_1_91' title='bbox 203 662 335 689; x_wconf 82' lang='lat' dir='ltr'><strong>ravimus.</strong></span> <span class='ocrx_word' id='word_1_92' title='bbox 353 661 433 688; x_wconf 87' lang='lat' dir='ltr'><strong>Plura</strong></span> <span class='ocrx_word' id='word_1_93' title='bbox 457 661 490 688; x_wconf 85' lang='lat' dir='ltr'><strong>de</strong></span> <span class='ocrx_word' id='word_1_94' title='bbox 508 661 558 688; x_wconf 92' lang='lat' dir='ltr'><strong>hoc</strong></span> <span class='ocrx_word' id='word_1_95' title='bbox 576 661 723 688; x_wconf 90' lang='lat' dir='ltr'><strong>stationum</strong></span> <span class='ocrx_word' id='word_1_96' title='bbox 751 660 805 686; x_wconf 88' lang='lat' dir='ltr'><strong>ritu</strong></span> <span class='ocrx_word' id='word_1_97' title='bbox 827 659 995 693; x_wconf 89' lang='lat' dir='ltr'><strong>antiquitatis</strong></span> 
     </span>
    </p>
   </div>
   <div class='ocr_carea' id='block_1_16' title="bbox 203 707 993 741">
    <p class='ocr_par' dir='ltr' id='par_1_16' title="bbox 203 707 993 741">
     <span class='ocr_line' id='line_1_16' title="bbox 203 707 993 741; baseline -0.005 -6"><span class='ocrx_word' id='word_1_98' title='bbox 203 708 394 735; x_wconf 62' lang='lat' dir='ltr'><strong>ecclesiastico</strong></span> <span class='ocrx_word' id='word_1_99' title='bbox 416 707 531 734; x_wconf 89' lang='lat' dir='ltr'><strong>studiosi</strong></span> <span class='ocrx_word' id='word_1_100' title='bbox 561 707 746 741; x_wconf 76' lang='lat' dir='ltr'><strong>pervestigare</strong></span> <span class='ocrx_word' id='word_1_101' title='bbox 766 710 911 740; x_wconf 88' lang='lat' dir='ltr'><strong>poterunt;</strong></span> <span class='ocrx_word' id='word_1_102' title='bbox 932 712 993 731; x_wconf 90' lang='lat' dir='ltr'><strong>cum</strong></span> 
     </span>
    </p>
   </div>
   <div class='ocr_carea' id='block_1_17' title="bbox 203 751 994 788">
    <p class='ocr_par' dir='ltr' id='par_1_17' title="bbox 203 751 994 788">
     <span class='ocr_line' id='line_1_17' title="bbox 203 751 994 788; baseline -0.004 -8"><span class='ocrx_word' id='word_1_103' title='bbox 203 759 227 781; x_wconf 86' lang='grc' dir='ltr'>ιι</span> <span class='ocrx_word' id='word_1_104' title='bbox 251 755 300 780; x_wconf 83' lang='lat' dir='ltr'><strong>nos</strong></span> <span class='ocrx_word' id='word_1_105' title='bbox 321 753 449 788; x_wconf 85' lang='lat' dir='ltr'><strong>pleraque</strong></span> <span class='ocrx_word' id='word_1_106' title='bbox 466 754 591 780; x_wconf 86' lang='lat' dir='ltr'><strong>consulto</strong></span> <span class='ocrx_word' id='word_1_107' title='bbox 605 752 828 788; x_wconf 68' lang='lat' dir='ltr'><strong>prmtcricrimus,</strong></span> <span class='ocrx_word' id='word_1_108' title='bbox 846 756 919 778; x_wconf 88' lang='lat' dir='ltr'><strong>utea</strong></span> <span class='ocrx_word' id='word_1_109' title='bbox 936 751 994 778; x_wconf 88' lang='lat' dir='ltr'><strong>sola</strong></span> 
     </span>
    </p>
   </div>
   <div class='ocr_carea' id='block_1_18' title="bbox 203 797 993 834">
    <p class='ocr_par' dir='ltr' id='par_1_18' title="bbox 203 797 993 834">
     <span class='ocr_line' id='line_1_18' title="bbox 203 797 993 834; baseline -0.003 -8"><span class='ocrx_word' id='word_1_110' title='bbox 203 800 459 834; x_wconf 73' lang='lat' dir='ltr'><strong>complecteremur,</strong></span> <span class='ocrx_word' id='word_1_111' title='bbox 472 807 589 834; x_wconf 87' lang='lat' dir='ltr'><strong>quorum</strong></span> <span class='ocrx_word' id='word_1_112' title='bbox 606 798 762 826; x_wconf 83' lang='lat' dir='ltr'><strong>obscuritas</strong></span> <span class='ocrx_word' id='word_1_113' title='bbox 773 797 862 825; x_wconf 89' lang='lat' dir='ltr'><strong>lucem</strong></span> <span class='ocrx_word' id='word_1_114' title='bbox 873 797 993 832; x_wconf 79' lang='lat' dir='ltr'><strong>aliquam</strong></span> 
     </span>
    </p>
   </div>
   <div class='ocr_carea' id='block_1_19' title="bbox 203 844 654 878">
    <p class='ocr_par' dir='ltr' id='par_1_19' title="bbox 203 844 654 878">
     <span class='ocr_line' id='line_1_19' title="bbox 203 844 654 878; baseline 0 -8"><span class='ocrx_word' id='word_1_115' title='bbox 203 849 302 871; x_wconf 66' lang='lat' dir='ltr'><strong>nostra:</strong></span> <span class='ocrx_word' id='word_1_116' title='bbox 316 844 509 878; x_wconf 81' lang='lat' dir='ltr'><strong>disputationis</strong></span> <span class='ocrx_word' id='word_1_117' title='bbox 524 844 654 878; x_wconf 78' lang='lat' dir='ltr'><strong>exigeret.</strong></span> 
     </span>
    </p>
   </div>
   <div class='ocr_carea' id='block_1_20' title="bbox 1047 244 1837 282">
    <p class='ocr_par' dir='ltr' id='par_1_20' title="bbox 1047 244 1837 282">
     <span class='ocr_line' id='line_1_20' title="bbox 1047 244 1837 282; baseline -0.003 -10"><span class='ocrx_word' id='word_1_118' title='bbox 1047 255 1096 282; x_wconf 88' lang='grc' dir='ltr'><strong>ραν</strong></span> <span class='ocrx_word' id='word_1_119' title='bbox 1113 245 1259 281; x_wconf 78' lang='grc' dir='ltr'>νηστεύων,</span> <span class='ocrx_word' id='word_1_120' title='bbox 1276 245 1292 280; x_wconf 85' lang='grc' dir='ltr'>ἢ</span> <span class='ocrx_word' id='word_1_121' title='bbox 1306 245 1335 272; x_wconf 80' lang='grc' dir='ltr'><strong>τὸ</strong></span> <span class='ocrx_word' id='word_1_122' title='bbox 1349 244 1486 272; x_wconf 78' lang='grc' dir='ltr'>Σάϐϐατον</span> <span class='ocrx_word' id='word_1_123' title='bbox 1498 244 1578 280; x_wconf 81' lang='grc' dir='ltr'>(πλὴν</span> <span class='ocrx_word' id='word_1_124' title='bbox 1595 244 1641 270; x_wconf 82' lang='grc' dir='ltr'>τοῦ</span> <span class='ocrx_word' id='word_1_125' title='bbox 1659 244 1718 276; x_wconf 79' lang='grc' dir='ltr'>ἑνὸς</span> <span class='ocrx_word' id='word_1_126' title='bbox 1731 245 1837 279; x_wconf 67' lang='grc' dir='ltr'>μόνον),</span> 
     </span>
    </p>
   </div>
   <div class='ocr_carea' id='block_1_21' title="bbox 1045 289 1837 327">
    <p class='ocr_par' dir='ltr' id='par_1_21' title="bbox 1045 289 1837 327">
     <span class='ocr_line' id='line_1_21' title="bbox 1045 289 1837 327; baseline -0.003 -8"><span class='ocrx_word' id='word_1_127' title='bbox 1045 291 1243 327; x_wconf 67' lang='grc' dir='ltr'><strong>καθαιρείσθω·</strong></span> <span class='ocrx_word' id='word_1_128' title='bbox 1270 292 1294 317; x_wconf 82' lang='grc' dir='ltr'>εἱ</span> <span class='ocrx_word' id='word_1_129' title='bbox 1319 290 1348 317; x_wconf 81' lang='grc' dir='ltr'><strong>δὲ</strong></span> <span class='ocrx_word' id='word_1_130' title='bbox 1370 290 1481 321; x_wconf 79' lang='grc' dir='ltr'>λαῖκὸς,</span> <span class='ocrx_word' id='word_1_131' title='bbox 1504 289 1688 326; x_wconf 66' lang='grc' dir='ltr'><strong>ἁψοριζέσθω·</strong></span> <span class='ocrx_word' id='word_1_132' title='bbox 1717 290 1837 317; x_wconf 79' lang='lat' dir='ltr'><strong>Clericus</strong></span> 
     </span>
    </p>
   </div>
   <div class='ocr_carea' id='block_1_22' title="bbox 1045 335 1839 373">
    <p class='ocr_par' dir='ltr' id='par_1_22' title="bbox 1045 335 1839 373">
     <span class='ocr_line' id='line_1_22' title="bbox 1045 335 1839 373; baseline -0.004 -8"><span class='ocrx_word' id='word_1_133' title='bbox 1045 339 1089 373; x_wconf 84' lang='lat' dir='ltr'><strong>qui</strong></span> <span class='ocrx_word' id='word_1_134' title='bbox 1109 338 1248 365; x_wconf 74' lang='lat' dir='ltr'><strong>ﬂaminica</strong></span> <span class='ocrx_word' id='word_1_135' title='bbox 1270 337 1331 369; x_wconf 83' lang='lat' dir='ltr'><strong>die,</strong></span> <span class='ocrx_word' id='word_1_136' title='bbox 1350 336 1388 363; x_wconf 83' lang='lat' dir='ltr'><strong>vel</strong></span> <span class='ocrx_word' id='word_1_137' title='bbox 1413 335 1529 363; x_wconf 83' lang='lat' dir='ltr'><strong>Sabbato</strong></span> <span class='ocrx_word' id='word_1_138' title='bbox 1557 336 1618 371; x_wconf 86' lang='lat' dir='ltr'><strong>(uno</strong></span> <span class='ocrx_word' id='word_1_139' title='bbox 1639 335 1769 362; x_wconf 77' lang='lat' dir='ltr'><strong>duntaxat</strong></span> <span class='ocrx_word' id='word_1_140' title='bbox 1792 344 1839 362; x_wconf 77' lang='lat' dir='ltr'><strong>e1-</strong></span> 
     </span>
    </p>
   </div>
   <div class='ocr_carea' id='block_1_23' title="bbox 1045 382 1837 419">
    <p class='ocr_par' dir='ltr' id='par_1_23' title="bbox 1045 382 1837 419">
     <span class='ocr_line' id='line_1_23' title="bbox 1045 382 1837 419; baseline -0.003 -8"><span class='ocrx_word' id='word_1_141' title='bbox 1045 383 1127 419; x_wconf 82' lang='lat' dir='ltr'><strong>ccpto)</strong></span> <span class='ocrx_word' id='word_1_142' title='bbox 1152 384 1274 418; x_wconf 83' lang='lat' dir='ltr'><strong>jejuuure</strong></span> <span class='ocrx_word' id='word_1_143' title='bbox 1293 382 1466 417; x_wconf 70' lang='lat' dir='ltr'><strong>deprehensus</strong></span> <span class='ocrx_word' id='word_1_144' title='bbox 1491 383 1542 413; x_wconf 76' lang='lat' dir='ltr'><strong>sit,</strong></span> <span class='ocrx_word' id='word_1_145' title='bbox 1566 382 1729 416; x_wconf 71' lang='lat' dir='ltr'><strong>deponatur;</strong></span> <span class='ocrx_word' id='word_1_146' title='bbox 1752 382 1837 409; x_wconf 75' lang='lat' dir='ltr'><strong>laicus</strong></span> 
     </span>
    </p>
   </div>
   <div class='ocr_carea' id='block_1_24' title="bbox 1045 428 1838 463">
    <p class='ocr_par' dir='ltr' id='par_1_24' title="bbox 1045 428 1838 463">
     <span class='ocr_line' id='line_1_24' title="bbox 1045 428 1838 463; baseline -0.001 -7"><span class='ocrx_word' id='word_1_147' title='bbox 1045 430 1294 456; x_wconf 77' lang='lat' dir='ltr'><strong>excommunicetur.</strong></span> <span class='ocrx_word' id='word_1_148' title='bbox 1317 428 1377 455; x_wconf 85' lang='lat' dir='ltr'><strong>Non</strong></span> <span class='ocrx_word' id='word_1_149' title='bbox 1393 432 1480 463; x_wconf 81' lang='lat' dir='ltr'><strong>potest</strong></span> <span class='ocrx_word' id='word_1_150' title='bbox 1497 428 1549 455; x_wconf 92' lang='lat' dir='ltr'><strong>hoc</strong></span> <span class='ocrx_word' id='word_1_151' title='bbox 1565 428 1599 455; x_wconf 82' lang='lat' dir='ltr'><strong>ab</strong></span> <span class='ocrx_word' id='word_1_152' title='bbox 1614 429 1746 463; x_wconf 74' lang='lat' dir='ltr'><strong>apostolis</strong></span> <span class='ocrx_word' id='word_1_153' title='bbox 1761 436 1838 455; x_wconf 91' lang='lat' dir='ltr'><strong>com-</strong></span> 
     </span>
    </p>
   </div>
   <div class='ocr_carea' id='block_1_25' title="bbox 1045 474 1837 508">
    <p class='ocr_par' dir='ltr' id='par_1_25' title="bbox 1045 474 1837 508">
     <span class='ocr_line' id='line_1_25' title="bbox 1045 474 1837 508; baseline -0.001 -6"><span class='ocrx_word' id='word_1_154' title='bbox 1045 476 1121 502; x_wconf 85' lang='lat' dir='ltr'><strong>muni</strong></span> <span class='ocrx_word' id='word_1_155' title='bbox 1135 483 1194 502; x_wconf 86' lang='lat' dir='ltr'><strong>esse</strong></span> <span class='ocrx_word' id='word_1_156' title='bbox 1213 475 1322 502; x_wconf 86' lang='lat' dir='ltr'><strong>decreto</strong></span> <span class='ocrx_word' id='word_1_157' title='bbox 1348 474 1539 501; x_wconf 87' lang='lat' dir='ltr'><strong>constitutum.</strong></span> <span class='ocrx_word' id='word_1_158' title='bbox 1554 474 1607 501; x_wconf 90' lang='lat' dir='ltr'><strong>Aut</strong></span> <span class='ocrx_word' id='word_1_159' title='bbox 1622 474 1644 501; x_wconf 91' lang='lat' dir='ltr'><strong>si</strong></span> <span class='ocrx_word' id='word_1_160' title='bbox 1661 474 1837 508; x_wconf 74' lang='lat' dir='ltr'><strong>Apostolirus</strong></span> 
     </span>
    </p>
   </div>
   <div class='ocr_carea' id='block_1_26' title="bbox 1045 520 1838 556">
    <p class='ocr_par' dir='ltr' id='par_1_26' title="bbox 1045 520 1838 556">
     <span class='ocr_line' id='line_1_26' title="bbox 1045 520 1838 556; baseline -0.003 -8"><span class='ocrx_word' id='word_1_161' title='bbox 1045 522 1096 549; x_wconf 82' lang='lat' dir='ltr'><strong>iste</strong></span> <span class='ocrx_word' id='word_1_162' title='bbox 1117 530 1204 549; x_wconf 92' lang='lat' dir='ltr'><strong>canon</strong></span> <span class='ocrx_word' id='word_1_163' title='bbox 1222 526 1281 553; x_wconf 89' lang='lat' dir='ltr'><strong>est,</strong></span> <span class='ocrx_word' id='word_1_164' title='bbox 1306 521 1362 548; x_wconf 75' lang='lat' dir='ltr'><strong>lucc</strong></span> <span class='ocrx_word' id='word_1_165' title='bbox 1381 520 1479 553; x_wconf 84' lang='lat' dir='ltr'><strong>verba,</strong></span> <span class='ocrx_word' id='word_1_166' title='bbox 1497 520 1513 555; x_wconf 81' lang='grc' dir='ltr'>ἢ</span> <span class='ocrx_word' id='word_1_167' title='bbox 1539 520 1570 546; x_wconf 86' lang='grc' dir='ltr'><strong>τὸ</strong></span> <span class='ocrx_word' id='word_1_168' title='bbox 1591 520 1732 547; x_wconf 76' lang='grc' dir='ltr'>Σάϐϐατον</span> <span class='ocrx_word' id='word_1_169' title='bbox 1744 541 1751 553; x_wconf 83' lang='grc'>,</span> <span class='ocrx_word' id='word_1_170' title='bbox 1767 521 1838 556; x_wconf 74' lang='grc' dir='ltr'>πλὴν</span> 
     </span>
    </p>
   </div>
   <div class='ocr_carea' id='block_1_27' title="bbox 1044 565 1836 603">
    <p class='ocr_par' dir='ltr' id='par_1_27' title="bbox 1044 565 1836 603">
     <span class='ocr_line' id='line_1_27' title="bbox 1044 565 1836 603; baseline 0 -9"><span class='ocrx_word' id='word_1_171' title='bbox 1044 567 1091 594; x_wconf 82' lang='grc' dir='ltr'>τοῦ</span> <span class='ocrx_word' id='word_1_172' title='bbox 1114 568 1290 603; x_wconf 61' lang='grc' dir='ltr'>ἐνὸςομόνου,</span> <span class='ocrx_word' id='word_1_173' title='bbox 1314 567 1348 594; x_wconf 90' lang='lat' dir='ltr'><strong>ab</strong></span> <span class='ocrx_word' id='word_1_174' title='bbox 1373 566 1469 594; x_wconf 89' lang='lat' dir='ltr'><strong>otiosis</strong></span> <span class='ocrx_word' id='word_1_175' title='bbox 1489 565 1619 593; x_wconf 64' lang='lat' dir='ltr'><strong>Graeculis</strong></span> <span class='ocrx_word' id='word_1_176' title='bbox 1634 566 1739 593; x_wconf 76' lang='lat' dir='ltr'><strong>intexta</strong></span> <span class='ocrx_word' id='word_1_177' title='bbox 1762 572 1836 594; x_wconf 88' lang='lat' dir='ltr'><strong>sunt.</strong></span> 
     </span>
    </p>
   </div>
   <div class='ocr_carea' id='block_1_28' title="bbox 1044 611 1836 646">
    <p class='ocr_par' dir='ltr' id='par_1_28' title="bbox 1044 611 1836 646">
     <span class='ocr_line' id='line_1_28' title="bbox 1044 611 1836 646; baseline -0.005 -4"><span class='ocrx_word' id='word_1_178' title='bbox 1044 614 1099 642; x_wconf 81' lang='lat' dir='ltr'><strong>Nec</strong></span> <span class='ocrx_word' id='word_1_179' title='bbox 1126 614 1247 641; x_wconf 83' lang='lat' dir='ltr'><strong>melioris</strong></span> <span class='ocrx_word' id='word_1_180' title='bbox 1278 618 1349 640; x_wconf 71' lang='lat' dir='ltr'><strong>nota:</strong></span> <span class='ocrx_word' id='word_1_181' title='bbox 1374 616 1457 644; x_wconf 93' lang='lat' dir='ltr'><strong>sunt,</strong></span> <span class='ocrx_word' id='word_1_182' title='bbox 1479 618 1539 646; x_wconf 73' lang='lat' dir='ltr'><strong>qua:</strong></span> <span class='ocrx_word' id='word_1_183' title='bbox 1569 611 1595 638; x_wconf 93' lang='lat' dir='ltr'><strong>in</strong></span> <span class='ocrx_word' id='word_1_184' title='bbox 1615 612 1707 645; x_wconf 80' lang='lat' dir='ltr'><strong>Apost.</strong></span> <span class='ocrx_word' id='word_1_185' title='bbox 1728 613 1836 638; x_wconf 77' lang='lat' dir='ltr'><strong>constit.</strong></span> 
     </span>
    </p>
   </div>
   <div class='ocr_carea' id='block_1_29' title="bbox 1044 658 1837 697">
    <p class='ocr_par' dir='ltr' id='par_1_29' title="bbox 1044 658 1837 697">
     <span class='ocr_line' id='line_1_29' title="bbox 1044 658 1837 697; baseline -0.005 -9"><span class='ocrx_word' id='word_1_186' title='bbox 1044 661 1168 697; x_wconf 77' lang='lat' dir='ltr'><strong>leguntur</strong></span> <span class='ocrx_word' id='word_1_187' title='bbox 1186 661 1232 688; x_wconf 88' lang='lat' dir='ltr'><strong>lib.</strong></span> <span class='ocrx_word' id='word_1_188' title='bbox 1255 668 1307 692; x_wconf 84' lang='lat' dir='ltr'><strong>vn,</strong></span> <span class='ocrx_word' id='word_1_189' title='bbox 1320 667 1380 695; x_wconf 86' lang='lat' dir='ltr'><strong>cap.</strong></span> <span class='ocrx_word' id='word_1_190' title='bbox 1396 659 1448 692; x_wconf 64' lang='lat'><strong>‘24,</strong></span> <span class='ocrx_word' id='word_1_191' title='bbox 1464 659 1509 686; x_wconf 92' lang='lat' dir='ltr'><strong>ubi</strong></span> <span class='ocrx_word' id='word_1_192' title='bbox 1524 658 1558 686; x_wconf 79' lang='grc' dir='ltr'><strong>τὰ</strong></span> <span class='ocrx_word' id='word_1_193' title='bbox 1569 658 1694 685; x_wconf 73' lang='grc' dir='ltr'><strong>Σάϐϐατα</strong></span> <span class='ocrx_word' id='word_1_194' title='bbox 1715 659 1764 685; x_wconf 69' lang='grc' dir='ltr'>καὶ</span> <span class='ocrx_word' id='word_1_195' title='bbox 1787 659 1837 690; x_wconf 75' lang='grc' dir='ltr'><strong>τὰς</strong></span> 
     </span>
    </p>
   </div>
   <div class='ocr_carea' id='block_1_30' title="bbox 1044 705 1838 743">
    <p class='ocr_par' dir='ltr' id='par_1_30' title="bbox 1044 705 1838 743">
     <span class='ocr_line' id='line_1_30' title="bbox 1044 705 1838 743; baseline -0.003 -9"><span class='ocrx_word' id='word_1_196' title='bbox 1044 707 1187 743; x_wconf 79' lang='grc' dir='ltr'><strong>Κυριακὰς</strong></span> <span class='ocrx_word' id='word_1_197' title='bbox 1203 707 1342 742; x_wconf 78' lang='grc' dir='ltr'>ἑορτάζειν</span> <span class='ocrx_word' id='word_1_198' title='bbox 1353 706 1486 741; x_wconf 67' lang='lat' dir='ltr'><strong>praecipit.</strong></span> <span class='ocrx_word' id='word_1_199' title='bbox 1502 705 1579 738; x_wconf 85' lang='lat' dir='ltr'><strong>Quod</strong></span> <span class='ocrx_word' id='word_1_200' title='bbox 1593 706 1628 733; x_wconf 87' lang='lat' dir='ltr'><strong>ab</strong></span> <span class='ocrx_word' id='word_1_201' title='bbox 1642 706 1774 740; x_wconf 86' lang='lat' dir='ltr'><strong>apostolis</strong></span> <span class='ocrx_word' id='word_1_202' title='bbox 1789 706 1838 733; x_wconf 92' lang='lat' dir='ltr'><strong>loti</strong></span> 
     </span>
    </p>
   </div>
   <div class='ocr_carea' id='block_1_31' title="bbox 1045 752 1836 788">
    <p class='ocr_par' dir='ltr' id='par_1_31' title="bbox 1045 752 1836 788">
     <span class='ocr_line' id='line_1_31' title="bbox 1045 752 1836 788; baseline -0.004 -6"><span class='ocrx_word' id='word_1_203' title='bbox 1045 753 1174 782; x_wconf 74' lang='lat' dir='ltr'><strong>Ecclesiae</strong></span> <span class='ocrx_word' id='word_1_204' title='bbox 1188 761 1328 788; x_wconf 85' lang='lat' dir='ltr'><strong>nunquam</strong></span> <span class='ocrx_word' id='word_1_205' title='bbox 1348 760 1409 780; x_wconf 84' lang='lat' dir='ltr'><strong>esse</strong></span> <span class='ocrx_word' id='word_1_206' title='bbox 1424 753 1622 788; x_wconf 66' lang='lat' dir='ltr'><strong>praescriptum,</strong></span> <span class='ocrx_word' id='word_1_207' title='bbox 1643 752 1836 780; x_wconf 89' lang='lat' dir='ltr'><strong>sanctissimo-</strong></span> 
     </span>
    </p>
   </div>
   <div class='ocr_carea' id='block_1_32' title="bbox 1045 797 1836 833">
    <p class='ocr_par' dir='ltr' id='par_1_32' title="bbox 1045 797 1836 833">
     <span class='ocr_line' id='line_1_32' title="bbox 1045 797 1836 833; baseline -0.001 -7"><span class='ocrx_word' id='word_1_208' title='bbox 1045 808 1104 827; x_wconf 91' lang='lat' dir='ltr'><strong>rum</strong></span> <span class='ocrx_word' id='word_1_209' title='bbox 1122 800 1231 827; x_wconf 77' lang='lat' dir='ltr'><strong>Patrum</strong></span> <span class='ocrx_word' id='word_1_210' title='bbox 1257 806 1408 827; x_wconf 86' lang='lat' dir='ltr'><strong>consensus</strong></span> <span class='ocrx_word' id='word_1_211' title='bbox 1423 799 1591 833; x_wconf 79' lang='lat' dir='ltr'><strong>approbavit.</strong></span> <span class='ocrx_word' id='word_1_212' title='bbox 1607 798 1668 825; x_wconf 85' lang='lat' dir='ltr'><strong>Alia</strong></span> <span class='ocrx_word' id='word_1_213' title='bbox 1685 803 1728 825; x_wconf 87' lang='lat' dir='ltr'><strong>est</strong></span> <span class='ocrx_word' id='word_1_214' title='bbox 1740 797 1836 833; x_wconf 72' lang='lat' dir='ltr'><strong>Ignatii</strong></span> 
     </span>
    </p>
   </div>
   <div class='ocr_carea' id='block_1_33' title="bbox 1044 843 1837 880">
    <p class='ocr_par' dir='ltr' id='par_1_33' title="bbox 1044 843 1837 880">
     <span class='ocr_line' id='line_1_33' title="bbox 1044 843 1837 880; baseline -0.003 -8"><span class='ocrx_word' id='word_1_215' title='bbox 1044 846 1126 879; x_wconf 85' lang='lat' dir='ltr'><strong>ratio,</strong></span> <span class='ocrx_word' id='word_1_216' title='bbox 1141 845 1187 880; x_wconf 91' lang='lat' dir='ltr'><strong>qui</strong></span> <span class='ocrx_word' id='word_1_217' title='bbox 1207 846 1239 873; x_wconf 86' lang='lat' dir='ltr'><strong>ad</strong></span> <span class='ocrx_word' id='word_1_218' title='bbox 1256 844 1445 880; x_wconf 87' lang='lat' dir='ltr'><strong>Philippenses</strong></span> <span class='ocrx_word' id='word_1_219' title='bbox 1457 844 1581 872; x_wconf 86' lang='lat' dir='ltr'><strong>scribens</strong></span> <span class='ocrx_word' id='word_1_220' title='bbox 1595 864 1602 877; x_wconf 82' lang='lat'><strong>,</strong></span> <span class='ocrx_word' id='word_1_221' title='bbox 1620 851 1673 870; x_wconf 92' lang='lat' dir='ltr'><strong>non</strong></span> <span class='ocrx_word' id='word_1_222' title='bbox 1689 843 1837 871; x_wconf 78' lang='lat' dir='ltr'><strong>universali</strong></span> 
     </span>
    </p>
   </div>
   <div class='ocr_carea' id='block_1_34' title="bbox 237 880 992 925">
    <p class='ocr_par' dir='ltr' id='par_1_34' title="bbox 237 887 992 925">
     <span class='ocr_line' id='line_1_34' title="bbox 237 887 992 925; baseline -0.004 -8"><span class='ocrx_word' id='word_1_223' title='bbox 237 891 295 918; x_wconf 79' lang='lat' dir='ltr'><strong>Col.</strong></span> <span class='ocrx_word' id='word_1_224' title='bbox 307 891 358 918; x_wconf 78' lang='lat'><strong>888</strong></span> <span class='ocrx_word' id='word_1_225' title='bbox 366 891 398 917; x_wconf 81' lang='grc' dir='ltr'><strong>Λ.</strong></span> <span class='ocrx_word' id='word_1_226' title='bbox 406 891 578 925; x_wconf 69' lang='grc' dir='ltr'><strong>Διχιιμόνης</strong></span> <span class='ocrx_word' id='word_1_227' title='bbox 584 889 638 923; x_wconf 80' lang='grc' dir='ltr'><strong>τῆς</strong></span> <span class='ocrx_word' id='word_1_228' title='bbox 645 888 869 924; x_wconf 80' lang='grc' dir='ltr'><strong>Πεντηκοστῆς.</strong></span> <span class='ocrx_word' id='word_1_229' title='bbox 878 887 944 915; x_wconf 77' lang='lat' dir='ltr'><strong>Vide</strong></span> <span class='ocrx_word' id='word_1_230' title='bbox 951 887 992 915; x_wconf 89' lang='lat' dir='ltr'><strong>Ni-</strong></span> 
     </span>
    </p>
   </div>
   <div class='ocr_carea' id='block_1_35' title="bbox 1044 880 1836 925">
    <p class='ocr_par' dir='ltr' id='par_1_35' title="bbox 1046 889 1836 924">
     <span class='ocr_line' id='line_1_35' title="bbox 1046 889 1836 924; baseline -0.004 -6"><span class='ocrx_word' id='word_1_231' title='bbox 1046 891 1175 919; x_wconf 64' lang='lat' dir='ltr'><strong>Ecclesizn</strong></span> <span class='ocrx_word' id='word_1_232' title='bbox 1193 891 1251 921; x_wconf 89' lang='lat' dir='ltr'><strong>iura</strong></span> <span class='ocrx_word' id='word_1_233' title='bbox 1267 891 1447 922; x_wconf 81' lang='lat' dir='ltr'><strong>constituens,</strong></span> <span class='ocrx_word' id='word_1_234' title='bbox 1458 890 1538 924; x_wconf 83' lang='lat' dir='ltr'><strong>epist.</strong></span> <span class='ocrx_word' id='word_1_235' title='bbox 1554 890 1581 922; x_wconf 73' lang='grc'><strong>4,</strong></span> <span class='ocrx_word' id='word_1_236' title='bbox 1593 889 1645 916; x_wconf 90' lang='lat' dir='ltr'><strong>ista</strong></span> <span class='ocrx_word' id='word_1_237' title='bbox 1663 889 1836 924; x_wconf 87' lang='lat' dir='ltr'><strong>pronuntiat:</strong></span> 
     </span>
    </p>
   </div>
   <div class='ocr_carea' id='block_1_36' title="bbox 204 935 991 969">
    <p class='ocr_par' dir='ltr' id='par_1_36' title="bbox 204 935 991 969">
     <span class='ocr_line' id='line_1_36' title="bbox 204 935 991 969; baseline -0.004 -5"><span class='ocrx_word' id='word_1_238' title='bbox 204 945 308 964; x_wconf 55' lang='lat' dir='ltr'><strong>cunmm</strong></span> <span class='ocrx_word' id='word_1_239' title='bbox 327 944 458 964; x_wconf 78' lang='lat' dir='ltr'><strong>canonem</strong></span> <span class='ocrx_word' id='word_1_240' title='bbox 473 937 534 969; x_wconf 87' lang='lat' dir='ltr'><strong>nlt.,</strong></span> <span class='ocrx_word' id='word_1_241' title='bbox 545 936 708 964; x_wconf 88' lang='lat' dir='ltr'><strong>Cassianum</strong></span> <span class='ocrx_word' id='word_1_242' title='bbox 720 936 809 963; x_wconf 89' lang='lat' dir='ltr'><strong>collat.</strong></span> <span class='ocrx_word' id='word_1_243' title='bbox 821 935 867 966; x_wconf 72' lang='grc'><strong>21,</strong></span> <span class='ocrx_word' id='word_1_244' title='bbox 878 942 937 969; x_wconf 91' lang='lat' dir='ltr'><strong>cap.</strong></span> <span class='ocrx_word' id='word_1_245' title='bbox 949 935 959 961; x_wconf 85' lang='lat' dir='ltr'><strong>I</strong></span> <span class='ocrx_word' id='word_1_246' title='bbox 969 935 991 961; x_wconf 93' lang='lat' dir='ltr'><strong>I.</strong></span> 
     </span>
    </p>
   </div>
   <div class='ocr_carea' id='block_1_37' title="bbox 239 980 993 1016">
    <p class='ocr_par' dir='ltr' id='par_1_37' title="bbox 239 980 993 1016">
     <span class='ocr_line' id='line_1_37' title="bbox 239 980 993 1016; baseline -0.001 -8"><span class='ocrx_word' id='word_1_247' title='bbox 239 983 306 1010; x_wconf 90' lang='lat' dir='ltr'><strong>Ibid.</strong></span> <span class='ocrx_word' id='word_1_248' title='bbox 316 982 345 1009; x_wconf 81' lang='grc' dir='ltr'><strong>Β.</strong></span> <span class='ocrx_word' id='word_1_249' title='bbox 357 983 429 1009; x_wconf 79' lang='grc' dir='ltr'><strong>Οὔτε</strong></span> <span class='ocrx_word' id='word_1_250' title='bbox 436 983 464 1008; x_wconf 66' lang='grc' dir='ltr'><strong>ἐι</strong></span> <span class='ocrx_word' id='word_1_251' title='bbox 478 982 515 1016; x_wconf 78' lang='grc' dir='ltr'><strong>τῇ</strong></span> <span class='ocrx_word' id='word_1_252' title='bbox 527 982 621 1016; x_wconf 75' lang='grc' dir='ltr'><em>ἡμέρᾳ</em></span> <span class='ocrx_word' id='word_1_253' title='bbox 630 982 689 1008; x_wconf 81' lang='grc' dir='ltr'>τῶν</span> <span class='ocrx_word' id='word_1_254' title='bbox 701 981 893 1016; x_wconf 65' lang='grc' dir='ltr'><strong>Ἐπιφανίων.</strong></span> <span class='ocrx_word' id='word_1_255' title='bbox 903 980 993 1007; x_wconf 80' lang='lat' dir='ltr'><strong>Multis</strong></span> 
     </span>
    </p>
   </div>
   <div class='ocr_carea' id='block_1_38' title="bbox 204 1026 993 1064">
    <p class='ocr_par' dir='ltr' id='par_1_38' title="bbox 204 1026 993 1064">
     <span class='ocr_line' id='line_1_38' title="bbox 204 1026 993 1064; baseline -0.004 -8"><span class='ocrx_word' id='word_1_256' title='bbox 204 1029 286 1064; x_wconf 74' lang='lat' dir='ltr'><strong>igitur</strong></span> <span class='ocrx_word' id='word_1_257' title='bbox 302 1029 388 1057; x_wconf 87' lang='lat' dir='ltr'><strong>modis</strong></span> <span class='ocrx_word' id='word_1_258' title='bbox 398 1029 557 1056; x_wconf 83' lang='lat' dir='ltr'><strong>admirabile</strong></span> <span class='ocrx_word' id='word_1_259' title='bbox 571 1033 612 1056; x_wconf 90' lang='lat' dir='ltr'><strong>cst</strong></span> <span class='ocrx_word' id='word_1_260' title='bbox 623 1029 760 1056; x_wconf 82' lang='lat' dir='ltr'><strong>decretum</strong></span> <span class='ocrx_word' id='word_1_261' title='bbox 773 1028 836 1054; x_wconf 91' lang='lat' dir='ltr'><strong>illud</strong></span> <span class='ocrx_word' id='word_1_262' title='bbox 850 1026 993 1062; x_wconf 84' lang='lat' dir='ltr'><strong>Theophili</strong></span> 
     </span>
    </p>
   </div>
   <div class='ocr_carea' id='block_1_39' title="bbox 204 1074 993 1110">
    <p class='ocr_par' dir='ltr' id='par_1_39' title="bbox 204 1074 993 1110">
     <span class='ocr_line' id='line_1_39' title="bbox 204 1074 993 1110; baseline -0.003 -8"><span class='ocrx_word' id='word_1_263' title='bbox 204 1075 381 1103; x_wconf 74' lang='lat' dir='ltr'><strong>Alexandrini</strong></span> <span class='ocrx_word' id='word_1_264' title='bbox 411 1075 552 1110; x_wconf 86' lang='lat' dir='ltr'><strong>episcopi,</strong></span> <span class='ocrx_word' id='word_1_265' title='bbox 586 1075 659 1110; x_wconf 91' lang='lat' dir='ltr'><strong>quod</strong></span> <span class='ocrx_word' id='word_1_266' title='bbox 698 1075 769 1109; x_wconf 87' lang='lat' dir='ltr'><strong>apud</strong></span> <span class='ocrx_word' id='word_1_267' title='bbox 802 1074 993 1102; x_wconf 78' lang='lat' dir='ltr'><strong>Balsamonem</strong></span> 
     </span>
    </p>
   </div>
   <div class='ocr_carea' id='block_1_40' title="bbox 203 1121 994 1158">
    <p class='ocr_par' dir='ltr' id='par_1_40' title="bbox 203 1121 994 1158">
     <span class='ocr_line' id='line_1_40' title="bbox 203 1121 994 1158; baseline -0.004 -9"><span class='ocrx_word' id='word_1_268' title='bbox 203 1127 292 1149; x_wconf 68' lang='lat' dir='ltr'><strong>exstat</strong></span> <span class='ocrx_word' id='word_1_269' title='bbox 316 1130 376 1157; x_wconf 80' lang='lat' dir='ltr'><strong>pag.</strong></span> <span class='ocrx_word' id='word_1_270' title='bbox 394 1121 478 1154; x_wconf 85' lang='grc'><strong>1067,</strong></span> <span class='ocrx_word' id='word_1_271' title='bbox 503 1121 531 1158; x_wconf 80' lang='lat' dir='ltr'><strong>in</strong></span> <span class='ocrx_word' id='word_1_272' title='bbox 557 1129 612 1157; x_wconf 90' lang='lat' dir='ltr'><strong>quo</strong></span> <span class='ocrx_word' id='word_1_273' title='bbox 628 1126 654 1148; x_wconf 88' lang='lat' dir='ltr'><strong>et</strong></span> <span class='ocrx_word' id='word_1_274' title='bbox 667 1121 843 1155; x_wconf 86' lang='lat' dir='ltr'><strong>Theophania</strong></span> <span class='ocrx_word' id='word_1_275' title='bbox 863 1121 994 1156; x_wconf 83' lang='grc' dir='ltr'>νήστιμον</span> 
     </span>
    </p>
   </div>
   <div class='ocr_carea' id='block_1_41' title="bbox 203 1165 994 1202">
    <p class='ocr_par' dir='ltr' id='par_1_41' title="bbox 203 1165 994 1202">
     <span class='ocr_line' id='line_1_41' title="bbox 203 1165 994 1202; baseline -0.001 -9"><span class='ocrx_word' id='word_1_276' title='bbox 203 1167 309 1202; x_wconf 78' lang='grc' dir='ltr'>ἡμέραν</span> <span class='ocrx_word' id='word_1_277' title='bbox 325 1175 384 1195; x_wconf 84' lang='lat' dir='ltr'><strong>esse</strong></span> <span class='ocrx_word' id='word_1_278' title='bbox 399 1167 483 1194; x_wconf 88' lang='lat' dir='ltr'><strong>dicit:</strong></span> <span class='ocrx_word' id='word_1_279' title='bbox 498 1172 535 1200; x_wconf 83' lang='lat' dir='ltr'><strong>et,</strong></span> <span class='ocrx_word' id='word_1_280' title='bbox 551 1168 680 1202; x_wconf 87' lang='lat' dir='ltr'><strong>quoniam</strong></span> <span class='ocrx_word' id='word_1_281' title='bbox 706 1167 751 1194; x_wconf 92' lang='lat' dir='ltr'><strong>illo</strong></span> <span class='ocrx_word' id='word_1_282' title='bbox 766 1174 838 1194; x_wconf 88' lang='lat' dir='ltr'><strong>anno</strong></span> <span class='ocrx_word' id='word_1_283' title='bbox 859 1166 884 1193; x_wconf 94' lang='lat' dir='ltr'><strong>in</strong></span> <span class='ocrx_word' id='word_1_284' title='bbox 901 1165 994 1193; x_wconf 85' lang='lat' dir='ltr'><strong>Domi-</strong></span> 
     </span>
    </p>
   </div>
   <div class='ocr_carea' id='block_1_42' title="bbox 203 1211 993 1248">
    <p class='ocr_par' dir='ltr' id='par_1_42' title="bbox 203 1211 993 1248">
     <span class='ocr_line' id='line_1_42' title="bbox 203 1211 993 1248; baseline -0.001 -9"><span class='ocrx_word' id='word_1_285' title='bbox 203 1213 292 1239; x_wconf 83' lang='lat' dir='ltr'><strong>nicam</strong></span> <span class='ocrx_word' id='word_1_286' title='bbox 310 1213 452 1244; x_wconf 79' lang='lat' dir='ltr'><strong>inciderat,</strong></span> <span class='ocrx_word' id='word_1_287' title='bbox 479 1213 574 1248; x_wconf 86' lang='lat' dir='ltr'><strong>paucis</strong></span> <span class='ocrx_word' id='word_1_288' title='bbox 590 1213 778 1240; x_wconf 65' lang='lat' dir='ltr'><strong>tantummodo</strong></span> <span class='ocrx_word' id='word_1_289' title='bbox 793 1212 907 1247; x_wconf 87' lang='lat' dir='ltr'><strong>dactylis</strong></span> <span class='ocrx_word' id='word_1_290' title='bbox 921 1211 993 1239; x_wconf 80' lang='lat' dir='ltr'><strong>vesci</strong></span> 
     </span>
    </p>
   </div>
   <div class='ocr_carea' id='block_1_43' title="bbox 201 1257 994 1294">
    <p class='ocr_par' dir='ltr' id='par_1_43' title="bbox 201 1257 994 1294">
     <span class='ocr_line' id='line_1_43' title="bbox 201 1257 994 1294; baseline -0.003 -8"><span class='ocrx_word' id='word_1_291' title='bbox 201 1259 295 1294; x_wconf 88' lang='lat' dir='ltr'><strong>jubet,</strong></span> <span class='ocrx_word' id='word_1_292' title='bbox 311 1266 366 1293; x_wconf 89' lang='lat' dir='ltr'><strong>quo</strong></span> <span class='ocrx_word' id='word_1_293' title='bbox 393 1259 580 1286; x_wconf 60' lang='lat' dir='ltr'><strong>tib-haereticis</strong></span> <span class='ocrx_word' id='word_1_294' title='bbox 595 1259 734 1294; x_wconf 86' lang='lat' dir='ltr'><strong>scjunctos</strong></span> <span class='ocrx_word' id='word_1_295' title='bbox 757 1266 786 1285; x_wconf 88' lang='lat' dir='ltr'><strong>se</strong></span> <span class='ocrx_word' id='word_1_296' title='bbox 808 1266 868 1285; x_wconf 88' lang='lat' dir='ltr'><strong>esse</strong></span> <span class='ocrx_word' id='word_1_297' title='bbox 883 1257 994 1292; x_wconf 86' lang='lat' dir='ltr'><strong>proﬁte-</strong></span> 
     </span>
    </p>
   </div>
   <div class='ocr_carea' id='block_1_44' title="bbox 204 1303 993 1339">
    <p class='ocr_par' dir='ltr' id='par_1_44' title="bbox 204 1303 993 1339">
     <span class='ocr_line' id='line_1_44' title="bbox 204 1303 993 1339; baseline -0.001 -8"><span class='ocrx_word' id='word_1_298' title='bbox 204 1309 310 1338; x_wconf 82' lang='lat' dir='ltr'><strong>rentur,</strong></span> <span class='ocrx_word' id='word_1_299' title='bbox 326 1304 372 1339; x_wconf 88' lang='lat' dir='ltr'><strong>qui</strong></span> <span class='ocrx_word' id='word_1_300' title='bbox 388 1303 535 1331; x_wconf 71' lang='lat' dir='ltr'><strong>I)ominie;e</strong></span> <span class='ocrx_word' id='word_1_301' title='bbox 552 1304 762 1331; x_wconf 85' lang='lat' dir='ltr'><strong>resurrectionis</strong></span> <span class='ocrx_word' id='word_1_302' title='bbox 785 1304 856 1330; x_wconf 88' lang='lat' dir='ltr'><strong>diem</strong></span> <span class='ocrx_word' id='word_1_303' title='bbox 875 1311 929 1330; x_wconf 91' lang='lat' dir='ltr'><strong>non</strong></span> <span class='ocrx_word' id='word_1_304' title='bbox 945 1311 993 1330; x_wconf 93' lang='lat' dir='ltr'><strong>co-</strong></span> 
     </span>
    </p>
   </div>
   <div class='ocr_carea' id='block_1_45' title="bbox 204 1349 992 1385">
    <p class='ocr_par' dir='ltr' id='par_1_45' title="bbox 204 1349 992 1385">
     <span class='ocr_line' id='line_1_45' title="bbox 204 1349 992 1385; baseline -0.001 -8"><span class='ocrx_word' id='word_1_305' title='bbox 204 1351 306 1381; x_wconf 72' lang='lat' dir='ltr'><strong>lerent,</strong></span> <span class='ocrx_word' id='word_1_306' title='bbox 336 1356 363 1378; x_wconf 89' lang='lat' dir='ltr'><strong>et</strong></span> <span class='ocrx_word' id='word_1_307' title='bbox 392 1350 444 1377; x_wconf 91' lang='lat' dir='ltr'><strong>hoc</strong></span> <span class='ocrx_word' id='word_1_308' title='bbox 472 1351 541 1384; x_wconf 86' lang='lat' dir='ltr'><strong>ipso,</strong></span> <span class='ocrx_word' id='word_1_309' title='bbox 569 1350 642 1384; x_wconf 89' lang='lat' dir='ltr'><strong>quod</strong></span> <span class='ocrx_word' id='word_1_310' title='bbox 673 1350 852 1384; x_wconf 75' lang='lat' dir='ltr'><strong>vespertinam</strong></span> <span class='ocrx_word' id='word_1_311' title='bbox 879 1349 992 1385; x_wconf 80' lang='lat' dir='ltr'><strong>synaxin</strong></span> 
     </span>
    </p>
   </div>
   <div class='ocr_carea' id='block_1_46' title="bbox 203 1395 994 1431">
    <p class='ocr_par' dir='ltr' id='par_1_46' title="bbox 203 1395 994 1431">
     <span class='ocr_line' id='line_1_46' title="bbox 203 1395 994 1431; baseline -0.001 -8"><span class='ocrx_word' id='word_1_312' title='bbox 203 1396 437 1431; x_wconf 64' lang='lat' dir='ltr'><strong>praestolarentur,</strong></span> <span class='ocrx_word' id='word_1_313' title='bbox 461 1396 556 1431; x_wconf 80' lang='lat' dir='ltr'><strong>jcjuuii</strong></span> <span class='ocrx_word' id='word_1_314' title='bbox 588 1396 712 1431; x_wconf 76' lang='lat' dir='ltr'><strong>religioni</strong></span> <span class='ocrx_word' id='word_1_315' title='bbox 742 1395 944 1428; x_wconf 79' lang='lat' dir='ltr'><strong>satisfacerent;</strong></span> <span class='ocrx_word' id='word_1_316' title='bbox 962 1402 994 1422; x_wconf 89' lang='lat' dir='ltr'><strong>ac</strong></span> 
     </span>
    </p>
   </div>
   <div class='ocr_carea' id='block_1_47' title="bbox 204 1441 994 1479">
    <p class='ocr_par' dir='ltr' id='par_1_47' title="bbox 204 1441 994 1479">
     <span class='ocr_line' id='line_1_47' title="bbox 204 1441 994 1479; baseline -0.001 -11"><span class='ocrx_word' id='word_1_317' title='bbox 204 1447 341 1476; x_wconf 86' lang='lat' dir='ltr'><strong>postremo</strong></span> <span class='ocrx_word' id='word_1_318' title='bbox 359 1450 477 1479; x_wconf 72' lang='lat' dir='ltr'><strong>synaxes</strong></span> <span class='ocrx_word' id='word_1_319' title='bbox 497 1441 531 1468; x_wconf 85' lang='lat' dir='ltr'><strong>ab</strong></span> <span class='ocrx_word' id='word_1_320' title='bbox 547 1441 613 1468; x_wconf 88' lang='lat' dir='ltr'><strong>hora</strong></span> <span class='ocrx_word' id='word_1_321' title='bbox 640 1449 711 1468; x_wconf 88' lang='lat' dir='ltr'><strong>nona</strong></span> <span class='ocrx_word' id='word_1_322' title='bbox 725 1441 900 1468; x_wconf 81' lang='lat' dir='ltr'><strong>celebrandas</strong></span> <span class='ocrx_word' id='word_1_323' title='bbox 924 1441 994 1468; x_wconf 88' lang='lat' dir='ltr'><strong>indi-</strong></span> 
     </span>
    </p>
   </div>
   <div class='ocr_carea' id='block_1_48' title="bbox 206 1486 994 1521">
    <p class='ocr_par' dir='ltr' id='par_1_48' title="bbox 206 1486 994 1521">
     <span class='ocr_line' id='line_1_48' title="bbox 206 1486 994 1521; baseline 0 -8"><span class='ocrx_word' id='word_1_324' title='bbox 206 1487 252 1514; x_wconf 86' lang='lat' dir='ltr'><strong>cit.</strong></span> <span class='ocrx_word' id='word_1_325' title='bbox 283 1486 364 1521; x_wconf 84' lang='lat' dir='ltr'><strong>Atqui</strong></span> <span class='ocrx_word' id='word_1_326' title='bbox 394 1486 543 1514; x_wconf 83' lang='lat' dir='ltr'><strong>Dominicis</strong></span> <span class='ocrx_word' id='word_1_327' title='bbox 575 1486 671 1514; x_wconf 81' lang='lat' dir='ltr'><strong>diehus</strong></span> <span class='ocrx_word' id='word_1_328' title='bbox 706 1494 822 1521; x_wconf 84' lang='lat' dir='ltr'><strong>synaxes</strong></span> <span class='ocrx_word' id='word_1_329' title='bbox 853 1486 994 1513; x_wconf 69' lang='lat' dir='ltr'><strong>matutina:</strong></span> 
     </span>
    </p>
   </div>
   <div class='ocr_carea' id='block_1_49' title="bbox 206 1532 1030 1578">
    <p class='ocr_par' dir='ltr' id='par_1_49' title="bbox 206 1532 1030 1578">
     <span class='ocr_line' id='line_1_49' title="bbox 206 1532 1030 1578; baseline -0.001 -19"><span class='ocrx_word' id='word_1_330' title='bbox 206 1540 301 1559; x_wconf 90' lang='lat' dir='ltr'><strong>omnes</strong></span> <span class='ocrx_word' id='word_1_331' title='bbox 315 1537 408 1566; x_wconf 83' lang='lat' dir='ltr'><strong>erant;</strong></span> <span class='ocrx_word' id='word_1_332' title='bbox 420 1538 447 1560; x_wconf 89' lang='lat' dir='ltr'><strong>et</strong></span> <span class='ocrx_word' id='word_1_333' title='bbox 461 1532 533 1566; x_wconf 87' lang='lat' dir='ltr'><strong>quod</strong></span> <span class='ocrx_word' id='word_1_334' title='bbox 545 1540 646 1567; x_wconf 89' lang='lat' dir='ltr'><strong>paucos</strong></span> <span class='ocrx_word' id='word_1_335' title='bbox 655 1532 775 1568; x_wconf 80' lang='lat' dir='ltr'><strong>dactylos</strong></span> <span class='ocrx_word' id='word_1_336' title='bbox 790 1532 845 1573; x_wconf 86' lang='lat' dir='ltr'><strong>sub_</strong></span> <span class='ocrx_word' id='word_1_337' title='bbox 852 1539 992 1567; x_wconf 87' lang='lat' dir='ltr'><strong>vesperam</strong></span> <span class='ocrx_word' id='word_1_338' title='bbox 1008 1549 1030 1578; x_wconf 65' lang='grc' dir='ltr'>ο</span> 
     </span>
    </p>
   </div>
   <div class='ocr_carea' id='block_1_50' title="bbox 204 1577 993 1613">
    <p class='ocr_par' dir='ltr' id='par_1_50' title="bbox 204 1577 993 1613">
     <span class='ocr_line' id='line_1_50' title="bbox 204 1577 993 1613; baseline 0 -9"><span class='ocrx_word' id='word_1_339' title='bbox 204 1578 398 1610; x_wconf 85' lang='lat' dir='ltr'><strong>comederent,</strong></span> <span class='ocrx_word' id='word_1_340' title='bbox 419 1578 488 1605; x_wconf 85' lang='lat' dir='ltr'><strong>nihil</strong></span> <span class='ocrx_word' id='word_1_341' title='bbox 513 1579 657 1610; x_wconf 85' lang='lat' dir='ltr'><strong>obstabat,</strong></span> <span class='ocrx_word' id='word_1_342' title='bbox 686 1577 831 1612; x_wconf 88' lang='lat' dir='ltr'><strong>quominus</strong></span> <span class='ocrx_word' id='word_1_343' title='bbox 859 1578 993 1613; x_wconf 88' lang='lat' dir='ltr'><strong>jejunium</strong></span> 
     </span>
    </p>
   </div>
   <div class='ocr_carea' id='block_1_51' title="bbox 203 1624 994 1659">
    <p class='ocr_par' dir='ltr' id='par_1_51' title="bbox 203 1624 994 1659">
     <span class='ocr_line' id='line_1_51' title="bbox 203 1624 994 1659; baseline 0.001 -8"><span class='ocrx_word' id='word_1_344' title='bbox 203 1629 277 1651; x_wconf 77' lang='lat' dir='ltr'><strong>esset</strong></span> <span class='ocrx_word' id='word_1_345' title='bbox 294 1624 444 1658; x_wconf 83' lang='lat' dir='ltr'><strong>ejusmodi,</strong></span> <span class='ocrx_word' id='word_1_346' title='bbox 461 1625 542 1659; x_wconf 86' lang='lat' dir='ltr'><strong>quale</strong></span> <span class='ocrx_word' id='word_1_347' title='bbox 568 1624 717 1652; x_wconf 71' lang='lat' dir='ltr'><strong>Dominicis</strong></span> <span class='ocrx_word' id='word_1_348' title='bbox 744 1624 840 1651; x_wconf 81' lang='lat' dir='ltr'><strong>diebus</strong></span> <span class='ocrx_word' id='word_1_349' title='bbox 866 1624 994 1652; x_wconf 87' lang='lat' dir='ltr'><strong>omnibus</strong></span> 
     </span>
    </p>
   </div>
   <div class='ocr_carea' id='block_1_52' title="bbox 205 1667 992 1704">
    <p class='ocr_par' dir='ltr' id='par_1_52' title="bbox 205 1667 992 1704">
     <span class='ocr_line' id='line_1_52' title="bbox 205 1667 992 1704; baseline 0.004 -11"><span class='ocrx_word' id='word_1_350' title='bbox 205 1667 378 1694; x_wconf 86' lang='lat' dir='ltr'><strong>interdictum</strong></span> <span class='ocrx_word' id='word_1_351' title='bbox 398 1667 482 1696; x_wconf 81' lang='lat' dir='ltr'><strong>fuisse</strong></span> <span class='ocrx_word' id='word_1_352' title='bbox 496 1676 558 1695; x_wconf 88' lang='lat' dir='ltr'><strong>cum</strong></span> <span class='ocrx_word' id='word_1_353' title='bbox 581 1668 751 1704; x_wconf 85' lang='lat' dir='ltr'><strong>Epiphanius</strong></span> <span class='ocrx_word' id='word_1_354' title='bbox 772 1669 823 1696; x_wconf 89' lang='lat' dir='ltr'><strong>hoc</strong></span> <span class='ocrx_word' id='word_1_355' title='bbox 840 1669 917 1700; x_wconf 92' lang='lat' dir='ltr'><strong>loco,</strong></span> <span class='ocrx_word' id='word_1_356' title='bbox 936 1674 992 1696; x_wconf 91' lang='lat' dir='ltr'><strong>tum</strong></span> 
     </span>
    </p>
   </div>
   <div class='ocr_carea' id='block_1_53' title="bbox 204 1713 1025 1743">
    <p class='ocr_par' dir='ltr' id='par_1_53' title="bbox 204 1713 1025 1743">
     <span class='ocr_line' id='line_1_53' title="bbox 204 1713 1025 1743; baseline 0.005 -4"><span class='ocrx_word' id='word_1_357' title='bbox 204 1713 249 1740; x_wconf 88' lang='lat' dir='ltr'><strong>alii</strong></span> <span class='ocrx_word' id='word_1_358' title='bbox 278 1718 383 1741; x_wconf 76' lang='lat' dir='ltr'><strong>veteres</strong></span> <span class='ocrx_word' id='word_1_359' title='bbox 408 1722 503 1742; x_wconf 84' lang='lat' dir='ltr'><strong>omnes</strong></span> <span class='ocrx_word' id='word_1_360' title='bbox 528 1714 671 1742; x_wconf 81' lang='lat' dir='ltr'><strong>aﬂirmant.</strong></span> <span class='ocrx_word' id='word_1_361' title='bbox 698 1715 830 1742; x_wconf 75' lang='lat' dir='ltr'><strong>Caeterum</strong></span> <span class='ocrx_word' id='word_1_362' title='bbox 853 1715 924 1743; x_wconf 92' lang='lat' dir='ltr'><strong>idem</strong></span> <span class='ocrx_word' id='word_1_363' title='bbox 949 1716 994 1743; x_wconf 86' lang='lat' dir='ltr'><strong>ille</strong></span> <span class='ocrx_word' id='word_1_364' title='bbox 1015 1727 1025 1736; x_wconf 66' lang='grc' dir='ltr'>ι</span> 
     </span>
    </p>
   </div>
   <div class='ocr_carea' id='block_1_54' title="bbox 205 1759 992 1796">
    <p class='ocr_par' dir='ltr' id='par_1_54' title="bbox 205 1759 992 1796">
     <span class='ocr_line' id='line_1_54' title="bbox 205 1759 992 1796; baseline 0.005 -11"><span class='ocrx_word' id='word_1_365' title='bbox 205 1759 347 1794; x_wconf 78' lang='lat' dir='ltr'><strong>Theophili</strong></span> <span class='ocrx_word' id='word_1_366' title='bbox 363 1761 440 1787; x_wconf 91' lang='lat' dir='ltr'><strong>locus</strong></span> <span class='ocrx_word' id='word_1_367' title='bbox 463 1761 589 1788; x_wconf 89' lang='lat' dir='ltr'><strong>admonet</strong></span> <span class='ocrx_word' id='word_1_368' title='bbox 605 1771 611 1788; x_wconf 92' lang='lat'>:</span> <span class='ocrx_word' id='word_1_369' title='bbox 627 1761 648 1788; x_wconf 92' lang='lat' dir='ltr'><strong>si</strong></span> <span class='ocrx_word' id='word_1_370' title='bbox 671 1759 845 1796; x_wconf 87' lang='lat' dir='ltr'><strong>Theophania</strong></span> <span class='ocrx_word' id='word_1_371' title='bbox 861 1762 944 1789; x_wconf 85' lang='lat' dir='ltr'><strong>alium</strong></span> <span class='ocrx_word' id='word_1_372' title='bbox 966 1762 992 1789; x_wconf 92' lang='lat' dir='ltr'><strong>in</strong></span> 
     </span>
    </p>
   </div>
   <div class='ocr_carea' id='block_1_55' title="bbox 204 1798 992 1843">
    <p class='ocr_par' dir='ltr' id='par_1_55' title="bbox 204 1798 992 1843">
     <span class='ocr_line' id='line_1_55' title="bbox 204 1798 992 1843; baseline 0.005 -12"><span class='ocrx_word' id='word_1_373' title='bbox 204 1798 384 1840; x_wconf 66' lang='lat' dir='ltr'><strong>diem,&#39;quam</strong></span> <span class='ocrx_word' id='word_1_374' title='bbox 402 1805 585 1838; x_wconf 70' lang='lat' dir='ltr'><strong>Donninieum,</strong></span> <span class='ocrx_word' id='word_1_375' title='bbox 605 1807 794 1838; x_wconf 81' lang='lat' dir='ltr'><strong>incurrissent,</strong></span> <span class='ocrx_word' id='word_1_376' title='bbox 810 1808 992 1843; x_wconf 72' lang='lat' dir='ltr'><strong>xcrophagiis,</strong></span> 
     </span>
    </p>
   </div>
   <div class='ocr_carea' id='block_1_56' title="bbox 205 1851 991 1888">
    <p class='ocr_par' dir='ltr' id='par_1_56' title="bbox 205 1851 991 1888">
     <span class='ocr_line' id='line_1_56' title="bbox 205 1851 991 1888; baseline 0.005 -11"><span class='ocrx_word' id='word_1_377' title='bbox 205 1851 256 1878; x_wconf 90' lang='lat' dir='ltr'><strong>hoc</strong></span> <span class='ocrx_word' id='word_1_378' title='bbox 271 1855 312 1878; x_wconf 87' lang='lat' dir='ltr'><strong>est</strong></span> <span class='ocrx_word' id='word_1_379' title='bbox 327 1859 407 1886; x_wconf 85' lang='lat' dir='ltr'><strong>pane,</strong></span> <span class='ocrx_word' id='word_1_380' title='bbox 424 1860 486 1878; x_wconf 73' lang='lat' dir='ltr'><strong>cum</strong></span> <span class='ocrx_word' id='word_1_381' title='bbox 503 1852 558 1879; x_wconf 87' lang='lat' dir='ltr'><strong>sale</strong></span> <span class='ocrx_word' id='word_1_382' title='bbox 572 1857 598 1879; x_wconf 91' lang='lat' dir='ltr'><strong>et</strong></span> <span class='ocrx_word' id='word_1_383' title='bbox 608 1859 689 1887; x_wconf 88' lang='lat' dir='ltr'><strong>aqua.</strong></span> <span class='ocrx_word' id='word_1_384' title='bbox 707 1853 882 1888; x_wconf 79' lang='lat' dir='ltr'><strong>transigenda</strong></span> <span class='ocrx_word' id='word_1_385' title='bbox 899 1853 991 1882; x_wconf 78' lang='lat' dir='ltr'><strong>fuisse.</strong></span> 
     </span>
    </p>
   </div>
   <div class='ocr_carea' id='block_1_57' title="bbox 204 1896 990 1934">
    <p class='ocr_par' dir='ltr' id='par_1_57' title="bbox 204 1896 990 1934">
     <span class='ocr_line' id='line_1_57' title="bbox 204 1896 990 1934; baseline 0.006 -12"><span class='ocrx_word' id='word_1_386' title='bbox 204 1896 284 1924; x_wconf 84' lang='lat' dir='ltr'><strong>Nunc</strong></span> <span class='ocrx_word' id='word_1_387' title='bbox 301 1898 336 1923; x_wconf 91' lang='lat' dir='ltr'><strong>oh</strong></span> <span class='ocrx_word' id='word_1_388' title='bbox 351 1897 404 1924; x_wconf 89' lang='lat' dir='ltr'><strong>diei</strong></span> <span class='ocrx_word' id='word_1_389' title='bbox 420 1897 579 1932; x_wconf 85' lang='lat' dir='ltr'><strong>religionem</strong></span> <span class='ocrx_word' id='word_1_390' title='bbox 598 1905 700 1932; x_wconf 89' lang='lat' dir='ltr'><strong>paucos</strong></span> <span class='ocrx_word' id='word_1_391' title='bbox 714 1898 834 1934; x_wconf 88' lang='lat' dir='ltr'><strong>dactylos</strong></span> <span class='ocrx_word' id='word_1_392' title='bbox 846 1900 990 1927; x_wconf 88' lang='lat' dir='ltr'><strong>remissos:</strong></span> 
     </span>
    </p>
   </div>
   <div class='ocr_carea' id='block_1_58' title="bbox 204 1942 992 1981">
    <p class='ocr_par' dir='ltr' id='par_1_58' title="bbox 204 1942 992 1981">
     <span class='ocr_line' id='line_1_58' title="bbox 204 1942 992 1981; baseline 0.008 -14"><span class='ocrx_word' id='word_1_393' title='bbox 204 1949 274 1975; x_wconf 86' lang='lat' dir='ltr'><strong>quos</strong></span> <span class='ocrx_word' id='word_1_394' title='bbox 287 1946 387 1973; x_wconf 84' lang='lat' dir='ltr'><strong>tamen,</strong></span> <span class='ocrx_word' id='word_1_395' title='bbox 404 1947 433 1968; x_wconf 93' lang='lat' dir='ltr'><strong>ut</strong></span> <span class='ocrx_word' id='word_1_396' title='bbox 447 1942 543 1976; x_wconf 88' lang='lat' dir='ltr'><strong>jejunii</strong></span> <span class='ocrx_word' id='word_1_397' title='bbox 557 1943 627 1970; x_wconf 81' lang='lat' dir='ltr'><strong>ratio</strong></span> <span class='ocrx_word' id='word_1_398' title='bbox 643 1943 797 1976; x_wconf 86' lang='lat' dir='ltr'><strong>haberetur,</strong></span> <span class='ocrx_word' id='word_1_399' title='bbox 810 1949 872 1972; x_wconf 86' lang='lat' dir='ltr'><strong>ante</strong></span> <span class='ocrx_word' id='word_1_400' title='bbox 885 1953 992 1981; x_wconf 80' lang='lat' dir='ltr'><strong>vesper-</strong></span> 
     </span>
    </p>
   </div>
   <div class='ocr_carea' id='block_1_59' title="bbox 207 1985 692 2021">
    <p class='ocr_par' dir='ltr' id='par_1_59' title="bbox 207 1985 692 2021">
     <span class='ocr_line' id='line_1_59' title="bbox 207 1985 692 2021; baseline 0.006 -9"><span class='ocrx_word' id='word_1_401' title='bbox 207 1985 289 2012; x_wconf 86' lang='lat' dir='ltr'><strong>tinam</strong></span> <span class='ocrx_word' id='word_1_402' title='bbox 306 1987 421 2021; x_wconf 80' lang='lat' dir='ltr'><strong>synaxin</strong></span> <span class='ocrx_word' id='word_1_403' title='bbox 441 1987 584 2021; x_wconf 82' lang='lat' dir='ltr'><strong>degustare</strong></span> <span class='ocrx_word' id='word_1_404' title='bbox 598 1988 692 2015; x_wconf 80' lang='lat' dir='ltr'><strong>vetuit.</strong></span> 
     </span>
    </p>
   </div>
   <div class='ocr_carea' id='block_1_60' title="bbox 241 2031 990 2068">
    <p class='ocr_par' dir='ltr' id='par_1_60' title="bbox 241 2031 990 2068">
     <span class='ocr_line' id='line_1_60' title="bbox 241 2031 990 2068; baseline 0.009 -11"><span class='ocrx_word' id='word_1_405' title='bbox 241 2031 307 2058; x_wconf 89' lang='lat' dir='ltr'><strong>Ibid.</strong></span> <span class='ocrx_word' id='word_1_406' title='bbox 334 2032 387 2064; x_wconf 78' lang='grc' dir='ltr'><strong>Τὰς</strong></span> <span class='ocrx_word' id='word_1_407' title='bbox 406 2031 442 2058; x_wconf 83' lang='grc' dir='ltr'><strong>δὲ</strong></span> <span class='ocrx_word' id='word_1_408' title='bbox 460 2032 609 2067; x_wconf 76' lang='grc' dir='ltr'><strong>Κυριακὰς</strong></span> <span class='ocrx_word' id='word_1_409' title='bbox 632 2034 763 2068; x_wconf 74' lang='grc' dir='ltr'><strong>ἁπάσας.</strong></span> <span class='ocrx_word' id='word_1_410' title='bbox 779 2034 817 2062; x_wconf 91' lang='lat' dir='ltr'><strong>De</strong></span> <span class='ocrx_word' id='word_1_411' title='bbox 844 2036 990 2064; x_wconf 83' lang='lat' dir='ltr'><strong>Dominicis</strong></span> 
     </span>
    </p>
   </div>
   <div class='ocr_carea' id='block_1_61' title="bbox 205 2078 992 2116">
    <p class='ocr_par' dir='ltr' id='par_1_61' title="bbox 205 2078 992 2116">
     <span class='ocr_line' id='line_1_61' title="bbox 205 2078 992 2116; baseline 0.008 -12"><span class='ocrx_word' id='word_1_412' title='bbox 205 2078 281 2110; x_wconf 87' lang='lat' dir='ltr'><strong>solis,</strong></span> <span class='ocrx_word' id='word_1_413' title='bbox 297 2085 349 2105; x_wconf 88' lang='lat' dir='ltr'><strong>non</strong></span> <span class='ocrx_word' id='word_1_414' title='bbox 365 2079 428 2105; x_wconf 86' lang='lat' dir='ltr'><strong>item</strong></span> <span class='ocrx_word' id='word_1_415' title='bbox 442 2078 578 2113; x_wconf 83' lang='lat' dir='ltr'><strong>Sabbatis,</strong></span> <span class='ocrx_word' id='word_1_416' title='bbox 596 2080 742 2114; x_wconf 89' lang='lat' dir='ltr'><strong>prudenter</strong></span> <span class='ocrx_word' id='word_1_417' title='bbox 755 2081 806 2109; x_wconf 89' lang='lat' dir='ltr'><strong>hoc</strong></span> <span class='ocrx_word' id='word_1_418' title='bbox 821 2082 946 2116; x_wconf 88' lang='lat' dir='ltr'><strong>advertit,</strong></span> <span class='ocrx_word' id='word_1_419' title='bbox 963 2089 992 2110; x_wconf 87' lang='lat' dir='ltr'><strong>ut</strong></span> 
     </span>
    </p>
   </div>
   <div class='ocr_carea' id='block_1_62' title="bbox 205 2123 991 2161">
    <p class='ocr_par' dir='ltr' id='par_1_62' title="bbox 205 2123 991 2161">
     <span class='ocr_line' id='line_1_62' title="bbox 205 2123 991 2161; baseline 0.008 -11"><span class='ocrx_word' id='word_1_420' title='bbox 205 2128 232 2150; x_wconf 87' lang='lat' dir='ltr'><strong>et.</strong></span> <span class='ocrx_word' id='word_1_421' title='bbox 244 2123 344 2159; x_wconf 81' lang='lat' dir='ltr'><strong>Gangr.</strong></span> <span class='ocrx_word' id='word_1_422' title='bbox 357 2125 477 2160; x_wconf 79' lang='lat' dir='ltr'><strong>synodus</strong></span> <span class='ocrx_word' id='word_1_423' title='bbox 491 2133 552 2152; x_wconf 85' lang='lat' dir='ltr'><strong>can.</strong></span> <span class='ocrx_word' id='word_1_424' title='bbox 567 2126 599 2153; x_wconf 90' lang='grc'><strong>18</strong></span> <span class='ocrx_word' id='word_1_425' title='bbox 612 2126 643 2153; x_wconf 85' lang='lat' dir='ltr'><strong>de</strong></span> <span class='ocrx_word' id='word_1_426' title='bbox 652 2127 756 2161; x_wconf 83' lang='lat' dir='ltr'><strong>jejunio</strong></span> <span class='ocrx_word' id='word_1_427' title='bbox 764 2127 912 2156; x_wconf 86' lang='lat' dir='ltr'><strong>Dominicis</strong></span> <span class='ocrx_word' id='word_1_428' title='bbox 922 2129 991 2156; x_wconf 86' lang='lat' dir='ltr'><strong>duu-</strong></span> 
     </span>
    </p>
   </div>
   <div class='ocr_carea' id='block_1_63' title="bbox 212 2170 992 2207">
    <p class='ocr_par' dir='ltr' id='par_1_63' title="bbox 212 2170 992 2207">
     <span class='ocr_line' id='line_1_63' title="bbox 212 2170 992 2207; baseline 0.008 -12"><span class='ocrx_word' id='word_1_429' title='bbox 212 2174 286 2196; x_wconf 78' lang='lat' dir='ltr'><strong>taxat</strong></span> <span class='ocrx_word' id='word_1_430' title='bbox 303 2170 456 2203; x_wconf 82' lang='lat' dir='ltr'><strong>interdixit;</strong></span> <span class='ocrx_word' id='word_1_431' title='bbox 472 2179 523 2198; x_wconf 91' lang='lat' dir='ltr'><strong>non</strong></span> <span class='ocrx_word' id='word_1_432' title='bbox 540 2171 611 2198; x_wconf 87' lang='lat' dir='ltr'><strong>enim</strong></span> <span class='ocrx_word' id='word_1_433' title='bbox 626 2172 741 2207; x_wconf 79' lang='lat' dir='ltr'><strong>tibique,</strong></span> <span class='ocrx_word' id='word_1_434' title='bbox 763 2181 812 2199; x_wconf 88' lang='lat' dir='ltr'><strong>nec</strong></span> <span class='ocrx_word' id='word_1_435' title='bbox 830 2173 856 2200; x_wconf 91' lang='lat' dir='ltr'><strong>in</strong></span> <span class='ocrx_word' id='word_1_436' title='bbox 870 2178 924 2201; x_wconf 85' lang='lat' dir='ltr'><strong>tota</strong></span> <span class='ocrx_word' id='word_1_437' title='bbox 942 2174 992 2201; x_wconf 84' lang='lat' dir='ltr'><strong>Ec-</strong></span> 
     </span>
    </p>
   </div>
   <div class='ocr_carea' id='block_1_64' title="bbox 1045 934 1836 972">
    <p class='ocr_par' dir='ltr' id='par_1_64' title="bbox 1045 934 1836 972">
     <span class='ocr_line' id='line_1_64' title="bbox 1045 934 1836 972; baseline -0.004 -9"><span class='ocrx_word' id='word_1_438' title='bbox 1045 937 1079 963; x_wconf 79' lang='grc' dir='ltr'><strong>Εἴ</strong></span> <span class='ocrx_word' id='word_1_439' title='bbox 1099 945 1141 968; x_wconf 86' lang='grc' dir='ltr'>τις</span> <span class='ocrx_word' id='word_1_440' title='bbox 1153 935 1309 972; x_wconf 80' lang='grc' dir='ltr'>Κυριακὴν,</span> <span class='ocrx_word' id='word_1_441' title='bbox 1330 935 1346 970; x_wconf 82' lang='grc' dir='ltr'><strong>ἦ</strong></span> <span class='ocrx_word' id='word_1_442' title='bbox 1372 935 1510 961; x_wconf 78' lang='grc' dir='ltr'>Σάϐϐατον</span> <span class='ocrx_word' id='word_1_443' title='bbox 1534 934 1670 969; x_wconf 82' lang='grc' dir='ltr'>νηστεύει,</span> <span class='ocrx_word' id='word_1_444' title='bbox 1691 935 1762 970; x_wconf 77' lang='grc' dir='ltr'>πλὴν</span> <span class='ocrx_word' id='word_1_445' title='bbox 1777 935 1836 966; x_wconf 69' lang='grc' dir='ltr'>ἑνὸς</span> 
     </span>
    </p>
   </div>
   <div class='ocr_carea' id='block_1_65' title="bbox 1045 979 1837 1017">
    <p class='ocr_par' dir='ltr' id='par_1_65' title="bbox 1045 979 1837 1017">
     <span class='ocr_line' id='line_1_65' title="bbox 1045 979 1837 1017; baseline 0 -9"><span class='ocrx_word' id='word_1_446' title='bbox 1045 982 1185 1009; x_wconf 74' lang='grc' dir='ltr'>Σαϐΰὰτου</span> <span class='ocrx_word' id='word_1_447' title='bbox 1199 1001 1207 1014; x_wconf 88' lang='grc'>,</span> <span class='ocrx_word' id='word_1_448' title='bbox 1229 979 1307 1013; x_wconf 79' lang='grc' dir='ltr'>οὗτος</span> <span class='ocrx_word' id='word_1_449' title='bbox 1327 981 1524 1017; x_wconf 72' lang='grc' dir='ltr'>Χριστοκτόνος</span> <span class='ocrx_word' id='word_1_450' title='bbox 1543 980 1625 1007; x_wconf 79' lang='grc' dir='ltr'>ἐστίν.</span> <span class='ocrx_word' id='word_1_451' title='bbox 1648 980 1837 1008; x_wconf 67' lang='lat' dir='ltr'><strong>Graeculorum</strong></span> 
     </span>
    </p>
   </div>
   <div class='ocr_carea' id='block_1_66' title="bbox 1045 1027 1838 1062">
    <p class='ocr_par' dir='ltr' id='par_1_66' title="bbox 1045 1027 1838 1062">
     <span class='ocr_line' id='line_1_66' title="bbox 1045 1027 1838 1062; baseline -0.003 -6"><span class='ocrx_word' id='word_1_452' title='bbox 1045 1037 1109 1056; x_wconf 85' lang='lat' dir='ltr'><strong>vero</strong></span> <span class='ocrx_word' id='word_1_453' title='bbox 1126 1036 1191 1055; x_wconf 85' lang='lat' dir='ltr'><strong>sane</strong></span> <span class='ocrx_word' id='word_1_454' title='bbox 1212 1028 1390 1056; x_wconf 88' lang='lat' dir='ltr'><strong>intolerabilis</strong></span> <span class='ocrx_word' id='word_1_455' title='bbox 1409 1033 1452 1055; x_wconf 89' lang='lat' dir='ltr'><strong>est</strong></span> <span class='ocrx_word' id='word_1_456' title='bbox 1477 1027 1580 1060; x_wconf 81' lang='lat' dir='ltr'><strong>fastus;</strong></span> <span class='ocrx_word' id='word_1_457' title='bbox 1600 1027 1646 1062; x_wconf 91' lang='lat' dir='ltr'><strong>qui</strong></span> <span class='ocrx_word' id='word_1_458' title='bbox 1674 1027 1699 1053; x_wconf 94' lang='lat' dir='ltr'><strong>in</strong></span> <span class='ocrx_word' id='word_1_459' title='bbox 1721 1027 1838 1062; x_wconf 85' lang='lat' dir='ltr'><strong>pseudo-</strong></span> 
     </span>
    </p>
   </div>
   <div class='ocr_carea' id='block_1_67' title="bbox 1045 1072 1836 1109">
    <p class='ocr_par' dir='ltr' id='par_1_67' title="bbox 1045 1072 1836 1109">
     <span class='ocr_line' id='line_1_67' title="bbox 1045 1072 1836 1109; baseline 0 -8"><span class='ocrx_word' id='word_1_460' title='bbox 1045 1074 1149 1109; x_wconf 83' lang='lat' dir='ltr'><strong>synodo</strong></span> <span class='ocrx_word' id='word_1_461' title='bbox 1176 1073 1304 1101; x_wconf 84' lang='lat' dir='ltr'><strong>Trullana</strong></span> <span class='ocrx_word' id='word_1_462' title='bbox 1339 1081 1400 1100; x_wconf 90' lang='lat' dir='ltr'><strong>can.</strong></span> <span class='ocrx_word' id='word_1_463' title='bbox 1429 1073 1474 1106; x_wconf 74' lang='lat'><strong>55,</strong></span> <span class='ocrx_word' id='word_1_464' title='bbox 1501 1072 1652 1100; x_wconf 74' lang='lat' dir='ltr'><strong>Romanam</strong></span> <span class='ocrx_word' id='word_1_465' title='bbox 1683 1073 1836 1101; x_wconf 84' lang='lat' dir='ltr'><strong>Ecclesiam</strong></span> 
     </span>
    </p>
   </div>
   <div class='ocr_carea' id='block_1_68' title="bbox 1044 1119 1838 1155">
    <p class='ocr_par' dir='ltr' id='par_1_68' title="bbox 1044 1119 1838 1155">
     <span class='ocr_line' id='line_1_68' title="bbox 1044 1119 1838 1155; baseline 0 -8"><span class='ocrx_word' id='word_1_466' title='bbox 1044 1120 1184 1152; x_wconf 84' lang='lat' dir='ltr'><strong>damnant,</strong></span> <span class='ocrx_word' id='word_1_467' title='bbox 1202 1120 1273 1155; x_wconf 90' lang='lat' dir='ltr'><strong>quod</strong></span> <span class='ocrx_word' id='word_1_468' title='bbox 1294 1127 1342 1154; x_wconf 85' lang='lat' dir='ltr'><strong>per</strong></span> <span class='ocrx_word' id='word_1_469' title='bbox 1357 1119 1598 1154; x_wconf 80' lang='lat' dir='ltr'><strong>Quadragesimam</strong></span> <span class='ocrx_word' id='word_1_470' title='bbox 1617 1119 1744 1148; x_wconf 89' lang='lat' dir='ltr'><strong>Sabbatis</strong></span> <span class='ocrx_word' id='word_1_471' title='bbox 1764 1120 1838 1154; x_wconf 68' lang='lat' dir='ltr'><strong>jeju-</strong></span> 
     </span>
    </p>
   </div>
   <div class='ocr_carea' id='block_1_69' title="bbox 1045 1165 1838 1201">
    <p class='ocr_par' dir='ltr' id='par_1_69' title="bbox 1045 1165 1838 1201">
     <span class='ocr_line' id='line_1_69' title="bbox 1045 1165 1838 1201; baseline 0 -8"><span class='ocrx_word' id='word_1_472' title='bbox 1045 1171 1150 1194; x_wconf 85' lang='lat' dir='ltr'><strong>narent.</strong></span> <span class='ocrx_word' id='word_1_473' title='bbox 1167 1166 1250 1201; x_wconf 82' lang='lat' dir='ltr'><strong>Atqui</strong></span> <span class='ocrx_word' id='word_1_474' title='bbox 1268 1166 1395 1194; x_wconf 86' lang='lat' dir='ltr'><strong>Socrates</strong></span> <span class='ocrx_word' id='word_1_475' title='bbox 1410 1166 1457 1193; x_wconf 88' lang='lat' dir='ltr'><strong>lib.</strong></span> <span class='ocrx_word' id='word_1_476' title='bbox 1475 1174 1501 1198; x_wconf 82' lang='lat' dir='ltr'><strong>v,</strong></span> <span class='ocrx_word' id='word_1_477' title='bbox 1516 1174 1580 1201; x_wconf 84' lang='lat' dir='ltr'><strong>cap.</strong></span> <span class='ocrx_word' id='word_1_478' title='bbox 1595 1165 1640 1199; x_wconf 74' lang='lat'><strong>‘22,</strong></span> <span class='ocrx_word' id='word_1_479' title='bbox 1661 1165 1755 1193; x_wconf 75' lang='lat' dir='ltr'><strong>Roma:</strong></span> <span class='ocrx_word' id='word_1_480' title='bbox 1768 1167 1838 1193; x_wconf 90' lang='lat' dir='ltr'><strong>scri-</strong></span> 
     </span>
    </p>
   </div>
   <div class='ocr_carea' id='block_1_70' title="bbox 1045 1213 1834 1248">
    <p class='ocr_par' dir='ltr' id='par_1_70' title="bbox 1045 1213 1834 1248">
     <span class='ocr_line' id='line_1_70' title="bbox 1045 1213 1834 1248; baseline -0.001 -8"><span class='ocrx_word' id='word_1_481' title='bbox 1045 1213 1084 1240; x_wconf 86' lang='lat' dir='ltr'><strong>bit</strong></span> <span class='ocrx_word' id='word_1_482' title='bbox 1101 1213 1228 1241; x_wconf 77' lang='lat' dir='ltr'><strong>Sabbatis</strong></span> <span class='ocrx_word' id='word_1_483' title='bbox 1249 1214 1274 1240; x_wconf 93' lang='lat' dir='ltr'><strong>in</strong></span> <span class='ocrx_word' id='word_1_484' title='bbox 1289 1213 1502 1248; x_wconf 80' lang='lat' dir='ltr'><strong>Quadragesima</strong></span> <span class='ocrx_word' id='word_1_485' title='bbox 1524 1213 1675 1248; x_wconf 84' lang='lat' dir='ltr'><strong>jejunatum</strong></span> <span class='ocrx_word' id='word_1_486' title='bbox 1691 1221 1746 1240; x_wconf 89' lang='lat' dir='ltr'><strong>non</strong></span> <span class='ocrx_word' id='word_1_487' title='bbox 1763 1221 1834 1241; x_wconf 77' lang='lat' dir='ltr'><strong>esse.</strong></span> 
     </span>
    </p>
   </div>
   <div class='ocr_carea' id='block_1_71' title="bbox 1046 1258 1834 1296">
    <p class='ocr_par' dir='ltr' id='par_1_71' title="bbox 1046 1258 1834 1296">
     <span class='ocr_line' id='line_1_71' title="bbox 1046 1258 1834 1296; baseline -0.001 -10"><span class='ocrx_word' id='word_1_488' title='bbox 1046 1259 1098 1287; x_wconf 88' lang='lat' dir='ltr'><strong>Sed</strong></span> <span class='ocrx_word' id='word_1_489' title='bbox 1112 1260 1241 1286; x_wconf 88' lang='lat' dir='ltr'><strong>nimirum</strong></span> <span class='ocrx_word' id='word_1_490' title='bbox 1257 1259 1438 1286; x_wconf 89' lang='lat' dir='ltr'><strong>hallucinatus</strong></span> <span class='ocrx_word' id='word_1_491' title='bbox 1451 1263 1559 1291; x_wconf 85' lang='lat' dir='ltr'><strong>est,aut</strong></span> <span class='ocrx_word' id='word_1_492' title='bbox 1574 1259 1607 1286; x_wconf 86' lang='lat' dir='ltr'><strong>ad</strong></span> <span class='ocrx_word' id='word_1_493' title='bbox 1618 1267 1711 1287; x_wconf 89' lang='lat' dir='ltr'><strong>vocem</strong></span> <span class='ocrx_word' id='word_1_494' title='bbox 1729 1258 1834 1296; x_wconf 83' lang='grc' dir='ltr'><strong>Ῥώμῃ,</strong></span> 
     </span>
    </p>
   </div>
   <div class='ocr_carea' id='block_1_72' title="bbox 1045 1304 1836 1341">
    <p class='ocr_par' dir='ltr' id='par_1_72' title="bbox 1045 1304 1836 1341">
     <span class='ocr_line' id='line_1_72' title="bbox 1045 1304 1836 1341; baseline 0.001 -9"><span class='ocrx_word' id='word_1_495' title='bbox 1045 1305 1223 1340; x_wconf 88' lang='lat' dir='ltr'><strong>adjiciendum</strong></span> <span class='ocrx_word' id='word_1_496' title='bbox 1238 1309 1279 1332; x_wconf 89' lang='lat' dir='ltr'><strong>est</strong></span> <span class='ocrx_word' id='word_1_497' title='bbox 1291 1305 1339 1339; x_wconf 74' lang='grc' dir='ltr'><strong>νέᾳ</strong></span> <span class='ocrx_word' id='word_1_498' title='bbox 1348 1326 1355 1338; x_wconf 87' lang='grc'><em>,</em></span> <span class='ocrx_word' id='word_1_499' title='bbox 1368 1309 1399 1332; x_wconf 82' lang='grc' dir='ltr'>ιιι</span> <span class='ocrx_word' id='word_1_500' title='bbox 1412 1305 1474 1331; x_wconf 82' lang='grc' dir='ltr'>νέαν</span> <span class='ocrx_word' id='word_1_501' title='bbox 1491 1304 1599 1340; x_wconf 83' lang='grc' dir='ltr'><strong>Ῥώμην</strong></span> <span class='ocrx_word' id='word_1_502' title='bbox 1607 1304 1836 1341; x_wconf 88' lang='lat' dir='ltr'><strong>Constantinopo-</strong></span> 
     </span>
    </p>
   </div>
   <div class='ocr_carea' id='block_1_73' title="bbox 1045 1349 1835 1386">
    <p class='ocr_par' dir='ltr' id='par_1_73' title="bbox 1045 1349 1835 1386">
     <span class='ocr_line' id='line_1_73' title="bbox 1045 1349 1835 1386; baseline -0.001 -7"><span class='ocrx_word' id='word_1_503' title='bbox 1045 1352 1090 1379; x_wconf 87' lang='lat' dir='ltr'><strong>lim</strong></span> <span class='ocrx_word' id='word_1_504' title='bbox 1109 1351 1235 1386; x_wconf 89' lang='lat' dir='ltr'><strong>appellet.</strong></span> <span class='ocrx_word' id='word_1_505' title='bbox 1259 1349 1327 1377; x_wconf 86' lang='lat' dir='ltr'><strong>Nam</strong></span> <span class='ocrx_word' id='word_1_506' title='bbox 1345 1350 1461 1378; x_wconf 89' lang='lat' dir='ltr'><strong>subinde</strong></span> <span class='ocrx_word' id='word_1_507' title='bbox 1478 1350 1562 1378; x_wconf 83' lang='lat' dir='ltr'><strong>refert</strong></span> <span class='ocrx_word' id='word_1_508' title='bbox 1583 1352 1637 1377; x_wconf 76' lang='grc' dir='ltr'>πᾶν</span> <span class='ocrx_word' id='word_1_509' title='bbox 1654 1351 1792 1378; x_wconf 74' lang='grc' dir='ltr'>Σάϐϐατον</span> <span class='ocrx_word' id='word_1_510' title='bbox 1806 1353 1835 1378; x_wconf 87' lang='grc' dir='ltr'>ὲν</span> 
     </span>
    </p>
   </div>
   <div class='ocr_carea' id='block_1_74' title="bbox 1049 1394 1835 1431">
    <p class='ocr_par' dir='ltr' id='par_1_74' title="bbox 1049 1394 1835 1431">
     <span class='ocr_line' id='line_1_74' title="bbox 1049 1394 1835 1431; baseline 0.004 -9"><span class='ocrx_word' id='word_1_511' title='bbox 1049 1395 1143 1431; x_wconf 79' lang='grc' dir='ltr'><strong>Ῥώμῃ</strong></span> <span class='ocrx_word' id='word_1_512' title='bbox 1157 1395 1343 1431; x_wconf 81' lang='grc' dir='ltr'>νηστεύεσθαι.</span> <span class='ocrx_word' id='word_1_513' title='bbox 1356 1394 1395 1423; x_wconf 87' lang='lat' dir='ltr'><strong>De</strong></span> <span class='ocrx_word' id='word_1_514' title='bbox 1414 1395 1531 1423; x_wconf 72' lang='lat' dir='ltr'><strong>Sabbati</strong></span> <span class='ocrx_word' id='word_1_515' title='bbox 1539 1395 1642 1431; x_wconf 88' lang='lat' dir='ltr'><strong>jejunio</strong></span> <span class='ocrx_word' id='word_1_516' title='bbox 1656 1402 1766 1424; x_wconf 81' lang='lat' dir='ltr'><strong>exstant</strong></span> <span class='ocrx_word' id='word_1_517' title='bbox 1783 1396 1835 1425; x_wconf 86' lang='lat' dir='ltr'><strong>0c-</strong></span> 
     </span>
    </p>
   </div>
   <div class='ocr_carea' id='block_1_75' title="bbox 1044 1433 1835 1476">
    <p class='ocr_par' dir='ltr' id='par_1_75' title="bbox 1044 1433 1835 1476">
     <span class='ocr_line' id='line_1_75' title="bbox 1044 1433 1835 1476; baseline 0.004 -8"><span class='ocrx_word' id='word_1_518' title='bbox 1044 1433 1221 1469; x_wconf 81' lang='lat' dir='ltr'><strong>cidentalium</strong></span> <span class='ocrx_word' id='word_1_519' title='bbox 1237 1441 1405 1476; x_wconf 88' lang='lat' dir='ltr'><strong>synodorum</strong></span> <span class='ocrx_word' id='word_1_520' title='bbox 1421 1449 1556 1475; x_wconf 87' lang='lat' dir='ltr'><strong>canones,</strong></span> <span class='ocrx_word' id='word_1_521' title='bbox 1575 1448 1604 1469; x_wconf 92' lang='lat' dir='ltr'><strong>ut</strong></span> <span class='ocrx_word' id='word_1_522' title='bbox 1624 1433 1784 1470; x_wconf 65' lang='lat' dir='ltr'><strong>Elibdritani</strong></span> <span class='ocrx_word' id='word_1_523' title='bbox 1802 1444 1835 1471; x_wconf 73' lang='lat'><strong>26</strong></span> 
     </span>
    </p>
   </div>
   <div class='ocr_carea' id='block_1_76' title="bbox 1044 1486 1835 1522">
    <p class='ocr_par' dir='ltr' id='par_1_76' title="bbox 1044 1486 1835 1522">
     <span class='ocr_line' id='line_1_76' title="bbox 1044 1486 1835 1522; baseline 0.003 -9"><span class='ocrx_word' id='word_1_524' title='bbox 1044 1492 1072 1514; x_wconf 85' lang='lat' dir='ltr'><strong>et</strong></span> <span class='ocrx_word' id='word_1_525' title='bbox 1087 1487 1185 1522; x_wconf 84' lang='lat' dir='ltr'><strong>Agath.</strong></span> <span class='ocrx_word' id='word_1_526' title='bbox 1202 1486 1247 1520; x_wconf 78' lang='grc'><strong>12,</strong></span> <span class='ocrx_word' id='word_1_527' title='bbox 1277 1494 1383 1514; x_wconf 92' lang='lat' dir='ltr'><strong>necnon</strong></span> <span class='ocrx_word' id='word_1_528' title='bbox 1403 1491 1430 1514; x_wconf 84' lang='lat' dir='ltr'><strong>et</strong></span> <span class='ocrx_word' id='word_1_529' title='bbox 1452 1486 1602 1514; x_wconf 84' lang='lat' dir='ltr'><strong>Innocentii</strong></span> <span class='ocrx_word' id='word_1_530' title='bbox 1616 1488 1697 1522; x_wconf 86' lang='lat' dir='ltr'><strong>primi</strong></span> <span class='ocrx_word' id='word_1_531' title='bbox 1712 1488 1794 1522; x_wconf 85' lang='lat' dir='ltr'><strong>epist.</strong></span> <span class='ocrx_word' id='word_1_532' title='bbox 1817 1497 1835 1522; x_wconf 80' lang='grc' dir='ltr'><strong>ι,</strong></span> 
     </span>
    </p>
   </div>
   <div class='ocr_carea' id='block_1_77' title="bbox 1046 1535 1836 1572">
    <p class='ocr_par' dir='ltr' id='par_1_77' title="bbox 1046 1535 1836 1572">
     <span class='ocr_line' id='line_1_77' title="bbox 1046 1535 1836 1572; baseline 0.003 -10"><span class='ocrx_word' id='word_1_533' title='bbox 1046 1543 1104 1570; x_wconf 89' lang='lat' dir='ltr'><strong>cap.</strong></span> <span class='ocrx_word' id='word_1_534' title='bbox 1125 1535 1152 1562; x_wconf 81' lang='grc'><strong>4.</strong></span> <span class='ocrx_word' id='word_1_535' title='bbox 1173 1535 1259 1568; x_wconf 83' lang='lat' dir='ltr'><strong>Quem</strong></span> <span class='ocrx_word' id='word_1_536' title='bbox 1285 1535 1394 1570; x_wconf 89' lang='lat' dir='ltr'><strong>quidem</strong></span> <span class='ocrx_word' id='word_1_537' title='bbox 1414 1535 1530 1563; x_wconf 92' lang='lat' dir='ltr'><strong>ridicule</strong></span> <span class='ocrx_word' id='word_1_538' title='bbox 1549 1535 1698 1563; x_wconf 89' lang='lat' dir='ltr'><strong>admodum</strong></span> <span class='ocrx_word' id='word_1_539' title='bbox 1715 1535 1836 1572; x_wconf 74' lang='lat' dir='ltr'><strong>Scaliger</strong></span> 
     </span>
    </p>
   </div>
   <div class='ocr_carea' id='block_1_78' title="bbox 1045 1580 1835 1617">
    <p class='ocr_par' dir='ltr' id='par_1_78' title="bbox 1045 1580 1835 1617">
     <span class='ocr_line' id='line_1_78' title="bbox 1045 1580 1835 1617; baseline 0.003 -10"><span class='ocrx_word' id='word_1_540' title='bbox 1045 1581 1093 1609; x_wconf 91' lang='lat' dir='ltr'><strong>lib.</strong></span> <span class='ocrx_word' id='word_1_541' title='bbox 1110 1588 1147 1608; x_wconf 80' lang='lat' dir='ltr'><strong>\‘II</strong></span> <span class='ocrx_word' id='word_1_542' title='bbox 1166 1580 1202 1608; x_wconf 71' lang='lat' dir='ltr'><strong>De</strong></span> <span class='ocrx_word' id='word_1_543' title='bbox 1217 1581 1318 1608; x_wconf 80' lang='lat' dir='ltr'><strong>emend.</strong></span> <span class='ocrx_word' id='word_1_544' title='bbox 1345 1585 1422 1616; x_wconf 87' lang='lat' dir='ltr'><strong>temp.</strong></span> <span class='ocrx_word' id='word_1_545' title='bbox 1440 1589 1502 1617; x_wconf 84' lang='lat' dir='ltr'><strong>pag.</strong></span> <span class='ocrx_word' id='word_1_546' title='bbox 1517 1581 1586 1614; x_wconf 77' lang='grc'><strong>611,</strong></span> <span class='ocrx_word' id='word_1_547' title='bbox 1603 1582 1697 1609; x_wconf 89' lang='lat' dir='ltr'><strong>scribit</strong></span> <span class='ocrx_word' id='word_1_548' title='bbox 1714 1582 1835 1616; x_wconf 87' lang='lat' dir='ltr'><strong>primum</strong></span> 
     </span>
    </p>
   </div>
   <div class='ocr_carea' id='block_1_79' title="bbox 1043 1627 1835 1662">
    <p class='ocr_par' dir='ltr' id='par_1_79' title="bbox 1043 1627 1835 1662">
     <span class='ocr_line' id='line_1_79' title="bbox 1043 1627 1835 1662; baseline 0.003 -8"><span class='ocrx_word' id='word_1_549' title='bbox 1043 1628 1167 1655; x_wconf 91' lang='lat' dir='ltr'><strong>omnium</strong></span> <span class='ocrx_word' id='word_1_550' title='bbox 1182 1627 1335 1655; x_wconf 88' lang='lat' dir='ltr'><strong>instituisse</strong></span> <span class='ocrx_word' id='word_1_551' title='bbox 1347 1648 1354 1660; x_wconf 93' lang='lat'><strong>,</strong></span> <span class='ocrx_word' id='word_1_552' title='bbox 1372 1632 1402 1654; x_wconf 91' lang='lat' dir='ltr'><strong>ut</strong></span> <span class='ocrx_word' id='word_1_553' title='bbox 1418 1627 1538 1655; x_wconf 88' lang='lat' dir='ltr'><strong>Sabbato</strong></span> <span class='ocrx_word' id='word_1_554' title='bbox 1549 1628 1731 1662; x_wconf 88' lang='lat' dir='ltr'><strong>jejunaretur.</strong></span> <span class='ocrx_word' id='word_1_555' title='bbox 1747 1628 1835 1661; x_wconf 87' lang='lat' dir='ltr'><strong>Quasi</strong></span> 
     </span>
    </p>
   </div>
   <div class='ocr_carea' id='block_1_80' title="bbox 1043 1672 1835 1702">
    <p class='ocr_par' dir='ltr' id='par_1_80' title="bbox 1043 1672 1835 1702">
     <span class='ocr_line' id='line_1_80' title="bbox 1043 1672 1835 1702; baseline 0.004 -3"><span class='ocrx_word' id='word_1_556' title='bbox 1043 1681 1108 1700; x_wconf 84' lang='lat' dir='ltr'><strong>vero</strong></span> <span class='ocrx_word' id='word_1_557' title='bbox 1124 1677 1199 1700; x_wconf 90' lang='lat' dir='ltr'><strong>tanto</strong></span> <span class='ocrx_word' id='word_1_558' title='bbox 1214 1677 1277 1700; x_wconf 88' lang='lat' dir='ltr'><strong>ante</strong></span> <span class='ocrx_word' id='word_1_559' title='bbox 1293 1672 1482 1700; x_wconf 88' lang='lat' dir='ltr'><strong>Innocentium</strong></span> <span class='ocrx_word' id='word_1_560' title='bbox 1501 1681 1555 1701; x_wconf 90' lang='lat' dir='ltr'><strong>non</strong></span> <span class='ocrx_word' id='word_1_561' title='bbox 1571 1673 1635 1701; x_wconf 93' lang='lat' dir='ltr'><strong>illud</strong></span> <span class='ocrx_word' id='word_1_562' title='bbox 1647 1675 1835 1702; x_wconf 80' lang='lat' dir='ltr'><strong>Occidentales</strong></span> 
     </span>
    </p>
   </div>
   <div class='ocr_carea' id='block_1_81' title="bbox 1044 1719 1836 1754">
    <p class='ocr_par' dir='ltr' id='par_1_81' title="bbox 1044 1719 1836 1754">
     <span class='ocr_line' id='line_1_81' title="bbox 1044 1719 1836 1754; baseline 0.003 -8"><span class='ocrx_word' id='word_1_563' title='bbox 1044 1719 1249 1752; x_wconf 69' lang='lat' dir='ltr'><strong>consuetudine,</strong></span> <span class='ocrx_word' id='word_1_564' title='bbox 1268 1727 1329 1754; x_wconf 71' lang='lat' dir='ltr'><strong>qua:</strong></span> <span class='ocrx_word' id='word_1_565' title='bbox 1345 1719 1433 1747; x_wconf 76' lang='lat' dir='ltr'><strong>tacita:</strong></span> <span class='ocrx_word' id='word_1_566' title='bbox 1451 1719 1519 1754; x_wconf 79' lang='lat' dir='ltr'><strong>legis</strong></span> <span class='ocrx_word' id='word_1_567' title='bbox 1538 1720 1625 1747; x_wconf 90' lang='lat' dir='ltr'><strong>instar</strong></span> <span class='ocrx_word' id='word_1_568' title='bbox 1639 1726 1722 1753; x_wconf 78' lang='lat' dir='ltr'><strong>esset,</strong></span> <span class='ocrx_word' id='word_1_569' title='bbox 1739 1721 1836 1748; x_wconf 87' lang='lat' dir='ltr'><strong>obser-</strong></span> 
     </span>
    </p>
   </div>
   <div class='ocr_carea' id='block_1_82' title="bbox 1043 1764 1835 1800">
    <p class='ocr_par' dir='ltr' id='par_1_82' title="bbox 1043 1764 1835 1800">
     <span class='ocr_line' id='line_1_82' title="bbox 1043 1764 1835 1800; baseline 0.004 -9"><span class='ocrx_word' id='word_1_570' title='bbox 1043 1765 1174 1792; x_wconf 82' lang='lat' dir='ltr'><strong>vaverint.</strong></span> <span class='ocrx_word' id='word_1_571' title='bbox 1187 1764 1280 1800; x_wconf 83' lang='lat' dir='ltr'><strong>Neque</strong></span> <span class='ocrx_word' id='word_1_572' title='bbox 1306 1773 1369 1792; x_wconf 73' lang='lat' dir='ltr'><strong>vero</strong></span> <span class='ocrx_word' id='word_1_573' title='bbox 1392 1765 1566 1793; x_wconf 88' lang='lat' dir='ltr'><strong>Innocentius</strong></span> <span class='ocrx_word' id='word_1_574' title='bbox 1581 1770 1636 1793; x_wconf 88' lang='lat' dir='ltr'><strong>tam</strong></span> <span class='ocrx_word' id='word_1_575' title='bbox 1660 1767 1694 1794; x_wconf 90' lang='lat' dir='ltr'><strong>de</strong></span> <span class='ocrx_word' id='word_1_576' title='bbox 1721 1766 1835 1794; x_wconf 88' lang='lat' dir='ltr'><strong>Sabbati</strong></span> 
     </span>
    </p>
   </div>
   <div class='ocr_carea' id='block_1_83' title="bbox 1040 1810 1835 1846">
    <p class='ocr_par' dir='ltr' id='par_1_83' title="bbox 1040 1810 1835 1846">
     <span class='ocr_line' id='line_1_83' title="bbox 1040 1810 1835 1846; baseline 0.004 -9"><span class='ocrx_word' id='word_1_577' title='bbox 1040 1810 1146 1845; x_wconf 90' lang='lat' dir='ltr'><strong>jejunio</strong></span> <span class='ocrx_word' id='word_1_578' title='bbox 1158 1811 1301 1846; x_wconf 68' lang='lat' dir='ltr'><strong>praecepit,</strong></span> <span class='ocrx_word' id='word_1_579' title='bbox 1317 1819 1399 1846; x_wconf 89' lang='lat' dir='ltr'><strong>quam</strong></span> <span class='ocrx_word' id='word_1_580' title='bbox 1415 1818 1513 1839; x_wconf 89' lang='lat' dir='ltr'><strong>causas</strong></span> <span class='ocrx_word' id='word_1_581' title='bbox 1530 1812 1630 1844; x_wconf 86' lang='lat' dir='ltr'><strong>attulit,</strong></span> <span class='ocrx_word' id='word_1_582' title='bbox 1648 1819 1696 1840; x_wconf 88' lang='lat' dir='ltr'><strong>cur</strong></span> <span class='ocrx_word' id='word_1_583' title='bbox 1712 1811 1835 1841; x_wconf 86' lang='lat' dir='ltr'><strong>Sabbato</strong></span> 
     </span>
    </p>
   </div>
   <div class='ocr_carea' id='block_1_84' title="bbox 1040 1857 1834 1892">
    <p class='ocr_par' dir='ltr' id='par_1_84' title="bbox 1040 1857 1834 1892">
     <span class='ocr_line' id='line_1_84' title="bbox 1040 1857 1834 1892; baseline 0.004 -9"><span class='ocrx_word' id='word_1_584' title='bbox 1040 1857 1219 1892; x_wconf 81' lang='lat' dir='ltr'><strong>jejunandum</strong></span> <span class='ocrx_word' id='word_1_585' title='bbox 1247 1857 1382 1885; x_wconf 83' lang='lat' dir='ltr'><strong>videatur.</strong></span> <span class='ocrx_word' id='word_1_586' title='bbox 1402 1858 1444 1885; x_wconf 87' lang='lat' dir='ltr'><strong>Ad</strong></span> <span class='ocrx_word' id='word_1_587' title='bbox 1471 1862 1642 1890; x_wconf 79' lang='lat' dir='ltr'><strong>extremum,</strong></span> <span class='ocrx_word' id='word_1_588' title='bbox 1663 1859 1697 1886; x_wconf 84' lang='lat' dir='ltr'><strong>de</strong></span> <span class='ocrx_word' id='word_1_589' title='bbox 1721 1858 1834 1887; x_wconf 81' lang='lat' dir='ltr'><strong>Sabbati</strong></span> 
     </span>
    </p>
   </div>
   <div class='ocr_carea' id='block_1_85' title="bbox 1044 1902 1836 1938">
    <p class='ocr_par' dir='ltr' id='par_1_85' title="bbox 1044 1902 1836 1938">
     <span class='ocr_line' id='line_1_85' title="bbox 1044 1902 1836 1938; baseline 0.005 -10"><span class='ocrx_word' id='word_1_590' title='bbox 1044 1902 1174 1938; x_wconf 83' lang='lat' dir='ltr'><strong>religione</strong></span> <span class='ocrx_word' id='word_1_591' title='bbox 1204 1903 1274 1929; x_wconf 86' lang='lat' dir='ltr'><strong>inter</strong></span> <span class='ocrx_word' id='word_1_592' title='bbox 1300 1902 1529 1937; x_wconf 85' lang='lat' dir='ltr'><strong>pseudodiataxes</strong></span> <span class='ocrx_word' id='word_1_593' title='bbox 1552 1903 1718 1938; x_wconf 88' lang='lat' dir='ltr'><strong>apostolicas</strong></span> <span class='ocrx_word' id='word_1_594' title='bbox 1743 1909 1836 1932; x_wconf 79' lang='lat' dir='ltr'><strong>exstat</strong></span> 
     </span>
    </p>
   </div>
   <div class='ocr_carea' id='block_1_86' title="bbox 1043 1947 1833 1985">
    <p class='ocr_par' dir='ltr' id='par_1_86' title="bbox 1043 1947 1833 1985">
     <span class='ocr_line' id='line_1_86' title="bbox 1043 1947 1833 1985; baseline 0.003 -11"><span class='ocrx_word' id='word_1_595' title='bbox 1043 1947 1114 1974; x_wconf 90' lang='lat' dir='ltr'><strong>Petri</strong></span> <span class='ocrx_word' id='word_1_596' title='bbox 1130 1955 1162 1975; x_wconf 88' lang='lat' dir='ltr'><strong>ac</strong></span> <span class='ocrx_word' id='word_1_597' title='bbox 1176 1947 1252 1974; x_wconf 86' lang='lat' dir='ltr'><strong>Pauli</strong></span> <span class='ocrx_word' id='word_1_598' title='bbox 1278 1948 1389 1975; x_wconf 88' lang='lat' dir='ltr'><strong>nomine</strong></span> <span class='ocrx_word' id='word_1_599' title='bbox 1403 1948 1474 1975; x_wconf 87' lang='lat' dir='ltr'><strong>edita</strong></span> <span class='ocrx_word' id='word_1_600' title='bbox 1501 1949 1607 1976; x_wconf 90' lang='lat' dir='ltr'><strong>sanctio</strong></span> <span class='ocrx_word' id='word_1_601' title='bbox 1624 1948 1671 1975; x_wconf 90' lang='lat' dir='ltr'><strong>lib.</strong></span> <span class='ocrx_word' id='word_1_602' title='bbox 1689 1957 1750 1981; x_wconf 86' lang='lat' dir='ltr'><strong>vtn,</strong></span> <span class='ocrx_word' id='word_1_603' title='bbox 1772 1957 1833 1985; x_wconf 88' lang='lat' dir='ltr'><strong>cap.</strong></span> 
     </span>
    </p>
   </div>
   <div class='ocr_carea' id='block_1_87' title="bbox 1043 1993 1832 2029">
    <p class='ocr_par' dir='ltr' id='par_1_87' title="bbox 1043 1993 1832 2029">
     <span class='ocr_line' id='line_1_87' title="bbox 1043 1993 1832 2029; baseline 0 -9"><span class='ocrx_word' id='word_1_604' title='bbox 1043 1994 1093 2021; x_wconf 79' lang='lat'><strong>35:</strong></span> <span class='ocrx_word' id='word_1_605' title='bbox 1112 1993 1145 2020; x_wconf 88' lang='lat' dir='ltr'><strong>Ut</strong></span> <span class='ocrx_word' id='word_1_606' title='bbox 1160 2002 1189 2021; x_wconf 82' lang='lat' dir='ltr'><strong>eo</strong></span> <span class='ocrx_word' id='word_1_607' title='bbox 1200 1994 1242 2021; x_wconf 83' lang='lat' dir='ltr'><strong>die</strong></span> <span class='ocrx_word' id='word_1_608' title='bbox 1257 2002 1288 2020; x_wconf 83' lang='lat' dir='ltr'><strong>ac</strong></span> <span class='ocrx_word' id='word_1_609' title='bbox 1301 1994 1439 2021; x_wconf 81' lang='lat' dir='ltr'><strong>Dominico</strong></span> <span class='ocrx_word' id='word_1_610' title='bbox 1451 1994 1518 2021; x_wconf 72' lang='lat' dir='ltr'><strong>servi</strong></span> <span class='ocrx_word' id='word_1_611' title='bbox 1531 1994 1562 2020; x_wconf 88' lang='lat' dir='ltr'><strong>ab</strong></span> <span class='ocrx_word' id='word_1_612' title='bbox 1576 2003 1651 2029; x_wconf 80' lang='lat' dir='ltr'><strong>opere</strong></span> <span class='ocrx_word' id='word_1_613' title='bbox 1666 1994 1757 2029; x_wconf 79' lang='lat' dir='ltr'><strong>feriati</strong></span> <span class='ocrx_word' id='word_1_614' title='bbox 1769 1995 1832 2022; x_wconf 80' lang='lat' dir='ltr'><strong>sint.</strong></span> 
     </span>
    </p>
   </div>
   <div class='ocr_carea' id='block_1_88' title="bbox 1049 2038 1834 2075">
    <p class='ocr_par' dir='ltr' id='par_1_88' title="bbox 1049 2038 1834 2075">
     <span class='ocr_line' id='line_1_88' title="bbox 1049 2038 1834 2075; baseline 0.001 -10"><span class='ocrx_word' id='word_1_615' title='bbox 1049 2038 1275 2074; x_wconf 76' lang='grc' dir='ltr'><strong>Ἐργαζέσθωσαν</strong></span> <span class='ocrx_word' id='word_1_616' title='bbox 1286 2040 1311 2066; x_wconf 82' lang='grc' dir='ltr'><strong>οἱ</strong></span> <span class='ocrx_word' id='word_1_617' title='bbox 1325 2039 1412 2066; x_wconf 73' lang='grc' dir='ltr'>δοῦλοι</span> <span class='ocrx_word' id='word_1_618' title='bbox 1424 2039 1502 2066; x_wconf 80' lang='grc' dir='ltr'>πέντε</span> <span class='ocrx_word' id='word_1_619' title='bbox 1522 2039 1638 2075; x_wconf 81' lang='grc' dir='ltr'><strong>ἡμέρας,</strong></span> <span class='ocrx_word' id='word_1_620' title='bbox 1657 2039 1796 2066; x_wconf 78' lang='grc' dir='ltr'>Σάϐϐατον</span> <span class='ocrx_word' id='word_1_621' title='bbox 1806 2040 1834 2066; x_wconf 85' lang='grc' dir='ltr'><strong>δὲ</strong></span> 
     </span>
    </p>
   </div>
   <div class='ocr_carea' id='block_1_89' title="bbox 1043 2085 1834 2123">
    <p class='ocr_par' dir='ltr' id='par_1_89' title="bbox 1043 2085 1834 2123">
     <span class='ocr_line' id='line_1_89' title="bbox 1043 2085 1834 2123; baseline 0.003 -11"><span class='ocrx_word' id='word_1_622' title='bbox 1043 2086 1090 2112; x_wconf 81' lang='grc' dir='ltr'>καὶ</span> <span class='ocrx_word' id='word_1_623' title='bbox 1109 2086 1251 2121; x_wconf 73' lang='grc' dir='ltr'><strong>Κυριακὴν</strong></span> <span class='ocrx_word' id='word_1_624' title='bbox 1275 2085 1480 2121; x_wconf 81' lang='grc' dir='ltr'>σχολαζέτωσαν</span> <span class='ocrx_word' id='word_1_625' title='bbox 1503 2087 1532 2112; x_wconf 82' lang='grc' dir='ltr'>ἐν</span> <span class='ocrx_word' id='word_1_626' title='bbox 1558 2088 1591 2122; x_wconf 87' lang='grc' dir='ltr'>τῇ</span> <span class='ocrx_word' id='word_1_627' title='bbox 1618 2087 1768 2123; x_wconf 68' lang='grc' dir='ltr'><strong>Ἐκκλησία</strong></span> <span class='ocrx_word' id='word_1_628' title='bbox 1791 2088 1834 2114; x_wconf 75' lang='grc' dir='ltr'><strong>διὰ</strong></span> 
     </span>
    </p>
   </div>
   <div class='ocr_carea' id='block_1_90' title="bbox 1042 2132 1833 2168">
    <p class='ocr_par' dir='ltr' id='par_1_90' title="bbox 1042 2132 1833 2168">
     <span class='ocr_line' id='line_1_90' title="bbox 1042 2132 1833 2168; baseline 0.003 -10"><span class='ocrx_word' id='word_1_629' title='bbox 1042 2132 1091 2168; x_wconf 80' lang='grc' dir='ltr'><strong>τὴν</strong></span> <span class='ocrx_word' id='word_1_630' title='bbox 1112 2132 1286 2160; x_wconf 70' lang='grc' dir='ltr'>διδασκαλίαν</span> <span class='ocrx_word' id='word_1_631' title='bbox 1299 2133 1348 2168; x_wconf 84' lang='grc' dir='ltr'><strong>τῆς</strong></span> <span class='ocrx_word' id='word_1_632' title='bbox 1372 2133 1522 2164; x_wconf 81' lang='grc' dir='ltr'>εὐσεϐείας.</span> <span class='ocrx_word' id='word_1_633' title='bbox 1539 2132 1596 2160; x_wconf 87' lang='lat' dir='ltr'><strong>Iloc</strong></span> <span class='ocrx_word' id='word_1_634' title='bbox 1612 2140 1676 2160; x_wconf 72' lang='lat' dir='ltr'><strong>vero</strong></span> <span class='ocrx_word' id='word_1_635' title='bbox 1693 2141 1833 2168; x_wconf 87' lang='lat' dir='ltr'><strong>nunquam</strong></span> 
     </span>
    </p>
   </div>
   <div class='ocr_carea' id='block_1_91' title="bbox 1044 2179 1833 2218">
    <p class='ocr_par' dir='ltr' id='par_1_91' title="bbox 1044 2179 1833 2218">
     <span class='ocr_line' id='line_1_91' title="bbox 1044 2179 1833 2218; baseline 0 -12"><span class='ocrx_word' id='word_1_636' title='bbox 1044 2180 1077 2206; x_wconf 89' lang='lat' dir='ltr'><strong>ab</strong></span> <span class='ocrx_word' id='word_1_637' title='bbox 1092 2179 1223 2213; x_wconf 86' lang='lat' dir='ltr'><strong>apostolis</strong></span> <span class='ocrx_word' id='word_1_638' title='bbox 1239 2186 1364 2218; x_wconf 85' lang='lat' dir='ltr'><strong>manasse</strong></span> <span class='ocrx_word' id='word_1_639' title='bbox 1376 2179 1513 2206; x_wconf 85' lang='lat' dir='ltr'><strong>decretum</strong></span> <span class='ocrx_word' id='word_1_640' title='bbox 1527 2184 1639 2213; x_wconf 80' lang='lat' dir='ltr'><strong>apparet</strong></span> <span class='ocrx_word' id='word_1_641' title='bbox 1651 2187 1684 2206; x_wconf 79' lang='lat' dir='ltr'><strong>ex</strong></span> <span class='ocrx_word' id='word_1_642' title='bbox 1701 2187 1743 2210; x_wconf 87' lang='lat' dir='ltr'><strong>eo,</strong></span> <span class='ocrx_word' id='word_1_643' title='bbox 1759 2180 1833 2214; x_wconf 89' lang='lat' dir='ltr'><strong>quod</strong></span> 
     </span>
    </p>
   </div>
   <div class='ocr_carea' id='block_1_92' title="bbox 206 2214 992 2260">
    <p class='ocr_par' dir='ltr' id='par_1_92' title="bbox 206 2214 992 2254">
     <span class='ocr_line' id='line_1_92' title="bbox 206 2214 992 2254; baseline 0.006 -13"><span class='ocrx_word' id='word_1_644' title='bbox 206 2215 288 2241; x_wconf 85' lang='lat' dir='ltr'><strong>clcsia</strong></span> <span class='ocrx_word' id='word_1_645' title='bbox 303 2214 449 2242; x_wconf 86' lang='lat' dir='ltr'><strong>Sabbatum</strong></span> <span class='ocrx_word' id='word_1_646' title='bbox 463 2216 560 2250; x_wconf 76' lang='lat' dir='ltr'><strong>jejunii</strong></span> <span class='ocrx_word' id='word_1_647' title='bbox 582 2225 678 2251; x_wconf 76' lang='lat' dir='ltr'><strong>expers</strong></span> <span class='ocrx_word' id='word_1_648' title='bbox 700 2217 759 2244; x_wconf 79' lang='lat' dir='ltr'><strong>fuit.</strong></span> <span class='ocrx_word' id='word_1_649' title='bbox 775 2217 829 2245; x_wconf 84' lang='lat' dir='ltr'><strong>Nec</strong></span> <span class='ocrx_word' id='word_1_650' title='bbox 852 2219 992 2254; x_wconf 82' lang='lat' dir='ltr'><strong>ignorabat</strong></span> 
     </span>
    </p>
   </div>
   <div class='ocr_carea' id='block_1_93' title="bbox 1044 2214 1833 2260">
    <p class='ocr_par' dir='ltr' id='par_1_93' title="bbox 1046 2214 1833 2260">
     <span class='ocr_line' id='line_1_93' title="bbox 1046 2214 1833 2260; baseline 0.003 -8"><span class='ocrx_word' id='word_1_651' title='bbox 1046 2226 1211 2253; x_wconf 84' lang='lat' dir='ltr'><strong>Laodicense</strong></span> <span class='ocrx_word' id='word_1_652' title='bbox 1225 2214 1323 2254; x_wconf 82' lang='lat' dir='ltr'><strong>concil.</strong></span> <span class='ocrx_word' id='word_1_653' title='bbox 1349 2234 1410 2253; x_wconf 89' lang='lat' dir='ltr'><strong>can.</strong></span> <span class='ocrx_word' id='word_1_654' title='bbox 1438 2226 1473 2253; x_wconf 75' lang='lat'><strong>29</strong></span> <span class='ocrx_word' id='word_1_655' title='bbox 1498 2226 1598 2260; x_wconf 73' lang='lat' dir='ltr'><strong>diserte</strong></span> <span class='ocrx_word' id='word_1_656' title='bbox 1614 2231 1689 2253; x_wconf 76' lang='lat' dir='ltr'><strong>vetat</strong></span> <span class='ocrx_word' id='word_1_657' title='bbox 1714 2227 1833 2254; x_wconf 85' lang='lat' dir='ltr'><strong>Sabbato</strong></span> 
     </span>
    </p>
   </div>
   <div class='ocr_carea' id='block_1_94' title="bbox 207 2261 991 2299">
    <p class='ocr_par' dir='ltr' id='par_1_94' title="bbox 207 2261 991 2299">
     <span class='ocr_line' id='line_1_94' title="bbox 207 2261 991 2299; baseline 0.009 -13"><span class='ocrx_word' id='word_1_658' title='bbox 207 2261 374 2295; x_wconf 72' lang='lat' dir='ltr'><strong>Epiphanius</strong></span> <span class='ocrx_word' id='word_1_659' title='bbox 386 2262 463 2288; x_wconf 89' lang='lat' dir='ltr'><strong>aliter</strong></span> <span class='ocrx_word' id='word_1_660' title='bbox 477 2262 570 2289; x_wconf 74' lang='lat' dir='ltr'><strong>Roma:</strong></span> <span class='ocrx_word' id='word_1_661' title='bbox 595 2267 622 2290; x_wconf 87' lang='lat' dir='ltr'><strong>et</strong></span> <span class='ocrx_word' id='word_1_662' title='bbox 644 2263 671 2289; x_wconf 92' lang='lat' dir='ltr'><strong>in</strong></span> <span class='ocrx_word' id='word_1_663' title='bbox 686 2263 822 2299; x_wconf 86' lang='lat' dir='ltr'><strong>plerisque</strong></span> <span class='ocrx_word' id='word_1_664' title='bbox 835 2264 991 2293; x_wconf 84' lang='lat' dir='ltr'><strong>Occidentis</strong></span> 
     </span>
    </p>
   </div>
   <div class='ocr_carea' id='block_1_95' title="bbox 205 2308 990 2344">
    <p class='ocr_par' dir='ltr' id='par_1_95' title="bbox 205 2308 990 2344">
     <span class='ocr_line' id='line_1_95' title="bbox 205 2308 990 2344; baseline 0.006 -11"><span class='ocrx_word' id='word_1_665' title='bbox 205 2308 370 2342; x_wconf 74' lang='lat' dir='ltr'><strong>regionibus,</strong></span> <span class='ocrx_word' id='word_1_666' title='bbox 389 2315 470 2342; x_wconf 91' lang='lat' dir='ltr'><strong>quam</strong></span> <span class='ocrx_word' id='word_1_667' title='bbox 490 2308 516 2334; x_wconf 92' lang='lat' dir='ltr'><strong>in</strong></span> <span class='ocrx_word' id='word_1_668' title='bbox 538 2308 648 2336; x_wconf 88' lang='lat' dir='ltr'><strong>Oriente</strong></span> <span class='ocrx_word' id='word_1_669' title='bbox 663 2310 788 2344; x_wconf 87' lang='lat' dir='ltr'><strong>usurpari</strong></span> <span class='ocrx_word' id='word_1_670' title='bbox 805 2312 990 2339; x_wconf 84' lang='lat' dir='ltr'><strong>consuevissc.</strong></span> 
     </span>
    </p>
   </div>
   <div class='ocr_carea' id='block_1_96' title="bbox 206 2353 993 2391">
    <p class='ocr_par' dir='ltr' id='par_1_96' title="bbox 206 2353 993 2391">
     <span class='ocr_line' id='line_1_96' title="bbox 206 2353 993 2391; baseline 0.008 -12"><span class='ocrx_word' id='word_1_671' title='bbox 206 2354 310 2380; x_wconf 86' lang='lat' dir='ltr'><strong>Etenim</strong></span> <span class='ocrx_word' id='word_1_672' title='bbox 328 2353 454 2386; x_wconf 78' lang='lat' dir='ltr'><strong>Romani,</strong></span> <span class='ocrx_word' id='word_1_673' title='bbox 467 2354 539 2388; x_wconf 90' lang='lat' dir='ltr'><strong>quod</strong></span> <span class='ocrx_word' id='word_1_674' title='bbox 554 2355 681 2382; x_wconf 83' lang='lat' dir='ltr'><strong>Socrates</strong></span> <span class='ocrx_word' id='word_1_675' title='bbox 693 2355 739 2382; x_wconf 87' lang='lat' dir='ltr'><strong>lib.</strong></span> <span class='ocrx_word' id='word_1_676' title='bbox 752 2364 779 2386; x_wconf 84' lang='lat' dir='ltr'><strong>v.</strong></span> <span class='ocrx_word' id='word_1_677' title='bbox 800 2357 859 2391; x_wconf 78' lang='lat' dir='ltr'><strong>cap.</strong></span> <span class='ocrx_word' id='word_1_678' title='bbox 874 2357 909 2383; x_wconf 70' lang='lat'><strong>22</strong></span> <span class='ocrx_word' id='word_1_679' title='bbox 924 2357 993 2384; x_wconf 84' lang='lat' dir='ltr'><strong>scri-</strong></span> 
     </span>
    </p>
   </div>
   <div class='ocr_carea' id='block_1_97' title="bbox 205 2400 992 2437">
    <p class='ocr_par' dir='ltr' id='par_1_97' title="bbox 205 2400 992 2437">
     <span class='ocr_line' id='line_1_97' title="bbox 205 2400 992 2437; baseline 0.006 -11"><span class='ocrx_word' id='word_1_680' title='bbox 205 2400 262 2431; x_wconf 85' lang='lat' dir='ltr'><strong>bit,</strong></span> <span class='ocrx_word' id='word_1_681' title='bbox 281 2401 334 2426; x_wconf 71' lang='lat' dir='ltr'><strong>m‘iv</strong></span> <span class='ocrx_word' id='word_1_682' title='bbox 350 2401 488 2427; x_wconf 73' lang='grc' dir='ltr'>Σάϐϐατον</span> <span class='ocrx_word' id='word_1_683' title='bbox 513 2401 682 2436; x_wconf 62' lang='lat' dir='ltr'><strong>vna-reuocat.</strong></span> <span class='ocrx_word' id='word_1_684' title='bbox 709 2402 747 2429; x_wconf 85' lang='lat' dir='ltr'><strong>De</strong></span> <span class='ocrx_word' id='word_1_685' title='bbox 773 2411 827 2437; x_wconf 87' lang='lat' dir='ltr'><strong>quo</strong></span> <span class='ocrx_word' id='word_1_686' title='bbox 854 2403 992 2431; x_wconf 80' lang='lat' dir='ltr'><strong>fusissimo</strong></span> 
     </span>
    </p>
   </div>
   <div class='ocr_carea' id='block_1_98' title="bbox 206 2445 991 2482">
    <p class='ocr_par' dir='ltr' id='par_1_98' title="bbox 206 2445 991 2482">
     <span class='ocr_line' id='line_1_98' title="bbox 206 2445 991 2482; baseline 0.004 -11"><span class='ocrx_word' id='word_1_687' title='bbox 206 2445 327 2480; x_wconf 89' lang='lat' dir='ltr'><strong>disputat</strong></span> <span class='ocrx_word' id='word_1_688' title='bbox 341 2446 455 2480; x_wconf 78' lang='lat' dir='ltr'><strong>August.</strong></span> <span class='ocrx_word' id='word_1_689' title='bbox 473 2446 552 2480; x_wconf 88' lang='lat' dir='ltr'><strong>epist.</strong></span> <span class='ocrx_word' id='word_1_690' title='bbox 573 2446 607 2473; x_wconf 88' lang='grc'>86</span> <span class='ocrx_word' id='word_1_691' title='bbox 626 2451 652 2474; x_wconf 90' lang='lat' dir='ltr'><strong>et</strong></span> <span class='ocrx_word' id='word_1_692' title='bbox 669 2447 748 2482; x_wconf 84' lang='lat' dir='ltr'><strong>epist.</strong></span> <span class='ocrx_word' id='word_1_693' title='bbox 765 2447 815 2474; x_wconf 87' lang='grc'><strong>118</strong></span> <span class='ocrx_word' id='word_1_694' title='bbox 829 2467 835 2479; x_wconf 86' lang='grc'><em>,</em></span> <span class='ocrx_word' id='word_1_695' title='bbox 852 2452 878 2474; x_wconf 80' lang='lat' dir='ltr'><strong>et</strong></span> <span class='ocrx_word' id='word_1_696' title='bbox 893 2449 919 2474; x_wconf 95' lang='lat' dir='ltr'><strong>in</strong></span> <span class='ocrx_word' id='word_1_697' title='bbox 934 2448 991 2474; x_wconf 78' lang='lat' dir='ltr'><strong>An-</strong></span> 
     </span>
    </p>
   </div>
   <div class='ocr_carea' id='block_1_99' title="bbox 205 2491 992 2525">
    <p class='ocr_par' dir='ltr' id='par_1_99' title="bbox 205 2491 992 2525">
     <span class='ocr_line' id='line_1_99' title="bbox 205 2491 992 2525; baseline 0.003 -6"><span class='ocrx_word' id='word_1_698' title='bbox 205 2491 311 2519; x_wconf 82' lang='lat' dir='ltr'><strong>nalibus</strong></span> <span class='ocrx_word' id='word_1_699' title='bbox 337 2491 470 2519; x_wconf 87' lang='lat' dir='ltr'><strong>Barouius</strong></span> <span class='ocrx_word' id='word_1_700' title='bbox 493 2492 526 2519; x_wconf 91' lang='lat' dir='ltr'><strong>ad</strong></span> <span class='ocrx_word' id='word_1_701' title='bbox 552 2500 596 2519; x_wconf 92' lang='lat' dir='ltr'><strong>an.</strong></span> <span class='ocrx_word' id='word_1_702' title='bbox 616 2493 660 2520; x_wconf 68' lang='grc' dir='ltr'><strong>δε.</strong></span> <span class='ocrx_word' id='word_1_703' title='bbox 681 2493 770 2525; x_wconf 85' lang='lat' dir='ltr'><strong>Quare</strong></span> <span class='ocrx_word' id='word_1_704' title='bbox 795 2494 869 2520; x_wconf 92' lang='lat' dir='ltr'><strong>nulla</strong></span> <span class='ocrx_word' id='word_1_705' title='bbox 892 2498 933 2521; x_wconf 80' lang='lat' dir='ltr'><strong>est</strong></span> <span class='ocrx_word' id='word_1_706' title='bbox 958 2494 992 2521; x_wconf 83' lang='lat' dir='ltr'><strong>ab</strong></span> 
     </span>
    </p>
   </div>
   <div class='ocr_carea' id='block_1_100' title="bbox 206 2537 992 2575">
    <p class='ocr_par' dir='ltr' id='par_1_100' title="bbox 206 2537 992 2575">
     <span class='ocr_line' id='line_1_100' title="bbox 206 2537 992 2575; baseline 0.005 -11"><span class='ocrx_word' id='word_1_707' title='bbox 206 2538 338 2573; x_wconf 84' lang='lat' dir='ltr'><strong>apostolis</strong></span> <span class='ocrx_word' id='word_1_708' title='bbox 351 2537 422 2564; x_wconf 87' lang='lat' dir='ltr'><strong>edita</strong></span> <span class='ocrx_word' id='word_1_709' title='bbox 437 2539 543 2566; x_wconf 90' lang='lat' dir='ltr'><strong>sanctio</strong></span> <span class='ocrx_word' id='word_1_710' title='bbox 553 2559 561 2572; x_wconf 87' lang='lat'><strong>,</strong></span> <span class='ocrx_word' id='word_1_711' title='bbox 576 2547 627 2573; x_wconf 85' lang='lat' dir='ltr'><strong>qua</strong></span> <span class='ocrx_word' id='word_1_712' title='bbox 641 2539 774 2574; x_wconf 87' lang='lat' dir='ltr'><strong>jejunium</strong></span> <span class='ocrx_word' id='word_1_713' title='bbox 790 2547 822 2567; x_wconf 83' lang='lat' dir='ltr'><strong>eo</strong></span> <span class='ocrx_word' id='word_1_714' title='bbox 840 2541 883 2567; x_wconf 91' lang='lat' dir='ltr'><strong>die</strong></span> <span class='ocrx_word' id='word_1_715' title='bbox 899 2540 992 2575; x_wconf 89' lang='lat' dir='ltr'><strong>prohi-</strong></span> 
     </span>
    </p>
   </div>
   <div class='ocr_carea' id='block_1_101' title="bbox 206 2585 991 2622">
    <p class='ocr_par' dir='ltr' id='par_1_101' title="bbox 206 2585 991 2622">
     <span class='ocr_line' id='line_1_101' title="bbox 206 2585 991 2622; baseline 0.004 -10"><span class='ocrx_word' id='word_1_716' title='bbox 206 2586 324 2617; x_wconf 87' lang='lat' dir='ltr'><strong>beretur,</strong></span> <span class='ocrx_word' id='word_1_717' title='bbox 344 2590 373 2612; x_wconf 90' lang='lat' dir='ltr'><strong>ut</strong></span> <span class='ocrx_word' id='word_1_718' title='bbox 397 2585 566 2620; x_wconf 78' lang='lat' dir='ltr'><strong>Augustinus</strong></span> <span class='ocrx_word' id='word_1_719' title='bbox 590 2586 688 2614; x_wconf 81' lang='lat' dir='ltr'><strong>asserit</strong></span> <span class='ocrx_word' id='word_1_720' title='bbox 704 2586 782 2622; x_wconf 87' lang='lat' dir='ltr'><strong>epist.</strong></span> <span class='ocrx_word' id='word_1_721' title='bbox 803 2586 872 2620; x_wconf 81' lang='grc'><strong>118,</strong></span> <span class='ocrx_word' id='word_1_722' title='bbox 894 2588 940 2615; x_wconf 90' lang='lat' dir='ltr'><strong>ubi</strong></span> <span class='ocrx_word' id='word_1_723' title='bbox 964 2589 991 2615; x_wconf 90' lang='lat' dir='ltr'><strong>in</strong></span> 
     </span>
    </p>
   </div>
   <div class='ocr_carea' id='block_1_102' title="bbox 206 2631 992 2668">
    <p class='ocr_par' dir='ltr' id='par_1_102' title="bbox 206 2631 992 2668">
     <span class='ocr_line' id='line_1_102' title="bbox 206 2631 992 2668; baseline 0.005 -11"><span class='ocrx_word' id='word_1_724' title='bbox 206 2631 287 2658; x_wconf 88' lang='lat' dir='ltr'><strong>rebus</strong></span> <span class='ocrx_word' id='word_1_725' title='bbox 303 2631 459 2666; x_wconf 85' lang='lat' dir='ltr'><strong>hujusmodi</strong></span> <span class='ocrx_word' id='word_1_726' title='bbox 473 2636 552 2666; x_wconf 81' lang='lat' dir='ltr'><strong>negat</strong></span> <span class='ocrx_word' id='word_1_727' title='bbox 566 2632 713 2666; x_wconf 84' lang='lat' dir='ltr'><strong>quidquam</strong></span> <span class='ocrx_word' id='word_1_728' title='bbox 725 2640 786 2660; x_wconf 86' lang='lat' dir='ltr'><strong>esse</strong></span> <span class='ocrx_word' id='word_1_729' title='bbox 797 2633 835 2660; x_wconf 79' lang='lat' dir='ltr'><strong>vel</strong></span> <span class='ocrx_word' id='word_1_730' title='bbox 847 2633 992 2668; x_wconf 77' lang='lat' dir='ltr'><strong>Scriptura:</strong></span> 
     </span>
    </p>
   </div>
   <div class='ocr_carea' id='block_1_103' title="bbox 203 2679 992 2713">
    <p class='ocr_par' dir='ltr' id='par_1_103' title="bbox 203 2679 992 2713">
     <span class='ocr_line' id='line_1_103' title="bbox 203 2679 992 2713; baseline 0.005 -8"><span class='ocrx_word' id='word_1_731' title='bbox 203 2684 304 2705; x_wconf 74' lang='lat' dir='ltr'><strong>sunctte</strong></span> <span class='ocrx_word' id='word_1_732' title='bbox 330 2679 489 2706; x_wconf 81' lang='lat' dir='ltr'><strong>auctoritate</strong></span> <span class='ocrx_word' id='word_1_733' title='bbox 501 2700 509 2713; x_wconf 89' lang='lat'><strong>,</strong></span> <span class='ocrx_word' id='word_1_734' title='bbox 527 2680 565 2706; x_wconf 81' lang='lat' dir='ltr'><strong>vel</strong></span> <span class='ocrx_word' id='word_1_735' title='bbox 588 2680 744 2707; x_wconf 72' lang='lat' dir='ltr'><strong>universalis</strong></span> <span class='ocrx_word' id='word_1_736' title='bbox 766 2680 890 2709; x_wconf 77' lang='lat' dir='ltr'><strong>Ecclesiw</strong></span> <span class='ocrx_word' id='word_1_737' title='bbox 906 2683 992 2709; x_wconf 82' lang='lat' dir='ltr'><strong>tradi-</strong></span> 
     </span>
    </p>
   </div>
   <div class='ocr_carea' id='block_1_104' title="bbox 204 2725 991 2762">
    <p class='ocr_par' dir='ltr' id='par_1_104' title="bbox 204 2725 991 2762">
     <span class='ocr_line' id='line_1_104' title="bbox 204 2725 991 2762; baseline 0.006 -11"><span class='ocrx_word' id='word_1_738' title='bbox 204 2725 275 2751; x_wconf 78' lang='lat' dir='ltr'><strong>tione</strong></span> <span class='ocrx_word' id='word_1_739' title='bbox 284 2725 506 2757; x_wconf 73' lang='lat' dir='ltr'><strong>determinatam;</strong></span> <span class='ocrx_word' id='word_1_740' title='bbox 521 2726 566 2753; x_wconf 85' lang='lat' dir='ltr'><strong>sed</strong></span> <span class='ocrx_word' id='word_1_741' title='bbox 581 2726 654 2760; x_wconf 81' lang='lat' dir='ltr'><strong>ejus,</strong></span> <span class='ocrx_word' id='word_1_742' title='bbox 670 2727 696 2753; x_wconf 92' lang='lat' dir='ltr'><strong>in</strong></span> <span class='ocrx_word' id='word_1_743' title='bbox 717 2735 768 2762; x_wconf 89' lang='lat' dir='ltr'><strong>qua</strong></span> <span class='ocrx_word' id='word_1_744' title='bbox 787 2728 904 2756; x_wconf 81' lang='lat' dir='ltr'><strong>verseris</strong></span> <span class='ocrx_word' id='word_1_745' title='bbox 915 2749 922 2762; x_wconf 95' lang='lat'><strong>,</strong></span> <span class='ocrx_word' id='word_1_746' title='bbox 938 2728 991 2756; x_wconf 78' lang='lat' dir='ltr'><strong>Ec-</strong></span> 
     </span>
    </p>
   </div>
   <div class='ocr_carea' id='block_1_105' title="bbox 204 2770 992 2810">
    <p class='ocr_par' dir='ltr' id='par_1_105' title="bbox 204 2770 992 2810">
     <span class='ocr_line' id='line_1_105' title="bbox 204 2770 992 2810; baseline 0.005 -13"><span class='ocrx_word' id='word_1_747' title='bbox 204 2770 294 2798; x_wconf 69' lang='lat' dir='ltr'><strong>clcsite</strong></span> <span class='ocrx_word' id='word_1_748' title='bbox 308 2772 496 2798; x_wconf 74' lang='lat' dir='ltr'><strong>tonsuetudini</strong></span> <span class='ocrx_word' id='word_1_749' title='bbox 512 2771 752 2806; x_wconf 83' lang='lat' dir='ltr'><strong>obtemperandnm</strong></span> <span class='ocrx_word' id='word_1_750' title='bbox 769 2782 838 2801; x_wconf 77' lang='lat' dir='ltr'><strong>esse.</strong></span> <span class='ocrx_word' id='word_1_751' title='bbox 858 2774 916 2807; x_wconf 89' lang='lat' dir='ltr'><strong>Qua</strong></span> <span class='ocrx_word' id='word_1_752' title='bbox 931 2775 992 2810; x_wconf 86' lang='lat' dir='ltr'><strong>qui—</strong></span> 
     </span>
    </p>
   </div>
   <div class='ocr_carea' id='block_1_106' title="bbox 202 2816 990 2854">
    <p class='ocr_par' dir='ltr' id='par_1_106' title="bbox 202 2816 990 2854">
     <span class='ocr_line' id='line_1_106' title="bbox 202 2816 990 2854; baseline 0.008 -12"><span class='ocrx_word' id='word_1_753' title='bbox 202 2816 265 2843; x_wconf 80' lang='lat' dir='ltr'><strong>dem</strong></span> <span class='ocrx_word' id='word_1_754' title='bbox 294 2817 495 2852; x_wconf 79' lang='lat' dir='ltr'><strong>praescriptione</strong></span> <span class='ocrx_word' id='word_1_755' title='bbox 525 2822 653 2853; x_wconf 86' lang='lat' dir='ltr'><strong>tanquam</strong></span> <span class='ocrx_word' id='word_1_756' title='bbox 684 2820 793 2854; x_wconf 86' lang='lat' dir='ltr'><strong>spurius</strong></span> <span class='ocrx_word' id='word_1_757' title='bbox 825 2825 852 2847; x_wconf 89' lang='lat' dir='ltr'><strong>et</strong></span> <span class='ocrx_word' id='word_1_758' title='bbox 884 2821 990 2849; x_wconf 86' lang='lat' dir='ltr'><strong>alienus</strong></span> 
     </span>
    </p>
   </div>
   <div class='ocr_carea' id='block_1_107' title="bbox 205 2863 990 2900">
    <p class='ocr_par' dir='ltr' id='par_1_107' title="bbox 205 2863 990 2900">
     <span class='ocr_line' id='line_1_107' title="bbox 205 2863 990 2900; baseline 0.009 -11"><span class='ocrx_word' id='word_1_759' title='bbox 205 2869 291 2889; x_wconf 71' lang='lat' dir='ltr'><strong>canon</strong></span> <span class='ocrx_word' id='word_1_760' title='bbox 306 2863 349 2890; x_wconf 88' lang='lat' dir='ltr'><strong>ille</strong></span> <span class='ocrx_word' id='word_1_761' title='bbox 369 2863 500 2898; x_wconf 73' lang='lat' dir='ltr'><strong>rt&#39;jicitur,</strong></span> <span class='ocrx_word' id='word_1_762' title='bbox 515 2865 560 2900; x_wconf 88' lang='lat' dir='ltr'><strong>qui</strong></span> <span class='ocrx_word' id='word_1_763' title='bbox 578 2866 648 2893; x_wconf 87' lang='lat' dir='ltr'><strong>inter</strong></span> <span class='ocrx_word' id='word_1_764' title='bbox 668 2867 833 2900; x_wconf 86' lang='lat' dir='ltr'><strong>apostolicos</strong></span> <span class='ocrx_word' id='word_1_765' title='bbox 849 2867 882 2895; x_wconf 83' lang='lat'><strong>68</strong></span> <span class='ocrx_word' id='word_1_766' title='bbox 897 2875 990 2896; x_wconf 88' lang='lat' dir='ltr'><strong>nume-</strong></span> 
     </span>
    </p>
   </div>
   <div class='ocr_carea' id='block_1_108' title="bbox 1045 2271 1835 2307">
    <p class='ocr_par' dir='ltr' id='par_1_108' title="bbox 1045 2271 1835 2307">
     <span class='ocr_line' id='line_1_108' title="bbox 1045 2271 1835 2307; baseline 0.001 -9"><span class='ocrx_word' id='word_1_767' title='bbox 1045 2272 1148 2298; x_wconf 88' lang='lat' dir='ltr'><strong>otiosos</strong></span> <span class='ocrx_word' id='word_1_768' title='bbox 1169 2278 1229 2299; x_wconf 88' lang='lat' dir='ltr'><strong>esse</strong></span> <span class='ocrx_word' id='word_1_769' title='bbox 1249 2271 1430 2299; x_wconf 85' lang='lat' dir='ltr'><strong>Christianos.</strong></span> <span class='ocrx_word' id='word_1_770' title='bbox 1459 2271 1520 2298; x_wconf 81' lang='grc' dir='ltr'><strong>’Ότι</strong></span> <span class='ocrx_word' id='word_1_771' title='bbox 1543 2272 1574 2298; x_wconf 75' lang='grc' dir='ltr'><strong>οὐ</strong></span> <span class='ocrx_word' id='word_1_772' title='bbox 1593 2271 1634 2297; x_wconf 77' lang='grc' dir='ltr'><strong>δεῖ</strong></span> <span class='ocrx_word' id='word_1_773' title='bbox 1654 2271 1835 2307; x_wconf 72' lang='grc' dir='ltr'>Χριστιανοὺς</span> 
     </span>
    </p>
   </div>
   <div class='ocr_carea' id='block_1_109' title="bbox 1050 2317 1834 2354">
    <p class='ocr_par' dir='ltr' id='par_1_109' title="bbox 1050 2317 1834 2354">
     <span class='ocr_line' id='line_1_109' title="bbox 1050 2317 1834 2354; baseline 0.003 -11"><span class='ocrx_word' id='word_1_774' title='bbox 1050 2317 1220 2350; x_wconf 69' lang='grc' dir='ltr'><strong>Ἰουδαΐζειν,</strong></span> <span class='ocrx_word' id='word_1_775' title='bbox 1245 2318 1292 2344; x_wconf 73' lang='grc' dir='ltr'>καὶ</span> <span class='ocrx_word' id='word_1_776' title='bbox 1316 2318 1344 2343; x_wconf 82' lang='grc' dir='ltr'>ἐν</span> <span class='ocrx_word' id='word_1_777' title='bbox 1368 2317 1406 2352; x_wconf 76' lang='grc' dir='ltr'>τῷ</span> <span class='ocrx_word' id='word_1_778' title='bbox 1432 2318 1564 2354; x_wconf 78' lang='grc' dir='ltr'><strong>Σαϐϐάτῳ</strong></span> <span class='ocrx_word' id='word_1_779' title='bbox 1586 2319 1744 2354; x_wconf 73' lang='grc' dir='ltr'><strong>σχολάζειν,</strong></span> <span class='ocrx_word' id='word_1_780' title='bbox 1765 2319 1834 2345; x_wconf 75' lang='grc' dir='ltr'><strong>ἀλλὰ</strong></span> 
     </span>
    </p>
   </div>
   <div class='ocr_carea' id='block_1_110' title="bbox 1044 2362 1834 2400">
    <p class='ocr_par' dir='ltr' id='par_1_110' title="bbox 1044 2362 1834 2400">
     <span class='ocr_line' id='line_1_110' title="bbox 1044 2362 1834 2400; baseline 0.004 -12"><span class='ocrx_word' id='word_1_781' title='bbox 1044 2362 1207 2398; x_wconf 77' lang='grc' dir='ltr'>ἐργάζεσθαι</span> <span class='ocrx_word' id='word_1_782' title='bbox 1233 2363 1330 2394; x_wconf 75' lang='grc' dir='ltr'>αὐτοὺς</span> <span class='ocrx_word' id='word_1_783' title='bbox 1356 2363 1385 2389; x_wconf 82' lang='grc' dir='ltr'>ὲν</span> <span class='ocrx_word' id='word_1_784' title='bbox 1406 2365 1445 2398; x_wconf 86' lang='grc' dir='ltr'><strong>τῇ·</strong></span> <span class='ocrx_word' id='word_1_785' title='bbox 1458 2364 1526 2398; x_wconf 74' lang='grc' dir='ltr'>αὐτῇ</span> <span class='ocrx_word' id='word_1_786' title='bbox 1542 2365 1634 2400; x_wconf 72' lang='grc' dir='ltr'><strong>ἡμέρᾳ</strong></span> <span class='ocrx_word' id='word_1_787' title='bbox 1646 2385 1652 2396; x_wconf 89' lang='lat'><strong>,</strong></span> <span class='ocrx_word' id='word_1_788' title='bbox 1672 2365 1720 2400; x_wconf 81' lang='grc' dir='ltr'>τὴν</span> <span class='ocrx_word' id='word_1_789' title='bbox 1733 2365 1764 2400; x_wconf 83' lang='grc' dir='ltr'><strong>δὴ</strong></span> <span class='ocrx_word' id='word_1_790' title='bbox 1778 2366 1834 2391; x_wconf 75' lang='grc' dir='ltr'><strong>Κυ-</strong></span> 
     </span>
    </p>
   </div>
   <div class='ocr_carea' id='block_1_111' title="bbox 1046 2407 1834 2445">
    <p class='ocr_par' dir='ltr' id='par_1_111' title="bbox 1046 2407 1834 2445">
     <span class='ocr_line' id='line_1_111' title="bbox 1046 2407 1834 2445; baseline 0.003 -11"><span class='ocrx_word' id='word_1_791' title='bbox 1046 2408 1142 2443; x_wconf 74' lang='grc' dir='ltr'>ριακὴν</span> <span class='ocrx_word' id='word_1_792' title='bbox 1157 2409 1360 2444; x_wconf 75' lang='grc' dir='ltr'><strong>προτιμῶντας,</strong></span> <span class='ocrx_word' id='word_1_793' title='bbox 1377 2409 1403 2435; x_wconf 80' lang='grc' dir='ltr'>εἴ</span> <span class='ocrx_word' id='word_1_794' title='bbox 1423 2407 1460 2442; x_wconf 83' lang='grc' dir='ltr'><strong>γέ</strong></span> <span class='ocrx_word' id='word_1_795' title='bbox 1481 2409 1603 2436; x_wconf 81' lang='grc' dir='ltr'><strong>δύναιντο</strong></span> <span class='ocrx_word' id='word_1_796' title='bbox 1623 2409 1781 2445; x_wconf 79' lang='grc' dir='ltr'>σχολάζειν,</span> <span class='ocrx_word' id='word_1_797' title='bbox 1796 2411 1834 2442; x_wconf 80' lang='grc' dir='ltr'><strong>ὡς</strong></span> 
     </span>
    </p>
   </div>
   <div class='ocr_carea' id='block_1_112' title="bbox 1042 2455 1833 2490">
    <p class='ocr_par' dir='ltr' id='par_1_112' title="bbox 1042 2455 1833 2490">
     <span class='ocr_line' id='line_1_112' title="bbox 1042 2455 1833 2490; baseline 0.003 -10"><span class='ocrx_word' id='word_1_798' title='bbox 1042 2455 1218 2489; x_wconf 75' lang='grc' dir='ltr'>Χριστιανοι·</span> <span class='ocrx_word' id='word_1_799' title='bbox 1239 2456 1262 2481; x_wconf 86' lang='grc' dir='ltr'>εἰ</span> <span class='ocrx_word' id='word_1_800' title='bbox 1286 2455 1313 2481; x_wconf 84' lang='grc' dir='ltr'><strong>δὲ</strong></span> <span class='ocrx_word' id='word_1_801' title='bbox 1329 2455 1464 2490; x_wconf 82' lang='grc' dir='ltr'>εὑρεθεῖεν</span> <span class='ocrx_word' id='word_1_802' title='bbox 1499 2456 1657 2482; x_wconf 72' lang='grc' dir='ltr'><strong>’ἰουδαῖσταὶ</strong></span> <span class='ocrx_word' id='word_1_803' title='bbox 1671 2476 1678 2487; x_wconf 91' lang='grc'><em>,</em></span> <span class='ocrx_word' id='word_1_804' title='bbox 1711 2456 1833 2483; x_wconf 71' lang='grc' dir='ltr'><strong>ἔστωσαν</strong></span> 
     </span>
    </p>
   </div>
   <div class='ocr_carea' id='block_1_113' title="bbox 1043 2500 1834 2537">
    <p class='ocr_par' dir='ltr' id='par_1_113' title="bbox 1043 2500 1834 2537">
     <span class='ocr_line' id='line_1_113' title="bbox 1043 2500 1834 2537; baseline 0.004 -11"><span class='ocrx_word' id='word_1_805' title='bbox 1043 2500 1165 2535; x_wconf 80' lang='grc' dir='ltr'>ἀνάθεμα</span> <span class='ocrx_word' id='word_1_806' title='bbox 1179 2502 1254 2537; x_wconf 72' lang='grc' dir='ltr'>παρὰ</span> <span class='ocrx_word' id='word_1_807' title='bbox 1268 2500 1388 2536; x_wconf 78' lang='grc' dir='ltr'><strong>Χριστῷ.</strong></span> <span class='ocrx_word' id='word_1_808' title='bbox 1401 2501 1550 2530; x_wconf 90' lang='lat' dir='ltr'><strong>Dominicis</strong></span> <span class='ocrx_word' id='word_1_809' title='bbox 1566 2502 1656 2537; x_wconf 91' lang='lat' dir='ltr'><strong>potius</strong></span> <span class='ocrx_word' id='word_1_810' title='bbox 1667 2509 1749 2537; x_wconf 83' lang='lat' dir='ltr'><strong>quant</strong></span> <span class='ocrx_word' id='word_1_811' title='bbox 1764 2501 1834 2529; x_wconf 88' lang='lat' dir='ltr'><strong>Sab-</strong></span> 
     </span>
    </p>
   </div>
   <div class='ocr_carea' id='block_1_114' title="bbox 1043 2547 1834 2582">
    <p class='ocr_par' dir='ltr' id='par_1_114' title="bbox 1043 2547 1834 2582">
     <span class='ocr_line' id='line_1_114' title="bbox 1043 2547 1834 2582; baseline 0.001 -9"><span class='ocrx_word' id='word_1_812' title='bbox 1043 2547 1113 2574; x_wconf 89' lang='lat' dir='ltr'><strong>batis</strong></span> <span class='ocrx_word' id='word_1_813' title='bbox 1129 2555 1225 2575; x_wconf 71' lang='lat' dir='ltr'><strong>vacare</strong></span> <span class='ocrx_word' id='word_1_814' title='bbox 1239 2548 1331 2582; x_wconf 88' lang='lat' dir='ltr'><strong>jubet:</strong></span> <span class='ocrx_word' id='word_1_815' title='bbox 1345 2554 1372 2575; x_wconf 87' lang='lat' dir='ltr'><strong>et</strong></span> <span class='ocrx_word' id='word_1_816' title='bbox 1391 2549 1464 2576; x_wconf 92' lang='lat' dir='ltr'><strong>addit</strong></span> <span class='ocrx_word' id='word_1_817' title='bbox 1476 2554 1577 2580; x_wconf 87' lang='lat' dir='ltr'><strong>tamen,</strong></span> <span class='ocrx_word' id='word_1_818' title='bbox 1594 2549 1616 2575; x_wconf 85' lang='lat' dir='ltr'><strong>si</strong></span> <span class='ocrx_word' id='word_1_819' title='bbox 1633 2548 1739 2575; x_wconf 90' lang='lat' dir='ltr'><strong>illorum</strong></span> <span class='ocrx_word' id='word_1_820' title='bbox 1757 2556 1834 2575; x_wconf 82' lang='lat' dir='ltr'><strong>eum-</strong></span> 
     </span>
    </p>
   </div>
   <div class='ocr_carea' id='block_1_115' title="bbox 1043 2593 1834 2628">
    <p class='ocr_par' dir='ltr' id='par_1_115' title="bbox 1043 2593 1834 2628">
     <span class='ocr_line' id='line_1_115' title="bbox 1043 2593 1834 2628; baseline 0 -9"><span class='ocrx_word' id='word_1_821' title='bbox 1043 2593 1125 2620; x_wconf 88' lang='lat' dir='ltr'><strong>modo</strong></span> <span class='ocrx_word' id='word_1_822' title='bbox 1142 2594 1198 2620; x_wconf 72' lang='lat' dir='ltr'><strong>tieri</strong></span> <span class='ocrx_word' id='word_1_823' title='bbox 1220 2598 1317 2628; x_wconf 83' lang='lat' dir='ltr'><strong>potest.</strong></span> <span class='ocrx_word' id='word_1_824' title='bbox 1336 2593 1371 2621; x_wconf 88' lang='lat' dir='ltr'><strong>Ut</strong></span> <span class='ocrx_word' id='word_1_825' title='bbox 1391 2595 1512 2622; x_wconf 90' lang='lat' dir='ltr'><strong>nondum</strong></span> <span class='ocrx_word' id='word_1_826' title='bbox 1538 2594 1592 2621; x_wconf 89' lang='lat' dir='ltr'><strong>illis</strong></span> <span class='ocrx_word' id='word_1_827' title='bbox 1612 2594 1781 2628; x_wconf 86' lang='lat' dir='ltr'><strong>temporibus</strong></span> <span class='ocrx_word' id='word_1_828' title='bbox 1800 2594 1834 2619; x_wconf 76' lang='lat' dir='ltr'><strong>ab</strong></span> 
     </span>
    </p>
   </div>
   <div class='ocr_carea' id='block_1_116' title="bbox 1042 2640 1831 2675">
    <p class='ocr_par' dir='ltr' id='par_1_116' title="bbox 1042 2640 1831 2675">
     <span class='ocr_line' id='line_1_116' title="bbox 1042 2640 1831 2675; baseline -0.001 -8"><span class='ocrx_word' id='word_1_829' title='bbox 1042 2640 1116 2667; x_wconf 86' lang='lat' dir='ltr'><strong>oumi</strong></span> <span class='ocrx_word' id='word_1_830' title='bbox 1129 2648 1210 2674; x_wconf 88' lang='lat' dir='ltr'><strong>opere</strong></span> <span class='ocrx_word' id='word_1_831' title='bbox 1227 2640 1338 2668; x_wconf 75' lang='lat' dir='ltr'><strong>feriatos</strong></span> <span class='ocrx_word' id='word_1_832' title='bbox 1351 2648 1411 2668; x_wconf 77' lang='lat' dir='ltr'><strong>esse</strong></span> <span class='ocrx_word' id='word_1_833' title='bbox 1422 2640 1530 2675; x_wconf 89' lang='lat' dir='ltr'><strong>penitus</strong></span> <span class='ocrx_word' id='word_1_834' title='bbox 1546 2640 1724 2668; x_wconf 83' lang='lat' dir='ltr'><strong>constitutum</strong></span> <span class='ocrx_word' id='word_1_835' title='bbox 1740 2640 1831 2669; x_wconf 75' lang='lat' dir='ltr'><strong>fuerit.</strong></span> 
     </span>
    </p>
   </div>
   <div class='ocr_carea' id='block_1_117' title="bbox 1043 2685 1799 2714">
    <p class='ocr_par' dir='ltr' id='par_1_117' title="bbox 1043 2685 1799 2714">
     <span class='ocr_line' id='line_1_117' title="bbox 1043 2685 1799 2714; baseline 0.003 -2"><span class='ocrx_word' id='word_1_836' title='bbox 1043 2686 1080 2712; x_wconf 88' lang='lat' dir='ltr'><strong>uti</strong></span> <span class='ocrx_word' id='word_1_837' title='bbox 1089 2685 1209 2713; x_wconf 86' lang='lat' dir='ltr'><strong>Zonaras</strong></span> <span class='ocrx_word' id='word_1_838' title='bbox 1218 2687 1376 2714; x_wconf 62' lang='lat' dir='ltr'><strong>ctlialsamo</strong></span> <span class='ocrx_word' id='word_1_839' title='bbox 1388 2687 1420 2714; x_wconf 84' lang='lat' dir='ltr'><strong>ad</strong></span> <span class='ocrx_word' id='word_1_840' title='bbox 1433 2687 1508 2714; x_wconf 93' lang='lat' dir='ltr'><strong>illum</strong></span> <span class='ocrx_word' id='word_1_841' title='bbox 1516 2695 1647 2714; x_wconf 84' lang='lat' dir='ltr'><strong>canoncm</strong></span> <span class='ocrx_word' id='word_1_842' title='bbox 1656 2687 1799 2714; x_wconf 88' lang='lat' dir='ltr'><strong>adnotant.</strong></span> 
     </span>
    </p>
   </div>
   <div class='ocr_carea' id='block_1_118' title="bbox 1079 2731 1832 2768">
    <p class='ocr_par' dir='ltr' id='par_1_118' title="bbox 1079 2731 1832 2768">
     <span class='ocr_line' id='line_1_118' title="bbox 1079 2731 1832 2768; baseline 0.001 -10"><span class='ocrx_word' id='word_1_843' title='bbox 1079 2731 1143 2759; x_wconf 86' lang='lat' dir='ltr'><strong>Ibid.</strong></span> <span class='ocrx_word' id='word_1_844' title='bbox 1155 2732 1254 2766; x_wconf 68' lang='grc' dir='ltr'><strong>Τὴινδὲ</strong></span> <span class='ocrx_word' id='word_1_845' title='bbox 1262 2732 1525 2767; x_wconf 73' lang='grc' dir='ltr'><strong>Τεσσαριικοστήι·.</strong></span> <span class='ocrx_word' id='word_1_846' title='bbox 1533 2733 1573 2759; x_wconf 88' lang='lat' dir='ltr'><strong>Ad</strong></span> <span class='ocrx_word' id='word_1_847' title='bbox 1587 2732 1832 2768; x_wconf 75' lang='lat' dir='ltr'><strong>quadragesimalis</strong></span> 
     </span>
    </p>
   </div>
   <div class='ocr_carea' id='block_1_119' title="bbox 1042 2777 1831 2811">
    <p class='ocr_par' dir='ltr' id='par_1_119' title="bbox 1042 2777 1831 2811">
     <span class='ocr_line' id='line_1_119' title="bbox 1042 2777 1831 2811; baseline 0 -8"><span class='ocrx_word' id='word_1_848' title='bbox 1042 2777 1137 2811; x_wconf 88' lang='lat' dir='ltr'><strong>jejnnii</strong></span> <span class='ocrx_word' id='word_1_849' title='bbox 1165 2778 1389 2806; x_wconf 89' lang='lat' dir='ltr'><strong>consuetudinem</strong></span> <span class='ocrx_word' id='word_1_850' title='bbox 1417 2779 1451 2806; x_wconf 90' lang='lat' dir='ltr'><strong>ab</strong></span> <span class='ocrx_word' id='word_1_851' title='bbox 1478 2779 1668 2807; x_wconf 75' lang='lat' dir='ltr'><strong>hmrcticornm</strong></span> <span class='ocrx_word' id='word_1_852' title='bbox 1695 2778 1831 2806; x_wconf 79' lang='lat' dir='ltr'><strong>calumnia</strong></span> 
     </span>
    </p>
   </div>
   <div class='ocr_carea' id='block_1_120' title="bbox 1043 2822 1832 2859">
    <p class='ocr_par' dir='ltr' id='par_1_120' title="bbox 1043 2822 1832 2859">
     <span class='ocr_line' id='line_1_120' title="bbox 1043 2822 1832 2859; baseline 0 -11"><span class='ocrx_word' id='word_1_853' title='bbox 1043 2822 1236 2849; x_wconf 75' lang='lat' dir='ltr'><strong>vindicandum</strong></span> <span class='ocrx_word' id='word_1_854' title='bbox 1274 2823 1390 2859; x_wconf 86' lang='lat' dir='ltr'><strong>insignis</strong></span> <span class='ocrx_word' id='word_1_855' title='bbox 1417 2824 1460 2851; x_wconf 91' lang='lat' dir='ltr'><strong>hic</strong></span> <span class='ocrx_word' id='word_1_856' title='bbox 1496 2823 1639 2858; x_wconf 73' lang='lat' dir='ltr'><strong>l&#39;Ipiphanii</strong></span> <span class='ocrx_word' id='word_1_857' title='bbox 1672 2824 1748 2850; x_wconf 81' lang='lat' dir='ltr'><strong>locus</strong></span> <span class='ocrx_word' id='word_1_858' title='bbox 1778 2828 1832 2848; x_wconf 79' lang='lat' dir='ltr'><strong>est.</strong></span> 
     </span>
    </p>
   </div>
   <div class='ocr_carea' id='block_1_121' title="bbox 1042 2869 1833 2905">
    <p class='ocr_par' dir='ltr' id='par_1_121' title="bbox 1042 2869 1833 2905">
     <span class='ocr_line' id='line_1_121' title="bbox 1042 2869 1833 2905; baseline 0.001 -9"><span class='ocrx_word' id='word_1_859' title='bbox 1042 2869 1203 2904; x_wconf 81' lang='lat' dir='ltr'><strong>Quanquam</strong></span> <span class='ocrx_word' id='word_1_860' title='bbox 1218 2876 1250 2897; x_wconf 89' lang='lat' dir='ltr'><strong>ca</strong></span> <span class='ocrx_word' id='word_1_861' title='bbox 1280 2877 1324 2898; x_wconf 76' lang='lat' dir='ltr'><strong>res</strong></span> <span class='ocrx_word' id='word_1_862' title='bbox 1341 2870 1453 2898; x_wconf 85' lang='lat' dir='ltr'><strong>inﬁnitis</strong></span> <span class='ocrx_word' id='word_1_863' title='bbox 1471 2870 1645 2905; x_wconf 89' lang='lat' dir='ltr'><strong>antiquorum</strong></span> <span class='ocrx_word' id='word_1_864' title='bbox 1664 2869 1773 2897; x_wconf 80' lang='lat' dir='ltr'><strong>Patrum</strong></span> <span class='ocrx_word' id='word_1_865' title='bbox 1800 2877 1833 2897; x_wconf 84' lang='lat' dir='ltr'><strong>ac</strong></span> 
     </span>
    </p>
   </div>
  </div>
