1925 3043
91 170 161 198 1093

479 169 524 196 DE
541 168 738 197 VETERIBUS
754 168 955 203 QUIBUSDAM
976 169 1154 198 Εεωιεειλε
1174 169 1322 199 RlTlBUS.

1655 173 1722 200 H195

91 227 272 256 conciliorum
292 226 456 254 testimoniis
469 227 609 262 explorata
637 229 706 255 adeo
729 232 788 260 est,
817 228 883 255 nihil
898 231 921 257 Α
936 227 977 254 vel
995 232 1118 256 extremo
1134 228 1195 256 vitae
1217 228 1349 263 periculo,
1364 229 1436 256 vesci
1461 229 1550 264 liceat.
1577 230 1654 264 Apud
1672 230 1723 260 So-

92 279 122 300 ut
137 273 322 307 impudentius
346 273 380 300 ab
397 272 537 300 hodieruis
553 273 688 301 haereticis
712 273 818 300 irrideri
840 281 884 301 re-

92 319 256 354 pudiat-ique
276 319 370 347 soleat.
387 319 506 347 Consule
521 327 582 354 qua:
605 319 632 346 in
649 321 754 355 magnis
773 319 884 347 Annali-

91 366 155 398 bus,
183 370 266 399 atque
281 365 314 392 ab
328 365 389 392 aliis
402 366 523 393 studiose
549 366 662 393 collecta
677 371 756 398 sunt,
774 367 819 401 qui
837 366 885 393 ad-

92 419 191 439 versus
206 411 347 438 lliCI't‘llCOS
362 411 538 446 scripserunt.
556 411 608 439 Sed
632 412 698 438 mira
715 413 837 446 qmedam
856 413 883 439 in

92 456 340 491 quadragesimalis
353 455 449 490 jejunii
467 456 598 491 religione
612 457 730 484 varietas
744 458 814 492 apud
835 465 884 484 an-

93 503 186 538 tiquos
199 502 313 535 exstitit,
326 501 360 529 de
378 510 431 537 qua
446 503 564 530 lrenteus
580 503 652 538 apud
670 503 818 530 Eusebium
835 504 882 531 lib.

93 558 119 580 ν,
134 556 196 583 cap.
212 548 258 581 24,
278 553 305 575 et
325 547 450 576 Socrates
470 549 517 575 lib.
534 557 560 581 γ,
577 557 636 583 cap.
652 549 698 576 Ἡ.
710 549 761 582 Qui
775 550 883 584 quidem

93 595 238 630 insigniter
253 594 370 627 aberrat,
383 595 447 622 dum
462 593 554 622 Romzn
571 594 667 622 scribit
683 600 739 622 tres
753 596 886 623 duntaxat

94 642 278 669 hebdomadas
298 646 361 669 ante
390 641 493 669 Pascha
518 641 649 669 continuo
675 642 814 676 jejunari,
838 649 886 669 ex-

92 694 172 723 cepto
193 688 313 714 Sabbato
326 695 358 714 ac
371 687 521 715 Dominica.
534 687 611 720 Quod
627 695 710 722 supra
738 687 884 714 refutatum

93 739 144 760 est.
171 733 288 767 Subjicit
307 733 403 760 deinde
421 741 466 760 sex
491 733 525 760 ab
541 733 603 759 aliis
619 732 804 760 hebdomadas
823 737 887 760 ante

94 780 212 812 Pascha,
238 779 272 806 ab
284 779 345 806 aliis
364 783 483 813 septem,
506 779 611 814 jejunio
627 779 801 812 consecrari;
818 779 885 806 alios

93 834 127 852 xv
140 826 215 853 solos
231 825 290 853 dies
315 832 363 859 per
388 833 424 852 vn
442 824 629 852 hebdomadas
644 825 819 859 dispensare:
838 825 884 859 qui

94 879 191 899 omnes
213 878 292 898 suum
318 871 393 898 illum
413 871 520 898 dierum
547 879 689 898 numerum
716 880 884 907 τεσσαρακο-

934 279 1034 301 cratem
1061 279 1150 301 tamen
1165 275 1212 302 lib.
1232 283 1257 307 ν,
1272 283 1332 310 cap.
1346 274 1392 308 2'2,
1411 275 1455 302 tibi
1473 275 1589 303 diversa)
1605 278 1724 311 quadra-

935 320 1073 355 gesimalis
1094 321 1191 355 jejunii
1224 321 1436 349 consuetudines
1461 322 1641 357 explicantur,
1667 331 1723 350 non

934 373 1029 393 omnes
1050 366 1239 401 xerophagiam
1263 367 1436 394 adhibebant.
1455 367 1507 395 Sed
1527 368 1573 394 alii
1602 368 1724 402 piscibus

935 411 1126 439 tantummodo
1140 434 1146 445 ,
1171 412 1216 439 alii
1240 413 1336 440 avibus
1352 413 1464 448 insuper
1481 414 1636 446 utebantur,
1654 421 1724 448 quos

935 465 968 484 ex
987 465 1057 492 aqua
1079 463 1236 492 procreatos
1257 459 1370 494 perinde
1386 467 1419 487 ac
1435 460 1523 494 pisces
1538 460 1644 496 Moyss
1662 469 1724 487 mtr-

936 509 988 531 rat.
1006 504 1057 531 Alii
1076 504 1209 533 fructibus
1223 506 1337 540 ovisque
1349 506 1485 538 contenti;
1505 506 1550 533 alii
1564 514 1632 540 pane
1647 507 1722 540 solo;

936 550 981 576 alii
999 557 1033 578 ne
1051 550 1123 578 hunc
1139 551 1249 586 quidem
1268 551 1319 578 sibi
1338 552 1540 586 permittebant.
1552 552 1575 578 Α
1592 552 1724 579 carnibus

935 596 1048 631 quidem
1057 597 1199 624 universos
1211 598 1378 625 abstinuisse
1391 603 1489 633 przeter
1502 603 1614 626 cmteros
1626 600 1721 634 Augu-

937 643 1027 669 stinus
1052 649 1143 670 contra
1160 643 1292 670 Faustum
1306 644 1401 670 scribit
1415 644 1462 671 lib.
1480 652 1542 670 xxx.
1558 645 1580 670 A
1595 645 1724 672 carnibus

937 693 964 716 et
978 689 1052 722 vino,
1069 689 1211 724 Chrysost.
1229 689 1322 716 homil.
1339 689 1355 716 8
1379 692 1416 716 De
1428 691 1518 724 pwnit.
1543 690 1580 718 De
1594 691 1724 718 carnibus

937 735 1018 761 etiam
1045 735 1207 768 Spiridionis
1227 736 1298 770 apud
1315 735 1423 763 Sozom.
1442 736 1554 763 historia
1580 737 1726 764 conﬁrmat

940 779 986 806 lib.
1004 787 1011 805 ι
1025 799 1032 811 ,
1050 786 1109 813 cap.
1129 779 1159 805 ll
1173 799 1180 812 ,
1197 784 1226 806 ut
1241 784 1337 806 etetcra
1352 781 1567 814 praetermittam,
1583 789 1644 816 qua:
1661 786 1724 808 sunt

937 825 1090 852 innumera.
1115 824 1262 852 Postremis
1279 826 1370 860 itaque
1392 825 1613 861 Quadragcsimae
1627 828 1724 855 diebus

937 879 984 898 sex
1013 871 1178 906 xerophagia
1215 871 1273 906 lege
1303 873 1420 906 quadam
1451 874 1579 901 omnibus
1612 874 1723 901 indicta.

95 917 161 950 στήν
185 916 364 951 appellabant.
395 915 467 943 Sane
488 917 559 952 apud
575 916 702 943 Photium
729 925 806 944 nttm.
833 917 883 945 £047
902 907 921 934 Β
935 916 1001 949 Qua:
1014 917 1077 951 quid
1094 918 1138 949 sit,
1154 918 1273 945 declarat
1290 918 1403 947 Tertull.
1425 920 1493 948 libro
1510 920 1609 947 Contra
1626 921 1723 955 Psych.

93 961 213 990 Basilius
233 962 302 989 Cilix
315 961 494 989 Nestorianus
524 963 654 990 adversus
671 962 802 990 Joannem
819 962 886 998 Sey-

94 1007 294 1042 thopolitanum
317 1007 440 1034 scribens
453 1027 460 1038 ,
487 1007 580 1042 objicit
600 1008 670 1035 inter
691 1013 806 1036 ctetera:
825 1009 885 1035 Ὅτι

93 1052 143 1088 τὴν
170 1053 250 1086 ἁγίαν
263 1053 484 1089 τεσσαρακοστὴν
507 1055 546 1085 εἰς
560 1055 633 1090 τρεῖς
655 1054 805 1090 ἑϐδομάδας
821 1063 886 1089 συγ-

94 1099 207 1131 κλείων,
230 1099 290 1126 οὐδὲ
307 1100 336 1126 ὲν
357 1099 470 1132 ταύταις
495 1100 544 1136 τῆς
562 1100 617 1127 τῶν
635 1101 744 1136 πτηνῶν
764 1110 889 1137 χοιρεωςορέιι¹

94 1145 157 1180 τίας
176 1145 317 1180 ἀπείχετο,
342 1145 405 1172 Fuit
421 1146 493 1173 enim
521 1155 574 1173 non
602 1147 692 1174 minor
710 1148 736 1174 in
761 1148 883 1175 ciborttm

94 1189 201 1216 delectu
226 1189 445 1224 abstinentiaque
477 1190 637 1223 diversitas,
667 1192 699 1219 de
731 1200 785 1227 qua
814 1192 884 1219 idem

95 1234 233 1262 Socrates.
251 1234 316 1262 Vide
335 1240 361 1262 et
383 1235 544 1264 Cassianum
568 1237 665 1265 Collat.
687 1238 740 1272 2|;
767 1238 885 1266 Ambro-

94 1281 166 1308 sium
195 1288 276 1308 sertn.
299 1281 335 1308 25
356 1287 383 1308 et
405 1283 602 1317 sequentibus;
623 1283 731 1311 Sozom.
760 1285 808 1312 lib.
835 1293 883 1317 vn,

94 1335 155 1362 cap.
177 1327 219 1354 l9.
241 1328 408 1362 Epiphanius
424 1336 506 1363 porro
532 1337 580 1364 per
604 1331 674 1357 ἑπτὰ
704 1331 810 1367 ἡμέρας
836 1333 890 1359 τοῦ-

95 1374 208 1408 ιίάσχα,
224 1378 285 1401 ante
304 1382 373 1409 quas
387 1375 436 1410 τὴν
451 1378 675 1412 τεσσαρακοστήν
691 1379 822 1406 celebrari
839 1380 883 1406 di-

93 1419 148 1450 cit,
170 1426 223 1445 non
250 1427 312 1446 eam
326 1420 520 1448 bebtlomadem
541 1421 666 1456 intelligit
680 1443 687 1454 ,
703 1431 764 1458 qua:
779 1423 882 1452 Pascha

93 1465 222 1500 praecedit
235 1487 242 1499 ,
257 1467 296 1492 uti
314 1471 406 1501 postea
431 1475 492 1494 cum
506 1466 555 1500 τὰς
568 1468 597 1500 ἓξ
611 1469 717 1506 ἡμέρας
729 1470 775 1497 τοῦ
789 1471 884 1506 Πάσχα

94 1511 238 1545 nominat,
256 1512 303 1539 sed
331 1513 363 1539 de
388 1513 561 1547 paschalibus
588 1523 623 1542 vn
645 1515 720 1544 ieriis
741 1517 861 1552 loquitur
876 1538 883 1549 ,

92 1564 164 1591 quas
200 1558 332 1585 antecedit
358 1559 592 1594 quadragesimale
617 1561 764 1595 jejunium.
789 1561 882 1590 Utrum
898 1580 920 1611 ο

92 1610 159 1630 γυνθ
176 1605 246 1638 apud
261 1604 393 1640 Cyprios,
420 1605 466 1634 ubi
487 1606 544 1634 haec
558 1607 693 1634 scribebat
704 1607 880 1643 Epiphanius,

94 1649 214 1677 Sabbata
235 1651 516 1685 quadragesimalibus
536 1652 648 1686 jejuniis
670 1658 795 1688 exempta
816 1654 881 1686 sint,

93 1703 148 1722 non
180 1696 248 1723 satis
280 1701 402 1731 apparet.
429 1697 469 1724 Ac
495 1698 620 1725 videntur
644 1706 677 1726 ex
698 1698 881 1727 Romanorum

92 1741 476 1775 aliorumqueconsuetudine
504 1744 584 1769 etiam
613 1743 708 1770 diebus
735 1744 787 1771 illis
811 1744 883 1779 jeju-

93 1794 176 1813 uasse
188 1807 195 1818 ,
209 1793 272 1813 cum
286 1786 359 1814 solos
377 1786 533 1815 Dominieos
547 1788 605 1815 dies
617 1788 741 1823 excipiat.
757 1788 882 1816 Profecto

92 1831 165 1858 enim
187 1831 222 1858 de
250 1830 375 1859 Sabbatis
402 1832 514 1860 minime
546 1833 698 1861 tacuisset:
725 1842 881 1870 quanquam

93 1878 276 1904 Sabbatorum
295 1877 357 1905 ideo
380 1877 496 1906 fortasse
512 1886 565 1906 non
583 1880 716 1911 meminit,
738 1880 810 1915 quod
827 1888 881 1908 non

92 1924 218 1950 eamdem
241 1924 313 1958 apud
333 1931 429 1952 omnes
442 1925 579 1953 Ecclesias
601 1925 715 1954 formam
736 1935 797 1954 esse
816 1935 882 1954 con-

93 1970 321 2005 suetudinemque
340 1976 481 2004 cerneret,
511 1979 599 2006 neque
627 1973 776 2008 quidquam
800 1981 883 2008 super

92 2025 123 2044 ea
153 2024 182 2044 re
212 2016 295 2044 sciret
319 2017 354 2044 ab
371 2018 502 2052 apostolis
526 2025 586 2045 esse
609 2019 807 2053 praescriptum.
833 2019 882 2047 Hic

93 2068 184 2090 autent
201 2063 270 2090 ritus
294 2071 342 2091 eos
366 2064 439 2091 solos
456 2065 597 2099 complecti
626 2065 726 2096 voluit,
756 2073 824 2100 quos
848 2065 882 2093 ab

93 2110 225 2144 apostolis
243 2109 290 2136 toti
306 2110 434 2138 Ecclesite
450 2111 574 2142 traditos,
591 2119 643 2138 non
659 2116 794 2138 certorum
809 2111 883 2138 loco-

92 2165 155 2183 rum
181 2157 332 2191 peculiares
349 2165 410 2185 esse
434 2158 565 2185 crederet.
585 2158 729 2193 Perpet‘am
752 2167 816 2186 vero
831 2158 882 2186 Pa-

92 2204 192 2230 melitts
209 2204 243 2230 ad
268 2203 379 2230 Tertull.
395 2204 491 2231 librum
507 2205 632 2232 adversus
656 2204 753 2240 Psyc/t.
768 2213 828 2240 eap.
848 2206 882 2233 l5

935 970 994 998 cap.
1011 963 1024 989 1
1042 971 1048 989 :
1070 963 1191 998 Arguuut
1206 973 1267 995 nos,
1284 964 1372 1000 inquit
1384 987 1390 998 ,
1408 966 1478 1000 quod
1495 966 1575 999 etiam
1598 965 1726 999 xeropha-

935 1009 991 1044 gios
1015 1010 1191 1041 observemus,
1209 1010 1337 1037 siccantcs
1352 1011 1438 1038 cibum
1452 1011 1483 1038 ab
1506 1013 1577 1038 onmi
1591 1020 1685 1044 carne,
1700 1016 1725 1038 et

936 1055 1007 1081 omni
1024 1055 1183 1090 jurulentia,
1199 1062 1222 1082 et
1239 1057 1409 1084 riridioribus
1422 1057 1567 1093 quibusque
1581 1059 1676 1092 pontis,
1693 1067 1725 1085 nc

935 1100 999 1135 quid
1017 1101 1168 1127 vitiositatis
1191 1101 1229 1128 rel
1253 1103 1378 1133 edamus,
1405 1102 1443 1129 vel
1464 1108 1598 1137 paternus;
1623 1103 1725 1130 lavacri

935 1154 1035 1180 quoque
1052 1146 1240 1172 abstinentiam
1262 1150 1445 1180 congruentem
1466 1147 1543 1173 arido
1553 1147 1644 1174 victui.
1663 1146 1725 1175 Pas-

935 1192 986 1219 sim
1008 1199 1073 1218 vero
1097 1196 1152 1218 toto
1182 1191 1228 1219 illo
1250 1192 1319 1218 libro
1340 1192 1518 1227 xerophagias
1540 1200 1554 1219 a
1580 1193 1724 1220 catholicis

935 1238 1058 1264 datnnari
1085 1237 1230 1271 signiﬁcat,
1249 1238 1325 1270 quasi
1347 1246 1441 1264 novum
1457 1239 1574 1272 o/fcctati
1590 1239 1667 1274 ofﬁcii
1682 1247 1725 1266 uo-

935 1292 1003 1316 men,
1018 1289 1041 1311 et
1057 1284 1206 1319 proximum
1228 1285 1339 1312 ctintirw
1357 1286 1554 1319 superstitioni,-
1571 1286 1660 1320 quales
1678 1294 1724 1312 ca-

935 1329 1066 1357 stimonia:
1080 1330 1160 1364 Apin,
1175 1329 1274 1356 Isidem
1292 1335 1316 1356 et
1333 1339 1456 1365 magnam
1469 1330 1581 1357 Matrem
1595 1337 1724 1357 certorum

935 1375 1081 1402 eduliorum
1099 1377 1250 1410 exceptione
1264 1376 1416 1410 pttriﬁcant.
1435 1375 1532 1403 Verum
1547 1385 1601 1404 non
1618 1385 1723 1408 otnues,

935 1419 1047 1454 opinor,
1081 1424 1136 1447 tum
1168 1428 1183 1447 a
1223 1420 1365 1448 catholicis
1392 1421 1526 1448 damnatae
1553 1422 1725 1456 xerophagiae

935 1471 1014 1499 sunt;
1047 1466 1093 1493 sed
1121 1465 1174 1492 illa:
1202 1466 1311 1498 solum,
1340 1474 1408 1501 quas
1439 1467 1520 1494 certis
1545 1467 1724 1502 temporibus,

934 1515 1117 1546 praeterquam
1142 1511 1176 1538 ab
1199 1510 1327 1539 Ecclesiae
1345 1512 1521 1543 constitutis,
1545 1520 1578 1539 ex
1603 1513 1724 1540 .‘llontaui

935 1557 1078 1592 disciplina
1103 1557 1263 1590 servabant;
1290 1565 1359 1592 quas
1386 1557 1456 1585 idem
1492 1563 1589 1585 auctor
1618 1559 1726 1586 duabus

935 1602 1112 1630 hebdomadis
1137 1603 1248 1634 deliuit,
1273 1611 1332 1638 cap.
1356 1611 1410 1630 xv:
1430 1603 1566 1635 Quantula
1596 1605 1665 1630 enim
1686 1610 1724 1631 est

934 1651 1004 1684 apud
1020 1657 1067 1675 nos
1084 1649 1236 1675 interdictio
1255 1648 1395 1674 ciborum?
1411 1648 1485 1675 Duas
1501 1649 1528 1675 in
1542 1657 1611 1676 anno
1627 1649 1724 1676 hebdo-

934 1695 1027 1721 madas
1043 1695 1262 1729 xeroplmgiarum
1275 1715 1281 1726 ,
1307 1702 1354 1720 nec
1367 1699 1436 1720 totas
1447 1715 1454 1727 ,
1480 1695 1596 1729 exceptis
1621 1695 1721 1722 scilicet

935 1739 1059 1767 Sabbatis
1074 1746 1098 1767 ct
1113 1741 1271 1771 Dominicis,
1288 1741 1424 1774 offerimus
1439 1739 1502 1766 Deo.
1527 1739 1578 1767 Ubi
1604 1748 1658 1767 non
1680 1749 1724 1767 as-

936 1787 1069 1813 sentimur
1083 1786 1205 1814 Pamelio
1222 1806 1230 1818 ,
1247 1787 1293 1821 qui
1309 1786 1484 1813 hebdomadas
1498 1794 1550 1813 non
1567 1794 1615 1821 pro
1627 1791 1724 1821 septem

933 1832 1035 1864 diebus,
1046 1831 1093 1858 sed
1109 1839 1159 1866 pro
1174 1832 1286 1858 totidem
1300 1830 1505 1857 hebdomadibus
1520 1831 1605 1865 accipi
1623 1836 1699 1865 putat
1715 1852 1722 1862 ,

933 1883 960 1905 et
975 1878 1008 1905 de
1026 1877 1184 1912 Telesphori
1209 1877 1361 1910 sanctione,
1378 1885 1430 1912 qua
1445 1876 1630 1904 Tertullianus
1646 1878 1723 1904 cleri-

933 1933 982 1952 cus
994 1929 1142 1956 teneretur,
1155 1918 1247 1951 nescio
1260 1924 1324 1958 quid
1341 1928 1450 1957 narrat;
1465 1923 1537 1958 quod
1551 1923 1626 1950 nullo
1642 1923 1723 1950 modo

934 1971 1091 2005 persuadet.
1118 1969 1185 1997 Nam
1211 1970 1232 1998 si
1260 1978 1305 1997 xiv
1336 1970 1521 1998 hebdomadas
1549 1970 1729 2004 xerophagiis

934 2017 1080 2044 Montanus
1093 2017 1254 2049 addixisset,
1270 2025 1323 2044 non
1343 2017 1407 2043 illud
1423 2025 1510 2051 usque
1525 2016 1594 2044 adeo
1609 2016 1720 2043 Tertull.

933 2064 1042 2091 elevans
1059 2063 1160 2090 diceret
1182 2072 1188 2090 :
1210 2062 1346 2096 Quantulo
1364 2067 1402 2089 est
1422 2063 1493 2097 apud
1511 2070 1557 2089 nos
1573 2063 1724 2088 interdictio

933 2109 1077 2137 ciborum?
1100 2109 1234 2142 Quocirca
1251 2109 1320 2136 duas
1337 2109 1405 2135 alias
1421 2117 1435 2135 a
1453 2109 1666 2143 Quadragesima
1682 2116 1724 2135 se-

930 2156 1041 2191 junctas
1063 2163 1094 2182 ac
1109 2155 1232 2182 diversas
1252 2154 1337 2181 fuisse
1357 2154 1486 2181 eredibile
1506 2158 1564 2186 est;
1581 2154 1607 2180 in
1623 2153 1724 2188 quibus

935 2202 1084 2229 Sahbatum
1114 2208 1146 2228 ac
1172 2200 1315 2227 Dominica
1335 2200 1394 2227 dies
1409 2199 1585 2230 eximeretur.
1611 2198 1722 2226 Sozam.

93 2249 168 2277 hunc
192 2249 281 2284 ipsum
301 2249 443 2284 Epiphanii
473 2250 560 2277 locutn
588 2251 729 2286 interpolat
747 2260 753 2284 ;
783 2257 809 2278 et
834 2260 882 2286 pro
900 2249 921 2277 D
935 2248 982 2276 lib.
997 2256 1046 2279 vn,
1061 2256 1122 2282 cap.
1136 2248 1180 2280 19,
1196 2247 1229 2274 de
1245 2247 1354 2274 diverso
1371 2245 1614 2281 quadragesimalis
1627 2245 1723 2280 jejunii

93 2302 190 2331 septem
204 2296 271 2328 dies,
286 2297 358 2323 haud
372 2297 454 2324 dubie
464 2297 617 2332 legendum,
631 2304 728 2332 septem
740 2298 882 2324 hebdoma-

93 2344 152 2376 das,
169 2343 294 2370 afﬁrmat.
312 2343 424 2370 Frustra
439 2348 498 2377 est,
514 2345 637 2378 inquam.
656 2343 761 2371 Etenim
775 2345 881 2381 ἡμέρας

72 2398 73 2401 η
93 2389 176 2415 estin
193 2388 298 2421 Graeco,
322 2397 375 2416 non
395 2389 556 2425 ἑϐδομάδας.
578 2389 609 2417 Et
623 2390 728 2426 ἡμέρας
747 2391 880 2427 intelligit,

92 2443 154 2470 qua:
170 2443 184 2462 a
200 2436 314 2471 solemni
335 2435 476 2464 Paschalis
491 2437 584 2464 ineunt
598 2447 604 2464 :
627 2441 689 2464 ante
703 2438 799 2472 quasi)
820 2446 882 2464 τεσ-

93 2482 251 2518 σαρακοστή
267 2482 354 2509 solida
367 2483 497 2510 decurrit.

128 2528 188 2557 Co‘l.
199 2528 250 2556 888
257 2528 286 2554 Β.
298 2528 352 2561 Τὰς
362 2528 396 2554 δὲ
403 2528 437 2560 ἐξ
448 2529 560 2564 ἡμέρας
569 2529 622 2556 τοῦ
635 2529 753 2563 Πάσχα.
767 2529 818 2556 Sex
829 2529 882 2557 illis

93 2576 227 2602 duntaxat
248 2575 345 2602 diebus
371 2575 495 2610 majoris,
518 2581 547 2602 ut
570 2580 678 2607 vocant,
696 2576 880 2608 hebdomadte,

93 2622 266 2657 Xerophagia
278 2621 440 2648 Christianis
453 2621 583 2656 imperata
598 2621 656 2648 fuit.
672 2621 752 2656 Atqui
769 2621 879 2648 Laodic.

94 2677 156 2696 ean.
183 2668 218 2695 50
233 2677 239 2695 :
256 2669 302 2694 Δεῖ
326 2668 445 2699 πᾶσαν,.
458 2667 561 2702 inqttit,
583 2667 632 2703 τὴν
654 2667 882 2703 Τεσσαραεὶοστὴν

93 2713 235 2749 νηστεύειν
258 2712 488 2749 ξηροφαγοῦντας.
514 2711 547 2739 Et
569 2712 696 2740 Balsamo
719 2713 752 2739 ad
770 2719 831 2739 can.
847 2711 882 2738 69

93 2764 182 2795 apost.
220 2767 273 2786 non
295 2759 382 2786 solum
411 2757 436 2784 in
465 2757 697 2792 Quadragesima,
726 2757 774 2784 sed
799 2757 881 2784 etiam

94 2811 192 2842 quarta
214 2810 345 2840 sextoque
377 2804 443 2831 feria
459 2803 624 2839 ξηροφαγεῖν
640 2808 765 2838 oportere
778 2803 857 2830 docet
874 2811 880 2829 :

95 2853 163 2880 adeo
180 2857 210 2879 ut
232 2859 265 2878 nc
281 2851 390 2886 tegrotis
411 2849 520 2884 quidem
537 2850 612 2877 aliud
639 2850 761 2877 ciborum
784 2857 880 2884 genus,

93 2891 177 2933 quam
204 2897 316 2933 piscium
333 2896 523 2932 indulgeatur,
540 2903 589 2923 nec
603 2903 724 2931 unquam
740 2895 880 2929 carnibus,

935 2296 1040 2323 dierum
1061 2303 1176 2322 numero
1194 2303 1288 2329 agens,
1315 2294 1494 2322 Montanistas
1518 2294 1556 2320 ait
1574 2293 1642 2321 duas
1661 2298 1725 2320 ante

936 2342 1040 2370 Pascha
1053 2342 1186 2369 duntaxat
1199 2341 1387 2368 hebdomadas
1398 2340 1532 2375 jejunare.
1546 2339 1644 2366 Verum
1661 2347 1723 2366 cum

936 2389 962 2416 in
981 2389 1111 2422 secunda,
1128 2389 1179 2416 hoc
1195 2393 1237 2416 est
1255 2389 1380 2423 proxima
1405 2392 1467 2414 ante
1491 2387 1594 2415 Pascha
1618 2387 1722 2415 hebdo-

936 2436 1024 2468 made,
1045 2435 1194 2462 Sabbatum
1209 2443 1223 2462 a
1236 2435 1342 2470 jejunio
1358 2439 1513 2468 exemptum
1530 2434 1601 2469 apud
1619 2434 1724 2461 Monta<

935 2482 1022 2510 nistas
1038 2489 1092 2509 non
1111 2481 1209 2515 fuerit,
1234 2486 1263 2509 ut
1276 2481 1388 2509 Tertull.
1411 2482 1468 2517 jam
1490 2481 1654 2516 Montanista
1674 2481 1722 2507 lib.

937 2527 1036 2554 Contra
1058 2526 1156 2562 Psych.
1176 2531 1283 2559 narrat,
1306 2534 1360 2554 non
1381 2526 1508 2552 videntur
1522 2525 1555 2552 ad
1572 2525 1639 2552 duas
1657 2524 1724 2551 istas

936 2574 1120 2601 hebdomadas
1146 2574 1259 2601 totidem
1285 2573 1338 2600 illa:
1361 2572 1588 2607 xerophagiarum
1617 2577 1724 2597 accom-

936 2620 1039 2647 modari
1055 2628 1144 2655 posse.
1159 2620 1187 2647 ln
1202 2620 1292 2647 Const.
1310 2625 1395 2654 apost.
1412 2619 1492 2650 lib.v,
1506 2616 1722 2652 cap.l7,eadcm

936 2665 1099 2700 xerophagia
1121 2673 1167 2692 sex
1181 2666 1234 2693 illis
1250 2665 1346 2693 diebtts
1358 2664 1527 2692 observanda
1543 2662 1720 2698 proponitur:

942 2712 986 2738 Ἐν
1000 2712 1060 2743 ταῖς
1076 2710 1194 2747 ἡμέραις
1213 2709 1260 2738 οὖν
1276 2711 1323 2738 τοῦ
1346 2711 1443 2746 Πάσχα
1458 2708 1604 2745 νηστεύετε
1615 2728 1622 2739 ,
1639 2707 1722 2743 ἀρχά-

937 2766 1013 2793 μενοι
1045 2757 1099 2783 ἀπὸ
1122 2757 1251 2792 δευτέρας
1281 2757 1360 2793 μέχρι
1386 2757 1436 2791 τῆς
1469 2755 1647 2791 παρασκευῆς
1676 2754 1724 2780 καὶ

936 2802 1074 2830 Σαῢὸἀτου
1090 2802 1118 2836 ἑξ
1132 2802 1249 2838 ἡμέρας,
1269 2803 1341 2838 μόνῳ
1360 2802 1495 2838 χρώμενοι
1509 2802 1593 2837 ἄρτῳ,
1607 2801 1653 2826 καὶ
1666 2798 1724 2829 ἁλὶ,

936 2850 982 2877 καὶ
995 2850 1134 2884 λαχάνοις,
1157 2850 1203 2876 καὶ
1221 2848 1295 2884 ποτῷ
1317 2849 1408 2875 ὖδατν
1431 2849 1502 2874 οἴνου
1520 2848 1548 2874 δὲ
1568 2846 1614 2873 καὶ
1635 2845 1726 2881 κρεῶν

937 2894 1070 2930 ἀπέχεσθε
1087 2896 1115 2922 ἐν
1128 2895 1251 2926 ταύταις.
1270 2893 1332 2922 llaec
1350 2894 1433 2929 igitur
1452 2892 1626 2928 Xeropltagia
1642 2897 1728 2927 pane,
