1925 3043
188 161 258 192 “‘55

739 162 910 190 APPENDIX
928 161 1242 191 DISSERTATIONUM.

1750 162 1820 192 ωδε

187 221 255 250 sale.
269 227 352 255 aqua.
367 224 394 247 et
405 241 411 252 ,
427 220 451 247 si
467 219 549 251 forte,
574 219 655 247 etiam
677 220 798 248 oleribus
819 221 972 248 constabat.
988 223 1012 251 A
1024 222 1145 255 videtur;
1161 222 1286 257 idemque
1301 221 1380 253 forte.
1396 229 1481 257 quem
1495 221 1606 249 unicum
1625 221 1731 256 jejunio
1744 223 1817 251 diem

186 265 229 293 Ad
245 265 302 292 haec
325 273 386 300 cap.
410 265 444 292 12
466 264 588 298 ejusdem
606 264 668 291 libri
685 264 919 300 quadragesimale
935 264 977 299 je-

186 312 293 347 junium
306 319 321 339 a
342 311 463 346 paschali
479 311 657 346 distinguitur
681 319 688 337 :
708 310 901 338 Ἐπιτελείσθω
915 310 943 337 δὲ
960 311 977 345 ἡ

189 357 301 393 νηστεία
330 359 397 392 αὕτη
425 357 539 392 (nempe
564 356 826 392 quadragesimalis)
851 356 904 391 πρὸ
929 356 978 391 τῆς

189 402 316 438 νηστείας
335 401 382 428 τοῦ
397 402 510 436 Πάσχα,
533 402 674 438 ἀρχομένη
696 402 744 438 μὲν
763 402 816 428 ἀπὸ
832 402 976 436 δευτέρας,

190 448 364 483 πληρουμένη
377 448 405 474 δὲ
418 448 457 479 είς
474 448 667 484 παρασκευὴν,
685 448 744 483 μεθ’
761 448 794 479 ἃς
809 447 978 483 ἁπονηστεύ-

190 501 285 524 σαντες
307 492 425 528 ἇρξασθε
449 493 499 528 τῆς
523 493 602 527 ἁγίας
627 493 673 520 τοῦ
694 494 790 528 Πάσχα
814 493 977 528 ἑϐδομάδος,

189 539 364 574 νηστεύοντες
386 539 472 574 αὑτήν
482 548 488 555 ’
502 539 654 574 Celebretur
673 540 901 574 quadragesimale
911 538 980 574 jeju-

189 586 263 612 nium
287 590 346 612 ante
368 586 516 620 paschale;
540 591 563 613 et
584 586 711 620 incipiens
737 595 753 613 a
774 585 889 613 secunda
911 585 979 620 feria

189 632 293 658 desinat
318 632 346 658 in
370 631 535 658 Parasccven
552 640 561 659 .'
580 636 639 666 pust
662 639 752 666 quam,
766 631 853 658 soluto
863 631 979 666 jejunio,

189 682 309 705 sanctum
323 677 463 704 Paschalis
472 677 660 705 hebdomadam
675 679 701 705 in
710 677 814 712 jejunio
830 678 978 713 transigite.

190 724 439 760 Quadragesimalis
462 731 545 759 porro
566 724 640 752 illius
666 723 782 759 iejunii,
804 728 941 759 quatenus
964 731 980 751 a

190 770 311 806 paschali
333 770 424 798 dilIert
435 791 442 803 ,
469 770 576 797 initium
592 769 664 797 haud
683 770 741 798 Scio
758 777 792 798 an
808 770 977 798 constitutio-

191 825 238 844 nes
253 816 305 844 ille
318 824 333 844 a
346 815 485 843 Dominiea
496 816 735 851 Quinquagesimae
746 823 780 844 an
795 815 981 852 Sexagesima;

190 868 324 898 repetant.
358 862 438 890 Prius
463 863 537 890 enim
560 862 626 890 illud
647 862 755 890 initium
786 863 805 890 ii
826 862 981 898 sumpsisse

190 894 328 939 videntur,
346 907 392 942 qui
413 915 451 934 vn
473 907 660 935 hebdomadas
678 911 705 935 et
717 907 822 942 jejunio
836 894 979 943 dicabant,
997 894 1018 921 Β

190 961 254 981 cum
279 954 324 981 alii
349 961 395 981 sex
419 954 552 981 duntaxat
574 954 744 987 tribuerent.
772 953 810 982 ita
835 959 926 982 tamen
951 959 982 982 ut

192 1000 339 1035 utrobique
353 1008 400 1027 sex
413 1000 556 1032 duntaxat,
576 1004 603 1027 et
615 1000 728 1034 triginta
743 1007 803 1028 sese
818 1001 877 1028 dies
888 1001 979 1028 inedia

192 1050 374 1073 macerarent.
400 1047 437 1073 Hi
463 1046 531 1072 enim
559 1045 614 1081 (ait
637 1045 787 1074 Cassianus
813 1046 910 1074 Collat.
929 1047 981 1080 2i,

192 1099 217 1118 c.
233 1091 279 1126 ‘27)
296 1091 347 1119 sibi
369 1100 415 1119 sea:
434 1092 661 1120 hebdomadarum
679 1093 871 1120 observanliam
893 1094 983 1128 prce/i-

192 1142 298 1171 urum,
315 1139 360 1173 qui
374 1143 467 1172 putant
483 1138 525 1166 die
558 1146 658 1174 quoque
671 1137 781 1166 Sabbati
794 1139 982 1174 jejunandum.

193 1183 246 1211 Sex
258 1192 319 1219 ergo
342 1184 369 1211 in
382 1184 546 1211 hebdomade
553 1184 660 1219 jejunio
674 1185 835 1220 persolvunt,
852 1194 910 1220 qum
924 1194 983 1213 eos-

193 1230 252 1256 dem
264 1237 310 1256 scz
321 1234 345 1257 et
358 1230 467 1265 triginta
482 1231 537 1258 dies
554 1231 638 1258 sexies
651 1231 770 1260 revoluta
787 1237 982 1260 consummant.

193 1274 216 1302 A
232 1275 407 1311 Sexagesima
431 1284 496 1304 vero
516 1276 604 1304 Graeci
623 1277 788 1304 recentiores
802 1277 984 1314 Quadragesi-

195 1328 267 1348 mam
292 1321 426 1356 auspicati
450 1327 532 1354 sunt,
550 1322 590 1349 uti
607 1321 732 1357 pluribus
745 1322 780 1350 ad
797 1321 983 1357 Nicephorum

194 1371 258 1394 ante
272 1367 377 1401 aliquot
392 1375 481 1394 annos
497 1367 691 1395 disseruimus.
708 1366 769 1400 Quo
793 1368 923 1395 nimirum
950 1376 984 1396 ιι.
999 1366 1006 1371 ’

195 1412 300 1441 solidos
315 1413 374 1440 dies
395 1413 500 1448 jejunio
524 1413 686 1442 tribuerent.
704 1413 832 1442 Ambros.
851 1422 934 1442 sem.
950 1415 981 1442 5|

194 1463 222 1486 et
235 1458 271 1485 '52
289 1465 336 1486 sex
352 1459 540 1491 hebdomadis,
563 1466 595 1486 ac
614 1458 710 1487 diebus
732 1467 787 1486 XLII
802 1458 986 1496 Quadragesi-

195 1511 267 1531 mam
280 1503 383 1537 deﬁnit,
397 1512 498 1539 eosque
509 1506 555 1540 qui
571 1504 835 1540 Quinquagcsimam
852 1513 901 1541 pro
915 1514 985 1542 quav

195 1549 346 1585 dragesima
358 1550 514 1586 jejunareut
528 1551 679 1587 redarguit.

230 1594 365 1622 Caeterum
380 1599 436 1623 tam
449 1596 482 1623 de
498 1596 550 1624 hoc
562 1595 703 1624 Paschalis
717 1596 833 1631 jejunio,
851 1605 932 1632 quam
950 1597 983 1625 de

196 1639 410 1676 Quadragesima
433 1641 592 1670 Timotheus
612 1643 814 1671 Alexandrinus
837 1643 983 1679 episcopus

195 1683 309 1719 intelligi
332 1689 422 1720 potest
444 1686 473 1713 in
499 1688 638 1715 canonicis
665 1688 831 1723 ltesponsis,
851 1688 982 1724 lnterrog.

196 1729 213 1757 8
229 1735 256 1758 et
274 1731 317 1758 10.
333 1731 455 1764 Quarum
475 1733 502 1760 in
525 1733 616 1768 priore
627 1735 774 1769 quaeritur:
792 1740 883 1763 utrum
900 1743 983 1771 puer-

196 1784 261 1812 pera
277 1776 382 1806 Pascha
395 1778 521 1814 jcjunare
536 1780 642 1813 debeat.
658 1788 692 1808 an
705 1781 729 1808 ei
746 1781 802 1809 vini
815 1790 882 1810 usus
895 1782 984 1810 indul-

197 1824 311 1858 geatnr?
324 1823 353 1851 In
368 1826 515 1859 posteriori
528 1827 561 1854 de
577 1833 679 1863 aegroto
694 1828 845 1863 dubitatur,
858 1837 893 1858 an
908 1830 985 1858 simi-

197 1868 258 1896 liter
274 1869 415 1899 Paschalis
427 1871 534 1906 jejunio
552 1877 686 1906 teneatur,
701 1879 783 1910 atque
797 1876 886 1903 oleum
906 1880 933 1903 et
946 1877 986 1904 vi-

197 1921 263 1941 num
278 1915 408 1943 adhibere
423 1917 520 1950 possit.
536 1917 595 1951 Qua
617 1926 649 1946 ex
665 1920 811 1954 posteriori
835 1922 985 1956 quaestione

198 1959 324 1987 Balsamo
336 1960 453 1996 colligit:
465 1962 526 1989 Ὀτι
541 1964 557 1998 ἡ
569 1965 682 1999 νηστεία
695 1965 744 2000 τῆς
755 1966 986 2003 Τεσσαρακοστῆς

197 2002 245 2029 τοῦ
265 2003 362 2039 Πάσχα
378 2003 532 2040 ξηροφαγία
555 2007 629 2034 ἐστί·
646 2008 715 2036 ἀλλὰ
735 2010 783 2037 καὶ
796 2011 869 2038 οἴνου
884 2002 984 2048 ἀποχῆ.

198 2048 282 2076 Addit
295 2053 403 2082 tamen,
421 2051 570 2080 nonnullos
588 2053 615 2080 in
633 2058 750 2090 utroque
765 2063 870 2085 canone
883 2058 987 2086 hebdo-

198 2093 286 2121 madas
301 2099 402 2123 sanctae
415 2095 548 2130 jejunium
562 2118 570 2131 ,
596 2105 650 2126 non
666 2099 887 2136 Quadragesima:
904 2103 988 2131 totius

197 2138 374 2167 intellexisse.
404 2141 574 2177 Epiphanius
597 2152 707 2180 quoque
731 2146 760 2174 in
784 2147 910 2177 Aerianis
934 2149 989 2178 ha:-

197 2193 254 2213 res.
267 2186 311 2219 75,
328 2195 404 2215 num.
417 2188 444 2220 5,
455 2188 488 2216 de
503 2189 555 2217 hac
568 2190 739 2219 hebdomada
754 2193 869 2228 loquens
883 2195 948 2222 :‘Ev
959 2204 988 2222 τε

1028 275 1044 295 a
1059 267 1199 295 nonnullis
1225 267 1345 295 dicatum
1372 267 1457 295 fuisse
1481 266 1599 295 lrcnmus
1621 267 1655 295 ad
1678 267 1816 296 Victorem

1029 313 1134 347 scribit,
1150 313 1268 341 Eusebio
1283 317 1361 346 teste,
1378 313 1426 340 lib.
1445 321 1472 345 ν,
1490 320 1552 348 cap.
1569 313 1624 341 Ωιι
1642 314 1674 340 Οἱ
1692 313 1742 349 μὲν
1762 314 1817 350 γὰρ

1027 359 1128 387 οἴονται
1155 359 1218 395 μίαν
1234 360 1340 395 ἡμέραν
1365 360 1422 387 δεῖν
1447 360 1546 392 αὐτοὺς
1562 358 1721 395 νηστεύεινν
1741 360 1768 387 οἱ
1788 361 1817 387 δὲ

1028 404 1074 431 δύο
1084 413 1091 421 ·
1106 405 1130 431 οἱ
1144 404 1171 431 δὲ
1184 405 1231 431 καὶ
1249 405 1383 437 πλείονας.
1671 397 1679 404 Χ

1064 451 1122 478 Col.
1142 450 1194 478 888
1209 451 1241 478 Ο.
1259 451 1350 479 Ἀλλὰ
1362 450 1410 478 καὶ
1418 452 1443 478 οἱ
1453 450 1611 478 σπουδαῖοι
1623 450 1743 482 διπλᾶς.
1753 450 1819 478 Dio-

1030 497 1125 532 nysius
1148 497 1348 525 Alexandrinus
1372 496 1493 531 Epistula
1508 496 1543 523 ad
1561 496 1698 523 Basiliden
1710 505 1720 522 :
1742 495 1818 523 Ἐπεὶ

1033 543 1101 579 μηδὲ
1116 543 1165 575 τὰς
1175 543 1204 576 ἓξ
1215 543 1269 570 τῶν
1279 543 1411 579 νηστειῶν
1421 543 1526 578 ἡμέρας
1538 542 1603 575 ἴσως
1612 562 1621 575 ,
1635 543 1702 578 μηδὲ
1718 543 1820 578 ὁμοίως

1035 589 1135 621 πάντες
1155 589 1338 625 διαμένουσιν.
1364 589 1433 616 Ἀλλ’
1453 589 1478 616 ei
1493 589 1541 624 μὲν
1557 589 1605 616 καὶ
1625 588 1715 621 πάσας
1731 589 1819 624 ὑπερ-

1033 636 1166 670 πθέασιν,
1179 636 1267 664 ἄσιτοι
1285 636 1470 668 διατελοῦντες
1480 657 1487 669 ,
1507 637 1531 662 οἱ
1543 636 1571 663 δὲ
1581 636 1639 668 δύο,
1653 637 1678 663 οἱ
1689 636 1718 662 δὲ
1733 637 1819 672 τρεῖς,

1034 684 1060 710 οἱ
1076 683 1104 710 δὲ
1119 683 1270 719 τέσσαρας,
1287 684 1312 710 οἱ
1329 682 1358 710 δὲ
1371 682 1510 718 οὐδεμίαν.
1532 681 1699 717 Epiphanius
1711 682 1820 715 eodem,

1031 737 1086 764 quo
1114 728 1260 764 Dionysius
1276 748 1283 761 ,
1312 729 1395 756 verbo
1425 728 1525 760 utitur,
1550 728 1681 755 nimirum
1708 727 1822 763 ὑπερτί-

1031 774 1136 802 θεσθαι.
1163 774 1241 807 Quod
1266 778 1308 802 est
1333 775 1419 801 cibum
1441 773 1558 808 iii/ferre.
1591 772 1660 800 llinc
1687 772 1821 808 jejunium

1032 821 1216 854 superpositio,
1241 820 1294 848 nisi
1320 819 1409 853 fallor,
1433 827 1448 847 a
1472 819 1577 848 Latinis
1594 824 1718 851 vocatur,
1743 823 1774 846 ut
1793 820 1822 846 iu

1034 867 1156 894 Elibcrit.
1179 874 1257 894 conc.
1279 874 1341 894 can.
1363 866 1419 893 26:
1445 865 1572 893 Errorem
1595 865 1693 900 placuit
1711 865 1821 900 corrigi,

1034 918 1062 939 ut
1084 912 1156 939 onmi
1173 911 1285 939 δαινύαιί
1301 912 1345 939 die
1358 911 1525 947 jejuniorum
1541 911 1762 946 superpositiones
1786 918 1824 938 ce-

1032 957 1175 984 lebrentur.
1194 956 1223 984 In
1237 956 1352 984 Constit.
1367 962 1452 992 «post.
1474 956 1521 984 lib.
1536 964 1563 988 v,
1578 963 1601 983 c.
1617 956 1649 983 ΓΙ
1663 963 1670 981 :
1685 955 1742 990 Τὴν
1757 955 1824 991 μέν-

1032 1011 1074 1029 τοι
1087 1003 1275 1039 παρασκευὴν,
1294 1003 1341 1029 καὶ
1354 1002 1386 1029 τὸ
1398 1002 1537 1030 Σάϐϐα-τον
1550 1001 1696 1037 ὁλόκληρον
1708 1001 1824 1037 νηστεύ-

1034 1057 1099 1076 σατε
1108 1068 1116 1081 ,
1130 1046 1171 1080 οἷς
1184 1048 1298 1084 δύναμις
1320 1048 1450 1084 πρόσεστι
1464 1047 1575 1083 τοιαύτη
1589 1067 1597 1080 ,
1613 1047 1729 1083 μηδενὸς
1743 1047 1825 1081 γευό-

1035 1103 1132 1130 μενοι,
1159 1094 1256 1130 μέχρις
1280 1094 1516 1129 ἀλεκτοροφωνίας
1537 1093 1633 1125 νυκτός
1646 1101 1653 1108 ·
1683 1094 1708 1119 εί
1735 1092 1764 1118 δέ
1782 1101 1825 1124 τις

1034 1139 1158 1167 ἀδυνατεῖ
1173 1139 1221 1171 τὰς
1232 1138 1279 1165 δύο
1291 1139 1438 1165 συνάπτειν
1450 1138 1529 1174 ὁμοῦ,
1553 1137 1714 1172 φυλασσέτω
1725 1136 1778 1163 κᾶν
1793 1136 1825 1162 τὸ

1035 1185 1185 1212 Σάϐϐατον.
1205 1184 1324 1212 Causam
1349 1184 1460 1219 subjicit
1478 1193 1485 1211 :
1501 1183 1574 1218 quod
1594 1183 1637 1210 his
1659 1181 1756 1210 diebus
1775 1181 1824 1209 ab-

1034 1231 1106 1260 latus
1131 1231 1168 1259 sit
1191 1238 1318 1266 sponsus.
1346 1229 1434 1263 Quam
1458 1234 1485 1257 et
1508 1228 1624 1257 Tertull.
1649 1227 1740 1262 attigit
1773 1227 1822 1254 lib.

1034 1275 1136 1306 Contra
1157 1276 1266 1314 Page/1.,
1277 1283 1337 1311 cap.
1358 1275 1374 1303 8
1391 1285 1397 1302 :
1415 1275 1482 1302 Ecce
1504 1275 1572 1302 enim
1596 1274 1719 1301 convenio
1739 1281 1784 1300 vos
1799 1278 1823 1299 et

1035 1330 1130 1360 praeter
1154 1323 1260 1351 Pascha
1280 1322 1444 1358 jejunantcs,
1472 1321 1542 1348 citra
1564 1319 1625 1347 illo;
1648 1319 1715 1352 dies,
1730 1319 1823 1354 quibus

1036 1371 1140 1398 ablatus
1153 1374 1191 1398 est
1208 1370 1333 1405 Sponsus.

1071 1416 1138 1443 Ibid.
1151 1415 1206 1444 Kal
1218 1415 1295 1448 ὅλην
1305 1414 1362 1448 τὴν
1373 1413 1625 1448 Τεσσαρακοστὴν
1637 1411 1695 1440 ἀπὸ
1705 1410 1822 1445 ἐνάτης.

1041 1460 1138 1490 Utrum
1153 1461 1281 1489 omnibus
1296 1459 1516 1495 Quadragesimse
1536 1458 1633 1486 diebus
1648 1464 1765 1493 synaxes
1782 1465 1826 1484 re-

1037 1507 1135 1534 lebrari
1152 1507 1235 1539 dicat,
1251 1506 1369 1534 dubitari
1383 1509 1488 1540 potest:
1507 1512 1542 1532 an
1555 1504 1621 1531 illud
1636 1503 1728 1538 potius
1742 1503 1824 1535 velit;

1038 1558 1092 1581 tam
1119 1561 1166 1582 sex
1190 1553 1251 1581 illas
1273 1552 1426 1584 Paschalis,
1444 1555 1471 1579 et
1497 1550 1611 1586 majoris
1637 1549 1824 1581 hebdomadas,

1036 1607 1117 1635 quam
1135 1603 1246 1627 caeteras
1261 1598 1484 1633 Quadragcsimaa
1497 1604 1627 1632 syuaxes,
1655 1595 1826 1630 quibuscun-

1035 1654 1088 1682 que
1100 1646 1210 1674 tandem
1230 1645 1328 1673 diebus
1341 1644 1494 1676 obeantur,
1512 1651 1527 1670 ο
1545 1650 1616 1670 nona
1629 1641 1663 1669 ad
1684 1648 1826 1676 vesperam

1035 1699 1122 1727 usque
1139 1691 1316 1726 frequentari.
1343 1689 1400 1717 Hoc
1411 1697 1476 1717 vero
1489 1694 1592 1717 certum
1606 1693 1648 1716 est
1668 1696 1700 1715 ex
1715 1688 1749 1715 iis
1761 1686 1826 1722 Epi-

1035 1737 1127 1772 phanii
1144 1736 1250 1768 verbis,
1266 1734 1399 1771 jejunium
1415 1735 1442 1762 in
1454 1734 1665 1768 Quadragesima
1689 1741 1744 1761 non
1762 1737 1826 1760 ante

1035 1789 1176 1817 vesperam
1197 1786 1279 1817 atque
1301 1788 1430 1809 occasum
1454 1780 1541 1808 solem
1565 1788 1580 1807 a
1603 1779 1729 1807 ﬁdelibus
1756 1779 1826 1807 solu-

1036 1832 1104 1855 tum.
1115 1827 1166 1855 Cui
1181 1833 1394 1855 consentaneum
1403 1832 1457 1860 est,
1468 1826 1541 1862 quod
1556 1833 1619 1854 cum
1630 1825 1663 1853 de
1677 1825 1827 1861 synaxibus

1035 1882 1190 1910 ageremus,
1214 1881 1246 1902 ex
1262 1873 1432 1902 Tertulliano
1453 1872 1598 1900 docuimus
1614 1881 1620 1899 :
1636 1871 1769 1899 stationes
1792 1871 1828 1899 ob

1036 1920 1062 1947 id
1078 1920 1247 1955 semijejunia
1257 1919 1359 1952 vocari,
1377 1919 1450 1954 quod
1465 1918 1498 1946 ad
1515 1918 1610 1946 horam
1624 1924 1725 1944 nonam
1737 1924 1827 1951 usque

1036 1969 1248 2000 prorogareutur
1260 1985 1267 1998 ,
1284 1971 1347 1992 eum
1365 1964 1481 1999 majora,
1502 1962 1656 1998 cujusmodi
1676 1961 1827 1998 quadrage-

1037 2011 1142 2039 simalia
1160 2010 1246 2044 iuere,
1260 2018 1314 2038 non
1329 2014 1393 2038 ante
1405 2009 1475 2038 lucis
1486 2010 1591 2037 exitum
1605 2008 1775 2037 desinerent.
1793 2009 1828 2036 At

1038 2057 1151 2084 Constit.
1177 2062 1261 2092 «post.
1286 2057 1334 2084 lib.
1351 2064 1377 2090 ν,
1397 2063 1459 2091 cap.
1484 2055 1528 2088 l5,
1555 2062 1628 2083 nona
1647 2055 1690 2082 vel
1712 2061 1826 2090 vespera

1038 2111 1087 2138 pro
1105 2102 1240 2137 cujusque
1260 2101 1363 2130 viribus
1384 2101 1456 2129 vesci
1476 2101 1554 2136 jubet
1570 2107 1577 2127 :
1597 2098 1642 2128 Ἑν
1656 2100 1685 2127 δὲ
1699 2101 1759 2134 ταῖς
1775 2099 1827 2127 λοι-

1039 2151 1103 2180 παῖς
1126 2150 1187 2181 ταῖς
1216 2147 1268 2184 πρὸ
1290 2148 1341 2183 τῆς
1368 2146 1547 2183 παρασκευῆς
1575 2146 1784 2189 ἑνάτηνκῶραν,
1810 2146 1826 2182 ἦ

1039 2197 1160 2233 ἑσπέραν
1181 2197 1297 2228 ἕκαστος
1319 2195 1442 2229 ἐσθιέτω,
1464 2195 1481 2230 ἢ
1503 2195 1578 2226 ὅπως
1596 2193 1629 2221 ἄν
1643 2202 1686 2225 τις
1708 2194 1826 2220 δύναιτο.

198 2233 259 2263 ταῖς
274 2232 392 2280 ῄμέραις
411 2233 458 2261 τοῦ
478 2235 586 2272 Πάσχα,
605 2237 702 2272 inquit,
715 2239 761 2265 ὅτε
778 2241 842 2276 παρ’
856 2241 922 2276 ἡμῖν
939 2250 983 2277 χα-

1040 2232 1202 2271 Ambrosius
1227 2251 1311 2271 serm.
1322 2242 1357 2270 26
1374 2250 1380 2268 ;
1396 2241 1468 2277 Rogo
1481 2249 1536 2274 vos,
1555 2240 1653 2274 fratres
1664 2239 1826 2269 citatissimi.

199 2278 319 2312 μευνίαι,
342 2279 459 2314 ἁγνεῖαι,
484 2282 677 2316 κακοπάθειαι,
699 2284 874 2321 ξηροφαγίαι,
896 2288 985 2323 εὐχαὶ,

199 2325 347 2360 ἀγρυπνίαι
362 2336 391 2353 τε
415 2329 462 2355 καὶ
480 2331 615 2364 νηπτείαι,
637 2331 684 2358 καὶ
715 2334 800 2360 πᾶσαι
816 2333 871 2361 τῶν
893 2334 987 2370 ψυχῶν

198 2371 228 2396 αἱ
256 2373 407 2409 σωτηρίαι,
425 2377 478 2402 etc.
502 2374 574 2403 Idem
599 2381 626 2404 et
649 2377 745 2405 haeres.
775 2378 819 2412 70,
846 2387 923 2407 num.
951 2381 986 2408 1⁸3

201 2417 395 2446 hcbdomadem
412 2421 484 2448 illam
504 2421 646 2451 Paschalis
662 2423 830 2460 ξηροφαγίας
841 2425 986 2461 ἑϐδομάδα,

199 2464 310 2490 καὶτοῦ
335 2465 430 2500 Πάσχα
448 2468 581 2496 nominat.
604 2468 671 2497 Vide
692 2475 719 2498 ct
742 2479 770 2498 n.
792 2471 832 2499 Η.
849 2471 903 2500 Nec
920 2473 986 2500 illud

201 2512 464 2544 praetermittendum
481 2517 532 2548 est,
549 2515 586 2542 uti
602 2515 707 2543 Pascha
722 2525 771 2551 pro
787 2521 842 2545 tota
864 2518 987 2551 Quadra-

200 2556 314 2591 gesiina,
327 2562 374 2585 aut
387 2566 435 2592 pro
448 2559 542 2587 ultima
558 2561 653 2588 saltem
672 2562 744 2590 illius
759 2563 928 2591 hcbdo‘mada
940 2572 988 2592 su-

199 2603 296 2630 mitur.
312 2602 393 2631 Velut
414 2612 476 2632 cum
497 2605 657 2635 Timotheus
672 2608 817 2642 νηστεῦσαι
835 2609 932 2644 Πάσχα
945 2610 987 2637 di-

201 2648 240 2676 xit
259 2657 266 2675 :
284 2649 321 2677 ita
337 2658 534 2686 nonnunquam
549 2656 653 2679 eertum
669 2653 790 2688 ejusdem
807 2654 987 2683 hebdomadis

199 2693 271 2721 diem
288 2696 453 2730 signiﬁcare,
475 2701 504 2724 ut
520 2697 590 2731 apud
601 2696 715 2726 Tertull.
732 2698 780 2726 lib.
799 2698 834 2726 De
846 2705 916 2727 erat.
935 2700 987 2728 sub

200 2740 281 2768 linem
299 2751 306 2769 :
326 2742 370 2769 Sic
388 2747 411 2769 et
424 2743 467 2770 die
484 2743 606 2777 Post/uc,
627 2752 685 2779 quia
709 2746 855 2773 communis
871 2752 894 2774 et
911 2747 988 2781 quasi

199 2787 304 2820 publica
323 2788 422 2823 jejtmii
439 2789 532 2824 religio
557 2794 613 2822 est,
632 2791 723 2818 merito
739 2792 893 2826 deponimus
910 2800 988 2820 oscu-

201 2831 267 2858 lum.
293 2832 344 2865 Qui
368 2834 435 2866 dies,
464 2833 612 2862 Parasceve
634 2839 739 2869 sancta,
769 2844 821 2871 qua
847 2836 988 2865 Passionis

201 2878 333 2906 memoria
355 2879 520 2913 celebratur,
538 2888 570 2909 ac
593 2880 689 2916 Πάσχα
712 2881 901 2917 σταυρὼσιμον
927 2891 988 2912 csso

1038 2295 1066 2316 ut
1083 2290 1111 2316 in
1125 2289 1176 2316 isto
1195 2288 1311 2324 legitimo
1334 2293 1465 2322 tempore,
1489 2286 1604 2321 exceptis
1628 2284 1772 2313 Dominica
1802 2288 1827 2311 et

1037 2334 1154 2363 Sabbato
1178 2335 1279 2367 diebus,
1296 2334 1384 2362 nullus
1410 2337 1471 2360 ante
1492 2340 1589 2359 nonam
1615 2331 1746 2366 prandere
1764 2338 1830 2365 pra:-

1037 2385 1134 2414 sumat,
1156 2380 1207 2407 nisi
1224 2380 1292 2415 forte
1315 2388 1391 2414 quem
1410 2379 1533 2414 jejunarc
1556 2378 1701 2412 infirmitas
1713 2385 1764 2404 non
1776 2384 1831 2411 pcr-

1038 2427 1127 2454 mittit.
1141 2426 1210 2460 Quia
1232 2426 1292 2453 aliis
1305 2425 1395 2453 diebus
1405 2425 1528 2459 jejunarc
1541 2428 1588 2450 aut
1605 2424 1759 2456 remedium,
1785 2427 1829 2450 aut

1037 2472 1176 2507 puerilium
1191 2476 1229 2498 est
1245 2479 1254 2500 :
1271 2471 1298 2497 in
1313 2470 1525 2505 Quadraguimu
1541 2477 1601 2496 vero
1626 2477 1677 2495 non
1692 2468 1827 2503 jejunarc,

1038 2522 1174 2553 peccatum
1191 2522 1240 2544 est.
1264 2517 1316 2550 Qui
1343 2516 1455 2551 quidem
1483 2524 1574 2544 sermo
1600 2515 1714 2543 totidem
1739 2514 1830 2542 verbis

1039 2561 1110 2596 apud
1126 2561 1307 2596 Augustinum
1331 2561 1445 2596 legitur;
1462 2565 1561 2596 estque
1584 2568 1676 2588 sermo
1692 2560 1726 2587 de
1741 2564 1825 2594 temp.

1039 2608 1084 2634 62.
1101 2607 1154 2635 Sed
1165 2608 1198 2634 de
1209 2606 1330 2635 Sabbato
1340 2607 1453 2635 verbum
1465 2607 1582 2635 nullum.
1598 2606 1650 2634 Sed
1663 2607 1714 2634 hoc
1727 2607 1829 2640 solum,

1040 2659 1069 2680 ut
1084 2654 1199 2689 exceptis
1216 2653 1363 2681 Dominicis
1378 2654 1480 2686 diebus,
1503 2653 1593 2680 nulla:
1611 2653 1742 2688 prandere
1764 2661 1828 2687 pra:-

1038 2704 1137 2727 sumat.
1151 2699 1230 2733 Quod
1249 2699 1319 2726 idem
1334 2703 1375 2726 est
1390 2706 1424 2726 ac
1438 2699 1461 2727 si
1476 2702 1538 2726 ante
1555 2705 1655 2726 nonam
1674 2698 1749 2726 vesci
1765 2705 1829 2732 pro-

1039 2746 1157 2778 hiberet,
1177 2746 1241 2780 quia
1256 2745 1400 2780 prandium
1422 2749 1485 2773 ante
1500 2746 1594 2772 horam
1619 2748 1725 2772 sextam
1739 2744 1829 2778 capiev

1039 2793 1128 2823 batur.
1146 2792 1213 2820 Vide
1229 2793 1343 2827 August.
1366 2792 1448 2827 epist.
1466 2791 1510 2819 86.
1541 2791 1579 2818 Ita
1596 2790 1748 2819 Cassianus
1768 2788 1828 2816 Col-

1039 2839 1086 2865 lat.
1105 2838 1150 2869 2i.
1171 2845 1230 2872 cap.
1244 2837 1289 2871 25,
1305 2837 1347 2864 vel
1361 2836 1486 2865 Theonas
1505 2836 1577 2871 apud
1595 2836 1672 2863 illum
1687 2835 1824 2865 admonet.

1040 2888 1066 2913 ut
1087 2884 1114 2911 in
1131 2883 1228 2912 diebus
1242 2882 1330 2917 festis,
1346 2883 1428 2917 cibus,
1442 2882 1489 2918 qui
1504 2881 1570 2909 liora
1590 2881 1643 2908 diei
1658 2889 1728 2909 nona
1741 2880 1825 2915 fuerat
