1925 3043
112 189 182 219 ius!
503 190 549 220 ut:
567 186 768 223 VETERIBUS
785 185 990 227 QUIBUSDMI
1010 184 1189 219 Ecctssnt‘.
1212 187 1360 218 RtTIBUS.
1686 189 1755 217 mea

112 249 269 285 capiendus,
285 249 366 285 paulo
380 250 472 283 citius,
489 250 518 277 id
535 257 574 278 est
591 257 665 279 sexta
680 253 746 280 liora
763 260 810 288 pro
826 251 902 287 festiv
917 253 940 281 Α
954 258 986 278 ac
994 250 1090 286 jejunii
1102 250 1243 283 relaxatio,
1258 254 1288 277 ut
1304 249 1373 284 Aug.
1387 248 1489 276 indicat
1508 248 1588 284 epist.
1606 248 1670 283 IIS,
1688 257 1714 276 (ι.
1728 250 1755 276 .i.

111 295 206 324 vitatis
219 301 335 330 tempore
351 296 484 330 capiatur.
502 296 535 323 At
552 297 651 331 priscis
665 299 835 334 temporibus
852 304 906 324 non
958 296 1038 329 Quod
1053 295 1207 323 Laodicena
1225 294 1346 330 synodus
1362 293 1491 328 usurpari
1515 293 1602 320 vetuit
1620 301 1681 320 can.
1697 292 1733 320 Mt
1749 302 1755 319 :

112 345 179 369 ante
190 349 332 377 vesperam
348 342 440 369 cibum
452 349 550 377 capere
560 349 774 376 consueverant;
793 344 819 371 id
834 343 907 378 quod

114 387 229 422 insuper
245 386 387 423 Theophili
403 387 580 415 Alexandrini
598 389 674 417 locus
691 389 735 417 ille
752 389 906 422 conﬁrmat,

114 439 198 467 quem
213 439 296 467 supra
312 432 505 460 discessimus.
523 433 707 468 Posteaquam
725 442 790 462 vero
807 433 840 461 ad
859 434 909 461 ho-

117 485 175 506 ram
193 486 293 506 nonam
308 478 436 506 vescendi
453 483 560 514 tempus
580 487 595 507 a
615 487 729 515 vespera
747 481 909 508 transiatum

116 528 169 557 est,
197 528 256 551 tum
275 524 416 552 sublatum
435 524 501 551 illud
523 523 673 553 discrimen
688 526 820 558 arbitror,
836 525 910 561 quod

118 571 252 598 hactenus
273 571 344 598 inter
367 571 499 599 stationes
519 577 547 600 et
559 571 664 607 jejunis
681 572 765 600 fuisse
782 572 909 599 vidimus.

959 341 1021 369 Ὅτι
1045 341 1076 368 οὺ
1095 341 1139 367 δεῖ
1161 342 1190 368 ὲν
1214 340 1422 376 τεσσαρακοστῇ
1446 339 1480 374 τῇ
1506 338 1606 374 ὑστέρᾳ
1633 338 1759 375 ὲεδομόόι

957 389 1008 424 τὴν
1030 388 1161 424 πέμπτην
1184 386 1277 417 λύειν.
1301 387 1349 413 καὶ
1371 385 1437 421 ὅλην
1457 385 1508 420 τὴν
1531 385 1758 421 τεσσαρακοστὴν

959 434 1121 470 ἁτιμάζεινκ
1137 434 1206 461 ἀλλὰ
1220 433 1262 460 δεῖ
1280 434 1371 460 πᾶσαν
1390 432 1440 468 τὴν
1465 431 1692 468 τεσσαρακοστὴν
1711 439 1758 464 νη-

961 481 1067 508 στεύειν
1097 480 1332 516 ξηροφαγδῦντας.
1361 479 1400 506 E‘x
1429 486 1484 513 quo
1508 478 1621 511 notabis
1651 478 1758 508 obiter,

960 526 1102 554 Passionis
1114 526 1313 554 hebdomadcm
1328 524 1551 560 Quadragesimce
1568 528 1672 558 partem
1687 531 1760 554 esse.

961 579 1016 599 non
1033 571 1067 599 ab
1088 571 1134 598 illa
1153 571 1322 599 distinctam.
1345 569 1476 597 Trullana
1502 576 1613 604 quoque
1638 567 1759 603 synodus

119 616 239 652 Indeque
261 621 318 649 est,
345 618 418 652 quod
444 617 608 646 Ambrosius
630 626 714 646 serm.
741 613 779 646 36'
806 619 910 655 jcjunia
962 617 1082 651 cameli,
1111 617 1183 653 quod
1206 617 1233 644 in
1255 616 1477 652 Carthaginiensi
1502 615 1619 643 concii'ro
1642 615 1676 642 de
1692 613 1760 642 feria

118 663 337 699 Quadrayesimaz
349 665 475 692 stationes
488 666 619 700 appellari
631 665 723 692 dixit.‘
963 664 1008 692 illa
1023 665 1118 699 quinta
1140 663 1304 690 nominatim
1325 667 1468 698 exceptum
1499 662 1586 690 fuerat
1602 669 1608 687 :
1625 661 1660 689 Ut
1673 669 1762 688 sacru-

157 710 214 736 Ἔν
239 717 299 736 τισι
322 710 356 736 δὲ
376 711 481 744 τόποις
503 711 557 745 τῆς
578 712 654 746 μετὰ
675 712 733 747 τὴν
761 711 910 747 πέμπτην.

971 713 1050 737 nenia
1069 709 1165 736 altaris
1185 709 1291 736 nonnisi
1320 717 1337 735 α
1350 708 1449 743 jejunis
1465 708 1614 735 hominibus
1631 707 1762 734 celebrem

126 755 343 792 ’Λπονηστισμός
376 762 417 784 est
438 758 536 792 jejunis"
565 759 683 791 solutio;
712 763 739 786 et
766 758 913 794 ὰπονηστῐ-

971 759 1018 788 ῐιιτ,
1033 760 1139 789 excepto
1160 763 1212 782 uno
1229 755 1271 782 die
1292 755 1551 790 atnzivcrsnrio,quo
1569 761 1641 781 creua
1655 752 1770 796 Domini

117 799 216 833 ζεσοαι
224 801 356 836 jejunium
371 802 481 830 solvere.
498 803 554 831 Nec
570 804 647 831 aliter
658 805 687 831 in
702 804 797 831 Graeco
813 803 914 838 Ilippo-
964 801 1111 829 celebratur
1137 801 1198 837 (qui
1215 806 1256 829 est
1275 801 1369 829 Carth.
1389 808 1430 834 In,
1442 809 1504 828 can.
1519 800 1576 835 ‘29),
1591 798 1734 835 abrogavit
1751 807 1758 825 :

118 847 166 882 iyti
181 855 286 875 curione
301 848 414 876 verbum
432 849 499 877 illud
522 851 666 885 accipitur,
680 858 744 878 cum
761 850 818 877 ait:
837 850 914 876 ’Λπο-
964 847 1103 882 vetuitque
1114 847 1166 874 illo
1182 847 1226 875 die
1242 847 1311 874 solvi
1332 845 1479 882 jejunium.
1495 847 1530 874 At
1549 846 1717 881 Augustinus
1733 846 1761 872 in

117 893 294 928 νηστίζεσοαι
323 893 351 920 δὶ
373 894 414 921 δεῖ
428 891 458 922 οὗ
474 895 507 922 ἄν
522 895 631 931 ἐμπέσῃ
639 895 776 931 Κυριακή.
790 894 912 922 Tametsi

971 892 1078 928 Epistula
1094 893 1218 928 proxime
1239 893 1322 920 citata
1348 893 1488 920 nonnullis
1510 893 1537 920 in
1555 892 1688 920 Ecclesiis
1706 898 1764 918 mo-

120 939 244 974 Scaliger
257 939 285 966 in
310 939 390 967 Notis
410 941 446 968 ad
470 928 546 968 illuni
565 928 713 973 canoncm,
731 928 911 976 ἀέξονηστίζε-
929 928 951 957 Β
967 946 1024 966 rem
1041 938 1127 966 fuisse
1151 930 1288 971 declarat,
1308 943 1339 966 ut
1363 939 1401 966 bis
1426 939 1518 974 quinta
1537 938 1651 966 ‘Sabbati
1665 937 1763 965 hebdo-

121 983 184 1010 σῠαι
201 988 278 1019 putat
291 992 352 1012 esse
371 985 516 1020 transferre
528 986 662 1020 jejunium
676 993 686 1013 :
698 986 774 1021 quod
798 985 911 1012 minimc

119 1031 255 1065 procedit.
268 1030 387 1066 Tempus
399 1039 465 1059 vero
479 1031 644 1059 dissolvendi
657 1031 832 1066 jejunii,si\'e
847 1031 912 1058 liora

120 1075 169 1102 τοῦ
194 1076 401 1112 ἁπονηοτισμοῦ
436 1077 577 1112 multiplex
599 1077 662 1104 l'uit.
687 1077 800 1104 Constit.
823 1076 911 1104 Clem.

122 1121 170 1148 lib.
186 1129 213 1155 ν,
228 1129 288 1157 cap.
303 1122 352 1150 19:
365 1121 410 1157 Τῷ
422 1122 451 1149 δὲ
464 1122 596 1158 Σαῦὖάτῳ
613 1123 710 1158 μέχρις
725 1122 915 1158 ἀλεκτοροφω-

121 1167 181 1199 νίας
207 1168 435 1203 παρεκτείνοντες,
466 1169 680 1205 ἀπονηστίζεσϐε
704 1167 915 1204 ἐπιφωσκούσης

122 1214 189 1248 μιᾶς
203 1213 257 1241 τῶν
268 1213 427 1247 Σαϐϐάτων,
445 1215 507 1250 ἥτις
524 1215 583 1241 ἐστὶ
593 1215 713 1250 κυριακὴ
727 1214 781 1241 ἀπὸ
796 1214 915 1250 ἑσπέρας

120 1259 177 1292 ἕως
190 1260 424 1296 ἀλεκτοροφωνίας
443 1260 648 1297 ἀγρυπνοῦντες
658 1282 665 1295 ,
677 1261 726 1288 καὶ
742 1262 789 1288 ἐπὶ
801 1259 832 1287 τὺ
849 1260 916 1288 αὐτὸ

121 1306 153 1332 ὲν
167 1306 201 1341 τῇ
233 1306 367 1342 ἐκκλησίᾳ
383 1306 622 1343 συναθροιζόμεναι
640 1308 813 1343 γρηγορεῖτε.
833 1306 914 1334 iubet

121 1351 361 1386 quadragesimale
382 1352 516 1388 jejunium
541 1352 609 1380 solvi
634 1353 667 1380 ad
685 1353 868 1388 gallicinium,
887 1357 916 1380 ut

122 1402 153 1425 et
167 1399 305 1433 superiori
319 1399 422 1435 capite.
439 1398 586 1434 Dionysius
600 1398 803 1427 Alexandrinus
815 1399 848 1427 ad
863 1399 916 1427 iia-

123 1443 238 1477 silideu,
255 1444 432 1479 reprehendit
463 1451 511 1472 eos
543 1444 590 1480 qui
614 1445 696 1479 paulo
711 1450 774 1473 ante
797 1444 916 1472 mediam

123 1494 232 1516 noctem
244 1495 307 1524 post
322 1489 471 1517 Sabbatum
483 1489 617 1525 jejunium
632 1490 799 1523 dissolvunt,
808 1490 847 1522 ὡς
861 1489 918 1517 ὀλι-

124 1537 233 1574 γώρηυς
258 1536 307 1563 καὶ
320 1536 461 1573 ἀκρατεῖς.
481 1536 534 1564 Eos
550 1541 642 1565 autem
660 1537 847 1569 commendat,
871 1535 918 1572 qui

125 1591 214 1619 usque
229 1583 262 1610 ad
285 1587 412 1618 quartam
431 1582 584 1610 custodiam
615 1583 772 1615 sustinent;
797 1589 848 1609 nec
871 1588 920 1609 eos

127 1613 218 1665 mil-gul
242 1613 383 1656 faciendos
399 1629 454 1662 ait,
471 1629 518 1663 qui
542 1636 575 1656 ex
599 1628 653 1656 illis
676 1613 790 1663 majoris
815 1613 955 1656 hebdo-c

125 1676 214 1703 madas
229 1683 276 1703 sex
295 1674 391 1702 diebus
404 1695 411 1708 ,
428 1675 566 1709 prioribus
584 1678 703 1710 quatuor
726 1675 786 1702 sine
810 1673 919 1709 jejunio

126 1721 274 1749 transactis
286 1741 293 1753 ,
318 1719 486 1748 Parasceven
503 1725 530 1748 et
543 1720 693 1748 Sabbatum
712 1720 772 1748 sine
786 1720 842 1748 ullo
857 1719 919 1748 cibo

125 1766 289 1798 traducunt,
304 1765 377 1800 quod
401 1765 576 1801 ὐπερτιῦέναι
599 1765 732 1793 nominat.
758 1764 822 1792 Fuit
843 1764 916 1791 enim

125 1813 181 1840 hoc
197 1811 333 1839 veteribus
349 1811 513 1839 Christianis
536 1811 671 1839 familiare
684 1831 692 1844 ,
718 1811 830 1838 biduum
852 1809 918 1837 illud

126 1860 231 1894 absque
246 1857 308 1885 cibo
318 1864 504 1892 perseverare,
523 1862 551 1885 et
565 1857 593 1885 in
608 1857 731 1885 Ecclesia
744 1857 871 1892 precibus
886 1863 919 1884 ac

127 1905 227 1941 vigiliis
245 1904 382 1932 insistere.
396 1903 478 1931 Sexta
498 1904 620 1940 synodus
636 1903 663 1930 in
679 1902 773 1931 Trullo
787 1911 849 1931 can.
866 1903 895 1931 9|
909 1911 917 1931 :

125 1951 183 1983 τὰς
205 1950 252 1977 τοῦ
272 1950 406 1986 σωτηρίου
423 1950 526 1982 πάθους
546 1950 653 1985 ἡμέρας
673 1950 702 1976 ὲν
723 1950 849 1985 νηστείᾳ,
872 1949 919 1976 καὶ

127 1998 267 2033 προσευχῇ
279 2017 286 2029 ,
300 1997 349 2023 καὶ
363 1996 509 2030 κατανύξει
528 1996 642 2032 καρδίας
657 1995 850 2027 ἐπιτελοῦντας
864 1995 918 2031 χρὴ

124 2044 190 2075 τοὺς
199 2043 312 2074 πιστοὺς
328 2042 392 2078 περὶ
405 2042 492 2077 μέσας
504 2041 555 2077 τῆς
567 2042 632 2077 περὶ
647 2041 677 2068 τὸ
696 2041 766 2077 μετὰ
781 2041 919 2069 Σάῦὃατον

124 2089 223 2122 νυκτὸς
235 2088 309 2125 ὥρας
322 2088 562 2124 ἀπονηστίςεσθαι.
579 2088 617 2115 Ad
629 2096 690 2123 qua:
701 2087 829 2115 Balsamo
843 2087 920 2114 dubi-

124 2140 178 2168 tat,
196 2143 231 2162 an
247 2135 312 2162 illml
327 2135 501 2170 praecipiatur
516 2134 677 2168 :triduum,
696 2134 770 2169 quod
787 2138 829 2161 est
849 2133 919 2168 μετὰ

125 2182 178 2218 τὴν
194 2181 326 2217 τετράδα,
350 2180 477 2216 quodque
490 2179 614 2208 Passieni
639 2181 774 2215 praecipue
798 2179 918 2207 dicatum

126 2233 178 2261 est,
193 2227 317 2262 adusque
332 2226 448 2254 mediam
469 2231 578 2253 noctem
602 2231 665 2254 ante
680 2225 849 2253 Dominicam
865 2224 919 2252 Pa-

965 985 1052 1012 madre
1067 985 1169 1013 ultimis
1195 986 1417 1021 quadragesimae,
1433 990 1458 1012 et
1480 992 1557 1012 mane
1575 987 1599 1011 et
1622 984 1657 1011 ad
1680 992 1763 1019 resp:-

966 1039 1025 1058 ram
1046 1031 1189 1066 offerretur
1211 1039 1220 1058 :
1247 1031 1320 1066 quod
1344 1030 1556 1066 improbandum
1583 1036 1644 1058 esse
1669 1034 1761 1065 negat.

966 1077 1044 1110 Quod
1070 1078 1158 1112 ipsum
1174 1077 1239 1105 olim
1257 1078 1283 1104 in
1300 1082 1392 1104 vetere
1407 1077 1528 1104 Ecclesia
1544 1076 1650 1104 caeteris
1663 1076 1762 1103 diebus

967 1125 1099 1151 usitatum
1118 1124 1211 1156 fuisse,
1231 1124 1335 1151 imlicat
1357 1123 1515 1159 Cyprianus
1531 1122 1612 1157 epist.
1634 1121 1670 1149 65
1694 1121 1761 1148 edit.

967 1169 1044 1196 Pam.
1062 1169 1114 1197 Ubi
1130 1170 1277 1198 nonnullos
1302 1169 1476 1205 reprehendit
1489 1188 1496 1201 ,
1510 1169 1558 1204 qui
1579 1169 1606 1196 iu
1622 1168 1763 1196 matutinis

969 1214 1112 1242 sacriﬁciis
1124 1223 1224 1251 aquam
1239 1215 1324 1243 solum
1343 1214 1522 1246 adhibebant,
1535 1222 1567 1241 ne
1582 1221 1629 1249 per
1639 1221 1762 1249 saporem

969 1261 1024 1288 vini
1042 1261 1187 1288 t'edolerent
1199 1262 1354 1297 sanguinem
1367 1261 1476 1289 Christi.
1485 1260 1562 1294 Quos
1578 1260 1616 1288 ita
1628 1260 1761 1295 castigat:

971 1308 1011 1333 Λη
1033 1307 1084 1334 illa
1100 1307 1150 1334 sibi
1173 1307 1270 1342 aliquis
1287 1307 1508 1340 contemplatione
1525 1306 1672 1338 blanditur.
1693 1306 1763 1342 quod

970 1354 1020 1380 etsi
1035 1359 1111 1380 mane
1135 1350 1206 1389 a’qua
1228 1353 1286 1380 sola
1303 1353 1394 1388 o/ferri
1411 1353 1525 1385 videtur,
1548 1358 1634 1380 tamen
1652 1361 1710 1380 cum
1729 1353 1763 1380 ad

971 1400 1126 1427 sanandam
1141 1400 1274 1432 venimus,
1299 1401 1407 1427 mistum
1426 1399 1534 1426 culicem
1548 1399 1702 1434 oﬂ'erimus;
1719 1400 1764 1428 sed

971 1454 1031 1473 cum
1045 1454 1193 1479 camamus,
1210 1446 1244 1473 uti
1259 1446 1405 1473 convivium
1417 1450 1537 1473 nostrum
1555 1445 1656 1480 plebem
1670 1453 1765 1472 convo-

972 1499 1033 1519 care
1043 1500 1095 1519 non
1106 1499 1258 1527 possumus,
1274 1496 1301 1519 ut
1314 1492 1474 1519 sacramenti
1487 1491 1626 1519 ueritatem
1641 1492 1766 1527 fraterni-

973 1541 1028 1564 tate
1047 1538 1118 1564 omni
1132 1541 1260 1572 prwsente
1276 1536 1508 1565 celebremusiBis
1523 1537 1606 1573 igitur
1630 1539 1764 1566 sacriﬁcia

973 1583 1105 1612 celebrari
1128 1583 1263 1615 solebant,
1281 1591 1372 1617 mane,
1393 1587 1420 1611 et
1435 1583 1545 1618 quidem
1559 1583 1687 1620 publica;
1707 1589 1764 1613 tum

971 1630 1097 1666 privatim
1111 1630 1165 1658 sub
1181 1637 1332 1665 vesperam.

1005 1675 1061 1703 Kal
1086 1676 1181 1709 οὕτως
1202 1676 1340 1703 ἀπολύει.
1372 1674 1516 1709 ’Ᾱπόλυσνις
1533 1681 1578 1704 est
1599 1675 1685 1705 Missa
1708 1677 1766 1705 sive

969 1721 1072 1755 missio,
1090 1729 1153 1748 cum
1173 1721 1312 1755 diaconus,
1332 1729 1360 1749 re
1386 1729 1463 1750 sacra
1479 1722 1616 1756 confecta,
1635 1723 1764 1759 populum

969 1767 1089 1794 dimittit.
1107 1766 1197 1800 Quare
1211 1767 1416 1795 subaudiendus
1429 1772 1480 1801 est,
1494 1768 1509 1794 ὁ
1525 1767 1657 1801 διάκονος.

1010 1812 1059 1838 Ἐν
1085 1812 1124 1846 τῇ
1154 1812 1352 1847 ἀναστασίμῳ
1380 1811 1485 1847 ἡμέρᾳ.
1513 1809 1627 1848 Proprie
1659 1814 1765 1850 μεγάλη

970 1858 1064 1894 ἡμέρα
1077 1858 1181 1886 Pascha
1197 1858 1363 1886 nominatur.
1380 1857 1416 1886 Ut
1433 1860 1460 1887 in
1483 1859 1640 1895 Ancyrano,
1658 1867 1718 1888 can.
1737 1856 1763 1894 (ἴ,

971 1904 1065 1937 Ἔδοξε
1083 1904 1165 1941 μέχρι
1178 1904 1228 1939 τῆς
1244 1904 1366 1941 μεγάλης
1382 1906 1489 1941 ἡμέρας
1508 1906 1549 1938 είς
1574 1905 1705 1942 ἀκρόασιν
1722 1906 1765 1933 δε-

969 1950 1077 1986 χθῆναι.
1091 1949 1126 1977 Et
1139 1950 1267 1986 quoniam
1283 1951 1309 1978 in
1326 1951 1496 1980 illustrandis
1511 1952 1611 1980 veteris
1636 1952 1765 1980 Ecclesiae

970 1996 1068 2024 ritibus
1091 2000 1207 2024 navatur
1222 2004 1238 2024 a
1262 1997 1340 2025 nobis
1362 2002 1455 2032 opera,
1472 1998 1506 2025 de
1526 2005 1581 2025 uno
1595 1998 1714 2026 alterove
1727 1998 1765 2025 le-

970 2048 1072 2070 ctorem
1093 2042 1313 2075 adm‘onebimus,
1327 2043 1373 2079 qui
1394 2050 1442 2078 per
1464 2044 1600 2072 solemnes
1621 2043 1763 2071 Paschalis

973 2089 1057 2117 ferias
1073 2089 1200 2124 usurpari
1224 2089 1357 2117 solebant.
1383 2090 1435 2123 Qui
1457 2090 1508 2118 etsi
1533 2091 1565 2117 ad
1582 2090 1764 2126 Epiphaniun‘.

971 2140 1094 2163 nostrum
1117 2135 1185 2162 nihil
1207 2136 1354 2163 admodum
1378 2135 1549 2171 pertineant,
1578 2136 1647 2165 alias
1672 2142 1763 2166 tamen

971 2184 1071 2212 habent
1090 2184 1317 2219 opportunitates.
1336 2185 1371 2212 ob
1389 2193 1458 2220 quas
1485 2186 1593 2213 illorum
1616 2194 1671 2214 non
1695 2195 1764 2222 pra~

971 2231 1143 2259 termittenda
1170 2232 1272 2259 mentio
1299 2232 1415 2260 videtur.
1444 2231 1568 2260 Primum
1594 2233 1694 2268 igitur,
1713 2242 1763 2269 per

127 2273 249 2300 sebalem
271 2272 379 2308 jejunos
401 2272 565 2307 persistere;
596 2279 630 2298 an
655 2271 689 2299 de
711 2279 766 2299 uno
786 2271 915 2299 duntaxat

971 2277 1031 2305 illos
1047 2277 1105 2305 dies
1119 2285 1134 2304 a
1154 2276 1319 2306 Christianis
1337 2277 1547 2313 imperatoribus
1567 2277 1652 2307 vincti
1676 2280 1763 2315 capti-

125 2318 248 2347 Sabbato
262 2323 409 2346 caveatur:
425 2319 452 2346 in
473 2326 529 2353 quo
546 2318 658 2354 rigidior
675 2325 708 2346 ac
724 2318 846 2346 severior
857 2325 918 2346 esse

125 2365 223 2402 jejuuii
239 2365 382 2401 disciplina
399 2365 508 2393 debeat.

164 2411 218 2438 ’Ἐν
241 2418 302 2438 τισι
327 2411 362 2437 δὲ
379 2411 482 2444 τόποις
505 2410 628 2445 λατρεῑα
655 2409 712 2445 τῆς
734 2411 916 2445 οῖκονομὶας.

127 2456 264 2492 Λατρείαν
281 2456 331 2491 τῆς
344 2456 500 2492 οἰκονομίας
514 2457 633 2483 divinum
645 2461 669 2483 et
683 2456 849 2483 incruentum
878 2465 919 2483 su-

127 2503 259 2538 cn‘fin’um
281 2502 417 2537 appellat;
442 2508 472 2530 ut
486 2507 514 2530 et
537 2503 618 2538 paulo
635 2506 697 2537 post
719 2501 855 2536 disjuncte
874 2503 918 2530 λα-

126 2547 220 2584 τρείας
232 2548 278 2573 καὶ
289 2547 455 2582 οἰκονομίας,
467 2552 494 2574 ct
510 2547 537 2574 in
551 2547 689 2579 Aerianis,
710 2546 776 2574 liter.
791 2546 826 2573 77
839 2555 846 2574 :
861 2547 917 2583 Τὴν

127 2592 285 2628 οἰκονομίαν
297 2591 348 2627 τῆς
363 2592 501 2628 λατρείας,
516 2592 568 2620 hoc
582 2597 624 2619 est
643 2592 763 2618 missam.
783 2590 851 2619 Nam
868 2591 916 2619 λα-

127 2637 206 2673 τρεία
222 2637 332 2664 divinus
356 2637 445 2664 cultus
470 2640 553 2671 atque
567 2636 685 2664 ollicium
703 2640 760 2672 est,
780 2636 852 2671 quod
873 2643 917 2664 sa-

127 2683 232 2711 criﬁcio
260 2686 419 2718 praestatur;
432 2682 572 2718 οἰκονομία
592 2681 790 2710 lncarnatiouis
811 2681 918 2710 Passio-

127 2729 226 2764 nisque
241 2728 390 2756 Dominicm
409 2728 568 2764 mysterium
585 2728 731 2764 signiﬁcat,
751 2728 795 2756 cui
817 2736 917 2763 ηψπ-ω-

127 2775 261 2802 μεηιαηιιο
283 2775 435 2803 institutum
463 2775 530 2802 illud
551 2779 593 2802 est
619 2782 634 2802 a
660 2774 716 2802 Deo
740 2775 916 2804 sacriﬁcium.

127 2819 185 2848 Etsi
198 2819 225 2847 in
238 2820 362 2848 Aerianis
378 2829 404 2848 n.
419 2821 437 2848 3
449 2820 610 2855 simpliciter
624 2820 794 2856 οἰκονομίαν,
809 2820 862 2848 hoc
877 2825 919 2848 est

128 2867 288 2902 mysterium
311 2871 402 2895 vocat.
441 2867 528 2895 Porro
556 2867 623 2895 feria
649 2868 743 2903 quinta
770 2867 920 2896 Dominicis:

127 2909 268 2942 Passionis
283 2913 309 2941 in
321 2913 485 2948 quibusdam
500 2913 629 2942 Ecclesiis
640 2915 845 2951 ἀπονηστισμός
867 2915 919 2944 luit

329 2963 463 2995 ΡΑτιιοι..
485 2963 544 2994 Gn.
563 2963 656 2995 XLII.

969 2323 1049 2359 vique
1083 2330 1098 2350 e
1125 2331 1234 2351 carcere
1266 2324 1454 2352 mittebantur.
1479 2322 1605 2352 Monacbi
1633 2324 1763 2361 Eutychis

970 2369 1088 2397 hwretici
1104 2368 1132 2396 in
1144 2368 1234 2396 libello
1248 2370 1363 2405 supplici
1376 2369 1416 2396 Ad
1427 2370 1660 2406 pseudosynodam
1677 2370 1763 2406 Ephe-

969 2415 1065 2448 si‘nam,
1082 2414 1110 2442 in
1123 2415 1199 2443 Actis
1212 2414 1377 2443 Chalcedon.
1399 2415 1518 2449 concilii,
1536 2415 1570 2443 de
1584 2414 1628 2444 die
1644 2415 1763 2445 Pascha-

970 2460 1004 2488 lis
1027 2460 1169 2495 loquentes
1186 2470 1194 2488 :
1210 2460 1278 2487 Καθ’
1298 2460 1340 2496 ἢν,
1365 2460 1503 2496 inquiunt,
1520 2461 1614 2488 λύεται
1635 2461 1684 2497 μὲν
1707 2463 1763 2493 τοῖς

969 2505 1105 2537 πλείστοις
1116 2504 1170 2532 τῶν
1181 2506 1381 2542 ἡμαρτηκότων
1397 2506 1452 2534 ἀπὸ
1465 2506 1520 2534 τῶν
1535 2507 1621 2541 ἁγίων
1636 2507 1763 2543 πατέρων

967 2551 1047 2588 ἡμῶν
1062 2552 1095 2578 τὰ
1113 2552 1255 2588 ἐπιτίμια·
1271 2552 1364 2580 λύεται
1383 2552 1411 2579 δὲ
1430 2552 1506 2589 παρὰ
1526 2553 1580 2580 τῶν
1598 2551 1763 2588 βασιλευόν-

968 2605 1022 2624 των
1035 2598 1082 2624 ἐπὶ
1097 2597 1151 2624 τῶν
1166 2598 1346 2635 ἐγκλημάτων
1360 2599 1394 2627 τὰ
1407 2599 1495 2636 δεσμὰ
1512 2601 1569 2632 τοῖς
1589 2599 1761 2632 ὑπευθύνοις.

968 2644 1064 2671 Exstat
1078 2645 1172 2672 eadem
1187 2645 1221 2673 de
1244 2654 1274 2674 re
1291 2646 1374 2682 impp.
1390 2645 1583 2680 Valentiniani,
1598 2646 1719 2676 Valentis
1736 2652 1763 2677 et

969 2689 1090 2718 Gratiani
1104 2690 1266 2726 rescriptum
1285 2690 1320 2720 53
1335 2693 1368 2721 de
1392 2693 1496 2729 indulg.
1517 2694 1578 2722 cod.
1599 2693 1737 2723 Theodos.
1754 2705 1761 2723 ;

971 2735 1009 2762 Ob
1037 2735 1105 2762 diem
1135 2735 1247 2764 Pascha:
1272 2747 1348 2773 quem
1371 2739 1466 2767 intimo
1489 2740 1567 2767 corde
1589 2740 1762 2773 celebramus,

969 2780 1101 2814 erunibus,
1119 2788 1183 2816 quos
1196 2787 1284 2810 reatus
1295 2785 1428 2820 astringit,
1441 2794 1532 2813 carcer
1546 2786 1666 2814 inclusit.
1687 2787 1763 2815 clau-

970 2831 1027 2854 stra
1041 2827 1219 2856 dissolvimus.
1236 2829 1323 2865 Hujus
1339 2831 1419 2860 nobis
1433 2833 1680 2861 commemoranda:
1696 2841 1763 2862 con-

971 2873 1124 2901 suetudinis
1145 2875 1316 2904 occasiouem
1335 2876 1410 2904 dedit
1433 2877 1620 2907 Tbemistiana
1638 2879 1763 2914 quadam

949 2930 951 2933 ·
971 2919 1077 2954 oratio;
1102 2920 1182 2956 cujus
1213 2928 1405 2958 argumentum
1430 2924 1563 2954 hactenus
1592 2927 1757 2961 ignoratum,

1604 2975 1644 3007 35
