1925 3043
168 179 233 208 1099

551 176 595 204 DE
615 176 814 205 VETERIBUS
834 176 1037 210 QUiBUSDAM
1056 176 1235 206 ECCLESl/E
1255 177 1404 206 RITIBUS.

1727 177 1801 206 “00

164 245 214 266 ne:
230 245 245 265 a
264 237 342 265 nobis
362 237 442 265 etiam
460 236 486 263 in
501 235 649 264 novissima
665 241 757 264 nostra
773 236 891 264 editione
906 243 951 262 sa-
968 238 989 266 Α
1003 243 1049 271 per
1062 237 1268 264 solemnissimos
1293 236 1434 264 Paschales
1460 236 1514 264 dies
1539 241 1734 264 sacramentum
1753 245 1798 265 ca-

164 284 199 310 tis
211 283 388 313 intellectum,
401 282 548 316 plurimum
566 281 629 309 huic
640 282 821 310 observationi
834 281 952 310 debebit.

165 329 201 356 lia
221 333 262 356 est
287 329 357 355 inter
372 327 572 355 Themistianas
595 327 690 355 ordine
711 328 804 362 quinta
824 337 830 355 :
852 328 878 354 in
901 335 954 362 qua

163 374 309 402 Theodosii
344 373 462 402 senioris
498 373 669 402 clementiam
704 374 956 409 humanitatemque

164 420 302 454 praedicat.
323 419 409 451 Quam
430 419 538 453 quidem
563 419 711 446 orationem
737 419 816 455 vulgo
843 427 955 454 persua-

164 473 223 492 sum
242 469 300 492 erat
321 464 448 491 omnibus
474 464 507 491 ad
531 463 744 492 Antiochensem
761 465 834 492 illam
850 465 952 500 procel-

163 512 216 539 lam
237 510 474 545 calamitatcmque
499 510 594 538 referri
613 520 620 537 :
641 511 751 545 quando
773 510 809 538 ob
834 511 954 546 dejectas

163 556 286 592 populari
303 556 437 584 seditione
456 555 575 584 Placillte
596 559 702 584 statuas
718 556 890 584 exulceratus
904 557 956 584 im-

162 603 294 638 peratoris
312 602 431 634 animus,
459 607 487 630 et
512 602 545 629 ad
569 603 760 630 vindicandam
785 603 953 638 maiestatem

162 650 348 677 inﬂammatus
372 648 493 676 Flaviani
519 649 644 684 praesulis
665 650 798 685 legatione
815 650 955 684 mitigatus

160 701 212 723 est.
230 695 283 723 Sed
305 702 355 723 nos
382 695 546 723 necessariis
570 695 733 730 quibusdam
759 696 910 724 rationibus
928 696 953 723 in

161 741 354 769 Themistianis
384 742 456 769 notis
487 742 681 776 ostendimus,
710 743 782 774 alio,
810 750 891 777 quam
920 743 954 770 ad

163 786 384 814 Theodosianutn
401 786 468 814 illud
486 785 597 819 factum,
615 790 737 821 spectare
754 785 953 819 Thcmistium;

162 839 250 867 neque
267 836 357 859 tamen
381 831 533 865 cujusmodi
556 831 663 859 facinus
686 831 752 858 illud
773 837 855 865 esset,
869 831 955 859 extri-

162 885 224 905 care
238 882 294 905 tum
309 877 458 912 potuimus.
479 877 570 911 Quare
594 877 629 904 ita
646 877 857 913 disputationem
876 877 952 905 clau-

161 922 267 949 simus:
287 921 390 948 Habent
415 922 495 957 igitur
522 921 620 949 eruditi
648 921 698 949 υθί
729 927 807 957 atque
835 922 954 950 historice

160 968 284 1000 studiosi,
313 969 339 994 in
367 976 416 1003 quo
436 967 575 1002 quazrendo
598 972 676 1002 atque
698 968 860 996 enucleando
884 969 956 1003 inge-

161 1015 235 1040 nium
262 1022 339 1041 suum
367 1018 514 1041 exerceant.
542 1013 620 1047 Quod
644 1021 710 1041 sane
736 1015 831 1042 merito
860 1020 916 1042 tum
941 1022 955 1041 a

160 1060 241 1088 nobis
254 1064 296 1087 est
322 1059 434 1087 factum.
463 1059 560 1087 Postea
588 1067 652 1087 vero
681 1059 745 1087 dum
766 1059 956 1095 Cbrysostomi

160 1107 235 1134 hom.
263 1114 298 1134 xx
321 1106 354 1133 ad
378 1106 508 1141 populum
528 1106 728 1134 Antiochenum
757 1106 954 1142 percurrimus,

160 1152 251 1187 inqua
264 1152 297 1179 de
311 1152 431 1180 Flaviani
446 1152 588 1187 legatione,
601 1157 627 1179 et
642 1153 783 1186 impetrata
800 1153 956 1188 abimpcra-

159 1202 218 1226 tore
225 1199 302 1226 venia
313 1199 568 1234 gratulatur,veram
578 1198 767 1226 Themistianze
774 1199 845 1226 illius
852 1199 956 1226 oratio-

161 1244 205 1273 nis
221 1245 363 1273 historiatn
391 1249 417 1272 et
439 1245 592 1280 argumenti
613 1252 748 1272 summam
769 1253 821 1272 non
840 1245 897 1273 sine
914 1245 956 1272 in-

159 1290 233 1325 genti
260 1291 344 1318 animi
373 1290 460 1318 fructu
492 1298 525 1317 ac
548 1290 686 1325 voluptate
709 1290 865 1318 didicimus.
885 1289 952 1318 Cum

158 1336 230 1364 enim
244 1336 363 1364 habitam
380 1345 395 1364 a
412 1337 540 1364 Flaviano
553 1337 593 1364 Ad
610 1336 783 1364 Theodosium
799 1337 951 1364 orationem

157 1389 191 1410 ac
215 1381 435 1417 deprecationem
456 1383 581 1417 explicat,
607 1382 647 1410 sic
673 1390 735 1410 eum
762 1382 832 1409 inter
857 1387 953 1410 caetera

159 1429 315 1463 loquentem
333 1428 436 1455 inducit
452 1435 459 1454 :
476 1428 532 1455 Καὶ
553 1428 579 1455 τί
601 1428 654 1464 χρὴ
673 1428 762 1462 λέγειν
780 1429 953 1455 Κωνσταντῖ-

157 1482 203 1501 νον
240 1474 287 1500 καὶ
312 1473 346 1500 τὰ
370 1473 497 1509 ἀλλότρια
523 1475 742 1510 παραδείγματα,
767 1474 824 1501 δέον
849 1473 954 1501 οἴκοθέν

158 1528 199 1550 σε,
213 1519 260 1546 καὶ
273 1519 306 1546 ἐκ
321 1518 375 1545 τῶν
388 1519 441 1545 σῶν
455 1519 623 1554 παρακαλεῖν
651 1519 885 1556 κατορθωμτὶτωη
905 1520 953 1555 μέ-

159 1573 259 1599 μνησαι
277 1563 373 1600 πρώην
386 1586 393 1598 ,
415 1565 458 1592 ὅτε
475 1565 524 1600 τῆς
549 1565 646 1600 ἑορτῆς
661 1566 763 1600 ταύτης
784 1566 951 1593 καταλαϐού-

158 1618 209 1644 σης
229 1610 372 1644 ἐπιστολὴν
401 1609 525 1646 ἔπεμψας
552 1611 689 1646 πανταχοῦ
709 1612 759 1646 τῆς
787 1612 947 1647 οἰκουμένης

157 1654 321 1681 κελεύουσαν
335 1655 397 1687 τοὺς
418 1655 447 1682 τὸ
471 1656 657 1691 δεσμωτήριον
678 1657 818 1689 οἰκοῦντας
831 1658 947 1691 ἀφεῖναι,

156 1700 205 1726 καὶ
224 1702 375 1736 συγχωρεῖν
398 1701 489 1732 αὐτοῖς
513 1701 548 1728 τὰ
571 1702 746 1738 ἐγκλήματα·
774 1703 821 1730 καὶ
843 1703 880 1735 ὡς
898 1703 949 1730 οὐκ

156 1745 314 1780 ἀρκούντων
340 1746 452 1773 ἐκείνων
477 1746 562 1780 δεῖξαί
590 1756 636 1774 σου
659 1748 707 1783 τὴν
731 1748 946 1784 φιλανθρωπίαν,

156 1791 249 1825 ἔλεγες
263 1791 306 1818 διὰ
321 1791 375 1818 τῶν
389 1791 570 1828 γραμμάτων,
585 1792 626 1819 ὅτι
642 1792 703 1819 Εἴθε
725 1801 770 1828 μοι
783 1793 894 1819 δυνατὸν
915 1791 949 1828 ἦν

157 1838 204 1863 καὶ
225 1837 288 1869 τοὺς
314 1837 479 1869 ἀπελθόντας
501 1837 625 1871 καλέσαι,
652 1838 700 1865 καὶ
724 1839 887 1874 ἀναστῆσαι,
902 1839 950 1866 καὶ

158 1882 225 1918 πρὸς
236 1883 285 1918 τὴν
300 1883 435 1919 προτέραν
451 1885 599 1918 ἀναγαγεῖν
613 1884 695 1920 ζωήν.
712 1885 868 1920 Quanquam
885 1885 948 1920 quid

157 1930 251 1955 attinet
279 1928 493 1962 Constantinum,
510 1935 556 1956 aut
582 1930 697 1956 aliarum
719 1931 838 1965 exempla
854 1939 949 1957 metuo-

158 1981 227 2006 rare,
248 1982 307 2000 tum
325 1978 348 2000 te
363 1974 513 2001 domesticis
528 1975 579 2000 tuis
592 1975 668 2001 rebus
691 1983 723 2002 ac
744 1976 822 2010 factis
838 1977 949 2004 incitare

158 2020 299 2052 oporteat?
315 2018 461 2046 Meministi
486 2027 568 2054 nuper
591 2028 661 2051 cum,
683 2021 772 2047 eodem
798 2021 845 2047 illo
871 2030 949 2056 appe-

158 2069 226 2090 tente
242 2065 319 2099 festo,
336 2065 439 2092 litteras
458 2069 511 2092 toto
530 2070 661 2092 terrarum
680 2067 741 2094 orbe
760 2068 870 2100 misisti,
888 2069 948 2103 qui-

158 2109 204 2135 bus
219 2117 262 2137 eos
278 2117 376 2142 omnes,
392 2110 437 2145 qui
460 2110 489 2137 in
513 2119 616 2138 carcere
632 2117 716 2144 erant,
733 2113 844 2147 dimitti,
862 2115 948 2149 eisque

157 2155 303 2182 condonari
322 2156 434 2182 crimina
453 2157 572 2191 jussisti.
588 2157 653 2185 Tum
676 2159 782 2192 perinde
797 2168 828 2186 ac
844 2161 866 2187 si
884 2169 949 2187 non-

157 2200 221 2227 dum
234 2201 289 2228 lucc
307 2202 480 2236 testiﬁcanda:
495 2203 656 2231 humanitati
672 2210 724 2232 tum
748 2206 904 2249 suﬁicere-nt,
921 2207 947 2233 in

971 909 990 936 li

1007 282 1164 310 techumcnis
1178 290 1228 309 non
1243 282 1329 313 detur,
1338 282 1391 309 nisi
1402 281 1509 309 solitum
1521 281 1571 308 sal.
1584 281 1654 314 Quia
1667 282 1689 308 si
1706 281 1799 316 ﬁdeles

1006 335 1050 362 per
1064 327 1124 354 illo:
1143 327 1199 354 dies
1222 331 1388 354 sacramenta
1413 334 1463 354 non
1480 330 1594 358 mutant,
1614 333 1659 352 nec
1675 323 1813 352 catecltu-'

1007 373 1088 401 menis
1103 378 1203 408 oportet
1218 379 1332 401 mutare.
1355 372 1422 400 Cum
1446 372 1485 400 sal
1513 372 1715 400 eatechumenis
1729 379 1800 407 pne-

1006 419 1063 446 beri
1090 424 1250 446 consuetum
1280 423 1364 450 esset,
1389 418 1576 453 apprtentibus
1597 416 1738 444 Paschalis
1757 416 1800 444 ie-

1006 465 1054 493 riis
1068 465 1314 493 extraordinarium
1335 464 1464 499 quiddam
1486 471 1647 491 concessum
1670 463 1724 490 illis
1744 467 1797 490 est.

1005 510 1064 538 Non
1090 511 1184 546 utique
1204 509 1393 542 Eucharistia;
1416 516 1466 536 nec
1490 509 1562 535 enim
1589 513 1693 535 tantum
1722 508 1799 535 insa-

1005 557 1090 585 niisse
1102 564 1268 592 quemquam
1282 555 1410 583 arbitror.
1432 554 1524 590 Neque
1545 562 1608 582 vero
1634 561 1682 589 per
1702 561 1798 581 sacra-

1005 608 1126 632 mentum
1143 603 1256 638 intelligi
1268 608 1333 638 puto
1348 603 1512 638 symbolum,
1530 601 1576 629 sed
1596 609 1692 635 panem
1707 600 1797 634 ipsum

1005 656 1038 676 ac
1056 649 1161 681 vinum,
1178 656 1210 675 cx
1229 656 1284 683 quo
1309 647 1479 675 Eucharistia
1506 650 1663 674 consecrata
1687 645 1796 672 fuerat:

1005 703 1068 722 nam
1085 694 1207 729 reliquiae
1218 694 1296 729 panis
1317 698 1344 721 et
1366 693 1433 725 vini,
1451 700 1511 728 qum
1529 700 1543 719 a
1558 691 1682 719 ﬁdelibus
1695 690 1729 718 ad
1750 698 1798 718 sa-

1006 741 1136 769 criﬁcium
1155 740 1345 768 celebrandum
1359 739 1448 766 oblata
1467 739 1583 769 fuerant,
1599 743 1797 772 nonnunquam

1006 786 1034 814 in
1061 786 1272 814 catechumenos
1297 785 1538 813 distribuebantur.
1573 782 1650 817 Quod
1680 782 1798 817 amplius

1005 832 1131 867 usurpari
1146 836 1218 859 vetat
1232 831 1398 867 Theophilus
1422 830 1498 858 Alex.
1524 837 1583 858 can.
1598 829 1614 856 8
1630 838 1636 856 :
1659 829 1700 855 Τὰ
1714 836 1799 864 προσ-

1006 878 1143 914 φερόμενα
1159 878 1199 909 et;
1218 877 1295 911 λόγον
1312 876 1407 909 θυσίας
1421 876 1491 912 μετὰ
1508 875 1563 902 τῶν
1579 874 1798 910 ἀναλισκομένων

1005 925 1044 956 εἰς
1059 924 1108 960 τὴν
1121 924 1175 950 τῶν
1192 922 1347 959 μυστηρίων
1358 922 1452 960 χρείαν
1467 922 1491 949 οἱ
1510 921 1635 957 κληρικοὶ
1657 920 1799 955 διανειμά-

1007 971 1123 1004 σθωσαν,
1145 970 1192 996 καὶ
1218 970 1287 1005 μήτε
1308 968 1510 1004 κατηχούμενος
1531 968 1563 994 ὲκ
1590 966 1691 993 τούτων
1710 965 1799 992 ἐσθιέ-

1005 1025 1043 1044 τω
1081 1015 1097 1050 ἢ
1126 1015 1227 1042 πινέτω
1247 1024 1254 1031 ·
1281 1013 1349 1041 ἀλλὰ
1379 1013 1478 1048 μᾶλλον
1499 1013 1524 1039 οἱ
1552 1011 1677 1047 κληρικοὶ
1700 1010 1748 1037 καὶ
1771 1010 1796 1037 οἱ

1007 1061 1054 1087 σὺν
1066 1061 1157 1092 αὐτοῖς
1170 1060 1259 1087 πιστοὶ
1272 1059 1389 1094 ἀδελφοί.
1408 1059 1447 1086 Ad
1471 1065 1552 1093 quem
1578 1064 1709 1084 canonem
1733 1056 1796 1083 Bal-

1005 1115 1080 1134 saino
1094 1107 1202 1134 scribit:
1219 1105 1375 1133 Oblationes
1388 1105 1447 1132 illas
1459 1111 1556 1139 panem
1567 1107 1594 1131 et
1607 1103 1698 1130 vinum
1713 1110 1775 1130 esse
1787 1112 1794 1130 :

1007 1161 1038 1181 ex
1057 1153 1156 1187 quibus
1175 1156 1264 1187 partes
1278 1152 1329 1178 illae
1352 1155 1467 1186 sumptae
1492 1155 1555 1178 sunt
1565 1149 1689 1186 (μερίδας
1705 1153 1795 1182 vocat,

1007 1199 1046 1226 uti
1057 1197 1141 1225 Graeci
1152 1197 1237 1224 ferme
1249 1195 1459 1231 consueverunt)
1469 1203 1530 1230 quae
1545 1203 1560 1222 a
1574 1194 1716 1222 sacerdote
1726 1201 1795 1221 con-

1006 1248 1158 1273 secrantur.
1171 1242 1210 1270 Ex
1223 1250 1278 1278 quo
1293 1243 1332 1275 ﬁt,
1343 1247 1371 1270 ut
1384 1242 1504 1277 reliquiae
1517 1242 1581 1276 ipsa:
1592 1241 1796 1276 quodammodo

1006 1289 1181 1318 sanctiﬁcata:
1189 1289 1252 1321 sint,
1267 1296 1317 1316 nec
1328 1289 1355 1314 in
1364 1286 1492 1322 profanos
1503 1286 1662 1313 dividendae.
1672 1285 1797 1313 Hasreli-

1005 1335 1082 1371 quias
1090 1334 1310 1369 Carthaginensis
1319 1333 1440 1369 synodus
1447 1337 1615 1360 sacramenta
1625 1337 1714 1364 vocat,
1724 1332 1796 1367 quod

1005 1390 1037 1410 ex
1054 1382 1105 1408 illis
1120 1385 1290 1409 sacramenta
1304 1380 1407 1411 ﬁerent,
1420 1379 1458 1406 uti
1476 1386 1524 1407 nos
1542 1379 1642 1406 hostias
1655 1378 1736 1414 vulgo
1747 1377 1796 1410 τὰς

1007 1428 1128 1464 μερίδας,
1147 1427 1203 1454 sive
1221 1426 1367 1461 particulas
1388 1426 1468 1453 etiam
1484 1430 1546 1452 ante
1563 1424 1797 1452 consecrationem

1005 1474 1182 1509 appellamus.
1205 1472 1366 1507 Quanquam
1387 1475 1414 1499 et
1433 1475 1603 1498 sacramenta
1632 1470 1688 1498 scio
1714 1470 1795 1497 etiam

1004 1520 1128 1548 absolute
1150 1526 1198 1554 pro
1217 1518 1383 1554 quibuslibet
1404 1517 1526 1553 mysticis
1550 1515 1635 1551 signis
1656 1515 1795 1549 usurpari,

1003 1568 1126 1601 adeoque
1139 1573 1188 1600 pro
1204 1565 1260 1592 sale
1278 1572 1310 1592 ac
1329 1564 1434 1592 caeteris
1448 1571 1508 1599 quae
1528 1562 1732 1591 catechumenis
1746 1563 1794 1589 da-

1001 1613 1108 1640 bantur.
1123 1610 1191 1645 Aug.
1207 1609 1254 1637 lib.
1270 1616 1290 1636 tt
1308 1610 1344 1636 De
1362 1613 1460 1644 peccat.
1474 1609 1585 1641 meritis,
1600 1615 1660 1643 cap.
1681 1606 1716 1634 26
1732 1616 1739 1634 :
1761 1607 1794 1637 Et

999 1657 1067 1693 quod
1088 1655 1232 1690 accipiunt,
1258 1655 1377 1690 quamvis
1394 1663 1445 1682 non
1460 1655 1495 1681 sit
1512 1662 1606 1689 corpus
1632 1654 1733 1681 Christi
1751 1654 1796 1686 (de

999 1702 1202 1731 catcchumenis
1217 1701 1347 1737 loquitur)
1366 1707 1487 1728 sanctum
1505 1706 1543 1728 est
1566 1706 1664 1733 tamen,
1688 1705 1712 1727 et
1731 1708 1795 1727 san-

1000 1750 1067 1776 ctius
1082 1756 1160 1783 quam
1175 1748 1226 1774 cibi
1240 1747 1334 1783 quibus
1360 1747 1468 1779 alimur,
1489 1747 1614 1782 quoniam
1639 1753 1792 1773 sacramen-

1001 1800 1056 1821 tum
1070 1799 1118 1821 cst.
1135 1793 1202 1827 Quae
1217 1793 1362 1828 Augustini
1376 1793 1458 1820 verba
1479 1797 1571 1820 utrum
1588 1792 1622 1819 ad
1639 1799 1736 1827 panem
1755 1792 1796 1818 vi-

1000 1847 1130 1874 numque,
1156 1847 1188 1866 ex
1215 1846 1270 1873 quo
1296 1838 1467 1866 Eucharistia
1492 1837 1615 1865 confecta
1642 1837 1699 1872 jam
1724 1841 1795 1870 erat,

1000 1885 1096 1913 referri
1115 1885 1241 1918 debeant,
1261 1885 1435 1920 cogitandum
1454 1884 1571 1919 amplius
1589 1888 1640 1911 est.
1660 1883 1730 1910 Cum
1745 1883 1796 1918 igi-

1001 1936 1045 1958 tur
1059 1931 1151 1959 ﬁdeles
1169 1932 1263 1959 eadem
1280 1931 1376 1959 diebus
1398 1931 1525 1958 omnibus
1542 1935 1724 1962 sacramenta,
1743 1930 1796 1957 hoc

1000 1983 1041 2005 est
1058 1977 1268 2010 Eucharistiam,
1290 1985 1350 2013 qua:
1375 1977 1494 2006 ﬁdelium
1519 1977 1627 2012 propria
1645 1981 1697 2010 est,
1714 1984 1795 2005 usur-

1001 2028 1084 2058 pent,
1116 2031 1171 2050 non
1196 2023 1305 2057 debent,
1330 2023 1409 2051 aiunt
1432 2023 1664 2058 Carthaginienses
1688 2023 1795 2059 Patres,

1001 2069 1190 2097 catechumeni
1209 2069 1318 2104 propria
1342 2069 1446 2096 ordinis
1468 2069 1510 2096 sui
1536 2076 1568 2096 ac
1594 2062 1680 2097 status
1703 2077 1796 2097 sacra-

1001 2119 1091 2142 menta
1112 2119 1238 2147 mutare,
1267 2122 1355 2150 neque
1380 2115 1482 2150 aliquid
1505 2120 1602 2150 praeter
1613 2115 1698 2143 salem
1723 2116 1795 2144 acci-

1000 2168 1074 2195 pere.

1039 2207 1076 2234 Tz‘z
1091 2206 1125 2233 δὲ
1139 2206 1219 2234 ἄλλα
1243 2206 1405 2243 μυστήρια.
1427 2207 1514 2235 Caute
1536 2214 1567 2235 ac
1596 2207 1795 2243 circumspecte

157 2246 212 2273 lucc
229 2246 305 2272 verba
317 2247 458 2281 scripseras
474 2256 483 2275 :
499 2247 606 2276 Utinam
621 2257 666 2284 ego
687 2254 804 2278 mortuos
825 2246 953 2279 ad‘vitam
968 2252 991 2282 D
1005 2252 1038 2280 de
1050 2252 1229 2280 sacramentis
1242 2257 1269 2279 et
1285 2253 1460 2280 interioribus
1472 2253 1608 2288 mysteriis
1624 2254 1793 2282 mentionem

158 2299 278 2318 revocare
289 2297 366 2327 atque
379 2294 494 2321 excitare
507 2302 607 2328 possent
618 2294 628 2320 !
639 2294 716 2328 Quod
727 2300 769 2323 est
782 2296 949 2332 ipsissimum

157 2337 332 2373 benignitatis
347 2339 554 2375 clementiaeque
580 2341 729 2376 specimen,
746 2343 818 2377 quod
839 2343 950 2371 Themi-

157 2381 226 2408 stius
253 2381 279 2408 in
312 2382 356 2409 illa
383 2383 507 2411 oratione
540 2385 670 2419 pra'dicat
689 2407 696 2418 ,
725 2386 863 2422 aliquanto
890 2394 953 2416 ante

156 2426 355 2455 Antiochenum
372 2428 436 2458 illud
458 2429 574 2462 editum,
591 2438 652 2458 eum
676 2432 766 2460 adhuc
783 2433 894 2461 Placilla
914 2435 953 2462 vi-

156 2477 241 2503 veret,
258 2477 288 2499 ut
304 2480 337 2500 ex
359 2474 484 2502 oratione
503 2475 562 2510 ipsa
587 2481 702 2504 constat.
722 2477 780 2505 Non
803 2480 877 2514 potui
897 2485 951 2508 tam

156 2517 291 2550 illustrem
309 2519 462 2554 historiam,
477 2525 587 2557 tamque
610 2522 774 2551 luculentam
790 2525 824 2552 ad
842 2526 953 2554 Themi-

156 2563 240 2590 stium
267 2568 391 2591 nostrum
411 2567 595 2595 accessionem
616 2569 714 2597 tacitus
737 2572 950 2605 praetermittere.

155 2609 378 2638 Commodiorem
395 2617 496 2645 autem,
510 2613 556 2642 ubi
578 2613 648 2641 hanc
675 2614 833 2650 intexerem,
850 2618 951 2652 locum,

155 2662 237 2689 quam
265 2655 338 2683 hunc
362 2656 461 2692 ipsum,
487 2657 570 2686 habui
598 2659 713 2688 nullum.
735 2661 809 2689 Alter
825 2669 950 2692 nontam

155 2700 224 2728 ritus
240 2708 321 2736 quam
336 2702 438 2730 rituum
457 2711 489 2731 ae
506 2703 662 2739 disciplima
674 2707 827 2742 corruptela
842 2707 903 2742 fuit,
922 2715 952 2737 ut

155 2747 251 2774 iisdem
267 2747 363 2776 diebus
376 2750 581 2777 catechumenis
596 2753 815 2782 extraordinaria
827 2755 951 2789 quaedam

155 2799 324 2821 sacramenta
338 2795 571 2829 permitterentur.
589 2795 655 2830 Quae
670 2799 824 2833 cuiusmodi
838 2800 949 2834 fuerint.

156 2838 274 2866 nondum
292 2839 384 2875 liquet.
399 2840 428 2868 ln
456 2841 584 2878 Garthag.
602 2843 710 2879 quidem
737 2853 814 2873 conc.
830 2854 870 2880 nt,
887 2854 950 2875 can.

157 2882 184 2916 5,
200 2890 258 2911 mos
283 2884 326 2912 ille
345 2885 492 2921 abrogatur
509 2887 551 2915 his
571 2889 660 2916 verbis
679 2899 684 2917 :
702 2889 770 2917 Item
790 2891 901 2926 placuit,
921 2899 949 2921 ut

1004 2299 1133 2333 aspergit.
1152 2297 1190 2324 Ila
1205 2298 1362 2333 complures
1377 2303 1498 2325 veterum
1511 2306 1572 2326 cum
1587 2298 1619 2326 de
1635 2306 1794 2327 sacramen-

1004 2346 1039 2372 tis
1060 2352 1211 2379 corumque
1236 2343 1332 2371 formis
1352 2344 1499 2377 disserunt,
1513 2345 1638 2372 consulto
1656 2352 1714 2371 rem
1729 2345 1795 2373 obs-

1003 2396 1110 2424 curant,
1137 2398 1226 2427 neque
1254 2391 1332 2426 plena
1373 2395 1520 2426 apertaque
1545 2398 1612 2418 voce
1640 2391 1792 2419 declarant.

1002 2437 1105 2471 Pauca,
1122 2445 1182 2472 qua:
1198 2438 1231 2464 ad
1247 2445 1358 2465 manum
1373 2437 1453 2465 modo
1467 2441 1540 2470 sunt,
1556 2437 1681 2472 exempla
1692 2438 1794 2473 produ-

1002 2489 1071 2508 cam.
1083 2481 1197 2516 August.
1206 2481 1284 2516 epist.
1294 2481 1328 2508 57
1338 2481 1373 2508 ad
1388 2481 1542 2509 Dardanum
1559 2489 1568 2508 .'
1582 2481 1661 2509 Nosti
1669 2488 1757 2509 autem
1766 2483 1793 2510 in

1002 2535 1052 2562 quo
1066 2527 1198 2562 sacriﬁcio
1214 2528 1341 2554 dicatur:
1359 2527 1467 2555 Gratias
1482 2535 1592 2563 agamus
1610 2527 1721 2555 Domino
1739 2529 1793 2556 Deo

1003 2578 1102 2601 nostro.
1118 2574 1293 2602 Innocentius
1302 2574 1408 2610 primus
1424 2574 1504 2609 epist.
1523 2575 1535 2602 ι
1551 2575 1585 2601 ad
1597 2574 1795 2605 Decentiuntde

1003 2623 1176 2648 sacramento
1197 2621 1411 2649 conﬁrmationis
1427 2630 1434 2649 :
1456 2621 1539 2649 Verba
1557 2630 1615 2649 vero
1633 2622 1720 2649 dicere
1741 2631 1794 2650 non

1002 2673 1118 2700 possunt,
1137 2674 1167 2693 ne
1181 2666 1264 2701 magis
1273 2667 1382 2701 prodere
1396 2668 1497 2700 videar,
1515 2675 1595 2703 quam
1607 2668 1641 2694 ad
1655 2668 1794 2694 consulta-

1002 2712 1098 2739 tionem
1117 2713 1278 2746 respondere.
1291 2712 1336 2741 Sic
1349 2712 1517 2748 Epiphanius
1531 2713 1677 2749 aliquoties
1691 2713 1725 2741 de
1737 2713 1794 2741 Eu-

1002 2757 1131 2785 charistia
1150 2757 1243 2784 timide
1271 2758 1443 2794 obscureque
1459 2759 1571 2787 locutus
1586 2763 1639 2787 est.

1044 2802 1110 2829 Ἐπὶ
1125 2801 1159 2829 δὲ
1168 2802 1228 2830 τῶν
1241 2804 1497 2839 τελευτησάντων.
1520 2804 1556 2832 De
1571 2805 1745 2833 orationibus
1765 2809 1793 2832 et

1001 2847 1155 2880 sacriﬁciis,
1173 2856 1233 2884 qum
1254 2857 1303 2884 pro
1321 2851 1436 2879 mortuis
1453 2852 1487 2879 ab
1505 2851 1625 2880 Ecclesia
1647 2852 1790 2880 celebran-

1003 2897 1058 2927 tur,
1069 2893 1184 2930 insignis
1193 2903 1224 2924 ac
1236 2897 1421 2925 mctnorabilis
1433 2898 1474 2926 hic
1486 2898 1562 2927 locus
1571 2904 1622 2927 est.
1639 2898 1691 2927 Sed
1704 2898 1791 2927 multo
