1925 3043
114 170 182 200 ιω]

501 168 545 197 DE
566 168 762 197 VETERIBUS
781 167 983 203 QUIBUSDAM
1001 167 1181 196 ECCLESUE
1203 167 1353 196 RlTlBUS.

1674 169 1744 197 “0‘2

113 237 253 266 copiosius
267 234 349 264 atque
376 229 533 264 expressius
558 229 584 256 in
607 228 787 256 Aerianorum
804 227 902 255 hmresi
917 230 941 258 Α
955 227 1081 255 Balsamo
1097 226 1132 254 ad
1143 233 1206 254 can.
1219 227 1236 254 4
1247 226 1342 261 Apost.
1352 226 1460 253 Citatur
1471 231 1497 254 et
1508 225 1650 262 Epiphanti
1666 233 1743 256 tot-ns

114 278 198 304 ritum
217 277 292 304 illum
311 275 440 303 Ecelesize
460 279 618 310 pertractat,
638 283 698 309 qua:
711 280 754 303 est
776 276 841 302 hter.
857 275 901 308 75,

114 330 192 350 num.
212 322 238 349 7.
255 321 321 348 Nam
343 322 440 349 Acrius
457 321 564 353 eodem,
579 329 633 356 quo
663 321 783 349 haeretici
806 322 903 354 nostri,

114 367 208 395 furore
232 367 406 402 amentiaque
429 367 549 402 percitus
574 372 744 394 mortuorum
764 367 798 394 ad
820 367 905 394 altare

114 413 405 441 commemorationem
441 413 570 448 fusasque
597 420 647 448 pro
674 412 727 440 illis
748 420 843 447 preces
877 417 904 440 et

113 459 249 488 sacriﬁcia
264 459 405 487 deridebat
421 468 426 486 :
444 464 538 487 contra
552 467 632 494 quem
646 459 815 495 Epiphanius
828 462 905 486 lucu-

113 506 267 533 lentissitne
280 505 410 540 disputat.
433 505 538 540 Ὠφελεί
556 505 595 538 δὲ,
612 506 710 540 inquit,
730 506 777 532 καὶ
799 506 814 541 ἡ
835 505 903 541 ὑπὲρ

112 553 204 579 αὐτῶν
226 553 365 587 γινομένη,
380 552 403 578 εἰ
425 551 472 578 καὶ
494 551 527 577 τὰ
545 551 593 577 ὃλα
614 550 667 577 τῶν
681 551 848 586 αἱτιαμάτων
866 551 903 586 μὴ

113 597 275 624 ἀποκόπτοι.
293 596 359 629 Qua:
375 604 421 631 pro
438 596 549 623 mortuis
559 596 744 630 concipiuntur
759 604 855 630 preces,
870 595 904 623 iis

113 645 193 672 utiles
217 648 289 677 sunt,
315 643 420 671 tametsi
437 651 489 671 non
505 651 594 670 omnes
610 642 702 677 cuipas
721 643 901 676 'eacstinguant.

113 691 192 725 Quod
212 691 338 726 pluribus
350 690 510 725 exsequitur
523 689 638 724 August.
655 689 703 716 lib.
721 688 758 715 De
771 697 837 715 cura
856 696 903 723 pro

114 741 194 764 mort.
211 736 316 772 agend.,
334 743 395 771 cap.
410 736 436 768 l,
454 735 500 763 ubi
524 742 648 770 quaenam
666 739 838 770 peccatorum
858 741 906 768 ge-

115 790 181 810 nera
198 783 225 810 in
240 782 355 810 mortuis
372 781 499 817 precibus
523 781 577 809 illis
595 785 622 808 et
644 780 786 809 saeriﬁciis
800 780 903 815 expiari

113 829 232 864 possint,
258 828 394 856 edisserit.
410 827 444 855 Et
466 827 547 863 paulo
571 831 657 855 ante:
682 826 715 854 In
738 826 903 854 Macltabaw‘

113 883 184 906 rum.
201 874 299 910 inquit,
316 874 391 902 libris
412 874 521 909 legimus
540 873 656 901 oblatam
671 881 717 908 pro
732 875 843 900 mortuis
859 881 904 899 sa-

955 281 988 301 ex
1011 281 1093 308 opere
1116 274 1235 308 quodam
1261 274 1288 299 ιη
1314 272 1456 299 Proverbia
1481 273 1550 307 apud
1569 273 1742 300 Auastasinm

954 319 1205 354 Nicenum,qumt.
1223 319 1259 346 9.0
1276 320 1303 346 in
1321 319 1498 354 Scripturam,
1522 319 1549 346 in
1573 327 1627 354 quo
1651 327 1743 354 preces

954 374 1004 402 pro
1016 367 1131 394 mortuis
1145 367 1380 394 commendantur.
1402 365 1453 398 Qui
1469 365 1546 394 locus
1560 367 1672 394 totidem
1689 366 1745 394 fere

955 411 1045 441 verbis
1071 412 1188 447 sparsim
1224 413 1275 440 hoc
1300 420 1381 448 opere
1410 412 1575 440 continetur.
1604 412 1641 440 De
1668 420 1744 440 mor-

954 464 1063 486 tuorum
1079 463 1208 494 prteterca
1234 458 1493 485 commemoratione
1521 457 1548 484 in
1577 457 1744 485 salutaribus

955 503 1042 530 sacris
1069 501 1194 530 meminit
1216 501 1361 529 concilium
1385 501 1504 530 Vasense
1527 509 1588 529 can.
1603 502 1621 529 2
1637 508 1663 530 et
1679 501 1746 529 Car-

954 549 1028 582 thag.
1047 556 1088 580 ιιι,
1115 555 1177 576 can.
1198 547 1244 581 29,
1260 554 1286 575 et
1308 556 1347 582 tv,
1361 556 1422 575 can.
1441 548 1484 581 79,
1502 552 1530 575 ut
1559 549 1610 575 alia
1638 548 1744 576 inﬁnita

954 593 1170 628 praetermittam,
1186 593 1358 629 maximeque
1372 594 1530 627 Grazcorum
1541 602 1574 622 at:
1582 594 1743 622 Latinorum

955 639 1162 674 antiquissimas
1188 640 1321 675 liturgias.
1349 639 1595 668 Luculentissimus
1617 647 1681 667 vero
1702 644 1746 668 est

955 684 1024 711 alter
1039 684 1083 712 ille
1104 684 1249 719 Epiphanii
1265 685 1342 712 locus
1358 684 1424 712 haar.
1439 684 1483 718 75,
1505 692 1581 712 num.
1600 685 1626 717 7,
1645 685 1671 712 in
1689 692 1744 720 quo

955 735 1125 758 mortuorum
1150 731 1266 766 duplicis
1283 730 1390 766 generis
1404 731 1690 758 commemorationem
1715 731 1745 759 iu

955 777 1091 805 Sacriﬁcio
1126 777 1184 805 ﬁeri
1214 778 1318 810 docet,
1341 777 1476 813 justorum
1501 782 1529 805 et
1560 781 1745 813 peccatorum.

955 822 1058 850 llorutn
1073 823 1196 858 quidem,
1207 823 1245 850 uti
1261 823 1380 851 divinam
1394 831 1445 858 pro
1462 823 1516 851 illis
1528 823 1744 851 misericordiam

954 868 1148 903 imploremus;
1163 869 1300 903 iustorum
1313 873 1404 896 autem
1418 876 1450 896 ac
1462 873 1632 902 sanctOrum,
1643 873 1673 895 ut
1688 869 1746 896 sin-

112 920 254 955 criﬁcium.
271 921 324 948 Sed
344 921 393 948 etsi
416 929 546 956 nusquam
568 921 595 947 in
614 920 760 954 Scripturis
776 919 903 947 veteribus

956 914 1049 950 gulare
1066 914 1167 942 Christi
1190 912 1296 942 Domini
1313 914 1484 950 privilegium
1503 921 1678 952 agnoscatur,
1696 916 1745 952 qui

112 967 221 993 omnino
237 966 374 1001 legeretur,
391 974 443 994 non
456 974 538 1000 parva
561 971 600 993 est
621 967 749 993 universa:
765 965 904 998 Ecclesia',

111 1020 173 1046 qut:
198 1012 224 1038 in
237 1011 287 1038 hac
309 1011 499 1038 consuetudine
521 1010 614 1045 claret,
630 1011 795 1041 auctoritas;
817 1011 862 1037 ubi
879 1011 906 1037 in

117 1056 238 1091 precibus
255 1056 410 1089 sacerdotis,
427 1064 486 1091 qua:
503 1055 615 1083 Domino
632 1055 685 1082 Deo
698 1055 732 1082 ad
746 1055 804 1089 ejus
820 1055 907 1082 altare

114 1101 273 1136 funduntur,
299 1102 385 1129 locum
407 1110 484 1130 suum
508 1102 584 1129 habet
608 1102 688 1129 etiam
714 1101 906 1128 commendatio

113 1153 289 1175 mortuorttm.
301 1147 401 1183 Etcap.
415 1149 464 1176 ult.
479 1157 486 1175 :
505 1147 573 1181 Duce"
583 1156 642 1175 cum
657 1149 696 1175 ita
711 1147 835 1180 sint,non
848 1147 905 1174 cxi-

113 1194 249 1220 stimemus
277 1193 312 1220 ad
337 1198 465 1228 mortuos,
480 1202 527 1229 pro
551 1193 644 1228 quibus
666 1200 758 1219 curam
779 1193 903 1227 gerimus,

113 1240 256 1274 peruenire,
270 1239 323 1266 nisi
345 1240 413 1274 quod
428 1248 474 1274 pro
488 1240 525 1267 eis
546 1240 599 1266 sive
617 1238 722 1271 altaris,
738 1239 790 1265 sive
805 1239 905 1265 oratio-

113 1293 187 1318 num,
200 1285 253 1311 sive
269 1284 491 1320 elcemosynarum
514 1285 654 1319 sacriﬁciis
677 1285 827 1311 solemuiter
846 1292 906 1318 sup-

112 1330 262 1365 plicamus;
276 1331 394 1366 quamvis
407 1339 457 1358 non
471 1339 517 1366 pro
529 1331 624 1366 quibus
639 1331 705 1365 ﬁunt
719 1331 838 1358 ontnibus
848 1339 904 1365 pro-

111 1378 177 1410 sint,
190 1377 234 1404 sed
251 1378 284 1404 iis
302 1382 417 1410 tantum,
432 1377 526 1412 quibus
539 1377 601 1404 dum
615 1377 714 1409 vivunt,
734 1382 906 1412 comparatur

113 1428 142 1450 ut
156 1423 269 1457 prosint.
284 1422 517 1458 Frequentissima
532 1427 573 1451 est
587 1427 614 1451 et
633 1423 707 1450 illius
724 1423 904 1451 consuetudi-

113 1469 157 1495 nis
175 1468 246 1503 apud
262 1468 429 1503 Cyprianum
451 1468 565 1496 mentio.
582 1468 617 1495 Ut
633 1469 744 1503 inepist.
756 1468 799 1501 66,
813 1469 839 1495 in
850 1476 902 1503 qua

113 1512 251 1540 decretum
263 1512 302 1539 ait
312 1511 338 1539 in
351 1511 483 1545 concilio,
498 1517 526 1538 ut
542 1513 564 1539 si
577 1513 635 1546 quis
651 1515 764 1539 moriens
779 1512 903 1538 clericum

114 1562 226 1585 tutorem
244 1557 402 1593 reliquisset,
415 1566 467 1584 non
493 1557 632 1592 offerretur
646 1565 694 1593 pro
708 1566 749 1592 eo,
765 1566 810 1585 nec
824 1559 905 1585 sacri-

113 1604 202 1639 ﬁcium
226 1612 273 1639 pro
299 1603 457 1630 dormitione
484 1603 541 1638 ejus
567 1603 753 1632 celebraretur.
772 1603 905 1639 Vetatque

113 1657 178 1677 mox
194 1649 412 1685 deprecationem
437 1656 487 1684 pro
511 1656 543 1676 eo
567 1649 650 1676 ullam
675 1649 709 1676 ad
734 1649 819 1676 altare
834 1649 903 1676 lieri.

112 1695 225 1723 Tertull.
245 1694 348 1722 Decor.
366 1694 435 1727 mil.,
451 1702 512 1730 cap.
525 1694 542 1722 5
557 1703 564 1720 2
585 1694 736 1722 Oblatioues
750 1702 797 1728 pro
809 1693 904 1727 defun-

112 1740 173 1773 clis,
190 1748 237 1774 pro
249 1740 380 1768 natalitiis
397 1748 487 1768 annua
507 1740 550 1767 die
567 1740 691 1774 facimus,
704 1744 731 1767 et
743 1740 807 1767 alibi
822 1747 902 1775 saepe.

113 1785 248 1813 Eusebius
258 1785 302 1812 lib.
316 1793 342 1812 IV
357 1785 395 1813 De
405 1787 460 1813 vita
474 1785 651 1818 Constantini,
668 1793 729 1813 cum
743 1785 776 1812 de
789 1785 848 1820 ejus
863 1785 905 1812 l'u-

112 1837 178 1858 nere
201 1830 297 1857 scribit
312 1839 318 1857 :
335 1831 374 1858 Τά
400 1839 429 1857 τε
447 1831 496 1866 τῆς
523 1831 615 1858 ἐνθέου
630 1830 758 1866 λατρείας
772 1830 805 1857 δι’
817 1830 904 1865 εὐχῶν

112 1875 293 1911 ἀνεπλήρουν,
315 1876 444 1912 λατρείαν
467 1877 585 1912 appeilat
604 1877 698 1904 altaris
727 1876 902 1904 sacriﬁcium.

113 1920 185 1954 Mox,
203 1921 251 1947 σὺν
264 1921 397 1957 κλαυθμῷ
408 1922 436 1948 δὲ
453 1922 544 1949 πλέονι
558 1923 607 1954 τὰς
619 1922 702 1958 εὐχὰς
713 1922 783 1958 ὑπὲρ
795 1924 843 1959 τῆς
856 1924 905 1959 βα-

114 1967 212 1999 σιλέως
227 1968 316 2003 ψυχῆς
329 1968 490 1995 ἀπεδίδοσαν
505 1969 544 2004 τῷ
558 1968 626 2004 Θεῷ.
639 1969 739 1997 Athan.
752 1969 854 2002 Quaest.
869 1970 904 1997 ad

115 2014 285 2045 Antiochum,
301 2019 397 2049 quaest.
414 2014 459 2046 54,
477 2022 539 2041 cutn
553 2015 697 2049 quaesitum
712 2020 793 2048 esset,
812 2020 903 2043 utrum

115 2065 287 2088 mortuorum
304 2064 479 2095 peccatorum
495 2060 594 2088 anima:
614 2061 745 2089 beneﬁcia
760 2063 787 2089 in
802 2070 832 2090 se
844 2063 902 2090 col-

114 2106 168 2134 lata
185 2106 329 2138 sentirent,
355 2107 501 2142 γινομένων
513 2106 584 2142 ὑπὲρ
595 2107 685 2133 αὐτῶν
697 2107 843 2141 συνάξεων,
857 2109 903 2136 καὶ

114 2152 254 2184 εὐποιιῶν,
282 2152 330 2179 καὶ
356 2152 536 2188 προσφορῶν,
566 2153 710 2187 respondet
735 2162 741 2180 :
768 2154 823 2186 Τὰς
849 2154 903 2181 τῶν

114 2196 285 2232 ἁμαρτωλῶν
297 2196 386 2231 ψυχὰς
401 2197 524 2231 μετέχειν
540 2197 697 2232 εὐεργεσίας
712 2198 782 2230 τινὸς
803 2199 835 2225 ἐκ
853 2199 903 2234 τῆς

957 959 991 987 ab
1005 959 1175 994 reliquorum
1190 961 1345 988 mortalium
1360 961 1517 988 conditione
1529 967 1697 998 segregatum
1709 963 1746 990 De

956 1010 1107 1040 martyrum
1131 1006 1391 1046 commemoratione
1415 1007 1517 1041 passim
1546 1008 1667 1043 loquitur
1691 1009 1746 1045 Cy-

955 1051 1078 1086 prianus,
1097 1055 1128 1078 ut
1143 1051 1169 1078 in
1181 1052 1260 1086 cpi'st.
1278 1052 1313 1079 54
1332 1062 1338 1079 :
1356 1052 1495 1088 Sacriﬁcia
1509 1063 1557 1088 pro
1575 1055 1624 1086 eis,
1646 1055 1744 1090 inquit,

955 1104 1066 1131 semper,
1082 1102 1110 1124 ut
1131 1098 1297 1129 meministis,
1314 1098 1462 1132 offerimus,
1481 1101 1581 1134 quoties
1597 1106 1746 1135 martyrum

955 1142 1091 1176 passiones
1102 1147 1127 1169 et
1142 1143 1197 1170 dies
1223 1144 1404 1170 anniversaria
1417 1146 1664 1172 commemoratione
1680 1147 1746 1173 cele-

956 1187 1073 1214 bramus.
1102 1187 1179 1221 Quod
1210 1188 1243 1215 ad
1273 1189 1435 1216 memoriam
1468 1190 1748 1227 prmdicationcmque

955 1237 1105 1269 martyrum
1118 1233 1198 1261 debet
1209 1233 1315 1267 referri,
1329 1235 1558 1268 quemadmodum
1570 1241 1597 1263 et
1609 1237 1635 1264 in
1648 1245 1743 1265 eormn

955 1279 1105 1306 memorias
1129 1279 1224 1306 altaria
1249 1280 1497 1309 constituebantur.
1513 1283 1627 1318 August.
1647 1284 1693 1312 lib.
1709 1294 1745 1312 xx

955 1329 1047 1351 contra
1061 1323 1204 1357 Faustum,
1222 1332 1282 1360 cap.
1296 1324 1342 1359 2i,
1358 1325 1489 1354 adversus
1516 1327 1679 1356 Manichzeos
1690 1329 1745 1357 dis-

955 1373 1066 1404 putans,
1083 1370 1129 1405 qui
1145 1371 1271 1398 similiter
1281 1375 1365 1406 atque
1383 1371 1506 1399 hodierni
1521 1374 1666 1402 στασιῶται
1688 1383 1746 1402 mc-

955 1416 1059 1444 morias
1084 1421 1237 1452 martyrum
1263 1416 1289 1444 in
1310 1417 1382 1445 idola
1410 1423 1570 1446 convertere
1595 1421 1748 1449 catholicos

955 1462 1191 1497 impudentissime
1219 1463 1447 1496 criminabantur,
1467 1465 1509 1492 his
1524 1466 1614 1494 verbis
1637 1467 1747 1495 utitur:

955 1509 1072 1544 Populus
1087 1514 1175 1536 autem
1189 1509 1357 1537 Christianus
1370 1512 1511 1538 memorias
1523 1518 1669 1547 martyrum
1687 1513 1748 1540 reli-

956 1556 1030 1590 giosa
1041 1555 1206 1582 solemnitate
1222 1556 1393 1589 concelebrat,
1408 1562 1433 1584 et
1447 1558 1481 1584 tttl
1503 1559 1672 1585 excitandam
1686 1560 1748 1586 inti-

926 1601 939 1612 λ
957 1602 1093 1635 tationem,
1110 1606 1137 1628 ut
1150 1602 1251 1629 meritis
1268 1611 1358 1629 eorum
1372 1603 1536 1630 consocietur
1560 1609 1638 1639 atque
1651 1606 1735 1632 oratio

956 1646 1032 1672 nibus
1052 1646 1202 1681 adjuvetur.
1222 1645 1267 1673 Ita
1287 1651 1374 1673 tamen
1389 1651 1418 1673 ut
1433 1647 1501 1674 nulli
1525 1653 1684 1683 martyrum,
1702 1651 1748 1677 sed

955 1692 1006 1726 ipsi
1028 1691 1082 1718 Deo
1105 1696 1251 1726 martyrum
1268 1693 1458 1728 sacriﬁcemus,
1472 1695 1592 1729 quamvis
1605 1695 1633 1721 in
1649 1703 1740 1722 memo-

956 1739 1011 1765 rias
1026 1742 1174 1773 martyrum
1189 1739 1380 1767 constituamus
1393 1740 1500 1767 altaria.
1516 1739 1581 1773 Quis
1593 1741 1663 1767 enim
1676 1742 1743 1768 anti-

955 1784 1048 1811 stitum
1063 1785 1090 1811 in
1107 1785 1171 1812 locis
1192 1789 1345 1812 sanctorum
1366 1794 1506 1820 corporum
1519 1787 1645 1813 assistens
1664 1787 1746 1814 altari

955 1829 1098 1865 aliquando
1110 1830 1178 1858 dicit
1191 1839 1200 1858 :
1214 1831 1357 1866 O/ferimus
1367 1832 1423 1865 tibi,
1434 1832 1519 1864 Pctre,
1536 1839 1580 1859 aut
1593 1833 1688 1866 Paule,
1699 1838 1746 1860 aut

956 1874 1110 1910 Cypriane?
1125 1881 1177 1905 etc.

997 1921 1126 1950 Ἐωθινοι
1150 1931 1182 1950 τε
1204 1923 1292 1958 ὕμνοι
1315 1924 1349 1950 ἐν
1373 1923 1460 1958 αὐτῇ.
1492 1924 1529 1952 De
1554 1925 1690 1953 matutino
1713 1934 1745 1954 ac

955 1972 1115 1996 cteterarum
1130 1970 1260 1997 horarum
1280 1970 1368 1998 olilcio
1385 1970 1528 2006 diligenter
1541 1971 1567 1999 in
1583 1972 1743 2002 Annalibus.

955 2019 982 2042 et
995 2016 1029 2043 ab
1043 2016 1104 2043 aliis
1117 2016 1278 2051 disputatur.
1303 2017 1341 2045 De
1363 2017 1546 2045 lucernalihus
1562 2018 1674 2052 psalmis
1694 2018 1746 2045 hoc

955 2062 1133 2090 ascribimus:
1143 2062 1279 2090 Socratem
1289 2063 1333 2089 lib.
1342 2071 1368 2095 ν,
1376 2070 1434 2097 cap.
1443 2063 1486 2096 2‘2,
1494 2071 1540 2090 eos
1551 2064 1685 2098 appellare
1695 2064 1745 2096 τὰς

954 2111 983 2136 ὲν
994 2111 1054 2140 ταῖς
1064 2109 1224 2144 λυχναψίαις
1236 2109 1328 2143 εὐχάς.
1341 2108 1391 2141 Qui
1407 2109 1507 2137 ibidem
1520 2110 1603 2142 addit,
1617 2111 1641 2138 in
1654 2111 1746 2146 Cypro

955 2163 986 2183 ac
1001 2155 1134 2186 Caesarea,
1150 2154 1269 2182 Sabbato
1282 2159 1309 2181 ct
1326 2154 1466 2182 Dominira
1484 2156 1528 2183 ἀεὶ
1548 2158 1610 2191 περὶ
1624 2158 1744 2191 ἑσπέραν

956 2201 1023 2236 μετὰ
1046 2201 1095 2236 τῆς
1107 2200 1255 2235 λυχναψίας
1268 2201 1330 2232 τοὺς
1345 2201 1545 2237 πρεσϐυτέρους
1570 2203 1615 2228 καὶ
1634 2204 1744 2231 ἐπισκό-

114 2242 184 2277 ὐπὲρ
199 2241 289 2268 αὐτῶν
305 2242 454 2278 γενομένης
479 2242 649 2278 ἀναιμάκτου
677 2244 781 2277 θυσίας,
797 2245 843 2271 καὶ
857 2245 903 2271 εὑ-

958 2255 1023 2277 πους
1039 2246 1087 2278 τὰς
1101 2246 1209 2281 Γραφὰς
1221 2246 1392 2281 ἑρμηνεύειν.
1403 2247 1506 2274 Concil.
1516 2247 1602 2275 Toiet.
1613 2256 1632 2281 ι,
1646 2250 1744 2283 can.9,

114 2289 215 2320 ποιίας.
233 2289 342 2323 Alioqui
364 2289 385 2315 si
413 2289 481 2315 nihil
506 2289 563 2316 hau:
583 2289 649 2323 ipsis
666 2289 837 2324 prodessent,
853 2292 902 2317 οὐκ

113 2334 146 2362 ἂν
162 2336 190 2361 ὲν
205 2336 238 2370 τῇ
253 2334 422 2370 προσκομιδῇ
434 2334 660 2370 ὲμνημονεὺοντο,
670 2336 722 2362 hoc
735 2341 777 2363 est
789 2337 814 2363 itt
827 2338 902 2364 obla-

113 2380 198 2408 tione.
214 2380 282 2406 Nam
305 2381 474 2417 προσκομιδή
489 2386 531 2408 εει
548 2382 699 2416 προσφορά.
718 2382 786 2409 Male
810 2389 900 2410 autem

113 2426 258 2460 interpres,
268 2425 298 2452 In
311 2434 374 2452 cura
386 2431 410 2452 et
421 2427 559 2461 exsequiis.
570 2426 720 2462 Scripserat
736 2428 804 2454 idem
817 2429 903 2456 Atha-

114 2472 207 2499 nasius
225 2472 303 2506 λόγον
320 2474 360 2504 είς
377 2473 440 2504 τοὺς
457 2474 653 2508 κοιμηθέντας;
674 2475 754 2510 cujus
778 2476 902 2503 meminit

113 2517 299 2546 Damasccnus
325 2518 352 2546 in
379 2518 501 2554 ejusdem
526 2520 679 2555 argumenti
706 2521 846 2554 oratione,
876 2526 902 2549 et

957 2292 1137 2319 luccrnarium
1161 2293 1287 2327 appellat.
1303 2292 1382 2320 Vetat
1399 2294 1473 2320 enim
1491 2294 1633 2328 professas,
1646 2302 1691 2323 aut
1708 2297 1746 2323 ri-

957 2339 1022 2365 daas
1038 2339 1111 2365 domi
1127 2346 1182 2365 sua:
1196 2339 1367 2373 untipltonam
1383 2348 1441 2366 cttm
1454 2341 1611 2374 confessore.
1623 2343 1661 2369 vel
1673 2352 1745 2370 serra

956 2393 1003 2411 suo
1019 2385 1114 2419 facere,
1135 2385 1239 2412 absente
1258 2386 1388 2419 episcopo,
1410 2385 1447 2412 vel
1464 2387 1623 2421 presbytero.
1647 2389 1745 2416 Lurer-

956 2430 1061 2456 narium
1077 2439 1147 2462 vero,
1160 2431 1257 2465 inquit,
1273 2431 1325 2458 nisi
1341 2431 1368 2458 in
1381 2432 1490 2459 ecclesia
1503 2441 1555 2459 non
1571 2433 1685 2468 legatur.
1708 2436 1745 2462 De

956 2477 1035 2503 nonis
1050 2480 1076 2503 ct
1091 2478 1212 2512 vesperis
1233 2477 1341 2505 Laodic.
1363 2479 1486 2506 meminit
1501 2488 1562 2507 can.
1581 2481 1624 2508 18.
1643 2481 1706 2510 Vide
1719 2488 1743 2510 et

956 2522 1067 2551 Tertull.
1085 2523 1130 2550 lib.
1142 2529 1233 2551 contra
1248 2523 1354 2559 Psyclt.,
1370 2525 1524 2560 Agathcnsc
1537 2535 1598 2555 can.
1612 2527 1656 2556 50.
