4058 6180
885 558 1080 684 ΙΝ
1175 555 2138 689 OCTAVUM
2235 562 2972 692 TOMUM

1468 823 2353 922 ΡΗλἘΡΑΤΙΟ.

273 352 1134 408 ..-ΞΞΞΞΞΞΞ
1175 356 1260 408 ΗΞ
1353 357 1359 408 Ξ
1717 361 1745 367 -

290 1143 447 1205 Cum
498 1143 785 1227 doctoris
845 1141 1140 1227 catholici
1198 1143 1324 1227 duo
1381 1145 1790 1227 sint_ofﬁcia,
1854 1148 2124 1209 alterum
2184 1149 2545 1210 christianae
2598 1148 2919 1227 religionis
2966 1148 3256 1210 veritates
3309 1148 3622 1212 illustrare

208 1244 280 1286 ac
365 1223 762 1296 confirmare,
836 1223 1104 1306 alterum
1175 1225 1427 1285 easdem
1486 1225 1566 1286 ab
1622 1228 2080 1306 insurgentium
2142 1229 2581 1290 haereticorum
2639 1223 2963 1290 erroribus
3018 1229 3374 1299 vindicare;
3437 1248 3620 1292 nemo

206 1311 499 1389 veterum»
545 1313 656 1366 aut
712 1305 1131 1364 recentiorum
1192 1311 1490 1384 utrasque
1546 1314 1753 1389 partes
1805 1305 2091 1386 implevit
2146 1311 2386 1370 felicius
2443 1311 2815 1389 Augustino,
2878 1309 2986 1389 qui
3043 1311 3323 1371 omnium
3376 1309 3618 1388 judicio

205 1387 267 1447 id
352 1387 577 1446 merito
654 1390 986 1466 assecutus
1055 1389 1170 1466 est,
1253 1391 1316 1444 ut
1373 1387 1730 1466 praecipuus
1787 1407 1858 1448 ac
1925 1409 2208 1450 summus
2257 1387 2569 1451 Ecclesiae
2608 1393 2839 1450 Doctor
2894 1387 3252 1450 haberetur.
3305 1387 3620 1451 Hactenus

205 1468 345 1545 ejus
403 1484 600 1546 opera
659 1484 800 1543 quae
860 1465 1203 1524 christiana
1261 1465 1582 1544 dogmata
1615 1469 1933 1547 explicant
1989 1470 2435 1531 exhibuimus:
2498 1489 2666 1531 nunc
2721 1489 2967 1548 eaquae
2998 1471 3076 1530 ad
3108 1470 3453 1530 infidelium
3486 1470 3619 1532 hae-

203 1550 680 1630 reticornmque
739 1547 1234 1605 confutationem
1295 1547 1632 1630 pertinent,
1694 1568 1959 1627 quaeque
2020 1551 2264 1629 vulgari
2317 1552 2452 1630 jam
2512 1551 2766 1611 nomine
2824 1547 3137 1612 Polemica
3195 1569 3419 1612 vocare
3451 1552 3614 1612 sole-

204 1648 366 1701 mus,
411 1628 496 1710 Vin
557 1627 756 1710 tribus
801 1644 959 1710 _quae
1017 1632 1254 1710 restant
1311 1626 1734 1688 voluminibus
1791 1626 2336 1708 repraesentanda
2369 1636 2535 1692 sunt.
2596 1633 2752 1692 Nam
2824 1632 2936 1691 etsi
3002 1632 3066 1692 in
3124 1631 3437 1710 prioribus
3492 1631 3618 1692 illis

204 1706 859 1790 scriptishaliquando
910 1725 987 1765 ex
1045 1707 1373 1766 occasione
1431 1717 1787 1786 grassantes
1845 1706 2087 1771 errores
2140 1712 2247 1772 Vir
2303 1719 2554 1771 sanctus
2609 1711 3032 1790 perstringat;
3093 1706 3219 1772 non
3252 1712 3350 1772 his
3408 1718 3616 1772 tamen

203 1788 519 1867 ejusmodi
597 1787 842 1870 generis
931 1804 1191 1870 operum
1268 1806 1495 1870 scopu‘s
1570 1796 1724 1861 erat,
1804 1792 2054 1868 qualem
2119 1792 2235 1851 sibi
2291 1792 2421 1870 ipse
2478 1793 2540 1851 in
2598 1787 2854 1870 reliquis
2892 1787 3206 1870 'operibus
3263 1793 3614 1870 proposuit.

202 1866 382 1941 Quod
462 1870 514 1929 si
545 1869 961 1951 Augustinum
1010 1866 1242 1951 _obiter
1317 1868 1391 1951 in_
1457 1868 1783 1930 haereticos
1824 1866 2260 1932 _disserentem
2313 1866 2520 1932 _tanta
2594 1866 2752 1931 cum
2793 1866 3117 1951 voluptate
3177 1866 3438 1933 lectores
3494 1872 3618 1932 huc

205 1969 410 2029 usque
479 1946 1195 2031 revolverunt:__longe
1270 1947 1475 2031 major
1545 1970 1622 2010 ex
1698 1951 2103 2028 sequentibus
2160 1952 2335 2011 libris
2391 1954 2629 2012 fructus
2687 1946 3033 2030 sperandus
3094 1958 3206 2022 est,
3269 1952 3333 2012 in
3389 1952 3616 2031 quibus

203 2027 377 2092 recto
438 2029 660 2110 ordine
713 2046 793 2110 ac
844 2027 1055 2087 dedita
1111 2046 1307 2110 opera
1366 2029 1722 2090 universum
1781 2027 2063 2092 errorum
2125 2051 2352 2110 corpus
2407 2034 2469 2092 in
2527 2027 2868 2110 partio—uias
2921 2032 3293 2092 discinditur
3347 2027 3429 2092 ad
3488 2033 3614 2091 dis-

203 2113 495 2190 sipatur;
579 2107 1021 2168 haereticorum
1096 2108 1495 2186 antesignani
1553 2117 1684 2171 tum
1746 2112 2014 2189 publicis
2072 2107 2662 2185 concertationibus,
2727 2119 2860 2172 tum
2917 2113 3095 2173 editis
3153 2112 3606 2172 lucubrationi-

202 2193 322 2252 bus
379 2190 851 2272 vincuntur_ac
906 2192 1388 2266 prosternuntur
1411 2207 1444 2272 ;Δ
1504 2191 1772 2272 achillea
1847 2192 2115 2271 denique
2181 2211 2254 2252 ac
2312 2193 2610 2270 primaria
2668 2211 2884 2252 eorum
2946 2194 3180 2272 scripta
3232 2193 3300 2252 in
3360 2192 3606 2253 favillas

203 2273 618 2350 rediguntur:
681 2269 841 2351 adeo
886 2275 968 2351 _ut
1020 2287 1160 2351 cum
1221 2287 1296 2351 ex
1354 2269 1540 2351 primi
1571 2272 1816 2348 generis
1846 2269 2091 2351 scriptis
2122 2269 2492 2333 Doctoribus
2523 2274 2811 2333 catholici
2846 2269 3097 2345 nomen,
3132 2273 3300 2351 quod
3333 2272 3607 2332 nonnul-

201 2354 278 2413 lis
354 2348 546 2412 etiam
597 2348 933 2431 praecipuis
1010 2349 1300 2431 Ecclesiae
1357 2350 1646 2412 Patribus
1717 2348 2050 2412 commune
2109 2360 2223 2425 est,
2287 2354 2568 2414 retulerit
2623 2355 3050 2431 Augustinus:
3113 2348 3189 2413 ex
3247 2352 3344 2412 his
3401 2359 3609 2431 poste-

202 2434 476 2494 rioribus
537 2427 729 2490 unum
790 2428 909 2511 sibi
966 2429 1342 2511 proprium,‘
1402 2449 1526 2509 quo
1604 2431 1848 2492 nullum
1927 2433 2098 2492 aliud
2172 2434 2499 2507 illustrius,
2563 2427 2836 2511 elogium
2896 2451 2933 2492 a
2991 2433 3327 2493 Catholicis
3387 2427 3606 2494 Hiero-

201 2533 397 2592 nymo
429 2519 585 2572 teste
645 2509 960 2580 meruerit,
1023 2517 1092 2592 ut
1152 2508 1348 2592 veluti
1404 2508 1562 2571 alter
1615 2513 1892 2590 antiquae
1947 2514 2091 2573 lidei
2157 2513 2443 2574 conditor
2499 2508 2695 2573 etiam
2746 2514 2960 2573 vivens
3015 2519 3076 2573 et
3132 2513 3195 2572 in
3251 2513 3432 2573 terris
3490 2513 3601 2573 de-

203 2589 355 2673 gens
415 2597 883 2673 agnosceretur.
918 2613 973 2673 _g
1003 2589 1227 2673 _Macte
1287 2591 1536 2673 virtute,
1596 2616 1626 2646 »
1690 2589 1894 2671 inquit
1948 2593 2052 2653 ille
2101 2594 2179 2652 ad
2238 2594 2444 2672 ipsum
2502 2594 2926 2671 Augustinum
2959 2595 3257 2664 scribens,
3300 2594 3422 2652 «in
3457 2593 3608 2653 orbe

211 2668 240 2729 ᾇ
297 2668 654 2734 celebraris.
714 2668 1136 2753 Catholiciete
1192 2671 1581 2732 conditorem
1639 2668 1915 2752 antiquae
1967 2691 2218 2734 rursum
2267 2668 2423 2734 'ﬁdei
2483 2668 2861 2734 venerantur
2916 2678 3105 2753 atque
3163 2673 3510 2752 suspiciunt
3573 2695 3603 2730 »

205 2755 427 2835 (Epist.
463 2754 576 2835 195
599 2755 761 2835 _z'nter
792 2751 1280 2835 Augustiuz'anas.

284 2831 453 2895 Nihil
482 2834 563 2893 ad
598 2832 858 2910 hujusce
915 2831 1079 2890 tituli
1135 2837 1195 2889 et
1252 2831 1438 2908 elogii
1495 2832 2100 2892 commendationem
2156 2832 2404 2890 videtur
2449 2833 2635 2909 adjici
2696 2849 2920 2910 posse:
2981 2831 3090 2890 sed
3139 2837 3348 2892 tamen
3380 2832 3602 2892 eodem

198 2917 262 2976 in
295 2916 438 2975 loco
469 2909 884 2989 Hieronymus
927 2909 1157 2982 subdit,
1224 2934 1253 2966 «
1309 2912 1554 2988 signum
1617 2911 1872 2990 majoris
1940 2913 2155 2990 gloriae
2212 2931 2362 2984 esse,
2407 2933 2435 2967 υ
2498 2913 2668 2990 quod
2698 2909 2939 2972 ’Virum
3001 2913 3460 2972 sanctissimum
3515 2911 3599 2973 ob

202 2996 489 3056 eamdem
549 3011 828 3063 causam,
891 3014 921 3046 α
978 3009 1197 3050 omnes
1254 2990 1531 3052 haeretici
1585 2993 2064 3055 detestarentur.
2099 3015 2127 3050 υ
2191 2996 2420 3052 Eorum
2478 3011 2626 3053 vero
2685 2991 3126 3053 malevolentia
3181 2999 3244 3052 et
3283 2992 3600 3052 abaliena-

203 3078 289 3136 tio
347 3094 421 3135 eo
476 3092 674 3152 usque
731 3089 1062 3152 progressa
1117 3076 1230 3152 est,
1287 3078 1359 3152 ut
1412 3091 1552 3132 eum
1613 3091 1647 3132 e
1704 3073 1910 3132 medio
1968 3073 2187 3133 tollere
2243 3073 2464 3151 quovis
2523 3075 2842 3152 proposito
2901 3073 3160 3150 praemio
3193 3072 3594 3146 tentaverint,

202 3176 313 3216 nec
373 3155 492 3214 sibi
548 3151 626 3214 ad
700 3151 1025 3232 c0nceptir
1071 3151 1356 3230 capitalis
1415 3153 1544 3212 odii
1601 3153 1923 3213 cumulum
1979 3155 2266 3213 sufficere
2309 3151 2657 3232 putarint,’
2690 3153 2808 3212 nisi
2867 3154 3054 3232 etiam
3115 3155 3309 3212 Deum
3388 3153 3591 3213 eidem

202 3235 462 3297 consilio
536 3232 868 3311 suffragari
939 3231 1066 3290 suis
1140 3231 1390 3312 asseclis
1465 3233 1842 3311 persuadere
1912 3231 2329 3306 conarentur,
2391 3233 2619 3311 quibus
2675 3231 2958 3312 polliceri
3013 3250 3138 3292 non
3197 3232 3592 3307 dubitarunt,

207 3342 236 3373 (τ
275 3315 492 3377 omnia
549 3320 810 3393 peccata
864 3330 904 3371 a
958 3313 1086 3372 Deo
1141 3311 1572 3393 indubitanter
1629 3332 1760 3373 esse
1819 3313 2196 3373 credendum
2257 3332 2438 3392 posse
2494 3311 2725 3393 dimitti
2775 3314 2861 3374 eis
2898 3312 3029 3393 qui
3088 3312 3205 3393 hoc
3262 3314 3466 3373 facere
3521 3329 3595 3373 ac

207 3422 235 3454 α
291 3391 596 3476 perﬁcere
655 3393 1004 3476 potuissent
1053 3413 1080 3449 ››
1147 3391 1400 3476 (Ροεείίί.
1460 3394 1520 3452 z'n
1597 3397 1720 3476 vita
1780 3395 2104 3476 Augustini
2154 3391 2284 3476 cap.
2344 3395 2429 3476 9).
2483 3392 2621 3476 Sed
2671 3392 2976 3476 miranda
3011 3398 3106 3452 est
3162 3391 3282 3476 hoc
3331 3395 3395 3476 in
3453 3393 3593 3453 loco

201 3472 535 3554 Augustini
566 3472 934 3554 moderatio,
996 3474 1166 3550 quod
1225 3491 1366 3531 cum
1427 3491 1549 3533 non
1609 3474 1811 3533 solum
1868 3474 2126 3553 privatis
2184 3472 2725 3534 criminationibus
2780 3473 2859 3534 ab
2902 3472 3596 3554 adversariisiimpete-

206 3551 392 3628 retur,
455 3557 567 3616 sed
625 3563 686 3614 et
741 3555 819 3614 ab
876 3553 964 3612 eis
1021 3557 1412 3632 quaereretur
1463 3554 1542 3614 ad
1584 3572 1818 3626 necem,
1871 3551 2160 3632 privatas
2216 3554 2575 3615 inimicitias
2628 3554 2767 3614 illas
2821 3553 2911 3613 ita
2969 3553 3406 3631 aequanimiter
3452 3551 3599 3613 tulit

200 3657 271 3698 ac
338 3636 778 3708 dissimulavit,
838 3639 909 3693 ut
963 3633 1064 3692 vix
1123 3631 1316 3692 ullam
1360 3633 1437 3692 de
1494 3633 1580 3693 eis
1631 3635 1693 3692 in
1751 3631 1901 3693 suis,
1934 3634 2465 3712 disputationibus
2521 3636 2737 3695 fecerit
2794 3633 3215 3693 mentionem:
3272 3651 3385 3692 nec
3416 3632 3599 3710 quid-

198 3735 393 3797 quam
449 3718 605 3777 certi
662 3717 737 3776 de
791 3714 1116 3797 intentata:
1172 3713 1265 3797 illi
1324 3712 1491 3797 necis
1551 3714 2013 3797 machinatione
2059 3715 2640 3797 presciremusynisi
2692 3714 3006 3797 Possidius
3035 3714 3098 3772 in
3129 3714 3262 3790 ejus
3291 3714 3432 3772 Vita
3463 3730 3594 3772 rem

199 3793 466 3878 posteris
540 3797 988 3878 consignasset.
1024 3873 1036 3878 _
1068 3793 1245 3878 Quod
1299 3793 1349 3878 si
1405 3795 1936 3878 quandoqueﬂad
1988 3794 2250 3878 injurias
2289 3795 2424 3878 _sibi
2478 3795 2686 3853 illatas
2720 3793 2982 3878 aliquid
3044 3811 3344 3878 reponere
3419 3810 3599 3878 coge-

196 3871 436 3939 batur:
498 3878 558 3936 id
621 3871 743 3935 nori
789 3875 971 3951 justas
1021 3873 1441 3949 indignationi
1514 3893 1640 3934 suae
1688 3871 2064 3945 tribuebat,
2133 3876 2239 3934 sed
2288 3875 2592 3935 lectorum
2647 3873 2923 3946 utilitati,
2976 3873 3085 3950 qui
3121 3871 3369 3951 iniquis
3426 3871 3598 3950 ejus-

193 3960 368 4020 modi
426 3955 970 4017 criminationibus
1026 3953 1351 4013 averitate
1410 3959 1663 4031 possent
1719 3955 1966 4015 abduci.
2030 3955 2148 4015 Sed
2211 3973 2395 4014 nemo
2453 3954 2674 4014 melius
2732 3963 2858 4014 tam
2919 3953 3225 4014 moderati
3283 3953 3475 4012 animi
3531 3952 3596 4012 in

191 4042 288 4100 his
351 4038 790 4098 occasionibus
847 4041 1078 4093 statum
1138 4035 1533 4111 expresserit,
1595 4054 1785 4112 quam
1856 4036 2242 4112 Augustinus
2296 4036 2455 4114 ipse,
2520 4035 2699 4112 cujus
2745 4034 2891 4114 haec,
2921 4034 3115 4094 verba
3163 4034 3400 4093 suntin
3435 4033 3595 4092 libro

191 4125 413 4182 contra
442 4119 820 4179 Petilianum
848 4114 1057 4186 tertio,
1119 4132 1254 4192 cap.
1318 4118 1390 4173 i:
1460 4137 1489 4171 α
1546 4117 1675 4192 Ego
1737 4117 1991 4194 quando
2050 4117 2274 4194 cuique
2329 4113 2430 4175 vel
2478 4115 2745 4175 dicendo
2809 4113 2901 4174 vel
2956 4114 3285 4174 scribendo
3346 4131 3597 4191 respon-

200 4227 225 4255 α
282 4202 404 4259 deo
464 4201 653 4260 etiam
714 4193 1183 4258 contumeliosis
1240 4193 1778 4254 criminationibus
1836 4193 2189 4268 lacessitus,
2248 4203 2552 4272 quantum
2609 4195 2761 4254 mihi
2821 4195 3119 4254 Dominus
3171 4195 3382 4268 donat,
3446 4195 3584 4252 fraa-

204 4308 232 4336 a
281 4280 448 4340 natis
507 4288 697 4357 atque
753 4275 1050 4357 contritis
1091 4293 1272 4357 vanae
1324 4275 2076 4357 indignationisiaculeis,
2139 4276 2409 4335 auditori
2468 4275 2781 4357 lectorivee
2816 4275 3176 4357 consulens1
3221 4293 3344 4357 non
3377 4292 3495 4357 ago
3527 4277 3596 4332 ut

199 4389 229 4418 ‹‹
278 4362 522 4422 efﬁciar
577 4354 820 4419 homini
877 4355 1285 4418 conviciando
1343 4357 1651 4434 superior,
1711 4356 1817 4416 sed
1877 4374 2152 4416 errorem
2214 4357 2640 4416 convincendo
2699 4355 3028 4414 salubrior.
3067 4380 3094 4408 »
3155 4355 3224 4415 In
3260 4354 3354 4412 his
3383 4355 3597 4430 itaque

192 4441 730 4520 disputationibus
789 4457 905 4520 res
939 4443 1073 4520 tota
1131 4435 1445 4495 rationum
1506 4442 2136 4520 e_t_argumentorum
2197 4437 2419 4520 validis
2480 4435 2811 4520 momentis
2860 4435 3192 4520 agebatur.
3253 4437 3388 4520 Non
3419 4434 3599 4520 illum

191 4545 227 4586 a
285 4513 616 4603 proposito
671 4516 1063 4603 difﬁcultatis
1119 4535 1308 4603 scopo
1341 4513 1790 4603 conviciorum
1850 4516 2197 4603 propriaave
2257 4517 2556 4603 leesiopis
2607 4534 2823 4603 sensus
2879 4515 3224 4603 avocabat:
3285 4513 3600 4603 sed'satis

194 4593 318 4666 sibi
378 4593 617 4666 factum
672 4597 1094 4669 existimabat,
1154 4593 1359 4656 si_vel
1420 4597 1658 4675 proprii
1717 4593 1986 4658 honoris
2035 4597 2361 4675 dispendio
2419 4597 2712 4656 Ecclesiae
2769 4601 2831 4655 et
2875 4595 3155 4655 veritatis
3203 4594 3350 4671 jura
3408 4593 3601 4675 (quod

195 4703 404 4746 unum
466 4684 583 4744 sibi
636 4682 716 4742 ob
766 4680 981 4740 oculos
1037 4676 1340 4756 ponebat)
1401 4673 1787 4737 asseruisset.
1853 4680 1921 4738 In
1955 4673 2312 4737 refellendis
2371 4677 2560 4736 etiam
2611 4676 3050 4736 haereticorum
3096 4677 3484 4752 argumentis
3511 4673 3600 4734 ita

194 4786 259 4827 se
325 4765 588 4848 gerebat
642 4765 870 4822 Doctor
927 4763 1210 4848 sanctus,
1261 4764 1331 4848 ut
1387 4777 1511 4817 non
1543 4763 1787 4818 tantum
1844 4776 2059 4848 eorum
2103 4758 2362 4848 animos
2419 4774 2790 4848 exasperare
2838 4773 3038 4848 quam
3095 4756 3367 4848 maxime
3414 4771 3600 4846 cave-

195 4834 361 4922 ret;
400 4847 506 4909 sed
566 4844 775 4915 etiam,
839 4843 1145 4922 quantum
1315 4837 1451 4916 ipso
1507 4844 1664 4911 erat,
1724 4856 1832 4899 eos
1881 4837 1960 4898 ad
1991 4838 2270 4922 veritatis
2301 4838 2685 4922 agnitionem
2732 4836 3215 4922 mollioribuset
3260 4834 3598 4922 humanio-

198 4916 377 4989 ribus
432 4925 636 4986 verbis
692 4930 754 4983 et
808 4916 1338 4998 appellationibus
1397 4936 1689 4979 revocare
1746 4924 2099 4979 conaretur.
2161 4920 2338 4978 Hunc
2395 4917 2621 4995 agendi
2680 4917 2934 4976 modum
2969 4996 2978 4998 _
3012 4916 3223 4976 statim
3282 4917 3360 4976 ab
3417 4917 3598 4982 initio

198 5006 744 5070 concertationum
803 4996 1059 5061 suarum
1117 4999 1235 5059 sibi
1292 5000 1640 5077 proposuit,
1703 5000 1792 5059 uti
1847 5000 1982 5077 ipse
2039 5004 2357 5059 testatur:
2426 5023 2456 5053 «
2514 5001 2711 5058 Deum
2770 4996 2985 5074 rogavi
3051 5002 3346 5074 et\rogo,
3411 5003 3480 5077 ut
3533 5000 3599 5061 in

203 5111 234 5145 α
294 5086 640 5150 refellenda
697 5089 756 5142 et
812 5080 1188 5141 revincenda
1243 5076 1468 5139 haeresi
1523 5085 1753 5152 vestra,
1816 5076 1915 5139 cui
1963 5086 2023 5140 et
2079 5099 2193 5138 nos
2250 5079 2513 5138 fortasse
2561 5077 3023 5156 imprudentius
3079 5095 3270 5155 quam
3331 5076 3597 5142 malitio-

202 5193 232 5224 α
297 5171 429 5230 sius
486 5161 858 5234 adhaesistis,
918 5161 1023 5220 det
1083 5158 1236 5219 mihi
1294 5166 1566 5220 mentem
1624 5166 1913 5238 pacatam
1982 5165 2171 5238 atque
2231 5157 2662 5236 tranquillam,
2721 5162 2780 5217 et
2838 5157 3038 5234 magis
3094 5158 3171 5217 de
3203 5161 3406 5217 vestra
3462 5177 3598 5220 cor-

202 5274 232 5305 α
293 5249 593 5318 rectione,
655 5260 844 5323 quam
894 5240 968 5302 de
996 5240 1401 5323 subversione
1431 5241 1832 5323 cogitantem.
1869 5244 2239 5323 Quanquam
2273 5240 2437 5323 enim
2475 5238 2774 5299 Dominus
2805 5256 3155 5323 perservos
3203 5254 3347 5296 suos
3403 5256 3600 5319 regna

205 5355 234 5384 ιι
267 5317 594 5391 subvertet
621 5317 888 5386 erroris:
921 5323 1088 5399 ipsos
1119 5327 1328 5380 tamen
1358 5320 1668 5393 homines,
1701 5322 1764 5380 in
1797 5317 2100 5399 quantum
2163 5320 2450 5380 homines
2497 5324 2684 5399 sunt,
2723 5317 3146 5399 emendandos
3169 5396 3178 5399 _
3203 5333 3336 5376 esse
3393 5317 3599 5396 poﬁug

205 5437 234 5465 ι.
268 5429 462 5490 quam
497 5405 846 5490 perdendos
869 5395 1105 5490 jubet»
1141 5401 1162 5478 (
1195 5401 1324 5490 ζλίὸ.
1359 5410 1563 5490 contra
1593 5395 1927 5490 _Epz'stolam
1961 5400 2282 5462 ΜαηίοΙιεεί
2305 5419 2435 5480 cap.
2474 5398 2558 5478 l).
2590 5398 2840 5460 Utinam
2877 5398 2983 5474 qui
3039 5395 3186 5456 ﬁdei
3231 5395 3597 5462 controver-

204 5481 332 5552 sia-s
365 5481 656 5559 tractant,
688 5484 912 5546 eodem
946 5481 1157 5542 animo
1188 5481 1566 5541 ducerentur
1593 5483 1604 5540 l

282 5573 414 5632 Etsi
476 5557 661 5650 porro
721 5566 785 5650 in
824 5561 1882 5650 omnibusAugustiniuoperibus
1959 5581 2203 5622 summa
2259 5561 2392 5650 ej‘us
2452 5560 2732 5650 facultas
2767 5558 2987 5650 elucet,
3052 5557 3338 5650 nonnihil
3390 5566 3601 5650 tamen

209 5637 872 5732 majoris-splendoris
921 5642 1268 5732 catholicae
1301 5637 1454 5720 iejus
1514 5637 1998 5732 disceptationes
2026 5660 2153 5732 prae
2211 5637 2559 5732 “seferuptlg
2618 5638 2779 5730 utin
2828 5637 3004 5732 ,ὺθΙῙο
3061 5645 3123 5698 εί
3153 5639 3370 5730 βίζίΒῘίο
3401 5641 3604 5732 φδξίε

204 5719 398 5811 quam
475 5719 570 5793 in.
616 5746 776 5810 pace
811 5724 1123 5811 _militum
1155 5719 1364 5783 virtus,
1411 5719 1736 5811 probatur.
1799 5725 1866 5784 In
1899 5723 2075 5811 ipsis
2131 5721 2592 5811 eniszcriptis
2637 5720 2848 5811 vishet
2893 5736 3156 5811 acumen
3206 5719 3440 5811 ingenii
3498 5721 3608 5783 do-

201 5798 418 5890 c'trina,
452 5798 755 5884 eruditio,
807 5805 1275 5885 Scripturarum
1319 5798 1565 5886 peritia,
1616 5798 1998 5886 eloquentia,
2051 5801 2386 5884 prudentia
2431 5807 2493 5861 et
2523 5798 2887 5876 dexteritas,
2919 5805 2990 5861 ut
3033 5798 3098 5860 in
3129 5800 3388 5880 proprio
3413 5819 3606 5881 argu-

203 5973 354 6105 6%
497 5955 785 6023 Pamon.
835 5943 1020 6007 XLII.
3252 5937 3282 6006 1

115 6075 184 6149 κδ
