4058 6180
438 324 466 381 1
480 324 507 380 1
1913 321 1959 377 Ρ
1969 322 2040 378 ιιι

2229 320 2355 379 [‘10.
3757 323 3831 382 12

438 459 650 515 mento
679 452 891 514 lumen
923 472 1100 513 suum
1134 451 1473 530 explicant,
1507 451 1653 510 dum
1691 451 2044 528 urgentium
2077 451 2576 511 adversariorum
2608 449 2878 529 impetus
2908 467 3126 510 omnes
3155 449 3350 510 animi
3380 470 3602 514 nervos
3625 454 3705 514 ad
3728 473 3834 516 eos

434 534 841 594 debellandos
871 533 1144 593 excitant
1173 541 1234 592 et
1265 533 1593 610 proritant.

512 616 801 675 Jamvero
858 614 1157 691 quoniam
1213 613 1396 690 plura
1452 617 1597 671 sunt
1651 610 1983 684 Augustini
2041 610 2355 672 Polemica
2413 611 2739 689 opuscula,
2796 627 2992 691 quam
3047 616 3118 670 ut
3170 611 3235 669 in
3295 630 3486 671 unum
3538 613 3833 675 volumen

431 695 570 772 cogi
603 690 892 772 possintj
942 694 1106 753 eain
1166 691 1376 770 plures
1407 705 1610 752 tomos
1661 692 1879 770 partiri
1908 693 2328 751 necessarium
2381 692 2520 751 fuit.
2582 694 2657 751 Et
2713 690 2953 772 primus
3011 691 3267 768 quidem
3317 711 3388 752 ea
3444 713 3585 771 qum
3618 695 3834 755 adver-

429 771 533 834 sus
580 771 979 844 Manichaeos,
1042 773 1564 846 Priscillianistas,
1624 779 1686 831 et
1742 772 2008 832 Arianos
2057 772 2310 832 condita
2358 778 2502 832 sunt
2558 771 3048 850 complectetur:
3112 771 3187 831 de
3234 772 3462 849 quibus
3521 774 3621 834 hic
3680 776 3838 835 mul-

429 855 506 914 tis
565 853 815 931 praafari
875 853 1144 912 otiosum
1220 860 1281 914 et
1352 869 1903 932 supervacaneum
1968 853 2202 926 fuerit;
2286 871 2426 912 cum
2501 852 2704 930 primo
2769 851 2908 911 loco
2984 870 3114 912 sese
3197 853 3422 912 offerat
3496 857 3833 932 Augustini

423 934 583 1016 liber
638 935 715 1016 de
763 934 1138 1016 Haaresibus,
1197 934 1260 993 in
1319 931 1445 1012 quo
1501 933 1829 994 historiam
1891 931 2113 993 harum
2174 933 2585 1012 omniumque
2647 932 2969 992 haereseon
3026 933 3399 1011 compendio
3453 931 3832 1016 descriptam

424 1014 624 1075 lector
649 1013 942 1074 inveniet.

505 1093 996 1154 Manichaeorum
1073 1091 1388 1165 haeresim,
1465 1111 1591 1170 qua
1663 1091 1961 1170 deceptus
2035 1098 2225 1171 atque
2296 1091 2581 1152 imbutus
2639 1091 2845 1152 fuerat
2903 1089 3289 1164 adolescens,
3351 1091 3563 1153 statim
3623 1113 3660 1155 a
3717 1113 3831 1155 suo

422 1171 738 1251 baptismo
797 1191 1084 1250 agressus
1142 1180 1233 1234 est
1292 1171 1760 1232 strenuissimus
1818 1173 2015 1252 pugil,
2075 1173 2354 1312 quinqpe
2429 1171 2603 1232 libris
2667 1172 2730 1231 in
2790 1189 2896 1232 eos
2952 1171 3135 1231 editis
3191 1190 3417 1250 nempe
3472 1173 3550 1234 de
3605 1174 3830 1236 Libero

422 1254 725 1312 Arbitrio.
786 1253 862 1312 de
921 1253 1141 1312 Genesi
1199 1259 1422 1312 contra
1496 1252 1895 1312 Manichaeos.
1957 1253 2033 1312 de
2093 1253 2246 1312 Mori
2298 1273 2369 1312 us
2425 1252 2717 1312 Ecclesim
2768 1251 3115 1312 catholicas.
3178 1253 3255 1312 de
3314 1253 3588 1312 Moribus
3626 1256 3830 1312 Mani-

421 1254 725 1327 Arbitrio,
786 1253 862 1312 de
921 1253 1141 1315 Genesi
1199 1259 1422 1314 contra
1496 1251 2033 1325 Manichmos,'de
2093 1251 2369 1314 Moribus
2425 1252 2717 1312 Ecclesim
2768 1251 3115 1324 catholicas,
3178 1253 3255 1312 de
3314 1253 3588 1313 Moribus
3626 1256 3831 1315 Mani-

425 1333 769 1405 chaeorum,
831 1338 892 1392 et
927 1335 1002 1392 de
1060 1352 1208 1394 vera
1267 1332 1637 1411 lteligione:
1699 1351 1857 1411 quos
1913 1333 2064 1410 quia
2123 1333 2476 1411 neophytus
2533 1338 2595 1392 et
2639 1334 2915 1392 nondum
2973 1333 3298 1411 presbyter
3356 1335 3732 1412 composuit,
3765 1336 3830 1395 in

431 1416 634 1492 primo
693 1421 888 1485 tomo,
949 1419 1018 1473 ut
1073 1414 1137 1473 in
1191 1421 1378 1474 antea
1436 1414 1725 1489 vulgatis,
1785 1414 2174 1491 reliquimus.
2237 1417 2362 1473 Hos
2418 1414 2606 1472 libros
2661 1413 2913 1473 nomine
2970 1412 3379 1472 Pentateuchi
3427 1420 3647 1474 contra
3707 1418 3832 1476 Μαι

431 1493 709 1554 nichzeos
768 1494 1053 1572 designat
1101 1493 1402 1554 Paulinus
1428 1494 1490 1553 in
1521 1493 1804 1572 Epistola
1851 1497 1925 1555 25
1985 1494 2146 1554 inter
2201 1494 2709 1571 Augustinianas,
2772 1493 3114 1570 laudatque
3171 1495 3231 1551 in
3295 1492 3458 1553 hunc
3520 1495 3821 1555 modum:

427 1597 456 1631 α
515 1577 561 1634 Ο
624 1575 883 1634 lucerna
936 1575 1121 1652 digne
1180 1593 1371 1652 supra
1427 1575 1874 1634 candelabrum
1932 1575 2220 1634 Ecclesiae
2255 1574 2479 1652 posita,
2513 1592 2653 1652 quae
2700 1575 2821 1634 late
2871 1573 3194 1633 catholicis
3224 1573 3482 1632 urbibus
3515 1575 3591 1635 de
3634 1577 3826 1654 septi-

427 1678 455 1712 «
515 1656 698 1713 formi
755 1654 986 1732 lychno
1048 1661 1296 1732 pastum
1355 1655 1493 1715 oleo
1553 1655 1786 1714 laetitias
1849 1655 2058 1715 lumen
2119 1655 2470 1724 effundens,
2547 1656 2771 1714 densas
2828 1654 2970 1713 licet
3027 1654 3465 1713 haereticorum
3529 1655 3829 1733 caligines

424 1759 454 1790 «
515 1734 794 1806 discutis,
847 1741 908 1793 et
963 1736 1166 1794 lucem
1232 1736 1514 1795 veritatis
1572 1755 1610 1794 a
1666 1735 2032 1796 confusione
2066 1737 2467 1796 tenebrarum
2529 1735 2860 1812 splendore
2923 1734 3180 1793 clarifici
3239 1734 3543 1794 sermonis
3603 1736 3828 1796 enubi-

425 1839 454 1869 «
512 1816 638 1874 las!
678 1839 706 1869 »
758 1817 1071 1875 Hactenus
1103 1815 1408 1875 Paulinus
1459 1815 1533 1874 de
1583 1815 1802 1893 primis
1848 1815 1970 1875 illis
2026 1817 2090 1875 in
2149 1816 2528 1876 Manichasos
2568 1814 2851 1893 scriptis;
2906 1813 2970 1873 in
3028 1814 3256 1892 quibus
3315 1815 3365 1873 si
3421 1821 3667 1874 tantum
3728 1817 3827 1876 lu-

419 1894 603 1954 minis
661 1912 735 1975 ac
785 1895 1136 1974 splendoris
1169 1894 1611 1974 deprehendit,
1645 1896 1795 1973 quid
1827 1896 1903 1954 de
1960 1895 2099 1956 aliis
2129 1895 2674 1973 subsequentibus,
2708 1913 2849 1973 quae
2881 1912 3212 1973 progressu
3257 1895 3557 1974 temporis
3586 1895 3828 1975 majore

416 1974 745 2052 diligentia
777 1982 838 2035 et
867 1994 1072 2035 rerum
1108 1995 1221 2036 usu
1251 1976 1328 2035 ab
1360 1975 1709 2054 Augustino
1741 1975 1994 2036 condita
2025 1983 2193 2047 sunt,
2226 1975 2711 2054 exspectandum
2744 1975 2888 2034 est?

497 2057 585 2114 Ex
643 2054 741 2136 his
789 2055 1080 2136 primum
1156 2057 1324 2134 quod
1384 2076 1422 2115 a
1477 2063 1765 2134 suscepto
1824 2058 2174 2116 sacerdotio
2231 2057 2586 2136 composuit
2643 2055 2708 2114 in
2765 2055 3043 2136 gratiam,
3094 2054 3283 2136 amici
3335 2054 3430 2136 sui
3491 2056 3821 2129 Honorati,

417 2136 524 2212 qui
582 2134 1070 2195 Manichaaorum
1130 2133 1447 2196 erroribus
1508 2137 1861 2204 tenebatur,
1924 2138 2002 2196 de
2058 2137 2341 2198 Utilitate
2378 2133 2690 2197 'credendi
2763 2135 3102 2213 inscripsit,
3183 2133 3290 2194 ubi
3346 2135 3443 2194 his
3503 2136 3825 2212 praeclaris

421 2233 567 2274 usus
625 2221 720 2274 est
776 2215 1002 2288 verbis,
1063 2234 1204 2294 quae
1259 2217 1324 2276 in
1353 2218 1586 2296 fronte
1644 2216 2106 2277 Polemicorum
2147 2218 2344 2294 ipsius
2373 2235 2633 2296 operum
2669 2215 2957 2296 adhiberi
2989 2222 3328 2274 merentur.
3366 2239 3392 2268 α
3430 2216 3579 2296 Quae
3613 2222 3680 2275 ut
3709 2216 3827 2278 tibi

415 2320 445 2351 «
503 2295 766 2374 prosint,
829 2302 939 2376 aut
988 2304 1153 2356 certe
1210 2295 1368 2355 nihil
1429 2295 1656 2372 obsint,
1721 2297 2137 2376 omnibusque
2198 2295 2478 2370 omnino,
2541 2315 2809 2374 quorum
2870 2295 2933 2354 in
2985 2314 3206 2354 manus
3239 2296 3396 2356 forte
3427 2295 3817 2373 devenerint,

418 2399 446 2430 «
508 2381 570 2435 et
625 2375 842 2454 rogavi
898 2378 1124 2449 Deum,
1187 2382 1247 2436 et
1305 2394 1506 2453 rogo;
1569 2381 1628 2436 et
1687 2395 1868 2454 spero
1926 2375 2222 2444 itafore,
2282 2377 2333 2436 si
2390 2379 2548 2438 bene
2605 2376 2763 2436 mihi
2820 2377 3102 2436 conscius
3134 2393 3294 2448 sum,
3340 2376 3507 2454 quod
3540 2377 3822 2438 adhunc

415 2479 446 2509 «
504 2455 715 2514 stilum
773 2455 878 2533 pio
933 2463 997 2516 et
1026 2457 1305 2517 officioso
1365 2457 1601 2525 animo,
1663 2477 1786 2516 non
1852 2458 1992 2517 vani
2051 2458 2320 2517 nominis
2377 2458 2764 2536 appetitione
2822 2463 2931 2516 aut
2983 2458 3333 2536 nugatoria:
3385 2457 3822 2518 ostentationis

341 2542 346 2547 ”
415 2558 445 2594 (ι
504 2536 796 2596 accessi»
859 2535 1038 2617 (Cap.
1095 2535 1174 2615 1).
1213 2539 1386 2617 Post
1441 2537 1575 2596 haec
1630 2539 1881 2598 eosdem
1939 2538 2319 2598 Manichaeos
2375 2535 2581 2598 denuo
2639 2536 2982 2614 exagitavit
3036 2537 3205 2596 edito
3263 2535 3423 2595 libro
3455 2537 3531 2596 de
3561 2538 3819 2598 Duabus

407 2617 682 2690 Naturis,
741 2616 1011 2694 quarum
1071 2616 1364 2677 dicebant
1421 2635 1611 2676 unam
1667 2625 1911 2696 partem
1968 2618 2079 2678 Dei
2135 2637 2286 2689 esse,
2350 2619 2613 2679 alteram
2673 2617 2749 2676 de
2782 2623 2965 2694 gente
2998 2618 3397 2676 tenebrarum
3432 2633 3444 2674 :
3481 2635 3622 2694 quae
3655 2618 3812 2677 deli-

403 2703 694 2756 ramenta
750 2696 1094 2774 perspicuis
1150 2702 1212 2756 et
1267 2716 1304 2756 a
1360 2697 1596 2756 lumine
1655 2699 1926 2758 naturali
1982 2698 2190 2776 petitis
2221 2698 2567 2759 rationibus
2625 2697 2711 2756 sic
2768 2696 2984 2767 eludit,
3019 2703 3087 2755 ut
3120 2696 3318 2772 magis
3362 2697 3605 2756 animos
3634 2716 3809 2757 com-

406 2777 741 2845 movendo,
778 2795 967 2854 quam
1019 2777 1421 2855 disputando,
1484 2778 1874 2837 adversarios
1927 2779 2007 2838 ad
2065 2779 2341 2838 Veritatis
2399 2778 2782 2855 agnitionem
2843 2778 3139 2836 reducere
3197 2777 3527 2849 videatur;
3582 2778 3807 2838 dolens

416 2855 668 2916 interim
738 2855 910 2934 quod
965 2856 1113 2916 olim
1171 2858 1423 2917 easdem
1478 2858 1750 2918 rationes
1797 2877 1922 2917 non
1978 2857 2386 2931 adhibuisset,
2419 2865 2488 2918 ut
2535 2877 2612 2917 ne
2669 2857 2731 2917 in
2791 2857 3174 2934 pravissimee
3222 2863 3403 2916 sectae
3465 2858 3803 2934 perniciem

396 2935 738 3017 laberetur.
793 2937 900 2995 His
929 2955 1119 3014 porro
1177 2938 1426 3015 scriptis
1481 2944 1543 3017 et
1599 2939 1894 3015 gravibus
1951 2939 2075 2997 suis
2133 2939 2212 2997 ad
2272 2939 2574 3017 populum
2633 2939 3038 2996 concionibus
3095 2938 3182 2995 ita
3259 2936 3540 2996 omnium
3609 2939 3672 2996 in
3729 2957 3796 2998 se

396 3016 880 3076 admirationem
959 3017 1275 3089 excitavit,
1352 3023 1422 3076 ut
1495 3016 1667 3075 illam
1737 3036 1992 3077 causam
2053 3018 2289 3076 salvam
2345 3016 2405 3078 et
2463 3036 2678 3077 sanam
2743 3021 3108 3094 reputarent
3164 3035 3405 3084 omnes,
3459 3035 3650 3094 quam
3706 3018 3806 3079 vir

397 3101 590 3156 tantm
649 3095 1096 3176 moderationis
1155 3103 1216 3157 et
1273 3095 1664 3168 sinceritatis,
1726 3103 1918 3157 tantae
1949 3098 2249 3157 doctrinas
2278 3104 2337 3157 et
2378 3096 2750 3176 eloquentiae
2801 3101 3284 3175 propugnasset.
3322 3097 3476 3155 Hinc
3507 3103 3600 3156 est
3631 3101 3804 3176 quod

397 3177 683 3254 Hippone
731 3175 980 3236 civitate
1026 3194 1138 3254 per
1187 3180 1601 3237 Fortunatum
1653 3178 2087 3256 presbyterum
2143 3177 2560 3237 manicheeum
2633 3196 2925 3254 magnam
2995 3184 3235 3255 partem
3299 3185 3616 3254 corrupta,
3654 3175 3803 3239 inon

398 3257 582 3316 modo
640 3256 969 3327 Catholici,
1031 3257 1139 3316 sed
1196 3263 1255 3317 et
1303 3257 1645 3317 Donatistae
1677 3265 1962 3318 sanctum
2007 3261 2337 3318 Doctorem
2397 3259 2476 3318 ad
2537 3259 2920 3334 singularem
2980 3276 3119 3316 cum
3179 3276 3253 3316 eo
3311 3259 3801 3334 disputationem

395 3337 823 3396 adduxerint:
902 3355 978 3397 ex
1054 3356 1180 3415 qua
1253 3336 1342 3396 ita
1415 3337 1775 3398 debilitatus
1848 3345 1909 3398 et
1964 3339 2197 3398 fractus
2272 3339 2525 3398 recessit
2599 3340 3003 3408 Fortunatus,
3065 3345 3134 3397 ut
3180 3336 3314 3414 ejus
3377 3337 3801 3415 pestilentissi-

398 3437 500 3477 mo
560 3416 854 3496 contagio
928 3415 1359 3495 Hipponenses
1417 3436 1634 3477 omnes
1703 3417 1995 3496 deinceps
2052 3419 2386 3478 caruerint.
2447 3419 2765 3478 Possidius
2824 3416 3118 3477 describit
3174 3436 3544 3495 prosperum
3605 3421 3804 3478 fortu-

396 3505 742 3578 natumque
799 3515 1174 3578 successum,
1211 3496 1472 3574 hujusce
1522 3498 1872 3558 collationis
1927 3496 2022 3577 (In
2094 3499 2220 3559 Vita
2278 3501 2462 3577 Αιιῃ.⁷
2527 3518 2656 3578 cap.
2717 3499 2809 3578 6),
2863 3497 3041 3575 cujus
3081 3503 3225 3556 acta
3280 3496 3393 3578 hic
3439 3498 3797 3578 referuntur

393 3596 467 3637 ex
526 3577 753 3656 quibus
810 3578 1105 3638 discimus
1165 3577 1481 3638 hominem
1542 3575 2054 3656 loquacissimum
2097 3580 2176 3638 ad
2236 3575 2426 3638 unum
2487 3575 2818 3657 Augustini
2876 3583 3312 3655 argumentum
3376 3575 3566 3656 (idem
3625 3580 3793 3638 scili-

389 3665 487 3717 cet
546 3659 715 3736 quod
774 3657 924 3718 olim
973 3676 1012 3718 a
1065 3657 1358 3718 Nebridio
1419 3658 1704 3718 audierat
1734 3658 1836 3737 [a])
1892 3659 1982 3718 ita
2039 3660 2450 3732 obmutuisse,
2510 3665 2579 3718 ut
2625 3664 2879 3737 captato
2928 3676 3038 3736 per
3084 3657 3352 3735 speciem
3387 3675 3528 3717 suos
3560 3677 3790 3719 consu-

387 3737 557 3798 lendi
615 3739 884 3799 asseclas
942 3739 1021 3798 ad
1083 3739 1583 3817 respondendum
1643 3741 1872 3817 spatio,
1932 3740 2101 3817 turpi
2157 3743 2309 3817 fuga
2367 3758 2442 3799 ex
2503 3739 2654 3798 urbe
2714 3739 3021 3817 Hippone,
3087 3737 3316 3797 nedum
3347 3756 3414 3796 ex
3451 3737 3790 3801 collatione

384 3819 720 3896 aufugerit,
780 3837 1105 3896 nunquam
1164 3837 1237 3878 eo
1297 3819 1630 3879 rediturus.
1695 3822 1950 3879 Patrata
2009 3819 2128 3878 hac
2188 3820 2468 3891 victoria,
2533 3819 2874 3897 aliquando
2907 3823 3045 3897 post
3104 3836 3436 3898 procusum
3490 3827 3584 3877 est
3635 3838 3792 3898 opu-

377 3899 622 3958 sculum
657 3905 877 3960 contra
920 3898 1365 3957 Adimantum:
1424 3918 1548 3976 quo
1603 3899 1665 3958 in
1723 3918 1912 3977 opere
1968 3900 2211 3960 Veteris
2267 3919 2340 3960 ac
2396 3901 2552 3959 Novi
2606 3899 2992 3960 Testamenti
3049 3899 3186 3958 loca
3225 3897 3410 3958 simul
3441 3897 3788 3959 concilian-

379 3984 496 4049 tur,
560 3979 909 4056 satisfitque
961 3978 1465 4038 cavillationibus
1517 3997 1673 4056 quas
1743 3999 1818 4039 ex
1881 3979 2031 4039 locis
2087 3980 2210 4039 illis
2269 3985 2584 4040 veterator
2639 3981 2776 4053 iste,
2841 3979 3167 4039 Manichaai
3221 3979 3543 4058 quondam
3591 3980 3784 4040 disci-

375 4061 584 4136 pulus,
618 4059 985 4119 deduxerat.

455 4138 624 4198 Idem
680 4140 744 4199 in
803 4137 1181 4199 Manicheeos
1240 4143 1556 4198 certamen
1617 4145 1985 4217 prosecutus
2043 4145 2136 4199 est
2189 4141 2577 4216 Augustinus
2627 4138 2761 4217 jam
2837 4139 3186 4218 episcopus,
3247 4136 3590 4198 refellendo
3648 4140 3782 4217 pri-

375 4235 543 4278 mum
631 4219 960 4280 Manichaai
1033 4218 1418 4296 Epistolam,
1500 4219 1918 4279 Fundamcnti
1999 4221 2422 4298 appellatam,
2504 4221 2566 4278 in
2627 4238 2752 4297 qua
2831 4220 3020 4278 totius
3089 4236 3393 4298 perversae
3473 4219 3780 4281 doctrinae

371 4315 618 4358 summa
676 4299 1136 4370 continebatur,
1197 4299 1259 4358 id
1318 4306 1408 4358 est
1467 4321 1495 4355 (ι
1553 4300 1853 4360 doctrinae
1910 4300 2180 4368 initium,
2246 4300 2544 4371 medium,
2607 4306 2668 4359 et
2739 4300 2900 4372 ﬁnis,
2961 4323 2990 4353 ››
3047 4305 3314 4359 testante
3346 4298 3549 4358 Felice
3583 4301 3781 4360 mani-

370 4377 546 4439 chaeo
604 4378 761 4458 (Lib.
806 4382 842 4438 2
896 4377 965 4439 de
1018 4379 1182 4438 Actis
1237 4398 1366 4438 cum
1423 4377 1635 4459 Felice,
1697 4399 1826 4459 cap.
1865 4381 1944 4458 l).
2006 4381 2182 4441 Unde
2241 4387 2415 4439 tanta
2473 4380 2552 4439 ab
2609 4380 2761 4458 ipsis
2819 4380 3179 4440 Manichaais
3234 4380 3583 4440 reverentia
3641 4380 3780 4442 haec

367 4459 636 4536 epistola
690 4461 1037 4538 legebatur,
1101 4467 1167 4518 ut
1224 4478 1350 4518 non
1403 4458 1520 4518 nisi
1575 4460 1654 4520 ab
1710 4458 2024 4520 inclinatis
2081 4461 2444 4520 disceretur.
2506 4461 2606 4519 Sic
2663 4460 2826 4520 enim
2862 4460 3132 4520 habetur
3160 4461 3262 4520 hic
3321 4460 3492 4519 locus
3522 4459 3586 4518 in
3619 4460 3781 4521 duo-

364 4539 483 4600 bus
558 4541 816 4601 vetustis
891 4539 1377 4616 exemplaribus,
1457 4564 1486 4594 «
1548 4539 1869 4599 Inclinatis
1945 4540 2301 4600 discebatur
2341 4560 2378 4600 a
2449 4539 2668 4600 nobis:
2731 4565 2758 4595 ››
2834 4541 3080 4601 tametsi
3129 4541 3316 4600 aliam
3376 4539 3775 4617 praatulimus

361 4617 694 4680 lectionem
729 4641 805 4682 ex
837 4621 1089 4698 optimae
1123 4627 1285 4678 notae
1318 4619 1530 4678 codice
1585 4619 1962 4689 Corbeiensi,
2025 4623 2228 4699 «Ipsa
2259 4621 2424 4680 enim
2483 4620 2661 4680 nobis
2715 4621 2824 4682 illo
2874 4628 3158 4698 tempore
3218 4620 3457 4680 miseris
3515 4622 3773 4698 quando

366 4720 394 4757 ι(
427 4699 587 4782 lecta
621 4706 732 4782 est,
769 4699 1103 4782 illuminati
1140 4699 1506 4782 dicebamur
1537 4717 1571 4757 a
1605 4701 1778 4782 vobis
1808 4722 1835 4756 ι)
1874 4699 2028 4782 (Lib.
2063 4712 2271 4761 contra
2300 4701 2498 4782 Epist.
2535 4701 2796 4760 Manio/2.
2832 4720 2965 4780 cap.
3001 4703 3084 4780 5).

439 4779 531 4840 Ab
620 4780 735 4840 hac
789 4780 1226 4840 lucubratione
1287 4780 1447 4839 forte
1501 4797 1624 4838 non
1683 4780 1773 4841 ita
1833 4781 2074 4857 pridem
2139 4777 2393 4840 manum
2453 4788 2807 4841 removerat
2863 4777 3268 4858 Augustinus,
3328 4797 3472 4838 cum
3528 4777 3767 4839 Catho-

348 4856 452 4920 lici
489 4860 670 4920 aliud
736 4861 940 4920 eidem
1002 4879 1162 4921 onus
1231 4859 1590 4938 imponunt,
1653 4868 1719 4921 ut
1776 4856 2012 4920 scilicet
2072 4865 2478 4939 reSponderet
2536 4861 2617 4919 ad
2690 4861 2921 4920 librum
2968 4856 3211 4922 _Fausti
3267 4858 3766 4920 Manichaeorum

352 4940 452 5019 cpi
476 4941 646 5019 scopi
704 4946 1030 5019 tantopere
1088 4959 1125 4998 a
1182 4939 1307 4998 suis
1367 4940 1726 5017 praedicati;
1795 4963 1822 4997 ‹‹
1881 4940 2060 5018 cujus
2119 4943 2296 5001 nobis
2354 4941 2682 5012 adventus,
2743 4941 2830 5001 ait
2885 4942 3292 5020 Augustinus,
3332 4939 3411 4999 ad
3443 4939 3768 5020 explican-

357 5018 403 5073 (r
446 5022 526 5082 da
579 5018 788 5081 omnia
845 5018 986 5099 quae
1044 5039 1157 5080 nos
1216 5021 1552 5102 movebant
1608 5020 1786 5100 quasi
1822 5020 1924 5102 de
1983 5021 2142 5080 coelo
2203 5021 2687 5100 promittebatur
2744 5045 2771 5077 »
2837 5018 3096 5102 (Lz'bIde
3131 5020 3401 5084 Utilitate
3459 5018 3756 5093 credendi,

349 5118 480 5179 cap.
562 5103 645 5182 8).
699 5103 925 5161 Verum
999 5104 1124 5160 tam
1210 5100 1556 5178 magnificis
1631 5101 1954 5180 promissis
2028 5121 2154 5161 non
2235 5103 2391 5161 bene
2467 5102 2792 5180 respondit
2850 5100 3161 5163 eventus:
3222 5102 3350 5160 imo
3409 5117 3556 5182 vero
3614 5116 3765 5182 con-

348 5182 543 5240 traria
590 5180 756 5243 sorte
812 5183 1045 5241 factum
1105 5189 1216 5251 est,
1278 5189 1347 5240 ut
1403 5184 1633 5241 Doctor
1694 5186 1948 5241 sanctus
2005 5182 2186 5258 quasi
2245 5184 2319 5242 de
2379 5184 2536 5243 coelo
2600 5182 2822 5240 missus
2879 5189 3101 5243 merito
3160 5180 3505 5241 existimari
3565 5180 3766 5256 possit

348 5259 446 5341 ad
489 5263 869 5325 revincenda
926 5267 1279 5321 commenta
1331 5261 1703 5339 ineptissimi
1736 5262 2233 5340 prmstigiatoris,
2298 5263 2400 5340 qui
2465 5263 2835 5322 miserandis
2884 5265 3066 5341 nugis
3118 5262 3458 5321 multorum
3513 5259 3763 5341 animos

345 5339 728 5423 seduxerat:
796 5343 1066 5404 maxime
1121 5360 1267 5400 vero
1322 5342 1400 5400 ad
1451 5339 1827 5401 vindicanda
1883 5351 2164 5402 veterum
2225 5339 2736 5403 Patriarcharum
2799 5339 3252 5423 actafquibus
3310 5341 3622 5400 infaustus
3651 5339 3762 5423 ille

343 5417 673 5501 haereticus
734 5427 946 5484 fucum
1004 5424 1208 5482 facere
1281 5427 1650 5482 tentaverat.
1713 5424 1842 5482 Hoc
1901 5423 1963 5481 in
2025 5441 2215 5501 opere
2274 5442 2411 5483 cum
2448 5423 2717 5501 apostoli
2773 5424 2918 5483 Jesu
2978 5417 3206 5484 Christi
3268 5440 3522 5492 nomen,
3583 5422 3761 5497 quod

340 5499 725 5562 Manichaeus
755 5504 932 5563 initio
964 5502 1373 5581 cpistolarum
1420 5520 1672 5562 suarum
1730 5503 1846 5562 sibi
1903 5499 2242 5575 tribuebat,
2298 5505 2376 5563 ab
2436 5499 2694 5580 indigno
2755 5501 3010 5564 homine
3069 5510 3444 5573 removeret,
3503 5506 3757 5577 tempus

336 5586 571 5663 exortae
630 5583 819 5658 hujus
875 5583 1131 5643 haeresis
1194 5581 1373 5641 nobis
1429 5582 1664 5642 indicat
1720 5585 1826 5642 Vir
1882 5590 2157 5653 sanctus,
2224 5585 2435 5663 aitque
2467 5589 2781 5653 constare,
2852 5607 2880 5641 «
2935 5603 3060 5644 non
3119 5584 3324 5643 solum
3394 5589 3538 5663 post
3594 5583 3754 5663 Ter-

342 5681 370 5716 α
430 5661 790 5743 tullianum,
826 5741 835 5743 _
871 5681 1090 5722 verum
1178 5663 1366 5723 etiam
1425 5670 1566 5742 post
1644 5663 2029 5743 Cyprianum
2107 5664 2272 5724 hanc
2335 5658 2638 5724 haeresim
2714 5664 2902 5724 fuisse
2979 5671 3266 5725 exortam
3323 5686 3354 5718 »
3395 5658 3568 5741 (Lib.
3639 5660 3747 5734 13,

328 5756 459 5818 cap.
549 5741 634 5821 4).
721 5741 878 5802 Huic
961 5743 1287 5802 sententiae
1374 5741 1753 5806 concordat—
1799 5743 2215 5823 Epiphanius,
2301 5743 2410 5823 qui
2493 5744 2772 5824 ejusdem
2858 5745 3111 5808 haeresis
3193 5747 3404 5804 ortum
3486 5747 3752 5806 revocat

394 5866 468 5938 (a)
500 5865 632 5918 Vide
663 5867 893 5924 confess.
925 5865 1019 5918 lib.
1055 5871 1102 5931 7,
1132 5879 1248 5932 cap.
1277 5867 1324 5916 2.

3627 5975 3648 5988 Ο

3591 5993 3634 6018 ἢ
