4084 6194
217 318 284 379 13
1706 323 1830 380 PRx

2013 321 2142 382 l‘IO.
3552 328 3626 387 14

215 451 287 512 ad
323 470 569 513 nonum
631 452 894 513 Gallieni
925 472 1156 513 annum
1192 452 1448 532 (Epiph.
1504 453 1608 513 lz'b.
1660 453 1726 514 de
1783 453 1973 513 Pond.
2010 463 2066 513 et
2101 451 2330 531 biens),
2397 455 2504 530 qui
2560 474 2701 514 cum
2763 472 2927 514 anno
2990 456 3218 516 Christi
3276 460 3393 517 262
3453 459 3627 518 coin-

217 533 392 618 ciditi.
445 534 752 618 Eusebius
803 553 950 593 vero
1007 534 1087 618 ad
1147 541 1396 618 tempus
1453 534 1673 594 Felicis
1732 552 1910 611 papze
1963 539 2030 618 et
2085 534 2452 618 Diocletiani
2511 534 2909 618 imperatoris
2967 535 3236 615 (Euseb.,
3274 538 3373 598 lib.
3407 541 3440 596 7
3491 559 3629 618 cap.

209 615 441 691 30-32},
525 616 633 692 qui
712 621 924 674 tamen
998 614 1076 673 ad
1146 614 1482 692 imperium
1543 633 1664 674 non
1725 615 2031 692 pervenit,
2083 613 2200 673 nisi
2254 613 2383 672 fere
2444 613 3004 692 postidecennium
3054 635 3092 676 δ,
3148 625 3346 678 morte
3402 613 3630 679 Felicis

211 713 400 771 papae
432 713 577 772 quae
637 695 903 772 contigit
949 712 1112 753 anno
1145 696 1285 753 275.
1345 698 1467 754 Leo
1526 695 1790 771 Magnus
1848 694 2100 771 longius
2157 694 2440 754 eamdem
2504 695 2810 772 originem
2869 697 3220 770 submovet,
3282 699 3362 758 ad
3393 717 3630 759 annum

208 775 452 855 scilicet
511 794 548 834 a
606 774 840 834 (.hristi
893 774 1346 855 resurrectione
1403 775 1541 834 260.
1600 775 1806 833 Probo
1845 773 2234 855 imperatore
2289 781 2351 834 et
2397 774 2672 855 Paulino
2731 776 2986 835 consule
3049 775 3182 855 (Leo
3240 798 3415 839 serm.
3459 784 3495 839 2
3552 779 3624 838 de

202 854 496 930 Peraea).
557 857 712 914 Acta
783 854 1148 915 Collationis
1219 874 1362 914 cum
1421 855 1623 914 Felice
1686 854 2059 925 manichaeo,
2122 855 2230 931 qui
2279 854 2634 914 Catholicos
2690 856 3062 914 seducturus
3123 876 3261 916 cum
3321 859 3613 932 venisset,

203 953 312 1012 per
367 935 788 1012 Augustinum
851 934 1112 995 feliciter
1187 935 1266 994 ad
1345 935 1638 996 Ecclesiae
1693 935 2200 994 communionem
2259 938 2553 994 reductus
2611 942 2723 1008 est,
2789 954 2951 995 nova
3008 936 3332 998 catholica:
3388 942 3618 999 verita-

202 1015 276 1074 tis
339 1020 585 1093 tropaea
642 1017 1069 1093 suppeditant,
1107 1016 1325 1075 eodem
1385 1015 1735 1091 Augustino
1796 1015 1952 1075 duce
2011 1020 2352 1094 reportata.
2403 1016 2586 1074 Liber
2639 1015 2716 1075 de
2771 1018 3006 1076 Natura
3062 1016 3211 1076 boni
3241 1020 3622 1081 exsecranda

201 1096 634 1173 quorumdam
687 1096 856 1156 illius
914 1102 1097 1155 sectae
1159 1095 1508 1167 hominum,
1579 1117 1607 1152 α
1663 1114 1789 1155 non
1845 1101 2090 1154 tantum
2150 1096 2212 1154 in
2273 1094 2732 1173 Paphlagonia,
2802 1097 2908 1155 sed
2965 1096 3154 1156 etiam
3213 1096 3277 1156 in
3335 1099 3534 1159 Gallia
3577 1123 3608 1155 ››

199 1176 565 1252 degentium
628 1174 806 1256 (Cap.
869 1176 994 1254 47),
1052 1175 1332 1235 facinora
1389 1175 1676 1256 detegit,
1722 1175 2039 1254 habetque
2098 1194 2212 1253 pro
2262 1182 2635 1253 argumento
2693 1181 2761 1234 ut
2818 1178 3131 1250 ostendat,
3195 1183 3482 1237 naturam
3526 1180 3616 1239 iu-

199 1255 975 1316 commutabilem’Deum
1026 1273 1158 1315 esse
1215 1274 1287 1315 ac
1318 1274 1632 1314 summum
1666 1255 1922 1328 bonum,
1985 1262 2172 1336 atque
2231 1256 2310 1314 ab
2368 1256 2475 1315 illo
2533 1275 2663 1316 esse
2727 1263 2986 1316 caateras
3045 1262 3324 1329 naturas,
3385 1276 3616 1336 easque

194 1337 255 1395 in
289 1343 604 1414 quantum
666 1343 910 1396 naturae
967 1342 1111 1395 sunt
1141 1336 1389 1409 bonas;
1451 1342 1581 1395 tum
1644 1336 1794 1413 quid
1856 1336 1955 1395 vel
2010 1335 2175 1395 unde
2238 1337 2317 1396 sit
2363 1336 2619 1408 malum,
2672 1342 2729 1395 et
2791 1343 3028 1415 quanta
3061 1337 3228 1397 mala
3285 1335 3616 1399 Manichaei

194 1423 446 1493 ponant
501 1418 561 1475 in
621 1423 851 1477 natura
915 1416 1084 1489 boni,
1149 1422 1388 1493 quanta
1445 1415 1614 1476 bona
1670 1417 1734 1474 in
1784 1423 2013 1476 natura
2071 1415 2241 1487 mali,
2302 1435 2460 1494 quas
2517 1423 2775 1476 naturas
2834 1417 3013 1477 ﬁnxit
3069 1435 3244 1477 error
3299 1419 3609 1496 ipsorum.

195 1498 480 1574 Denique
514 1503 873 1575 postremus
933 1497 1087 1556 liber
1141 1506 1362 1557 contra
1421 1496 1874 1569 Secundinum,
1937 1497 2238 1574 dogmata
2302 1496 2843 1574 perniciosissimae
2889 1498 3143 1558 haeresis
3174 1498 3420 1576 penitus
3450 1518 3618 1560 ever-

194 1577 284 1648 tit,
348 1577 640 1660 adeoque
699 1597 814 1637 suo
845 1577 1088 1637 auctori
1121 1577 1378 1656 placuit,
1416 1583 1482 1637 ut
1513 1595 1648 1655 ejus
1678 1577 2010 1654 sententia,
2045 1576 2336 1638 omnibus
2368 1597 2510 1656 quae
2542 1578 2840 1638 adversus
2868 1579 3043 1639 illam
3074 1585 3317 1658 pestem
3349 1581 3616 1660 scripse-

193 1665 307 1727 rat,
347 1658 534 1717 facile
569 1676 698 1736 prae
711 1666 1066 1737 poneretur.

270 1757 355 1814 De
391 1755 933 1814 horumomnium
983 1754 1359 1831 scriptorum
1402 1753 1706 1831 dignitate
1755 1754 1805 1813 si
1853 1755 1992 1832 quis
2032 1753 2342 1832 judicium
2395 1754 2555 1816 ferre
2600 1754 2770 1829 velit,
2825 1775 2899 1816 ea
2947 1757 3233 1817 conferat
3282 1775 3424 1816 cum
3475 1757 3615 1818 aliis

195 1834 461 1894 aliorum
496 1843 828 1894 auctorum
862 1836 938 1895 de
996 1836 1218 1894 eodem
1268 1840 1640 1916 argumento
1674 1834 2267 1916 lucubrationibus,
2333 1836 2550 1916 quales
2605 1842 2749 1895 sunt
2809 1837 2973 1897 inter
3022 1839 3267 1898 Graecos
3299 1838 3607 1916 Serapion

193 1917 513 1975 Thmueos
539 1917 795 1994 [Egypti
833 1915 1000 1974 urbis
1031 1916 1387 1993 episcopus,
1429 1936 1456 1972 α
1489 1915 1597 1993 qui
1625 1915 1706 1974 ob
1756 1916 2134 1992 elegantiam
2185 1915 2423 1992 ingenii
2474 1935 2823 1993 cognomen
2874 1917 3244 1977 Scholastici
3293 1915 3540 1985 meruit.
3576 1941 3607 1974 »

193 1996 274 2077 ait
309 1996 734 2071 Hieronymus
769 1995 899 2077 Lib.
936 1995 1005 2055 de
1065 1995 1476 2073 Scrz'ptoribus
1531 1996 2001 2077 ecclesiasticis);
2057 2002 2119 2077 et
2169 1997 2470 2073 Dydimus
2517 1997 2998 2070 Alexandrinus,
3049 1999 3224 2058 Titus
3273 1998 3606 2077 episcopus

194 2075 556 2157 Bostrenus,
617 2083 676 2136 et
734 2076 1456 2157 Zachariasepiscopus
1511 2075 1989 2157 Mytilenensis;
2079 2076 2248 2135 inter
2317 2077 2571 2136 Latinos
2643 2077 2996 2137 Victorinus
3079 2079 3271 2138 Afer:
3312 2075 3410 2138 fex
3466 2075 3608 2157 qui-

193 2155 303 2214 bus
360 2157 469 2216 hic
539 2175 576 2214 a
631 2156 970 2216 Sirmondo
1035 2156 1240 2216 editus
1295 2157 1459 2216 inter
1515 2156 1820 2235 opuscula
1875 2157 2236 2233 dogmatica
2293 2164 2572 2216 veterum
2632 2157 2910 2236 quinque
2964 2158 3364 2236 scriptorum,
3425 2155 3518 2220 illi
3573 2177 3610 2219 a

192 2236 436 2297 Canisio
471 2241 624 2296 tom.
657 2239 693 2295 5
725 2237 926 2314 antiq.
964 2237 1109 2296 lect.

268 2333 364 2390 Ad
393 2333 522 2391 alia
556 2333 710 2392 tomi
735 2333 921 2410 hujus
951 2332 1184 2410 scripta
1229 2331 1399 2409 quod
1430 2333 1675 2404 attinet,
1710 2352 1870 2392 unus
1903 2334 2099 2393 codex
2131 2334 2240 2411 qui
2272 2334 2400 2393 sive
2432 2353 2603 2406 casu,
2637 2353 2743 2394 seu
2777 2334 2986 2394 dedita
3018 2354 3232 2412 opera,
3277 2335 3339 2394 in
3392 2336 3604 2412 platea

195 2414 512 2471 maritima
541 2413 1023 2490 Carthaginensi
1057 2413 1291 2472 venalis
1323 2413 1643 2489 expositus
1676 2420 1830 2482 erat,
1893 2416 2221 2490 cujusdam
2283 2414 2558 2474 haeretici
2610 2416 2908 2492 anonymi
2959 2416 3187 2474 librum
3248 2417 3600 2488 continens,

197 2494 526 2552 materiam
564 2494 834 2571 praabuit
864 2494 1111 2552 duobus
1141 2492 1335 2573 libris
1360 2500 1582 2551 contra
1628 2494 2056 2553 adversarium
2113 2495 2290 2572 Legis
2319 2503 2379 2554 et
2410 2494 2871 2573 Prophetarum
2899 2513 2913 2567 ;
2948 2496 3010 2554 in
3044 2514 3168 2573 quo
3200 2497 3610 2556 Cassiodorus

195 2585 450 2632 senator
481 2574 699 2632 scribit
734 2573 930 2633 multa
962 2574 1036 2633 de
1071 2573 1250 2650 Legis
1281 2572 1508 2631 divina:
1547 2574 1998 2649 quaestionibus
2030 2575 2310 2633 enodari.

271 2671 530 2729 Librum
593 2678 811 2730 contra
864 2670 1371 2730 Priscillianistas
1416 2675 1492 2750 et
1521 2671 1902 2748 Origenistas
1958 2671 2177 2731 Orosio
2235 2677 2560 2748 acceptum
2620 2673 2852 2731 referre
2910 2672 3236 2733 debemus.
3295 2675 3362 2732 In
3422 2672 3609 2750 hujus

198 2751 896 2832 consultatione“er
939 2752 1199 2832 praefixa
1260 2749 1625 2832 ambiguam
1684 2753 2027 2832 quamdam
2087 2752 2163 2810 de
2217 2770 2383 2810 anno
2443 2753 2765 2811 recondito
2824 2753 3176 2824 lectionem,
3238 2771 3379 2832 quae
3410 2749 3606 2830 nego-

203 2832 349 2889 tiu'u
436 2831 790 2908 legentibus
876 2830 1240 2902 facessebat,
1322 2829 1508 2889 unius
1587 2830 1817 2890 codicis
1900 2849 2019 2909 ope
2105 2832 2508 2890 restituimus.
2601 2834 2755 2890 Nam
2839 2849 2981 2890 cum
3028 2838 3213 2892 antea
3260 2829 3602 2909 legeretur,

201 2934 225 2964 α
287 2913 489 2970 Terra
534 2912 769 2970 illa”...
832 2911 882 2970 si
938 2912 1222 2970 eamdem
1281 2928 1446 2969 anno
1503 2909 1610 2968 illo
1670 2911 1991 2970 recondito
2049 2911 2217 2988 apud
2269 2917 2328 2970 te
2379 2911 2736 2970 mandando
2773 2928 2786 2982 ;
2821 2933 2848 2967 η
2886 2911 2974 2972 ita
3003 2913 3305 2988 scriptum
3340 2913 3608 2972 habetur

202 2991 258 3048 in
319 2991 517 3050 veteri
591 2991 961 3069 exemplari,
1029 3014 1058 3046 «
1118 2991 1167 3050 si
1225 3008 1362 3070 eam
1417 2989 1494 3070 de
1547 3009 1778 3050 manna
1824 2991 1935 3050 illo
1990 2991 2312 3051 recondito
2373 2997 2439 3050 tu
2493 2992 2661 3068 apud
2697 3009 2792 3050 me
2824 2992 3183 3052 mandando
3214 3001 3276 3052 et
3297 2992 3600 3070 replendo

203 3071 572 3131 visitaveris.
633 3097 661 3124 ››
727 3074 876 3142 Quae
935 3071 1129 3130 verba
1187 3069 1266 3129 ab
1316 3069 1534 3130 Orosio
1591 3070 1948 3149 diriguntur
2005 3072 2082 3130 ad
2142 3071 2586 3147 Augustinum,
2640 3071 2716 3130 de
2775 3090 2898 3149 quo
2954 3073 3016 3130 in
3076 3069 3606 3150 consequentibus

204 3152 298 3214 ait.
367 3169 436 3211 se
492 3157 550 3210 et
607 3152 912 3227 plurimos
967 3169 1201 3219 secum,
1265 3156 1333 3208 ut
1387 3150 1715 3230 Augustini
1785 3172 1813 3207 (ι
1863 3151 2177 3228 eloquium
2241 3154 2408 3210 velut
2443 3170 2542 3209 ros
2572 3168 2761 3228 super
2790 3170 2894 3211 eos
2952 3152 3347 3212 descendat»
3387 3171 3605 3230 exspe-

201 3237 386 3290 ctare.
448 3231 542 3290 Ad
606 3235 738 3291 haec
795 3239 1005 3290 autem
1064 3230 1268 3307 elogia
1325 3229 1667 3307 ingenitam
1717 3230 1833 3289 sibi
1891 3232 2258 3290 modestiam
2319 3231 2546 3307 obiecit
2574 3232 2980 3308 Augustinus,
3042 3251 3184 3292 cum
3217 3234 3294 3292 de
3322 3229 3606 3293 obscuris

203 3312 579 3390 quibusdam
648 3312 1100 3388 quaestionibus
1173 3311 1618 3386 interrogatus,
1693 3310 1897 3388 qualis
1971 3318 2064 3371 est
2130 3313 2240 3370 illa
2310 3312 2386 3370 de
2443 3312 2826 3387 Angelorum
2887 3312 3309 3386 distinctione,
3368 3313 3447 3373 ab
3503 3313 3604 3372 his

202 3392 513 3451 solvendis
541 3411 606 3451 se
637 3399 916 3463 excusat,
948 3390 1367 3469 ignorantiam
1398 3391 1675 3472 ingenuei
1699 3393 2014 3468 professus
2045 3392 2138 3450 his
2169 3391 2373 3450 verbis
2408 3409 2420 3449 :
2459 3414 2488 3446 «
2522 3393 2664 3472 Sed,
2705 3411 2829 3470 quo
2862 3410 2960 3452 me
2992 3400 3377 3466 contemnas,
3415 3411 3602 3472 quem

202 3490 496 3611 gagnplm
562 3478 742 3611 putfis
777 3492 932 3611 3esse
960 3474 1303 3544 doctorem,
1342 3489 1632 3549 quaenam
1663 3471 1781 3530 ista
1812 3473 1950 3531 sint.
1992 3477 2052 3531 et
2083 3472 2231 3550 quid
2263 3471 2426 3532 inter
2456 3489 2518 3531 se
2543 3471 2855 3545 differant,
2892 3474 3099 3534 nescio
3131 3497 3161 3529 ››
3197 3473 3357 3553 (Lib.
3392 3471 3603 3534 cent-ra

255 3572 385 3610 ruri
447 3599 460 3609 .
500 3570 632 3611 σαι).
715 3583 764 3609 ·.

199 3551 460 3611 Prisci".
500 3570 632 3632 cap.
672 3552 798 3627 11.)

274 3650 556 3728 Denique
615 3656 934 3727 postrema
990 3649 1250 3728 hujusce
1299 3648 1452 3708 tomi
1505 3649 1808 3726 opuscula
1855 3650 2155 3709 adversus
2202 3649 2466 3708 Arianos
2516 3656 2776 3710 exarata
2806 3655 2972 3710 sunt.
3007 3652 3080 3710 Et
3110 3651 3362 3728 quidem
3399 3651 3605 3729 primo

198 3731 330 3790 loco
397 3731 561 3790 liber
605 3738 822 3790 contra
880 3733 1243 3790 Sermonem
1302 3729 1700 3799 Arianorum,
1764 3729 1871 3807 qui
1930 3730 2139 3808 plures
2185 3747 2372 3807 quam
2434 3730 2692 3805 triginta
2738 3749 3020 3790 errorum
3081 3731 3379 3791 articulos
3411 3731 3606 3791 couti-

200 3812 407 3886 nebat,
472 3810 547 3869 de
607 3811 797 3871 verbo
855 3810 1214 3870 summatim
1276 3810 1605 3869 refutatur.
1661 3813 1820 3870 Tum
1892 3810 2294 3886 subsequitur
2342 3809 2607 3868 Collatio
2637 3810 2751 3869 sub
2784 3811 2970 3870 finem
3003 3811 3147 3871 vitae
3179 3831 3215 3870 a
3245 3817 3460 3872 sancto
3490 3812 3608 3870 Do-

199 3899 362 3950 ctore
421 3891 641 3951 habita
700 3911 840 3952 cum
906 3891 1241 3951 Maximino
1306 3890 1622 3967 episcopo,
1689 3909 1828 3967 quae
1887 3909 2008 3949 non
2073 3890 2279 3950 minus
2336 3889 2628 3949 Ecclesiae
2673 3890 3012 3951 Catholicae
3069 3891 3348 3969 gloriosa
3417 3897 3608 3969 atque

200 3973 428 4030 arianae
459 3971 680 4030 haeresi
712 3972 974 4032 exitiosa
1021 3972 1159 4044 fuit,
1220 3988 1409 4049 quam
1467 3971 1592 4029 alia
1649 3989 1771 4030 non
1833 3971 2048 4048 paucis
2107 3977 2250 4030 ante
2310 3969 2489 4029 annis
2551 3988 2690 4030 cum
2753 3972 3078 4032 Pascentio
3138 3973 3363 4032 comite
3417 3973 3594 4031 inita.

203 4054 370 4111 Hanc
403 4053 657 4111 demum
695 4071 837 4112 cum
873 4051 1209 4112 Maximino
1239 4050 1648 4111 Collationem
1684 4050 1997 4110 subsecuti
2028 4057 2174 4109 sunt
2205 4050 2343 4109 libri
2375 4055 2595 4131 contra
2615 4051 2903 4110 eumdem
2927 4052 3210 4112 arianum
3235 4053 3598 4131 episcopum

200 4132 339 4205 duo,
379 4133 603 4192 merito
633 4133 886 4211 quidem
918 4133 1052 4211 jure
1083 4133 1162 4193 ab
1198 4131 1525 4209 Agathone
1558 4150 1724 4210 papa
1751 4132 1814 4190 in
1844 4138 2019 4191 sexto
2043 4132 2316 4191 Concilio
2347 4130 2624 4207 generali
2655 4149 2796 4190 cum
2825 4130 3306 4211 prwstantz'ssz'mé'
3334 4133 3596 4192 Doctorz's

204 4214 748 4273 commendatione
778 4214 1042 4274 laudati.

274 4310 379 4369 His
435 4311 782 4370 succedunt
836 4311 979 4370 libri
1031 4310 1107 4370 de
1162 4308 1490 4380 Trinitate,
1551 4327 1731 4387 quos,
1780 4328 1920 4369 cum
1978 4309 2041 4368 in
2099 4313 2270 4368 tcmo
2318 4307 2501 4367 tertio
2558 4307 2827 4368 antehac
2885 4309 3091 4369 locum
3153 4310 3486 4381 tenuerint,
3532 4310 3595 4370 in

201 4391 364 4450 hunc
423 4391 632 4450 locum
693 4393 976 4451 consulto
1033 4389 1386 4468 rejecimus,
1451 4389 1530 4449 ob
1591 4409 1886 4467 magnam
1945 4408 2082 4449 cum
2122 4388 2432 4468 praedictis
2462 4389 2777 4469 opusculis
2807 4389 3171 4450 affinitatem
3210 4411 3222 4452 :
3262 4397 3596 4469 propterea

200 4472 362 4550 quod
412 4472 480 4530 in
539 4471 635 4530 his
700 4472 776 4531 de
834 4472 1134 4532 Trinitate
1192 4470 1365 4529 libris
1426 4469 1801 4529 Arianorum
1853 4470 2081 4548 passim
2140 4475 2514 4550 argumenta
2571 4468 2960 4550 refelluntur.
3014 4468 3318 4531 Caeterum
3352 4469 3598 4530 Erasmi

200 4549 269 4611 de
328 4553 449 4612 hoc
506 4555 758 4630 egregio
819 4571 1006 4631 opere
1075 4569 1339 4612 censura
1401 4550 1551 4609 satis
1605 4550 1833 4628 arguit,
1898 4569 2040 4610 eum
2103 4549 2347 4631 nonnisi
2390 4549 2627 4631 leviter
2683 4549 2744 4631 in
2774 4552 3136 4611 eorumdem
3170 4552 3474 4611 librorum
3505 4551 3593 4610 le-

203 4633 400 4691 ctione
464 4629 680 4691 fuisse’
716 4629 1053 4693 versatum.
1114 4634 1250 4692 Non
1307 4632 1721 4690 immoramur
1778 4631 2175 4690 confutandaa
2234 4629 2504 4689 hominis
2556 4629 3239 4707 praecipitisententize,
3273 4632 3393 4691 rati
3423 4631 3597 4691 sufﬁ-

200 4731 335 4771 cere
397 4713 666 4772 antidoti
735 4714 873 4774 loco
933 4712 1282 4774 Cassiodori
1335 4711 1663 4789 judicium,
1728 4712 1834 4788 qui
1891 4711 1968 4770 de
2024 4712 2122 4770 his
2181 4711 2355 4769 libris
2411 4709 2499 4769 ita
2557 4711 2798 4770 censuit
2827 4711 2888 4770 in
2923 4712 3083 4772 libro
3104 4712 3595 4784 Institutionum,

201 4811 338 4870 cap.
405 4795 528 4852 15:
597 4820 625 4851 ‹‹
687 4797 749 4854 S.
812 4794 1142 4872 Augustini
1201 4792 1557 4869 quindecim
1618 4791 1786 4862 libri,
1849 4810 2006 4868 quos
2064 4792 2140 4849 de
2198 4796 2416 4850 sancta
2471 4790 2776 4872 Trinitate
2834 4791 3104 4853 mirabili
3162 4793 3601 4872 profunditate

202 4873 594 4950 conscripsit,
632 4874 875 4935 curiosa
919 4870 1108 4934 vobis
1163 4872 1508 4932 intentione
1542 4871 1879 4931 meditandi
1941 4877 2104 4930 sunt.
2144 4894 2171 4925 »
2234 4870 2618 4952 Augustinus
2677 4871 2933 4948 quidem
2995 4870 3296 4946 modeste,
3344 4891 3456 4952 pro
3487 4890 3600 4932 suo

201 4972 395 5025 more,
455 4953 533 5012 de
591 4957 711 5014 hoc
766 4973 956 5033 opere
1013 4953 1312 5033 loquitur,
1345 4953 1558 5030 aitque
1587 4952 1650 5011 id
1683 4951 2041 5030 argumenti
2079 4971 2122 5033 ar
2147 4970 2211 5011 se
2243 4970 2364 5010 non
2400 4951 2532 5033 fore
2565 4953 2985 5033 tractandum,
3022 4955 3072 5014 si
3101 4951 3450 5031 graecorum
3483 4955 3602 5033 Pa-

204 5043 364 5093 trum
398 5052 594 5110 opera
651 5035 769 5096 hac
811 5031 902 5095 de
958 5054 1024 5094 re
1055 5031 1415 5111 conscripta
1472 5034 1534 5092 in
1595 5033 1861 5092 latinum
1920 5032 2238 5110 eloquium
2300 5031 2628 5112 translata!
2661 5031 2942 5112 fuissent,
2995 5041 3103 5094 aut
3160 5036 3211 5094 si
3259 5035 3398 5112 quis
3444 5032 3604 5092 alius

201 5115 606 5194 difficultates
663 5116 780 5174 sibi
838 5115 1192 5194 propositas
1248 5110 1486 5173 sclvere
1544 5118 1606 5172 et
1659 5113 1971 5194 illustrare
2003 5112 2321 5172 voluisset.
2373 5116 2452 5170 At
2483 5110 2742 5194 nihilde
2774 5112 3035 5191 hujusce
3066 5110 3604 5193 operis—dignitate

201 5193 535 5254 detrahere
585 5196 768 5256 debet
830 5191 1108 5256 modesta
1159 5195 1217 5253 id
1251 5212 1448 5271 genus
1481 5193 1754 5253 auctoris
1814 5194 2134 5272 professio.
2201 5194 2275 5252 Et
2332 5198 2497 5251 certe
2525 5191 2659 5272 qui
2690 5211 2787 5252 res
2819 5191 3202 5272 theologicas
3231 5194 3326 5252 his
3358 5199 3600 5270 tempo-

200 5275 368 5335 ribus
425 5277 782 5336 accuratius
837 5276 1314 5353 investigarunt,
1376 5275 1650 5334 fatentur
1702 5271 2016 5334 neminem
2075 5279 2237 5354 ante
2276 5271 2692 5354 Augustinum
2725 5273 2874 5333 satis
2927 5271 3270 5354 explicasse
3321 5272 3605 5354 invisibi-

199 5355 434 5415 iitatcm
501 5358 638 5416 Filii
697 5357 807 5416 Dei
863 5365 1082 5417 contra
1138 5356 1424 5425 Arianos,
1483 5373 1596 5413 nec
1655 5354 1935 5430 objectas
1979 5355 2056 5414 ab
2090 5354 2176 5413 eis
2208 5353 2652 5412 difficultatum
2685 5355 2941 5414 umbras
2993 5361 3164 5414 tanto
3196 5372 3336 5414 cum
3371 5353 3608 5414 lumine

203 5436 548 5514 dispulisse.
615 5438 795 5499 Unde
852 5438 1084 5499 Graecis
1138 5436 1229 5497 ita
1284 5434 1654 5497 admirabile
1704 5432 1904 5495 visum
1964 5441 2057 5496 est
2111 5434 2280 5495 istud
2339 5452 2518 5512 opus,
2574 5440 2643 5493 ut
2672 5433 2824 5494 illud
2857 5454 2982 5494 suae
3015 5435 3216 5512 gentis
3247 5433 3608 5495 hominibus

201 5517 524 5594 proprium
558 5516 842 5577 fecerint.

275 5618 574 5692 Superest
609 5617 920 5693 agendum
956 5617 1032 5676 de
1066 5614 1446 5694 Appendice,
1486 5613 1546 5672 in
1580 5631 1706 5690 qua
1738 5614 2138 5674 continentur
2169 5618 2475 5694 tractatus
2505 5611 3028 5694 contraquinque
3061 5616 3358 5682 Hmreses,
3393 5616 3612 5672 contra

201 5691 470 5765 Judmos,
539 5691 857 5773 Paganos,
936 5704 998 5757 et
1069 5691 1359 5767 Arianos,
1439 5695 1514 5753 de
1584 5695 1735 5753 Fide
1811 5702 2032 5755 contra
2095 5693 2496 5760 Manichaeos,
2557 5691 2631 5773 de
2694 5692 2940 5773 Unitate
3012 5695 3334 5773 Trinitatis
3391 5699 3611 5773 contra

202 5775 587 5835 Felicianum
623 5770 934 5850 arianum,
968 5777 1076 5856 qui
1106 5793 1324 5837 omnes
1355 5774 1420 5834 in
1465 5773 1842 5856 editionibus
1881 5774 2286 5856 Lovaniensis
2333 5770 2776 5856 recognitionis
2827 5776 3175 5856 Augustino
3221 5771 3453 5856 tributi
3485 5773 3612 5856 fuc-

207 5862 375 5919 rant:
411 5857 528 5917 sed
559 5872 751 5936 quam
783 5851 1115 5941 perperam
1147 5857 1462 5933 evincent,
1496 5858 1565 5916 ut
1593 5854 1924 5935 credimus,
1956 5852 2459 5930 Admonitiones,
2492 5869 2649 5932 quas
2679 5851 2953 5935 singulis
2984 5854 3354 5919 tractatibus
3400 5851 3612 5936 praeﬁf
