4058 6180
448 329 522 387 15
1347 316 1790 379 ADMONITIO
1837 316 1912 375 IN
1957 316 2253 378 LIBRUM
2305 319 2404 378 DE
2451 320 2942 382 ll/ERESIBUS.
3767 320 3837 382 16

444 477 663 539 gemus
694 455 820 539 suis
849 450 1421 539 locis._Consimiles
1451 451 1587 539 aliis
1635 449 2014 539 Appendicis
2063 450 2380 527 opusculis
2427 471 2840 531 apponemus,
2888 470 3156 531 quorum
3191 469 3371 514 veros
3401 470 3474 513 ac
3509 453 3832 532 genuinos,

446 530 659 618 quoad
690 537 825 597 ﬁeri
855 535 1105 618 poterit,
1145 539 1432 618 auctores
1463 537 1742 618 retegere
1773 530 2164 618 conabimur.

524 619 630 678 His
686 609 1110 694 ergo-leviter
1166 611 1476 694 delibatis,
1537 614 1853 694 Lectorem
1911 609 1992 694 ad
2075 609 2610 694 subjecta‘Opera
2665 611 3094 694 pervolvenda
3152 613 3549 694 festinantem
3611 611 3836 673 diutius

444 699 565 758 hoc
621 699 682 757 in
740 691 955 755 limine
1011 692 1310 754 remorari
1367 692 1537 751 nefas
1594 691 1900 750 ducimus.
1962 692 2174 772 Longe
2208 771 2213 772 ν
2250 691 2529 768 profecto
2580 692 2923 770 jucundius
2981 693 3099 754 erit
3152 693 3458 772 inspicere
3517 694 3832 754 haereseon

447 779 832 839 eversionem
882 776 1026 836 Jesu
1084 773 1313 834 Christi
1367 773 1595 832 virtute
1647 772 1727 832 ab
1782 771 2130 846 Augustino
2195 771 2465 846 factam;
2528 772 2602 832 de
2627 793 2751 852 qua
2781 773 2961 834 nobis
2991 775 3053 834 id
3086 771 3290 834 dicere
3325 775 3529 844 liceat,
3577 775 3743 852 quod
3775 775 3834 833 in

448 875 734 919 sermone
791 857 868 916 de
927 855 1318 934 Cataclysmo
1376 853 1677 934 scriptum
1738 851 1965 929 legitur
1998 868 2012 910 :
2077 875 2104 905 «
2139 852 2207 911 In
2252 852 2360 911 illo
2392 851 2662 930 populo,
2680 855 2924 926 fratres,
2956 854 3019 914 in
3047 873 3171 933 quo
3196 855 3392 915 multa
3423 851 3725 914 miracula
3754 855 3838 914 fa-

451 962 483 995 «
569 939 771 998 ciebat
845 935 1089 1013 Moyses
1148 933 1285 1013 per
1365 933 1630 1011 virgam,
1692 939 2180 1014 exsurrexerunt
2260 935 2429 1014 magi
2482 934 2852 1014 Pharaonis,
2913 936 3210 995 facientes
3266 942 3327 995 et
3382 936 3502 1013 ipsi
3555 934 3838 1014 prodigia

453 1043 482 1076 «
537 1025 753 1080 contra
808 1012 1114 1076 famulum
1172 1012 1282 1075 Dei
1339 1015 1615 1092 Moysen.
1678 1013 1798 1072 Sed
1857 1013 1938 1074 ad
1967 1012 2089 1093 hoc
2119 1013 2408 1091 quaedam
2441 1013 2601 1074 mira
2626 1015 2830 1076 facere
2861 1015 3146 1093 permissi
3177 1021 3342 1086 sunt,
3377 1012 3446 1076 ut
3493 1012 3837 1074 mirabilius

453 1123 484 1156 «
547 1100 960 1158 vincerentur.
1038 1095 1204 1174 Magi
1279 1093 1623 1154 Pharaonis
1679 1093 1828 1174 quid
1905 1092 2076 1153 aliud
2153 1093 2616 1174 significabant,
2695 1094 2823 1174 nisi
2869 1092 3088 1156 Omnes
3143 1096 3470 1156 hmreticos
3525 1095 3836 1156 ministros

455 1203 484 1237 «
541 1177 801 1250 diaboli,
859 1176 969 1256 qui
1025 1173 1163 1235 sub
1195 1174 1447 1234 nomine
1504 1174 1729 1235 Christi
1780 1173 2080 1234 devorare
2139 1173 2400 1251 cupiunt
2431 1175 2734 1253 populum
2768 1173 3044 1237 Christi?
3073 1176 3327 1236 Scatent
3357 1194 3526 1236 nunc
3574 1175 3838 1236 haereses

453 1284 484 1316 «
541 1261 603 1319 in
662 1259 827 1318 hanc
883 1267 1139 1327 terram,
1199 1261 1503 1334 tanquam
1556 1259 1875 1336 serpentes
1946 1271 2298 1336 magorum,
2377 1272 2534 1330 quos
2574 1256 2936 1336 devoravit
2989 1262 3053 1316 et
3107 1257 3367 1317 devorat
3421 1257 3526 1316 ille
3581 1274 3833 1336 serpens

453 1365 484 1396 ‹‹
544 1340 857 1400 exaltatus
913 1339 977 1397 in
1035 1337 1307 1413 ligno....
1370 1336 1512 1396 Fuit
1552 1334 1676 1406 hic,
1750 1341 1820 1395 ut
1892 1334 2141 1406 nostris,
2201 1335 2610 1406 dilectissimi,
2671 1337 2922 1414 viperea
2977 1337 3262 1397 doctrina
3320 1334 3832 1397 Donatistarum:

454 1443 483 1479 «
543 1420 810 1482 contrita
867 1424 981 1492 est,
1043 1421 1414 1495 consumpta
1470 1422 1581 1475 est.
1640 1417 1779 1474 Mox
1835 1414 2440 1496 Maximianistarum
2498 1417 2856 1494 serpentina
2911 1418 3080 1478 fraus
3143 1417 3515 1496 pullulavit:
3573 1417 3837 1477 contrita

455 1524 483 1557 (ι
543 1507 655 1573 est,
717 1503 1089 1576 consumpta
1147 1502 1259 1557 est.
1323 1496 1811 1556 Manichaeorum
1868 1514 2175 1556 venenum
2235 1495 2466 1576 aspidis
2515 1497 2960 1576 subrepserat:
3023 1495 3358 1558 contritum
3391 1503 3507 1570 est,
3543 1515 3831 1558 consum-

455 1603 482 1639 «
542 1588 717 1660 ptum
752 1585 867 1639 est.
905 1578 1377 1655 Pelagianorum
1412 1595 1642 1660 novum
1674 1576 1972 1660 dogma‘a
2000 1576 2301 1660 ministris
2330 1575 2586 1660 diaboli,
2623 1575 2924 1660 tanquam
2974 1595 3012 1636 a
3060 1577 3258 1656 magis
3306 1578 3651 1660 Pharaonis
3681 1577 3836 1638 exci-

451 1686 478 1716 ι
543 1657 741 1722 tatum
774 1660 867 1719 illi
925 1666 1137 1719 nostro
1167 1657 1441 1735 serpenti
1472 1664 1786 1716 certamen
1817 1657 2044 1716 indixit
2081 1673 2094 1716 :
2146 1657 2511 1726 conteritur,
2564 1659 3055 1718 consumitur....
3116 1662 3272 1718 Ecce
3321 1659 3501 1719 nobis
3532 1677 3694 1717 unus
3722 1677 3834 1718 an-

453 1768 482 1799 «
542 1742 679 1819 guis
708 1741 994 1811 Arianus,
1025 1739 1174 1799 olim
1208 1744 1512 1819 mortuus,
1549 1739 1882 1819 insultat...
1915 1737 2069 1807 redi,
2107 1739 2348 1815 Moyses
2377 1742 2588 1819 noster
2616 1755 2629 1810 ;
2665 1739 2820 1819 redi,
2853 1739 3030 1816 virga
3063 1739 3214 1811 redi,
3249 1758 3505 1818 serpens
3552 1739 3791 1798 Christe
3826 1756 3841 1810 ;

450 1847 477 1878 α
541 1817 790 1883 contere
821 1827 1011 1899 caput
1041 1821 1409 1899 draconum,
1443 1818 1541 1877 dic
1571 1818 1722 1899 quid
1752 1817 1834 1875 sis
1862 1835 2004 1876 cum
2029 1819 2219 1899 Patre
2246 1835 2259 1878 :
2294 1825 2352 1878 te
2382 1817 2711 1879 audiamus
2741 1818 3090 1895 docentem,
3125 1838 3253 1880 non
3284 1817 3652 1881 haereticum
3684 1819 3847 1879 blas-

455 1929 484 1958 α
544 1896 950 1982 phemantem
983 1923 1013 1955 »
1043 1898 1220 1980 (Cap.
1253 1902 1311 1970 5,
1348 1908 1482 1957 tom.
1514 1900 1572 1971 6,
1611 1898 1731 1958 col.
1763 1896 2070 1978 696-697).

1673 2225 2620 2351 ADMONITIO

1643 2451 1714 2506 IN
1758 2447 2032 2506 LIBRUM
2073 2448 2164 2504 DE
2203 2447 2650 2506 HERESIBUS.

512 2714 597 2770 Ad
619 2709 994 2768 scribendum
1015 2707 1173 2763 hunc
1194 2705 1410 2761 librum
1431 2705 1692 2762 hortator
1716 2709 1888 2776 atque
1911 2708 2113 2759 auctor
2132 2703 2458 2776 Augustino
2477 2703 2584 2759 fuit
2602 2702 3038 2770 Quodvultdeus
3060 2703 3337 2760 diaconus
3352 2705 3846 2778 Carthaginensis.

443 2809 518 2858 Eo
549 2802 814 2874 spectant
841 2798 1265 2868 subsequentes
1295 2794 1588 2866 epistolae:
1623 2792 1814 2865 prima
1844 2792 2225 2858 Quodvultdei
2260 2796 2347 2847 est
2377 2792 2772 2863 Augustinum
2805 2793 3062 2864 rogantis
3094 2797 3158 2848 ut
3191 2794 3471 2849 haeresum
3524 2794 3658 2850 edat
3687 2800 3848 2852 cata-

442 2892 662 2964 logum,
698 2887 962 2960 proprios
991 2886 1326 2956 quibusque
1359 2898 1583 2938 errores
1614 2897 1680 2936 ac
1712 2881 1860 2936 ritus
1893 2881 2094 2952 paucis
2125 2879 2610 2951 complectentem
2640 2897 2653 2948 ;
2686 2882 2942 2936 secunda
2971 2899 3104 2936 vero
3148 2882 3459 2954 Augustini
3508 2884 3842 2940 excusantis

443 2983 636 3053 eperis
665 2976 1089 3044 difﬁcultatem,
1122 2989 1363 3042 remque
1393 2972 1463 3026 ab
1487 2969 1616 3026 aliis
1638 2975 1917 3025 tentatam
1942 2970 2067 3040 jam
2099 2985 2227 3024 esse
2259 2970 2648 3025 admonentis.
2685 2969 2970 3025 Rescribit
2993 2971 3451 3039 Quodvultdeus,
3475 2971 3850 3029 vehementer

443 3071 514 3126 ab
546 3086 612 3124 eo
642 3066 997 3124 contendens
1028 3069 1091 3118 ut
1120 3063 1177 3116 id
1212 3077 1429 3116 munus
1460 3059 1719 3130 petitioni
1751 3059 1959 3129 ipsius,
1991 3058 2110 3112 imo
2143 3057 2455 3113 universali
2479 3058 2764 3114 desiderio
2789 3075 2901 3114 non
2925 3059 3186 3130 deneget.
3213 3060 3377 3114 Tunc
3399 3061 3636 3118 demum
3657 3062 3845 3118 victus

436 3157 800 3229 Augustinus
821 3154 1078 3210 laborem
1111 3157 1167 3207 et
1197 3166 1396 3206 curam
1427 3149 1485 3203 in
1517 3165 1579 3204 se
1608 3147 1811 3217 recipit
1843 3147 2134 3202 scribendi
2165 3147 2235 3202 de
2284 3147 2625 3214 haeresibus,
2677 3148 2818 3202 dum
2870 3165 2971 3218 per
3001 3147 3144 3204 alias
3176 3150 3587 3220 occupationes
3620 3150 3838 3207 licebit.

435 3249 602 3305 Nunc
632 3246 788 3301 enim
820 3242 1096 3314 imposita
1127 3239 1238 3294 sibi
1270 3237 1619 3294 necessitate
1652 3234 1949 3292 refellendi
1978 3235 2304 3305 Julianum,
2338 3252 2399 3290 se
2427 3235 2600 3290 etiam
2633 3236 2704 3289 ab
2739 3239 2969 3308 incepta
2995 3237 3696 3308 opusculorum'suorum
3753 3256 3844 3296 re-

435 3335 764 3409 cognitione
792 3337 991 3404 (quam
1025 3345 1146 3385 rem
1179 3327 1496 3401 plurimum
1530 3326 1920 3381 necessariam
1947 3325 2197 3396 judicat)
2230 3324 2454 3380 avocari
2487 3329 2774 3392 testatur;
2810 3325 3087 3396 additque
3121 3343 3182 3381 se
3213 3327 3390 3398 hujus
3424 3327 3840 3400 recognitionis

432 3428 546 3482 duo
577 3422 873 3481 volumina
897 3422 1021 3491 jam
1054 3418 1370 3474 absolvisse
1400 3415 1725 3472 retractatis
1757 3414 2030 3470 omnibus
2061 3413 2227 3470 libris
2260 3415 2403 3470 suis.
2437 3413 2566 3469 Haec
2597 3414 2711 3469 duo
2746 3414 3045 3471 volumina
3071 3415 3299 3471 circiter
3345 3433 3564 3472 annum
3624 3417 3840 3473 Christi

431 3517 534 3570 427
566 3514 820 3588 perfecta
858 3511 1237 3566 observamus
1269 3508 1325 3561 in
1358 3512 1516 3562 tomo
1546 3505 1768 3577 primo:
1804 3505 2022 3575 quibus
2051 3504 2528 3575 quandoquidem
2561 3503 2849 3573 posterior
2873 3508 2962 3559 est
2992 3505 3061 3559 de
3094 3505 3420 3560 Haeresibus
3443 3506 3610 3572 liber,
3637 3507 3705 3561 ad
3735 3523 3841 3561 an-

432 3621 573 3660 num
606 3603 834 3660 circiter
863 3599 966 3656 4%
997 3598 1357 3654 revocandus
1388 3596 1635 3651 videtur.
1670 3594 1969 3649 Possidius
2001 3594 2059 3648 in
2093 3593 2372 3663 Indiculo,
2408 3609 2531 3662 cap.
2563 3593 2621 3659 5,
2653 3596 2833 3656 notat,
2869 3594 2939 3647 De
2969 3595 3290 3650 Ha’resz’bus
3321 3594 3390 3649 ad
3410 3594 3843 3662 Quodvultdeum

433 3691 1146 3761 di'aronum,imper/ectum
1165 3702 1320 3758 opus.
1353 3684 1418 3740 Et
1450 3684 1710 3738 lsidorus
1740 3683 1811 3738 de
1839 3682 1994 3738 Viris
2024 3680 2374 3748 illustribus,
2401 3698 2526 3752 cap.
2560 3680 2614 3734 9.
2649 3682 2982 3748 Prz'masius,
3009 3680 3222 3753 inquit,
3256 3683 3548 3754 Africanus
3567 3686 3849 3756 episcopus

431 3783 726 3854 composuit
770 3794 1016 3835 sermone
1042 3775 1357 3831 scholastica
1385 3773 1449 3830 de
1477 3774 1794 3830 eresibus
1851 3777 1959 3828 tres
2015 3772 2204 3840 libros,
2235 3771 2462 3827 directos
2491 3769 2562 3825 ad
2590 3771 2952 3825 Fortunatam
2980 3774 3309 3842 episcopum,
3343 3774 3627 3842 explicans
3669 3775 3725 3828 in
3753 3776 3836 3831 eis

433 3873 573 3944 quod
619 3871 753 3928 olim
807 3869 1233 3937 B.Augustznus
1288 3865 1349 3918 in
1405 3863 1542 3918 libro
1600 3863 1894 3919 Hazreseon
1923 3863 2294 3932 imperfectum
2323 3861 2500 3915 morte
2550 3859 2940 3916 interveniente
2977 3861 3298 3932 reliquerat.
3340 3864 3560 3934 Nempe
3590 3861 3839 3921 alteram

435 3961 629 4034 operis
687 3961 932 4032 partem,
966 3955 1037 4010 ad
1070 3952 1498 4010 ostendendum
1531 3951 1670 4022 quid
1702 3950 2040 4007 haereticum
2073 3949 2268 4018 faciat,
2301 3949 2607 4021 pollicetur
2624 3949 2986 4022 Augustinus
3015 3949 3074 4005 in
3106 3949 3462 4022 praefationis
3489 3952 3624 4019 (ine,
3656 3969 3838 4025 quam

431 4054 656 4125 partem
688 4051 874 4104 morte
904 4045 1229 4119 praeventus
1266 4058 1380 4097 non
1411 4039 1624 4113 attigit.

862 4269 1029 4366 DE
1096 4263 1537 4361 EODEM
1607 4262 1988 4360 LIBBO
2059 4261 2704 4357 EPISTOLE
2778 4261 3397 4371 QUATUOR.

1810 4432 2160 4488 EPISTOLA
2198 4431 2424 4487 CCXXI.

538 4559 786 4620 Domino
817 4555 1024 4616 merito
1052 4550 1390 4623 venerabili,
1422 4551 1472 4607 ei
1504 4565 1634 4606 vere
1656 4548 1995 4606 beatissimo
2027 4548 2178 4622 patri
2209 4554 2541 4604 AUGUSTINO
2573 4547 2870 4622 episcopo,
2901 4551 3360 4616 Quonvuurnsus
3391 4549 3692 4608 diaconus.

489 4707 540 4762 1°
574 4705 685 4761 Diu
718 4701 982 4775 trepidus
1014 4698 1119 4764 fui,
1152 4701 1208 4752 et
1230 4712 1412 4752 ausus
1443 4694 1548 4748 hos
1585 4710 1744 4748 meos
1777 4692 2084 4764 aliquoties
2113 4692 2348 4748 distuli:
2383 4693 2483 4747 sed
2518 4708 2610 4747 me
2633 4691 3050 4764 principaliter,
3076 4697 3140 4747 ut
3159 4691 3272 4748 dici
3298 4691 3832 4760 assolet,animavit

414 4793 796 4852 beatitudinis
825 4796 942 4846 tuae
971 4784 1372 4844 benevolentia
1401 4783 1676 4838 omnibus
1699 4783 2109 4853 comprobata;
2133 4797 2308 4853 quam
2341 4781 2480 4834 dum
2514 4779 2841 4846 considero,
2875 4779 3062 4852 magis
3093 4781 3285 4850 timui,
3319 4797 3391 4835 ne
3423 4797 3536 4836 non
3569 4781 3829 4851 petendo

413 4884 726 4956 superbus,
749 4898 862 4937 non
898 4876 1208 4950 qumrendo
1243 4873 1595 4942 desidiosus,
1632 4889 1744 4926 non
1779 4871 2066 4943 pulsando
2098 4872 2261 4942 piger
2290 4888 2323 4925 a
2356 4869 2597 4924 Domino
2621 4869 2940 4939 judicarer.
2975 4869 3252 4925 Sufﬁcere
3285 4874 3480 4925 autem
3513 4868 3657 4924 mihi
3691 4886 3825 4927 cre-

411 4976 607 5030 derem
639 4969 976 5043 hujusmodi
1011 4963 1416 5021 tantummodo
1449 4960 1828 5029 voluntatem,
1863 4961 1912 5015 si
1945 4961 2196 5014 fructum
2228 4958 2474 5031 adipisci
2509 4975 2621 5013 non
2655 4975 2886 5031 possem
2915 4975 2927 5013 :
2963 4976 3096 5014 cum
3127 4965 3324 5014 autem
3385 4976 3489 5030 pro
3520 4963 3676 5014 certo
3709 4976 3823 5016 no-

405 5062 608 5129 verim,
643 5061 859 5116 ostium
890 5055 1067 5111 divini
1104 5051 1410 5121 sermonis,
1445 5051 1595 5122 quod
1629 5049 1996 5105 Venerationi
2033 5054 2144 5104 tuae
2175 5049 2423 5104 cmlestis
2454 5047 2640 5119 gratia
2691 5047 2978 5118 patefecit,
3039 5053 3302 5121 paratam
3364 5062 3492 5102 esse
3549 5052 3818 5104 mentem

405 5155 567 5206 tuam
600 5153 884 5217 sanctam,
917 5160 1088 5214 quam
1124 5139 1381 5214 possidet
1411 5139 1696 5205 Christus,
1730 5155 1844 5193 non
1877 5138 2068 5193 solum
2102 5137 2325 5193 cunctis
2358 5135 2688 5192 volentibus
2721 5137 2994 5207 pandere,
3025 5153 3224 5192 verum
3243 5136 3417 5191 etiam
3446 5133 3814 5203 nolentibus,

406 5243 471 5293 ut
501 5240 742 5294 introire
773 5253 886 5293 non
918 5233 1131 5306 pigeat,
1166 5229 1516 5302 persuadere
1543 5246 1555 5294 ;
1590 5228 1954 5299 occupationi
1988 5228 2338 5284 Reverentia:
2371 5231 2482 5282 tuas
2516 5225 2839 5296 multoquio
2861 5226 3159 5298 superﬂuo
3187 5241 3409 5282 moram
3433 5240 3545 5280 non
3570 5223 3814 5294 faciam,

401 5327 502 5382 sed
535 5327 890 5383 desiderium
923 5318 1338 5380 obsecrationis
1371 5333 1512 5371 mete
1545 5318 1791 5371 breviter
1812 5317 2102 5373 indicabo.

469 5417 523 5469 2.
561 5416 950 5472 Nonnullosin
976 5412 1129 5469 clero
1152 5408 1395 5477 hujusce
1415 5406 1589 5461 etiam
1615 5405 1993 5477 amplissimae
2015 5407 2260 5462 civitatis
2283 5421 2411 5460 esse
2433 5405 2755 5475 imperitos,
2779 5421 2848 5459 ex
2871 5422 2962 5460 me
2993 5405 3120 5476 ipso
3138 5403 3382 5473 conjicio
3409 5421 3422 5458 :
3446 5406 3818 5473 etquantum

398 5506 669 5560 universo
693 5505 774 5558 illi
809 5504 996 5558 ordini
1031 5503 1400 5574 profuturum
1434 5496 1510 5549 sit
1539 5497 1694 5564 quod
1728 5503 1950 5566 expeto,
1985 5495 2435 5551 considerationi
2468 5494 2805 5548 Sanctitatis
2839 5500 2947 5548 tuas
2978 5493 3412 5548 discutiendum
3445 5491 3643 5546 oli‘ero.
3677 5492 3820 5548 Pri-

392 5593 601 5666 vilegio
632 5609 887 5662 namque
918 5597 1259 5646 cunctorum
1294 5585 1392 5656 qui
1429 5583 1534 5638 hoc
1565 5584 1635 5637 de
1665 5585 2072 5655 spiritualibus
2099 5584 2216 5638 tuis
2249 5583 2546 5638 laboribus
2570 5588 3000 5652 promerentur,
3023 5583 3198 5638 etiam
3224 5597 3316 5636 me
3340 5579 3644 5652 indignum
3667 5595 3815 5637 con-

391 5687 732 5740 secuturum
764 5697 892 5738 esse
923 5694 1232 5751 praesumo,
1267 5674 1501 5731 domine
1533 5673 1739 5728 merito
1769 5674 2139 5740 venerabilis,
2174 5677 2230 5727 et
2260 5688 2389 5727 vere
2422 5671 2760 5726 beatissime
2789 5677 2974 5742 pater.
3007 5677 3217 5727 Precor
3246 5671 3426 5743 igitur
3474 5669 3808 5725 Beatitudi-

390 5788 523 5827 nem
558 5776 740 5843 tuam,
775 5774 839 5826 ut
867 5786 935 5824 ex
965 5784 1078 5838 quo
1108 5765 1428 5822 christiana
1459 5761 1661 5835 religio
1693 5763 2048 5818 hazreditatis
2081 5761 2382 5834 promissas
2410 5775 2619 5815 nomen
2653 5761 2894 5831 accepit,
2929 5777 3054 5832 qum
3085 5760 3333 5816 haereses
3364 5755 3599 5829 fuerint,
3632 5757 3754 5815 sint
3780 5777 3801 5828 ;

388 5877 536 5942 quos
566 5875 788 5918 errores
812 5855 1140 5925 intulerint,
1173 5853 1465 5921 inferant;
1498 5853 1639 5924 quid
1672 5855 1950 5911 adversus
1976 5851 2326 5910 catholicam
2353 5847 2674 5908 Ecclesiam
2719 5849 3029 5924 senserint,
3090 5848 3368 5921 sentiant,
3411 5848 3481 5906 de
3536 5846 3671 5919 ﬁde,
3717 5846 3805 5908 de
