4084 6194
272 317 342 376 17
1173 312 1620 377 ADMONITIO
1665 314 1744 376 IN
1789 313 2090 377 LIBRUM
2135 315 2237 375 DE
2282 316 2775 380 H/ERESIBUS.
3604 317 3681 380 18

269 447 572 518 Trinitate,
605 447 678 504 de
707 446 1036 520 Baptismo,
1061 446 1132 502 de
1163 446 1519 519 poenitentia,
1554 447 1624 501 de
1655 448 1889 501 homine
1914 447 2160 512 Christo,
2196 449 2266 501 de
2302 449 2411 502 Deo
2447 449 2693 516 Christo,
2732 449 2801 504 de
2833 449 3278 517 resurrectione,
3311 451 3381 506 de
3436 450 3592 507 Novo
3624 453 3682 506 et

265 538 467 593 Vetere
496 539 897 609 Testamento,
927 541 982 592 et
1008 536 1206 591 omnia
1230 537 1491 603 omnino,
1544 539 1758 607 quibus
1810 555 1843 590 a
1891 537 2127 590 veritate
2176 537 2569 592 dissentiunt:
2625 556 2753 609 quae
2783 540 2954 593 etiam
3002 539 3365 611 Baptismum
3400 540 3675 607 habeant,

273 644 466 700 quave
527 644 647 682 non
677 627 969 693 habeant;
1003 629 1060 681 et
1089 630 1219 696 post
1248 643 1394 696 quas
1426 626 1699 696 baptizet,
1734 642 1838 680 nec
1867 630 2063 680 tamen
2099 625 2410 696 rebaptizet
2442 625 2713 692 Ecclesia,
2748 627 2997 695 qualiter
3045 629 3326 700 suscipiat
3356 628 3672 702 venientes,

264 721 318 773 et
350 716 490 786 quid
521 714 778 787 singulis
807 714 952 785 lege,
985 713 1354 778 auctoritate,
1387 719 1556 781 atque
1588 714 1810 768 ratione
1841 714 2211 785 respondeat,
2244 715 2502 785 digneris
2531 731 2834 785 exponere.

326 806 380 861 3.
413 806 536 861 Nec
566 821 663 860 me
689 808 866 859 tantae
893 803 1198 858 Beatitudo
1230 809 1332 858 tua
1363 804 1560 858 credat
1590 802 1840 874 ineptiae,
1876 806 1940 856 ut
1963 820 2077 857 non
2107 803 2417 874 inspiciam
2449 804 2687 875 quantis
2717 808 2773 858 et
2803 821 2974 875 quam
3007 805 3342 876 ingentibus
3366 805 3671 860 volumini-

258 895 362 951 bus
393 912 548 966 opus
580 895 678 961 sit,
713 899 777 948 ut
805 893 1033 964 possint
1062 891 1175 948 ista
1205 891 1436 947 disolvi.
1473 892 1683 948 Verum
1724 892 1833 946 hoc
1865 906 1969 962 ego
2003 892 2126 946 fieri
2158 910 2273 948 non
2305 898 2508 964 expeto
2535 917 2549 962 ;
2581 894 2639 948 id
2671 893 2826 948 enim
2860 892 3260 964 multipliciter
3289 895 3505 951 factum
3540 911 3669 953 esse

254 1001 364 1040 non
390 984 637 1040 dubito:
671 983 772 1038 sed
803 981 1074 1050 breviter,
1105 981 1418 1053 perstricta
1450 986 1629 1053 atque
1675 981 2042 1049 summatim,
2090 985 2146 1036 et
2193 982 2494 1053 opiniones
2536 999 2674 1054 rogo
2723 982 3035 1053 cujuslibet
3085 981 3320 1037 haeresis
3350 985 3578 1056 exponi,
3612 989 3670 1041 et

253 1073 388 1145 quid
422 1077 634 1129 contra
660 1075 858 1128 teneat
887 1071 1140 1128 Ecclesia
1170 1071 1476 1138 catholica,
1510 1075 1797 1142 quantum
1830 1069 2199 1126 instructioni
2225 1073 2369 1126 satis
2393 1076 2500 1142 est,
2524 1070 2696 1127 subdi
2722 1088 2734 1126 :
2771 1075 2835 1126 ut
2855 1070 3010 1126 velut
3031 1072 3282 1142 quodam
3307 1088 3373 1127 ex
3395 1073 3667 1129 omnibus

254 1166 533 1234 concepto
563 1161 1030 1227 commonitorio,
1064 1160 1112 1216 si
1141 1160 1273 1232 quis
1302 1160 1563 1233 aliquam
1595 1159 1978 1231 objectionem
2015 1164 2116 1216 aut
2147 1161 2562 1216 convictionem
2599 1160 2856 1226 uberius,
2887 1160 3119 1232 plenius
3146 1177 3212 1216 ac
3240 1160 3472 1232 planius
3497 1178 3667 1218 nosse

250 1251 523 1322 voluerit,
553 1252 627 1307 ad
659 1250 938 1323 opulenta
967 1255 1023 1306 et
1050 1250 1362 1321 magniﬁca
1391 1249 1691 1305 volumina
1729 1249 2185 1316 transmittatur,
2220 1251 2432 1318 quibus
2464 1267 2497 1306 a
2527 1249 2792 1320 diversis,
2824 1255 2881 1306 et
2913 1251 3199 1321 praecipue
3228 1267 3262 1304 a
3291 1250 3668 1306 Veneratione

252 1344 346 1395 tua
375 1340 438 1395 in
464 1341 577 1396 hoc
606 1341 803 1412 ipsum
835 1342 1066 1394 constat
1095 1338 1483 1394 elaboratum.
1517 1338 1783 1395 Sufficiet
1813 1343 2007 1393 autem
2038 1339 2363 1394 admonitio
2394 1339 2554 1408 talis,
2586 1344 2648 1393 ut
2681 1343 2840 1410 puto,
2874 1339 3060 1394 doctis
3089 1343 3146 1394 et
3174 1337 3485 1409 imperitis,
3519 1339 3665 1394 otio-

251 1429 328 1486 sis
358 1434 419 1485 et
448 1428 774 1501 occupatis,
805 1433 862 1484 et
891 1429 962 1484 ad
993 1426 1310 1498 cujuslibet
1336 1430 1552 1500 gradus
1585 1427 1981 1483 ministerium
2013 1428 2278 1483 Ecclesiae
2327 1429 2737 1499 undecumque
2786 1427 3106 1500 promotis:
3157 1428 3298 1482 dum
3341 1431 3397 1482 et
3436 1427 3532 1483 ille
3564 1428 3666 1499 qui

251 1518 436 1574 multa
465 1518 630 1590 legit,
664 1519 868 1574 eadem
901 1516 1149 1572 breviter
1179 1517 1539 1585 recordatur,
1573 1521 1630 1572 et
1655 1516 1999 1588 compendio
2024 1517 2264 1588 ignarus
2288 1517 2622 1588 instruitur,
2657 1521 2723 1572 ut
2745 1517 2965 1573 noverit
2985 1516 3126 1588 quid
3148 1521 3361 1584 teneat,
3385 1516 3523 1588 quid
3546 1517 3663 1572 evi-

251 1613 361 1673 tet;
414 1607 557 1679 quid
592 1611 890 1662 aversetur
909 1622 980 1661 ne
1012 1606 1223 1661 faciat:
1257 1607 1398 1676 quid
1433 1611 1497 1661 ut
1525 1606 1700 1662 faciat
1731 1611 2099 1678 assequatur.
2135 1606 2418 1663 Fortassis
2450 1611 2665 1673 autem,
2690 1607 2738 1661 si
2761 1610 2958 1661 tamen
2993 1607 3145 1676 quod
3180 1605 3431 1660 arbitror
3459 1622 3660 1661 verum

248 1702 356 1765 est,
389 1697 570 1752 etiam
605 1698 884 1752 adversus
915 1694 1403 1751 calumniantium
1437 1695 1726 1768 malignas
1759 1700 1983 1750 mentes
2010 1699 2066 1750 et
2096 1694 2297 1750 dolosa
2326 1695 2481 1750 labia
2509 1712 2656 1766 opus
2681 1694 2792 1749 hoc
2823 1711 3064 1765 parvum
3098 1694 3249 1748 inter
3295 1698 3498 1749 caetera
3546 1694 3660 1749 mi-

250 1787 411 1843 riﬁca
438 1786 778 1842 testimonio
811 1801 1032 1842 corona:
1064 1788 1178 1840 tuae
1219 1801 1333 1840 non
1378 1785 1594 1840 deerit:
1649 1789 1713 1839 ut
1763 1784 1978 1856 quibus
2028 1787 2185 1855 patet
2233 1801 2476 1856 campus
2507 1783 2905 1840 calumniandi
2937 1784 3247 1856 profusior,
3269 1782 3477 1838 validis
3506 1789 3563 1838 et
3593 1801 3660 1839 ex

249 1876 365 1930 omi
400 1881 563 1946 parte
592 1874 884 1930 conclusis
917 1873 1045 1928 fidei
1081 1873 1368 1929 limitibus
1398 1873 1692 1938 coarctati,
1724 1873 2116 1944 omnibusque
2146 1873 2405 1929 veritatis
2439 1874 2686 1928 telorum
2718 1872 3029 1945 generibus
3074 1872 3432 1944 circumacti,
3484 1873 3657 1929 etiam

247 1981 364 2019 uno
398 1964 742 2018 multiformi
769 1961 968 2034 jaculo
999 1967 1234 2033 repente
1264 1962 1564 2034 prostrati,
1599 1962 1936 2018 morticinos
1968 1963 2211 2034 spiritus
2238 1979 2352 2017 non
2387 1963 2640 2018 audeant
2671 1961 2962 2017 anhelare.

312 2053 369 2106 4.
403 2051 583 2107 Video
615 2068 790 2122 quam
825 2065 1109 2105 onerosus
1139 2049 1387 2105 existam
1421 2049 1663 2105 meliora
1694 2049 1993 2122 cogitanti,
2027 2055 2083 2105 et
2116 2051 2449 2122 disponenti
2483 2051 2708 2121 majora
2739 2053 2941 2105 sancto
2971 2049 3120 2117 seni,
3148 2054 3205 2104 et
3235 2049 3503 2121 querelas
3533 2066 3659 2105 cor-

243 2142 404 2214 poris
433 2140 767 2197 sustinenti.
803 2141 911 2195 Sed
946 2155 1046 2210 per
1076 2138 1372 2193 Christum
1406 2139 1719 2194 Dominum
1760 2156 1919 2210 rogo,
1953 2140 2054 2211 qui
2085 2143 2140 2194 te
2182 2140 2525 2210 participem
2579 2139 2878 2210 sapientiai
2926 2156 3044 2194 suae
3094 2139 3221 2194 sine
3267 2139 3485 2194 invidia
3532 2156 3660 2198 esse

243 2231 552 2298 concessit,
588 2235 652 2285 ut
681 2230 834 2285 hanc
865 2229 1113 2301 gratiam
1147 2228 1329 2283 dones
1361 2227 1613 2283 indoctis
1644 2227 1936 2296 Ecclesiae,
1970 2229 2071 2300 qui
2102 2232 2156 2283 te
2186 2229 2458 2300 agnoscis
2482 2228 2844 2299 sapientibus
2872 2233 3047 2299 atque
3068 2227 3482 2300 insipientibus
3501 2230 3661 2284 debi-

241 2325 432 2377 torem
461 2322 632 2391 (Ram.
667 2337 706 2390 ι,
742 2319 853 2388 14),
885 2318 1092 2375 merito
1123 2334 1189 2373 ac
1211 2318 1346 2388 jure
1372 2317 1637 2373 dicturus
1663 2333 1675 2373 :
1728 2319 1907 2374 Videte
1937 2320 2202 2389 quoniam
2231 2335 2342 2375 non
2371 2319 2514 2373 mihi
2539 2319 2642 2374 soli
2671 2318 2936 2388 laboravi,
2969 2317 3062 2373 sed
3091 2319 3349 2372 omnibus
3376 2321 3662 2390 exquiren-

244 2411 396 2465 :ibu.l
424 2411 710 2465 veritatem
740 2408 938 2480 (Eccli.
968 2422 1123 2470 xxrv,
1157 2406 1246 2476 47,
1277 2409 1326 2461 et
1364 2423 1564 2474 χχχιιι,
1600 2406 1706 2478 l8).
1743 2406 1909 2462 Potui
1940 2406 2132 2462 adhuc
2164 2407 2370 2462 offerre
2400 2407 2693 2480 supplices
2723 2411 2780 2462 et
2813 2405 3164 2478 multiplices
3194 2421 3417 2478 preces,
3449 2411 3505 2463 et
3544 2425 3660 2465 me-

243 2515 382 2554 cum
411 2497 818 2570 imperitorum
851 2494 1068 2552 classes
1100 2494 1460 2552 adsciscere:
1494 2495 1595 2551 sed
1628 2494 1809 2551 malui
1829 2495 1955 2566 jam
1988 2496 2189 2551 audire
2221 2495 2562 2567 dictantem,
2595 2513 2771 2569 quam
2804 2512 3088 2568 occupare
3119 2496 3425 2570 legentem.

1631 2662 1879 2720 EPISTO
1893 2663 1984 2718 LA
2012 2662 2268 2722 CCXXII.

813 2775 1200 2834 Dilectissimo
1231 2775 1350 2833 filio
1380 2780 1438 2833 et
1477 2776 1833 2834 condiacono
1863 2780 2306 2847 Quonvuurnao,
2336 2781 2713 2836 Auens'rmus
2752 2779 3083 2853 episcopus.

311 2928 365 2979 1.
399 2922 665 2995 Acceptis
693 2919 905 2977 litteris
937 2919 1245 2975 Charitatis
1275 2923 1409 2986 tuas,
1441 2920 1542 2975 ubi
1572 2937 1606 2976 a
1646 2937 1739 2976 me
1770 2920 2181 2977 ardentissimo
2213 2921 2407 2978 studio
2450 2921 2784 2994 postulasti,
2817 2926 2882 2978 ut
2912 2923 2983 2980 de
3012 2923 3288 2981 omnibus
3308 2924 3655 2994 haeresibus,

241 3018 378 3087 post
409 3010 635 3067 Domini
666 3009 982 3067 Salvatoris
1017 3009 1331 3064 adventum
1363 3009 1644 3066 adversus
1673 3011 1800 3080 ejus
1843 3011 2170 3066 doctrinam
2221 3009 2676 3083 pullulaverunt,
2727 3011 2950 3084 aliquid
2999 3012 3248 3069 breviter
3299 3015 3656 3085 scriberem;

237 3118 414 3174 quam
445 3102 528 3156 sit
551 3099 656 3155 hoc
686 3098 946 3163 difﬁcile,
977 3098 1254 3153 continuo
1299 3102 1526 3169 reperta
1574 3099 1879 3154 occasione
1920 3099 2192 3170 rescripsi
2225 3117 2327 3172 per
2353 3099 2542 3156 filium
2590 3115 2785 3155 meum
2823 3101 3279 3172 Hipponensium
3309 3102 3656 3174 primarium

237 3188 607 3245 Philocalum
635 3204 649 3245 :
685 3204 820 3243 mox
849 3190 1046 3242 autem
1077 3185 1252 3242 etiam
1275 3186 1390 3242 ista
1419 3185 1616 3243 oblata
1646 3192 1755 3255 est,
1788 3205 1904 3259 qua
1935 3205 2092 3244 nunc
2124 3189 2399 3260 rescribo,
2442 3193 2498 3245 et
2527 3189 2773 3246 breviter
2821 3189 3229 3247 difficultatem
3280 3191 3471 3264 operis
3529 3195 3657 3264 ejus

243 3278 512 3334 ostendo.

299 3367 356 3424 2.
391 3365 744 3422 Philastriue
776 3365 1021 3438 quidam
1070 3363 1389 3421 Brixiensis
1437 3365 1768 3438 episcopus,
1822 3382 1996 3438 quem
2043 3383 2176 3423 cum
2231 3372 2430 3424 sancto
2473 3367 2779 3424 Ambrosio
2809 3368 3121 3424 Mediolani
3152 3369 3325 3425 etiam
3355 3370 3481 3442 ipse
3509 3371 3653 3441 vidi,

237 3457 470 3528 scripsit
504 3455 644 3510 hinc
671 3454 889 3510 librum
921 3471 937 3520 ;
969 3469 1075 3509 nec
1104 3453 1237 3509 illas
1269 3455 1516 3510 haereses
1549 3457 2016 3526 praetermittens,
2049 3472 2175 3528 quas
2207 3456 2265 3510 in
2300 3455 2513 3528 populo
2541 3457 2745 3512 Judaao
2777 3458 3014 3512 fuerunt
3042 3464 3174 3513 ante
3203 3459 3516 3514 adventum
3542 3461 3652 3515 Do-

235 3546 400 3613 mini,
421 3561 647 3617 easque
672 3544 874 3615 viginti
905 3548 1030 3598 octo
1057 3543 1569 3600 commemoravit:
1603 3549 1661 3600 et
1691 3551 1824 3613 post
1856 3545 2082 3600 Domini
2140 3547 2453 3602 adventum
2485 3551 2717 3601 centum
2768 3547 2974 3619 viginti
3019 3553 3166 3603 octo.
3219 3548 3467 3620 Scripsit
3515 3549 3650 3605 hinc

239 3636 410 3691 etiam
445 3649 633 3707 graece
663 3633 969 3704 episcopus
999 3633 1242 3704 Cyprius
1269 3632 1652 3704 Epiphanius,
1680 3635 1738 3689 in
1769 3635 2027 3690 doctrina
2059 3635 2354 3690 catholica;
2407 3635 2539 3689 fidei
2571 3635 2944 3691 laudabiliter
2989 3635 3359 3692 diffamatus:
3394 3639 3492 3693 sed
3525 3638 3649 3709 ipse

241 3725 552 3796 utriusque
581 3722 865 3794 temporis
893 3721 1141 3777 bareses
1162 3721 1463 3794 colligens,
1497 3724 1793 3796 octoginta
1818 3723 2156 3796 complexus
2197 3728 2305 3779 est.
2338 3723 2480 3778 Cum
2511 3739 2645 3794 ergo
2679 3725 2850 3778 ambo
2881 3722 2938 3777 id
2970 3723 3186 3778 vellent
3215 3724 3401 3780 facere
3431 3727 3583 3796 quod
3618 3743 3647 3780 a

240 3831 329 3870 me
362 3814 538 3886 petis,
571 3816 858 3885 quantum
891 3815 1084 3867 tamen
1116 3811 1269 3866 inter
1298 3827 1358 3866 se
1390 3811 1662 3867 differant
1690 3813 1760 3868 de
1791 3830 2035 3870 numero
2061 3813 2293 3868 interim
2327 3817 2638 3877 sectarum,
2679 3813 2874 3868 vides:
2927 3813 3083 3883 quod
3115 3811 3315 3885 utique
3353 3830 3465 3868 non
3523 3831 3651 3870 eve-

240 3904 440 3967 nisset,
476 3901 588 3958 nisi
621 3901 778 3957 aliud
801 3899 902 3955 uni
933 3916 1134 3956 eorum
1166 3901 1458 3957 videretur
1489 3917 1615 3956 esse
1642 3901 1900 3970 haeresis,
1935 3907 1991 3957 et
2022 3902 2180 3958 aliud
2215 3901 2402 3957 alteri.
2437 3901 2635 3973 Neque
2667 3900 2821 3956 enim
2854 3902 3181 3973 putandum
3210 3905 3297 3956 est
3317 3901 3544 3973 aliquas
3567 3904 3652 3975 ig-

241 4008 484 4048 norasse
515 3989 932 4062 Epiphanium,
968 4005 1113 4059 quas
1145 3994 1380 4044 noverat
1410 3988 1780 4059 Philastrius,
1813 4007 1945 4046 cum
1985 3990 2380 4063 Epiphanium
2413 3990 2582 4062 longe
2629 3989 2944 4045 Philastrio
2993 3990 3311 4046 doctiorem
3365 3991 3652 4047 inveneri-

245 4097 414 4149 mus;
448 4082 534 4135 ita
563 4084 630 4134 ut
659 4079 1036 4134 Philastrium
1070 4078 1261 4149 potius
1292 4079 1486 4134 dicere
1527 4080 1876 4136 deberemus
1906 4079 2150 4136 latuisse
2182 4080 2491 4152 plurimas,
2526 4078 2574 4134 si
2605 4084 2726 4135 tam
2760 4079 2956 4152 plures
2979 4083 3134 4134 esset
3162 4078 3260 4134 ille
3291 4081 3653 4150 complexus,

251 4175 301 4224 et
335 4170 447 4225 iste
480 4169 806 4241 pauciores.
840 4167 949 4223 Sed
983 4167 1182 4240 procul
1215 4168 1393 4223 dubio
1425 4168 1486 4223 in
1517 4184 1582 4224 ea
1612 4169 1933 4240 quaestione
1965 4169 2064 4225 ubi
2096 4169 2453 4240 disceptatur
2481 4169 2621 4240 quid
2653 4168 2729 4223 sit
2758 4167 3014 4235 haeresis,
3042 4185 3154 4223 non
3179 4169 3330 4224 idem
3354 4168 3655 4225 videbatur

248 4257 552 4324 ambolus;
584 4264 641 4313 et
673 4273 870 4312 revera
900 4256 1009 4312 hoc
1040 4256 1278 4312 omnino
1306 4257 1548 4314 definire
1578 4258 1814 4314 difﬁcile
1837 4264 1961 4314 est:
1995 4264 2054 4314 et
2084 4259 2212 4315 ideo
2243 4259 2586 4326 cavendum,
2609 4265 2747 4313 cum‘
2773 4274 2976 4313 omnes
3008 4258 3066 4312 in
3091 4273 3402 4314 numerum
3427 4260 3650 4331 redige-

247 4364 305 4404 re
333 4363 644 4412 conamur,
672 4362 744 4401 ne
776 4346 1290 4417 praetermittamus
1320 4345 1570 4416 aliquas,
1599 4349 1865 4418 quamvis
1897 4347 2146 4403 haereses
2178 4347 2332 4416 sint;
2362 4352 2462 4402 aut
2488 4363 2945 4402 annumeremus
2969 4346 3216 4417 aliquas,
3241 4363 3374 4402 cum
3404 4345 3652 4402 haereses

246 4454 359 4493 non
390 4437 533 4492 sint.
566 4435 712 4490 Vide
741 4451 878 4507 ergo
911 4451 981 4490 ne
1014 4435 1157 4490 forte
1187 4435 1405 4490 librum
1439 4435 1593 4491 santi
1624 4436 1931 4508 Epiphanii
1963 4436 2068 4491 tibi
2101 4437 2329 4492 mittere
2359 4436 2639 4492 debeam:
2671 4436 2869 4508 ipsum
2891 4435 3046 4491 enim
3070 4435 3320 4491 arbitror
3341 4435 3653 4491 Philastrio

245 4526 473 4582 doctius
498 4525 636 4580 hinc
664 4524 961 4592 locutum;
996 4524 1092 4594 qui
1125 4524 1309 4595 possit
1338 4524 1490 4595 apud
1523 4524 1934 4597 Carthaginem
1967 4525 2025 4581 in
2059 4525 2306 4582 latinam
2337 4525 2598 4597 linguam
2630 4527 2774 4581 verti
2807 4524 3036 4581 facilius
3071 4530 3242 4596 atque
3264 4524 3650 4592 commodius,

247 4619 308 4670 ut
337 4619 404 4668 tu
436 4613 638 4685 potius
667 4617 902 4683 praestes
936 4611 1126 4677 nobis,
1159 4613 1311 4683 quod
1345 4612 1560 4683 quzeris
1593 4630 1626 4667 a
1659 4614 1850 4669 nobis.

311 4703 370 4758 3.
403 4701 754 4758 Perlatorem
774 4701 1024 4756 multum
1039 4702 1819 4757 commendo.Subdiaconus
1838 4709 1922 4757 est
1945 4703 2016 4758 de
2035 4707 2235 4759 nostra
2255 4703 2484 4759 dioecesi
2515 4721 2528 4770 ;
2553 4703 2623 4758 de
2646 4703 2824 4758 fundo
2847 4706 3041 4758 autem
3059 4700 3165 4756 viri
3189 4700 3658 4773 spectabilie,no-

243 4792 455 4863 bisque
485 4790 812 4846 charissimi
837 4789 1196 4845 Orontii.Pro
1223 4789 1320 4844 illo
1341 4794 1620 4861 autem,et
1644 4808 1745 4863 pro
1767 4792 1896 4862 ejus
1918 4796 2100 4863 patre,
2121 4809 2154 4847 a
2177 4808 2289 4862 quo
2321 4793 2634 4863 adoptatus
2649 4795 2755 4859 est,
2773 4792 2949 4846 etiam
2965 4790 3244 4862 adipsum
3260 4790 3487 4861 scripsi;
3513 4807 3658 4862 quas

245 4880 470 4937 litteras
492 4896 626 4935 cum
641 4879 841 4951 legerit
860 4878 1182 4934 christiana
1206 4880 1536 4951 Benignitas
1552 4885 1672 4949 tua,
1693 4886 1823 4951 peto
1843 4886 1908 4936 ut
1920 4897 2017 4936 eas
2030 4882 2184 4952 apud
2211 4886 2592 4936 memoratum
2615 4881 2805 4936 virum
2829 4884 2929 4935 tua
2949 4879 3363 4936 intercessione
3383 4880 3656 4950 adjuvare

243 4969 666 5042 digneris.Misi
691 4973 885 5024 autem
910 4984 1042 5023 cum
1069 4968 1166 5023 illo
1192 4969 1367 5024 etiam
1394 4969 1693 5024 hominem
1717 4970 2004 5037 Ecclesia,
2029 4988 2100 5026 ne
2122 4971 2192 5039 ad
2215 4976 2378 5025 tuam
2403 4971 2786 5026 Sanctitatem
2811 4968 3065 5024 difficilis
3094 4969 3143 5022 ei
3167 4973 3321 5024 esset
3342 4985 3612 5024 accessus
3637 4984 3651 5023 :

244 5075 362 5115 non
393 5057 552 5114 enim
586 5072 792 5129 parum
825 5057 895 5112 de
928 5056 1026 5111 illo
1058 5056 1346 5113 sollicitus
1378 5073 1533 5123 sum,
1568 5075 1600 5112 a
1630 5075 1745 5129 qua
1775 5075 1867 5115 me
1899 5059 2290 5115 sollicitudine
2323 5058 2702 5125 Dominus,ut
2723 5074 2914 5129 spero,
2935 5075 3036 5128 per
3065 5061 3180 5113 tum
3203 5056 3503 5113 charitatis
3529 5055 3653 5112 ins-

241 5147 499 5202 tantiam
529 5145 818 5201 liberabit.
857 5149 996 5201 Peto
1027 5145 1201 5201 etiam
1235 5145 1377 5201 mihi
1414 5147 1728 5204 rescribere
1759 5165 1874 5204 non
1906 5149 2183 5220 graveris,
2211 5147 2708 5219 quemadmodum
2742 5148 2818 5202 sit
2843 5146 2902 5201 in
2936 5147 3049 5202 fide
3081 5144 3365 5202 catholica
3387 5144 3481 5201 ille
3503 5145 3654 5200 The-

244 5235 515 5301 odosius,
551 5250 651 5307 per
683 5249 854 5306 quem
885 5233 1187 5288 Manichaei
1221 5232 1489 5289 nonnulli
1520 5240 1658 5291 sunt
1687 5236 1939 5307 proditi;
1976 5243 2028 5294 et
2059 5237 2173 5308 ipsi
2205 5253 2350 5308 quos
2382 5238 2452 5294 ab
2483 5253 2548 5293 eo
2579 5236 2861 5309 proditos,
2891 5239 3165 5308 putamus
3196 5249 3325 5289 esse
3345 5236 3654 5291 correctos.

243 5325 302 5382 Si
337 5325 486 5398 quid
520 5324 696 5380 etiam
729 5325 796 5378 de
826 5324 1181 5395 profectione
1212 5327 1548 5380 sanctorum
1581 5325 1987 5399 episcoporum
2022 5326 2165 5382 forte
2195 5326 2495 5394 audivisti,
2529 5326 2617 5382 fac
2647 5329 2713 5381 ut
2741 5325 3022 5382 noverim.
3055 5322 3170 5378 Deo
3198 5321 3376 5378 vivas.

1618 5493 1960 5551 EPISTOLA
1998 5494 2279 5553 CCXXIII.

357 5607 604 5666 Domino
635 5606 842 5663 merito
867 5606 1200 5680 venerabili,
1225 5624 1292 5663 ac
1323 5609 1664 5665 beatissimo
1691 5627 1856 5666 sacro
1887 5610 2037 5682 patri
2065 5612 2402 5667 Ancus'rmo
2431 5611 2722 5683 episcopo,
2756 5611 3213 5676 Quonvuurnsus
3245 5608 3546 5667 diaconus.

315 5752 370 5809 1.
403 5750 605 5809 Unum
627 5748 866 5823 quidem
889 5749 1243 5809 Reverentia:
1258 5754 1372 5810 tua
1394 5753 2096 5826 commonitorium,quod
2111 5769 2213 5827 per
2223 5751 2683 5811 ecclesiasticum
2698 5751 2975 5827 dignatus
3001 5768 3064 5811 es
3084 5753 3654 5827 destinare,suscepi.
