4084 6194
446 355 520 418 19
1342 351 1798 415 ADMONITIO
1847 353 1922 413 IN
1969 351 2266 414 LIBRUM
2317 353 2417 413 DE
2464 350 2964 413 HERESIBUS.
3767 360 3838 418 20

442 490 586 546 Nam
614 492 765 561 quod
799 489 960 562 prius
988 488 1269 543 directum
1298 505 1424 543 esse
1459 490 1762 545 Beatitudo
1817 493 1916 544 tua
1966 489 2336 558 signiﬁcavit,
2392 507 2492 561 per
2530 488 2721 543 virum
2756 485 3156 542 honorabilem
3190 486 3570 553 Philocalum,
3602 491 3834 546 necdum

445 579 513 633 ad
551 597 642 634 me
672 579 946 650 pervenit.
980 577 1195 631 Verum
1233 578 1491 648 quamvis
1523 578 1796 633 conscius
1829 580 2194 649 propriorum
2233 594 2464 648 semper
2496 577 2701 632 fuerim
2739 580 3126 646 peccatorum,
3163 592 3316 628 nunc
3343 581 3532 632 tamen
3559 578 3838 635 evidenter

444 668 672 739 agnovi,
705 666 1078 738 adipiscendo
1111 664 1193 718 illi
1228 667 1378 737 quod
1412 667 1638 722 exoravi
1676 667 1926 734 muneri,
1962 682 2151 721 meam
2185 667 2292 721 toti
2324 666 2590 722 Ecclesia
2626 665 3042 736 impedimento
3075 680 3202 719 esse
3235 681 3562 735 personam.
3596 667 3702 721 Sed
3721 684 3835 723 om-

444 756 583 811 nino
615 757 862 821 confido,
889 755 1163 825 quoniam
1197 756 1294 824 qui
1324 772 1425 826 per
1457 756 1622 811 Unici
1649 757 1738 810 sui
1773 757 2024 827 gratiam
2058 756 2299 810 humani
2335 755 2566 827 generis
2597 756 2873 826 dignatus
2905 758 2993 808 est
3023 753 3212 808 delere
3245 755 3522 823 facinora,
3571 770 3671 809 nec
3717 771 3836 811 mea

441 843 501 900 in
534 844 844 914 perniciem
877 847 1216 898 cunctorum
1251 844 1560 915 pravalere
1597 846 1913 916 permittet,
1948 845 2254 916 potiusque
2283 846 2380 899 ubi
2415 845 2737 899 abundavit
2785 849 3110 916 peccatum,
3157 844 3404 914 gratiam
3439 842 3606 898 faciet
3632 845 3830 898 redun-

441 933 578 988 dare
608 935 782 1000 (Rom.
818 949 871 998 v,
901 933 991 1002 20)
1023 933 1257 987 domine
1286 934 1490 988 merito
1523 933 1894 1002 venerabilis,
1924 951 1988 988 ac
2021 934 2357 989 beatissime
2384 940 2566 1003 pater.
2601 931 3012 988 Difficultatem
3046 933 3259 1003 operis,
3294 932 3444 1002 quod
3485 931 3833 988 instruendis

439 1021 900 1092 imperitissimis
933 1020 1099 1075 nobis
1132 1038 1232 1091 per
1262 1025 1424 1076 tuam
1458 1023 1904 1078 beneficentiam
1940 1023 2197 1093 prastari
2234 1023 2577 1094 suppliciter
2598 1021 2844 1088 exoravi,
2879 1037 2982 1074 nec
3011 1020 3121 1092 ipsi
3154 1021 3429 1092 ignorans
3461 1027 3587 1075 ante
3636 1021 3833 1092 praedi-

439 1111 534 1179 xi;
569 1113 669 1167 sed
702 1113 774 1167 de
797 1111 972 1167 divini
1008 1112 1180 1166 fontis
1213 1113 1494 1178 ubertate,
1531 1129 1708 1185 quam
1737 1113 1842 1167 tibi
1875 1113 2159 1168 Dominus
2188 1113 2414 1177 tribuit,
2447 1113 2636 1168 veraci
2665 1113 2834 1168 corde
2869 1111 3236 1182 praesumpsi.

509 1206 562 1257 2.
599 1203 743 1258 Nam
775 1203 882 1258 etsi
919 1202 1266 1259 Philastrius
1292 1207 1347 1257 et
1379 1203 1742 1275 Epiphanius
1775 1204 2082 1258 venerandi
2131 1203 2386 1275 episcopi
2436 1203 2550 1258 tale
2596 1203 2816 1274 aliquid
2869 1202 3176 1274 scripsisse
3222 1205 3646 1271 memorantur,
3699 1202 3842 1272 quod

439 1291 636 1364 procul
671 1292 849 1348 dubio
883 1308 973 1346 me
1005 1292 1155 1346 inter
1185 1295 1409 1359 caetera,
1443 1292 1560 1346 imo
1593 1292 1745 1346 sicut
1776 1292 1994 1360 omnia,
2031 1291 2172 1347 latet
2203 1310 2215 1348 :
2251 1309 2364 1346 non
2399 1295 2594 1346 tamen
2628 1291 2877 1346 arbitror
2901 1307 2998 1346 eos
3028 1291 3176 1345 hanc
3208 1307 3407 1345 curam
3453 1289 3840 1362 diligentiam-

437 1396 550 1452 que
578 1380 938 1448 adhibuisse,
975 1384 1037 1434 ut
1067 1379 1318 1452 singulis
1353 1380 1685 1452 quibusque
1739 1381 2115 1452 opinionibus
2167 1381 2492 1437 contrarias
2543 1380 2718 1436 etiam
2774 1379 3080 1450 opiniones
3126 1380 3538 1451 adjungerent,
3592 1378 3846 1449 ritusque

436 1469 830 1540 subjicerent;
868 1475 990 1523 tum
1025 1469 1275 1540 denique
1309 1486 1458 1539 opus
1491 1469 1632 1523 illud
1668 1471 1974 1541 utriusque
2006 1469 2434 1541 qualecumque
2467 1469 2543 1524 sit
2573 1485 2684 1523 non
2720 1468 2896 1523 habet
2916 1466 3181 1523 fortassis
3213 1483 3363 1535 eam,
3391 1483 3568 1538 quam
3594 1467 3848 1521 desidero

435 1558 798 1614 brevitatem.
836 1559 1075 1613 Frustra
1106 1558 1280 1613 etiam
1313 1558 1562 1622 homini,
1596 1559 1694 1630 qui
1729 1558 1912 1613 latina
1940 1576 2052 1614 non
2086 1559 2311 1625 didicit,
2345 1574 2531 1629 graeca
2563 1558 2837 1611 facundia
2867 1555 3170 1627 delegatur
3199 1572 3210 1611 :
3246 1555 3386 1626 quia
3416 1571 3532 1609 non
3585 1570 3686 1626 ego
3735 1559 3852 1609 tan-

431 1648 737 1702 tummodo
770 1647 1102 1716 consilium,
1136 1648 1235 1702 sed
1267 1651 1322 1702 et
1354 1647 1638 1702 auxilium
1675 1647 1983 1719 postulavi.
2019 1648 2167 1711 Quid
2200 1651 2393 1702 autem
2425 1646 2868 1701 Venerationem
2904 1652 3060 1699 tuam
3093 1646 3162 1699 de
3196 1643 3582 1715 interpretum
3616 1659 3728 1699 non
3759 1660 3845 1699 so-

433 1735 557 1791 lum
591 1735 955 1802 difficultate,
990 1737 1091 1790 sed
1124 1736 1295 1790 etiam
1329 1737 1685 1791 obscuritate
1718 1737 2092 1804 admoneam,
2128 1751 2258 1791 cum
2310 1735 2434 1806 ipse
2475 1736 2582 1790 hoc
2636 1735 2822 1805 magis
2849 1751 2914 1788 ac
2949 1733 3117 1805 plene
3147 1733 3481 1803 dijudices?
3511 1733 3746 1788 Accedit
3775 1733 3841 1787 ad

436 1841 696 1893 causam,
723 1825 877 1895 quod
910 1823 1204 1879 nonnullae
1236 1824 1412 1879 etiam
1445 1829 1576 1896 post
1606 1825 1839 1881 illorum
1878 1825 2104 1880 obitum
2137 1825 2386 1879 haereses
2435 1824 2744 1878 emersisse
2796 1823 3135 1888 doceantur,
3191 1838 3442 1893 quarum
3497 1820 3716 1876 nullam
3764 1820 3844 1876 illi

435 1914 679 1970 fecerint
711 1915 1088 1968 mentionem.

506 2004 558 2058 3.
593 2003 981 2068 Quamobrem
1016 2003 1085 2057 ad
1116 2001 1404 2074 peculiare
1434 2003 1817 2074 patrocinium
1851 2003 2083 2075 pietatis
2115 2007 2226 2057 tua}
2251 2002 2547 2074 confugio,
2577 2006 2634 2057 et
2664 2017 2802 2056 voce
2834 2017 2983 2069 mea,
3013 2000 3113 2054 sed
3161 2000 3476 2054 universaii
3535 1999 3839 2067 desiderio,

431 2096 700 2164 paratum
735 2092 804 2146 ad
840 2092 1296 2146 misericordiam
1332 2097 1768 2147 sacrosanctum
1799 2092 2031 2162 pietatis
2067 2097 2265 2163 pectus
2296 2090 2564 2162 appello;
2600 2089 2981 2162 sequestratis
3013 2089 3322 2160 saporibus
3357 2088 3843 2160 peregrinis,con-

432 2181 686 2237 siderato
719 2184 874 2235 textu
898 2181 1107 2252 prioris
1139 2181 1414 2251 epistolae,
1449 2198 1658 2252 panem
1693 2182 1920 2250 Afrum,
1957 2198 2134 2253 quem
2163 2185 2363 2236 nostra
2395 2179 2696 2252 provincia
2744 2178 2892 2233 solet
2941 2177 3157 2232 habere
3194 2177 3580 2248 praecipuum,
3633 2175 3845 2231 caelesti

431 2268 604 2324 etiam
638 2283 851 2323 manna
881 2268 1336 2334 conditum,sero
1369 2270 1625 2340 pulsanti
1653 2273 1708 2326 et
1739 2269 1951 2324 famem
1985 2269 2228 2341 patienti
2264 2286 2378 2323 non
2410 2269 2680 2340 deneges.
2707 2267 2965 2322 Profecto
2993 2267 3149 2321 enim
3185 2281 3290 2319 nec
3320 2283 3425 2338 ego
3464 2265 3702 2338 pulsare
3727 2280 3848 2320 ces-

431 2357 592 2428 sabo,
626 2359 807 2412 donec
840 2357 963 2429 ipse
993 2359 1312 2414 concedas:
1352 2362 1414 2414 ut
1444 2359 1600 2431 quod
1633 2375 1747 2415 non
1775 2358 2052 2431 impetrat
2080 2357 2473 2431 privilegium,
2507 2357 2604 2412 ubi
2635 2355 2864 2411 nullum
2894 2363 2979 2410 est
3002 2355 3296 2419 meritum,
3317 2355 3528 2411 saltem
3552 2354 3843 2411 indefessa

427 2444 851 2518 importunitas
885 2450 1194 2502 mereatur.

1801 2587 2145 2645 EPISTOLA
2183 2587 2461 2644 CCXXIV.

670 2702 917 2759 Domino
949 2703 1250 2759 sinceriter
1278 2702 1680 2773 dilectissimo,
1718 2704 1881 2760 fratri
1911 2708 1966 2758 et
1996 2703 2349 2760 condiacono
2381 2704 2823 2771 Quonvumono,
2855 2703 3230 2770 AUGUSTINUS
3262 2701 3600 2773 episcopus.

503 2846 554 2900 1.
589 2848 730 2900 Cum
766 2844 912 2899 mihi
942 2845 1062 2900 haec
1094 2845 1382 2901 scribendi
1415 2848 1720 2901 offerretur
1751 2845 1977 2901 occasio
2010 2863 2111 2918 per
2161 2847 2570 2902 Fussalensem
2606 2847 3028 2918 presbyterum,
3063 2861 3233 2915 quem
3265 2845 3615 2900 commendo
3646 2843 3846 2900 Chari-

429 2934 532 2990 tati
566 2939 681 2990 tuas
713 2935 977 2989 recensui
1008 2935 1316 3005 epistolam
1349 2940 1536 2998 tuam,
1572 2936 1628 2989 in
1662 2952 1780 3005 qua
1807 2936 1975 3006 petis,
2011 2941 2075 2991 ut
2122 2937 2192 2991 de
2231 2936 2576 3001 hazresibus,
2611 2952 2738 3006 quae
2770 2935 2906 2989 oriri
2940 2937 3253 3006 potuerunt
3282 2950 3349 2988 ex
3379 2950 3494 3004 quo
3523 2933 3756 2988 Domini
3787 2932 3844 2988 in

432 3039 604 3078 carne
633 3023 891 3077 nuntiari
925 3022 1097 3095 coepit
1127 3023 1429 3090 adventus,
1465 3022 1684 3094 aliquid
1721 3024 2059 3078 scriberem.
2097 3025 2209 3077 Hoc
2241 3027 2434 3078 autem
2465 3023 2594 3089 feci,
2629 3031 2687 3076 ut
2720 3022 2972 3077 viderem
3007 3024 3348 3092 utrumjam
3384 3023 3659 3077 deberem
3705 3038 3852 3093 opus

431 3111 624 3184 ipsum
661 3113 922 3183 aggredi,
956 3117 1011 3167 et
1043 3112 1176 3167 inde
1208 3113 1311 3166 tibi
1345 3111 1565 3183 aliquid
1601 3113 1866 3180 mittere;
1903 3112 1999 3166 ubi
2033 3113 2435 3167 considerares
2466 3120 2626 3167 tanto
2658 3128 2787 3167 esse
2817 3110 3139 3179 difficilius,
3171 3116 3388 3182 quanto
3418 3112 3504 3166 vis
3536 3112 3691 3167 effici
3722 3111 3854 3166 bre-

430 3200 584 3255 vius.
627 3201 735 3256 Sed
771 3217 841 3255 ne
866 3201 974 3255 hoc
1004 3201 1237 3272 quidem
1273 3202 1456 3272 potui,
1490 3201 1708 3256 talibus
1740 3201 1899 3256 curis
1931 3201 2480 3272 supervenientibus
2513 3201 2853 3271 impeditus,
2888 3218 2920 3256 a
2951 3201 3165 3272 quibus
3196 3201 3435 3256 omnino
3468 3199 3852 3256 dissimulare

430 3306 546 3345 non
580 3305 812 3361 possem
841 3306 853 3344 :
886 3307 1022 3345 nam
1058 3307 1148 3346 me
1182 3292 1254 3346 ab
1284 3307 1372 3356 eo,
1403 3292 1553 3362 quod
1588 3291 1876 3346 habebam
1912 3291 1969 3345 in
2003 3291 2299 3356 manibus,
2335 3295 2685 3346 averterunt.

498 3379 552 3432 2.
588 3383 706 3433 Hoc
737 3383 933 3433 autem
966 3383 1023 3434 et
1054 3379 1152 3433 ubi
1178 3381 1500 3451 respondeo
1529 3380 1692 3435 libris
1721 3379 1964 3445 Juliani,
2000 3395 2149 3449 quos
2179 3383 2305 3434 octo
2337 3379 2520 3434 edidit
2553 3382 2683 3450 post
2707 3378 2835 3434 illos
2860 3381 3131 3449 quatuor,
3157 3378 3373 3449 quibus
3397 3383 3528 3434 ante
3547 3377 3856 3449 respondi.

429 3466 545 3524 Hos
575 3467 732 3522 enim
765 3484 897 3522 cum
931 3468 1125 3523 Romae
1158 3468 1475 3539 accepisset
1503 3469 1683 3523 frater
1711 3468 1976 3540 Alypius,
2027 3469 2288 3522 nondum
2340 3484 2543 3522 omnes
2577 3467 2986 3536 descripserat,
3019 3483 3154 3520 cum
3188 3465 3442 3522 oblatam
3478 3469 3855 3523 occasionem

428 3557 616 3613 noluit
646 3558 954 3628 praeterire,
989 3574 1089 3628 per
1119 3575 1294 3629 quam
1329 3557 1473 3613 mihi
1519 3557 1776 3628 quinque
1827 3557 2188 3625 transmisit;
2231 3557 2585 3628 promittens
2631 3556 2775 3612 alios
2829 3561 2946 3611 tres
2994 3556 3105 3610 cito
3161 3572 3221 3611 se
3247 3573 3374 3611 esse
3403 3556 3759 3624 missurum,
3794 3562 3850 3613 et

430 3645 685 3701 multum
718 3647 948 3701 instans
978 3662 1069 3701 me
1104 3648 1455 3717 respondere
1487 3646 1800 3701 differrem.
1834 3647 2016 3716 Cujus
2059 3646 2341 3701 instantia
2390 3650 2627 3701 coactus
2672 3663 2804 3700 sum
2835 3644 3139 3700 remissius
3167 3661 3336 3717 agere
3367 3647 3522 3716 quod
3555 3648 3811 3718 agebam
3841 3673 3856 3715 ;

430 3737 495 3789 ut
522 3734 679 3804 operi
713 3735 946 3805 utrique
977 3752 1088 3790 non
1124 3736 1407 3805 deessem,
1441 3735 1542 3789 uni
1574 3736 1800 3800 diebus,
1835 3735 2001 3790 alteri
2034 3736 2325 3800 noctibus,
2360 3735 2591 3806 quando
2625 3733 2767 3788 mihi
2809 3734 2880 3788 ab
2911 3733 3041 3789 aliis
3069 3733 3550 3804 occupationibus
3587 3735 3731 3791 hinc
3761 3740 3852 3791 at-

432 3839 546 3894 que
575 3823 710 3879 hinc
735 3824 933 3879 venire
965 3841 1078 3880 non
1111 3824 1529 3881 desistentibus
1560 3830 1912 3896 parceretur.
1946 3825 2200 3897 Agebam
2233 3841 2365 3879 vero
2410 3840 2530 3879 rem
2575 3823 2897 3895 plurimum
2934 3824 3320 3879 necessariam
3347 3838 3359 3877 :
3396 3839 3531 3877 nam
3565 3829 3857 3880 retracta-

433 3911 569 3966 bam
600 3911 885 3982 opuscula
916 3928 1065 3978 mea,
1099 3917 1155 3968 et
1185 3913 1232 3968 si
1269 3913 1410 3983 quid
1445 3913 1502 3968 in
1530 3913 1615 3968 eis
1645 3930 1738 3968 me
1767 3914 2104 3978 offenderet,
2135 3913 2221 3968 vel
2256 3912 2399 3968 alios
2431 3912 2722 3967 offendere
2768 3916 2984 3982 posset,
3020 3911 3232 3982 partim
3264 3912 3656 3981 defendendo,
3693 3915 3856 3985 quod

433 4000 543 4072 legi
578 4000 812 4054 deberet
841 4005 896 4054 et
923 4004 1117 4072 posset
1146 4002 1448 4070 operabar.
1481 4002 1550 4057 Et
1580 4001 1694 4056 duo
1723 4003 2023 4056 volumina
2045 4003 2169 4072 jam
2196 4001 2580 4066 absolverem,
2617 4000 2942 4055 retractatis
2973 4000 3247 4055 omnibus
3277 3999 3443 4055 libris
3494 4001 3667 4069 meis,
3720 4019 3862 4073 quo-

431 4105 564 4145 rum
597 4104 906 4143 numerum
943 4089 1273 4144 nesciebam
1302 4106 1314 4143 :
1340 4105 1554 4161 eosque
1584 4090 1868 4145 ducentos
1899 4089 2135 4161 triginta
2169 4091 2316 4146 duos
2345 4106 2473 4145 esse
2503 4091 2765 4160 cognovi.
2802 4089 3118 4145 Restabant
3143 4089 3419 4159 epistolas,
3453 4090 3667 4147 deinde
3701 4095 3862 4147 trac-

431 4180 590 4232 tatus
623 4176 952 4248 populares,
987 4194 1134 4248 quos
1166 4177 1343 4233 Graeci
1377 4177 1649 4234 homilias
1679 4183 1904 4233 vocant.
1941 4181 2008 4233 Et
2034 4178 2320 4250 plurimas
2346 4181 2469 4248 jam
2503 4177 2880 4249 epistolarum
2916 4177 3192 4248 legeram,
3228 4179 3327 4232 sed
3360 4178 3552 4233 adhuc
3575 4179 3732 4234 nihil
3768 4181 3862 4234 in-

433 4266 503 4320 de
535 4267 910 4330 dietaveram,
945 4283 1076 4321 cum
1111 4284 1202 4321 me
1236 4269 1407 4322 etiam
1440 4267 1535 4321 isti
1566 4267 1786 4322 Juliani
1817 4267 1948 4322 libri
1981 4283 2263 4339 occupare
2297 4274 2611 4338 coeperant,
2641 4283 2888 4337 quorum
2923 4284 3076 4321 nunc
3106 4273 3313 4336 quarto
3346 4269 3709 4338 respondere
3743 4287 3869 4324 cm-

431 4355 510 4425 pi.
545 4354 786 4418 Quando
816 4371 951 4425 ergo
984 4355 1040 4408 id
1073 4355 1450 4425 explicavero,
1473 4355 1792 4426 quintoque
1826 4357 2267 4427 respondero,si
2301 4362 2418 4412 tres
2453 4374 2564 4411 non
2593 4356 3054 4426 supervenerint,
3089 4357 3336 4427 dispono
3370 4357 3440 4427 (si
3474 4357 3628 4412 Deus
3665 4358 3869 4414 volue-

431 4441 524 4512 rit)
555 4449 610 4497 et
639 4444 793 4513 quod
826 4444 1017 4513 poscis
1044 4443 1317 4514 incipere,
1350 4445 1527 4499 simul
1559 4462 1737 4517 agens
1770 4451 2103 4516 utrumque,
2135 4451 2192 4501 et
2214 4446 2320 4501 hoc
2353 4446 2593 4512 scilicet,
2625 4450 2682 4500 et
2712 4444 2856 4499 illud
2889 4445 2959 4499 de
2982 4446 3389 4502 retractatione
3416 4445 3858 4517 opusculorum

432 4546 714 4597 meorum,
751 4533 1051 4588 nocturnis
1106 4538 1163 4588 et
1192 4534 1419 4589 diurnis
1449 4534 1811 4605 temporibus
1837 4534 1895 4588 in
1930 4534 2164 4606 singula
2194 4535 2544 4591 distributis.

503 4621 552 4674 3.
591 4621 706 4676 Hoc
738 4622 866 4676 ideo
901 4622 1188 4677 insinuavi
1223 4623 1526 4679 Sanctitati
1553 4629 1685 4690 tuas,
1720 4629 1785 4678 ut
1816 4629 2098 4695 quantum
2134 4624 2236 4678 tibi
2273 4624 2630 4679 desiderium
2663 4629 2751 4679 est
2781 4623 3050 4680 sumendi
3082 4625 3236 4694 quod
3270 4624 3482 4696 poscis,
3539 4628 3706 4682 tanto
3745 4627 3864 4682 ﬂa-

431 4709 698 4781 grantius
729 4728 762 4765 a
794 4713 1036 4767 Domino
1069 4712 1210 4766 mihi
1247 4730 1452 4784 poscas
1483 4713 1858 4782 adjutorium,
1892 4730 2007 4784 quo
2041 4714 2284 4768 serviam
2320 4714 2599 4769 laudabili
2631 4715 2824 4769 studio
2856 4719 2972 4777 tuo,
3007 4718 3182 4784 atque
3216 4713 3453 4768 utilitati
3479 4731 3681 4770 eorum
3721 4717 3863 4788 qui-

431 4797 545 4853 bus
601 4798 656 4853 id
714 4800 1013 4855 existimas
1043 4802 1438 4871 profuturum,
1469 4803 1704 4857 domine
1733 4803 2038 4858 sinceriter
2075 4803 2464 4859 delectissime
2513 4805 2708 4857 frater.
2741 4803 3092 4857 Commendo
3122 4802 3334 4857 iterum
3369 4802 3745 4874 perlatorem,
3803 4809 3865 4860 et

431 4887 730 4960 negotium
789 4894 1025 4960 propter
1080 4890 1232 4959 quod
1265 4906 1330 4945 eo
1363 4892 1610 4961 perrexit
1639 4907 1651 4955 ;
1685 4889 1734 4945 si
1767 4891 2104 4962 cognoveris
2162 4891 2317 4960 apud
2352 4907 2520 4961 quem
2557 4892 2848 4962 agendum
2882 4890 2980 4955 sit,
3012 4894 3142 4960 peto
3186 4907 3255 4946 ne
3296 4892 3491 4963 pigeat
3545 4893 3860 4963 adjuvare.

430 4975 557 5031 Non
591 4975 746 5031 enim
779 4993 1097 5048 possumus
1155 4979 1533 5035 necessitates
1591 4979 1899 5034 hominum
1932 4980 2223 5050 ejusmodi
2257 4981 2543 5046 deserere,
2574 4979 2674 5051 qui
2703 4979 2888 5034 nostri
2921 4996 3035 5034 non
3067 4978 3278 5047 coloni,
3311 4981 3433 5052 sed,
3461 4980 3616 5052 quod
3647 4981 3858 5052 majus

431 5069 539 5137 est,
567 5066 776 5122 fratres
806 5070 964 5134 sunt,
997 5070 1053 5122 et
1082 5066 1139 5122 in
1171 5067 1450 5124 cbaritate
1482 5068 1695 5124 Christi
1727 5069 1798 5124 ad
1831 5085 2034 5124 curam
2062 5069 2353 5141 pertinent
2385 5074 2665 5125 nostram.
2701 5073 2814 5124 Deo
2845 5068 3022 5124 vivas.
