4058 6180
263 338 328 402 25
1666 322 1902 389 LIBER
1946 319 2177 385 UNUS.

328 469 443 529 LIV.
678 464 917 529 Aetiani,
948 462 1045 536 qui
1069 469 1124 520 et
1150 461 1505 520 Eunomiani.

324 562 421 617 LV.
670 552 1109 627 Apollinaristee.

325 647 445 706 LVI.
678 642 1179 701 Antidicomaritz’.

324 737 468 793 LVII.
666 732 1013 802 Massaliani,
1043 732 1158 786 sive
1188 727 1451 786 Euchitae.

324 826 493 884 LVIII.
672 820 1186 891 Metangismonitw.

328 914 438 972 LIX.
676 911 740 967 Ss
749 908 1017 978 leuciani,
1050 907 1132 964 vel
1160 905 1466 963 Hermianl.

326 1003 419 1061 LX.
683 1000 1066 1056 Proclianitae.

328 1093 445 1149 LXI.
682 1090 1011 1147 Patriciani.

327 1181 472 1238 LXII.
676 1179 897 1235 Ascitae.

326 1269 490 1327 LXIII.
666 1265 1196 1337 Ραδδαισνυηονιίω.

329 1358 493 1415 1.x1v.
674 1356 924 1428 Aquarii.

329 1446 463 1502 LXV.
678 1443 1017 1501 Coluthiani.

327 1535 491 1592 LXVI.
676 1533 1010 1590 Floriniani.

325 1624 515 1681 LXVII.
676 1623 752 1679 De
780 1621 975 1677 mundi
1001 1623 1153 1676 statu
1176 1618 1580 1676 dissentientes.

324 1713 541 1769 LXVIII.
673 1711 849 1770 Nudis
876 1709 1102 1782 pedibus
1129 1708 1488 1763 ambulantes.

322 1803 485 1859 LXIX.
678 1801 1000 1867 Donatistae,
1029 1799 1147 1855 sive
1176 1797 1497 1852 Donationi.

326 1891 475 1948 LXX.
688 1890 1155 1945 Priscillianistae.

325 1978 489 2036 LXXI.
692 1979 837 2034 Cum
863 1976 1179 2032 hominibus
1204 1990 1319 2031 non
1346 1973 1759 2030 manducantes.

325 2068 519 2125 LXXII.
694 2067 1034 2125 Rhetoriani.

323 2154 544 2211 LXXIII.
698 2152 907 2210 Christi
951 2152 1309 2210 divinitatem
1350 2149 1668 2223 passibilem
1696 2147 1883 2204 dicen-

762 2251 859 2298 les.

323 2331 545 2389 LXXIV.
696 2332 1019 2404 Triformem
1050 2331 1223 2388 Deum
1250 2334 1530 2403 putantes.

325 2420 513 2477 LXXV.
699 2422 911 2493 Aquam
940 2422 1049 2477 Deo
1078 2428 1410 2478 coaeternam
1431 2418 1686 2474 dicentes.

325 2509 542 2567 LXXVI.
635 2586 650 2595 .
703 2511 1009 2581 Imaginem
1031 2510 1132 2567 Dei
1154 2524 1263 2565 non
1292 2524 1405 2565 esse
1431 2509 1679 2564 animam
1696 2506 1889 2562 dicen-

774 2607 870 2656 tes.

325 2688 569 2746 LXXVII.
718 2689 1158 2746 Innumerabiles
1183 2687 1416 2743 mundos
1436 2686 1742 2758 opinantes.

325 2775 600 2834 LXXVIII.
724 2778 950 2833 Animas
1005 2778 1250 2833 converti
1296 2778 1357 2832 in
1404 2775 1676 2831 daemones
1722 2776 1775 2829 et
1830 2772 1892 2827 in

781 2881 1138 2937 quammque
1164 2866 1439 2921 animalia
1464 2864 1868 2921 existimantes.

324 2951 530 3011 LXXIX.
696 2955 1105 3012 Liberationem
1134 2958 1381 3012 omnium
1401 2952 1549 3026 apud
1578 2952 1786 3023 inferos
1809 2954 1893 3023 fa-

774 3049 920 3101 ctam
952 3044 1164 3101 Christi
1191 3044 1534 3100 descensione
1559 3040 1853 3097 credentes.

324 3134 533 3188 LXXX.
705 3132 907 3190 Christi
924 3134 990 3189 de
1012 3136 1178 3190 Patre
1192 3133 1483 3190 nativitati
1504 3131 1736 3186 initium
1761 3131 1890 3185 tem-

770 3223 921 3295 poris
952 3222 1165 3279 dantes.

321 3315 560 3369 LXXXI.
711 3312 1079 3383 Luciferiani.

319 3404 590 3457 LXXXII.
715 3402 1115 3458 Jovinianistse.

320 3493 622 3546 LXXXIII.
712 3488 957 3546 Arabiei.

318 3582 615 3635 LXXXIV.
715 3579 1047 3636 Helvidiani.

318 3668 587 3724 LXXXV.
722 3668 1071 3733 Paterniani,
1102 3667 1215 3724 sive
1249 3666 1594 3722 Venustiani.

316 3757 609 3814 LXXXVI.
720 3756 1169 3812 Tertullianistat.

317 3846 640 3901 LXXXVII.
718 3845 1001 3902 Abeloitoe.

315 3934 656 3991 LXXXVIII.
717 3934 1026 4007 Pelagiani,
1057 3935 1154 4006 qui
1180 3941 1233 3991 et
1265 3932 1592 3989 Caelestiani.

315 4112 353 4168 I.
384 4114 708 4171 Suionum
757 4129 792 4168 a
836 4110 1074 4168 Simone
1125 4110 1451 4182 mago,qui
1486 4109 1813 4182 baptizatus
1863 4125 1899 4165 a

258 4202 511 4275 Philippo
539 4202 808 4267 diacono,
839 4202 994 4257 sicut
1023 4202 1083 4256 in
1106 4201 1343 4256 Actibus
1371 4198 1783 4271 Apostolorum
1814 4197 1894 4254 le-

254 4292 413 4363 gitur,
442 4290 703 4365 pecunia
743 4289 927 4346 voluit
957 4306 989 4345 a
1019 4289 1242 4345 sanctis
1289 4287 1582 4360 Apostolis
1612 4304 1805 4344 emere
1834 4292 1900 4343 ut

254 4381 410 4436 etiam
444 4397 554 4453 per
585 4379 1022 4452 impositionem
1055 4394 1265 4434 manus
1295 4379 1424 4448 ejus
1448 4378 1685 4432 daretur
1714 4377 1897 4449 Spiri-

254 4471 335 4524 tus
363 4475 636 4526 sanctus.
669 4468 772 4525 Hic
802 4466 1047 4541 magicis
1082 4465 1325 4523 fallaciis
1348 4467 1651 4538 deceperat
1682 4465 1899 4522 multos

249 4558 369 4627 (Act.
400 4576 532 4629 vm,
564 4558 747 4629 9-19).
780 4558 1035 4614 Docebat
1063 4559 1261 4612 autem
1294 4556 1700 4612 detestandam
1717 4554 1901 4626 turpi-

249 4649 503 4705 tudinem
558 4648 960 4703 indifferenter
1008 4646 1208 4703 utendi
1258 4644 1515 4701 feminis.
1566 4644 1679 4700 Nec
1711 4643 1895 4699 Deum

246 4737 440 4794 fecisse
471 4738 772 4794 mundum
804 4736 1053 4793 dicebat.
1079 4736 1341 4809 Negabat
1372 4734 1551 4790 etiam
1584 4732 1779 4788 carnis
1808 4748 1897 4787 re-

249 4827 689 4883 surrectionem.
713 4826 783 4880 Et
803 4826 1101 4881 asserebat
1134 4842 1194 4880 se
1213 4841 1340 4880 esse
1370 4822 1689 4879 Christum.
1712 4822 1897 4877 Idem-

250 4928 351 4984 que
376 4914 592 4971 Jovem
625 4929 688 4969 se
734 4913 889 4969 credi
919 4912 1191 4981 volebat;
1246 4912 1565 4968 Minervam
1610 4928 1744 4967 vero
1775 4925 1897 4965 me-

250 5004 510 5059 retricem
564 5002 884 5073 quamdam
932 5000 1252 5071 Helenen‘,
1308 5017 1480 5071 quam
1515 5000 1627 5055 sibi
1677 4999 1897 5055 sociam

249 5091 534 5150 scelerum
562 5091 795 5157 fecerat,
828 5089 1227 5161 imaginesque
1256 5093 1314 5144 et
1345 5105 1514 5143 suam
1545 5092 1602 5143 et
1631 5087 1896 5159 ejusdem

252 5182 576 5238 meretricis
635 5178 939 5251 discipulis
996 5178 1120 5235 suis
1196 5177 1492 5250 prabebat
1547 5176 1895 5242 adorandae,

249 5286 384 5341 quas
417 5274 479 5326 et
528 5270 743 5325 Romae.
773 5272 1056 5338 tanquam
1107 5266 1351 5321 deorum
1404 5264 1718 5321 simulacra
1760 5281 1897 5320 auc~

249 5360 480 5416 toritate
511 5356 750 5431 publica
800 5355 1203 5413 constituerat.
1248 5354 1314 5410 In
1346 5370 1461 5426 qua
1491 5354 1635 5409 urbe
1664 5356 1895 5424 aposto-

300 5588 315 5622 ¹
348 5584 517 5641 Editi.
552 5580 784 5637 Selenen,
821 5582 887 5631 At
915 5580 1040 5630 Mss.
1071 5578 1332 5637 Helenam,
1364 5582 1473 5637 aut,
1504 5577 1727 5627 Helenen
1757 5594 1775 5627 :
1802 5592 1893 5628 ve-

247 5650 359 5699 rius.
392 5647 559 5697 Hanc
586 5645 730 5693 enim
751 5643 933 5692 Simon
964 5643 1222 5693 delirabat
1250 5643 1411 5692 fuisse
1436 5642 1692 5691 Helenam
1721 5642 1891 5704 ipsam

250 5713 557 5771 Trojanam,
586 5722 651 5757 ex
696 5706 1036 5771 Tertulliani),
1074 5706 1164 5756 lib.
1214 5707 1279 5771 de
1327 5707 1529 5771 Anima,
1553 5718 1677 5771 ‘cap.
1722 5706 1801 5764 34,
1831 5718 1897 5753 ex

414 5767 554 5832 tria,
581 5775 682 5820 etc.
711 5767 908 5832 Elenen
931 5770 1092 5819 etiam
1114 5767 1764 5832 inominatEpiphanius,
1796 5779 1898 5817 nec

250 5834 393 5889 aliter
418 5830 797 5888 Datamenus
822 5831 880 5883 in
908 5844 1069 5898 opere
1096 5831 1161 5884 de
1190 5830 1514 5882 Hareslbus.

3544 298 3626 361 26

1983 451 2079 509 lus
2109 454 2314 509 Petrus
2343 465 2478 508 eum
2507 464 2644 506 vera
2688 445 2901 503 virtute
2930 441 3031 499 Dei
3079 433 3493 511 omnipotentis
3525 445 3626 490 ex‘

1986 541 2190 597 stinxit
2213 544 2254 595 ί.

2048 654 2119 705 II.
2152 650 2559 705 MENANDRIANI
2600 662 2635 700 a
2680 640 2995 699 Menandro
3026 637 3201 694 etiam
3250 636 3379 708 ipso
3432 649 3624 705 mago,

1977 739 2263 812 discipulo
2292 740 2442 811 ejus,
2475 734 2575 807 qui
2626 732 2910 787 mundum
2943 726 3243 784 asserebat
3274 741 3388 781 non
3420 740 3455 780 a
3483 723 3623 792 Deo,

1979 831 2079 886 sed
2112 830 2183 884 ab
2214 826 2449 899 Angelis
2479 825 2722 880 factum.

2050 936 2146 991 III.
2178 937 2578 992 Sarnammam
2603 931 2624 964 ²
2651 947 2683 985 a
2713 927 2967 999 quodam
2999 920 3335 988 Saturnino,
3374 919 3474 992 qui
3504 923 3626 974 tur-

1981 1025 2306 1097 pitudinem
2346 1019 2745 1077 Simonianam
2778 1016 2837 1070 in
2886 1013 3052 1087 Syria
3082 1012 3459 1067 confirmasse
3489 1024 3628 1080 per-

1978 1114 2214 1171 hibetur
2248 1131 2260 1168 :
2296 1111 2393 1183 qui
2419 1110 2593 1166 etiam
2626 1106 2917 1162 mundum
2949 1101 3105 1158 solos
3136 1098 3373 1172 angelos
3403 1101 3628 1169 septem

1981 1207 2189 1276 praeter
2219 1199 2636 1257 conscientiam
2656 1197 2679 1233 ³
2710 1196 2807 1251 Dei
2840 1192 3027 1250 Patris
3057 1190 3263 1246 fecisse
3287 1186 3531 1242 dicebat.

2054 1309 2143 1366 IV.
2177 1309 2526 1365 BASILIDIANI
2556 1323 2591 1361 a
2622 1303 2893 1368 Basilide,
2929 1299 3029 1371 qui
3062 1298 3171 1352 hoc
3197 1292 3452 1350 distabat
3482 1307 3516 1344 a
3544 1289 3629 1345 Si-

1983 1398 2297 1465 monianis,
2330 1397 2485 1469 quod
2512 1398 2803 1451 trecentos
2825 1388 3128 1460 sexaginta
3157 1384 3421 1456 quinque
3451 1378 3630 1435 caelos

1984 1504 2111 1544 esse
2151 1467 2399 1557 dicebat,
2436 1501 2549 1557 quo
2605 1497 2849 1538 numero
2883 1480 3109 1534 dierum
3163 1487 3353 1530 annus
3382 1467 3630 1524 includi-

1983 1582 2100 1633 tur.
2134 1576 2298 1631 Unde
2341 1574 2518 1630 etiam
2568 1570 2736 1643 quasi
2768 1573 3038 1625 sanctum
3088 1578 3300 1619 nomen
3332 1573 3635 1615 commen-

1988 1665 2185 1732 dabat,
2221 1663 2373 1735 quod
2431 1666 2541 1731 est,
2576 1657 2812 1734 ἄβρασαξ
2835 1658 2877 1723 ⁸,
2917 1655 3082 1724 cujus
3129 1649 3386 1707 nominis
3430 1646 3633 1702 litterae

1985 1754 2309 1810 secundum
2341 1767 2586 1824 graecam
2618 1746 3092 1820 supputationem
3127 1738 3397 1795 eumdem
3432 1749 3635 1790 nume-

1986 1858 2115 1897 rum
2150 1820 2462 1912 complent.
2497 1840 2646 1894 Sunt
2675 1836 2829 1892 enim
2866 1836 3111 1905 septem,
3144 1849 3196 1896 α,
3231 1837 3288 1883 et
3315 1820 3370 1893 6,
3403 1828 3460 1880 et
3489 1841 3541 1897 ρ,
3572 1824 3631 1877 et

1984 1950 2037 2000 α,
2071 1935 2128 1987 et
2157 1950 2206 2000 σ,
2240 1934 2297 1986 et
2323 1949 2374 2000 α,
2403 1932 2459 1985 et
2491 1926 2513 1997 ξ
2543 1945 2555 1983 :
2590 1926 2647 1981 id
2679 1929 2768 1981 est
2798 1938 3005 1991 unum,
3032 1923 3089 1975 et
3121 1920 3258 1984 duo,
3285 1919 3343 1971 et
3371 1916 3628 1980 centum,

1986 2023 2043 2075 et
2073 2022 2282 2085 u‘num,
2317 2022 2371 2074 et
2402 2018 2669 2085 ducenta,
2702 2017 2759 2071 et
2805 2027 3009 2079 unum,
3043 2012 3101 2065 et
3131 2004 3467 2077 sexaginta;
3502 2014 3628 2071 quae

1987 2108 2140 2163 fiunt
2170 2108 2229 2161 in
2258 2123 2493 2162 summa
2523 2108 2779 2160 trecenta
2808 2099 3110 2171 sexaginta
3138 2095 3398 2168 quinque
3417 2091 3458 2145 ⁵.

2058 2214 2126 2269 ν.
2158 2214 2483 2269 NICOLAI'I’IE
2512 2229 2545 2266 a
2584 2209 2818 2266 Nicolao
2870 2204 3155 2262 nominati
3205 2204 3362 2264 sunt,
3395 2213 3532 2264 uno,
3564 2198 3630 2250 ut

1988 2303 2349 2377 perhibetur,
2382 2319 2450 2357 ex
2478 2300 2595 2355 illis
2626 2303 2847 2369 septem
2888 2311 3033 2367 quos
3064 2289 3323 2364 Apostoli
3356 2287 3630 2377 diaconos

1990 2373 2407 2449 ordinaverunt
2436 2389 2571 2459 (Act.
2606 2405 2682 2456 v1,
2715 2386 2792 2459 5).
2817 2386 2930 2441 Iste
2962 2399 3096 2438 cum
3128 2382 3198 2435 de
3226 2377 3347 2434 zelo
3371 2373 3634 2447 pulcher—

1992 2483 2153 2539 rimae
2185 2480 2451 2552 conjugis
2483 2477 2833 2550 culparetur,
2858 2472 3016 2529 velut
3045 2467 3334 2542 purgandi
3364 2480 3426 2521 se
3456 2479 3637 2519 causa

1992 2550 2331 2644 permisisse
2368 2550 2570 2638 I‘ertur,
2604 2570 2669 2621 ut
2716 2582 2784 2620 ea
2812 2562 2911 2636 qui
2941 2559 3114 2617 vellet
3160 2559 3438 2613 uteretur.
3472 2550 3634 2620 Quod

1992 2661 2121 2732 ejus
2152 2660 2369 2714 factum
2392 2657 2451 2712 in
2474 2659 2692 2711 sectam
2708 2651 3114 2724 turpissimam
3133 2660 3368 2702 versum
3391 2645 3495 2708 est,
3515 2656 3635 2711 qua

1994 2748 2180 2821 placet
2223 2764 2367 2803 usus
2415 2744 2753 2800 indifferens
2801 2741 3173 2795 feminarum.
3206 2734 3276 2790 Hi
3307 2750 3411 2789 nec
3461 2731 3532 2786 ab
3563 2728 3636 2785 iis

1995 2854 2121 2908 quas
2170 2835 2342 2891 idolis
2390 2832 2774 2889 immolantur
2819 2830 2980 2883 cibos
3029 2842 3167 2882 suos
3217 2825 3537 2895 separant:
3580 2822 3636 2875 et

1994 2925 2139 2980 alios
2171 2925 2317 2979 ritus
2348 2921 2651 2995 gentilium
2685 2917 3170 2990 superstitionum
3222 2928 3337 2967 non
3368 2925 3639 2966 aversan-

1992 3019 2092 3070 tur
2114 3014 2154 3068 ⁸.
2185 3013 2435 3069 Narrant
2464 3009 2637 3065 etiam
2668 3007 2940 3081 quadam
2995 3002 3263 3060 fabulosa
3291 3001 3362 3055 de
3393 2998 3638 3067 mundo,

1995 3103 2190 3159 nescio
2222 3119 2349 3173 qua:
2376 3100 2626 3155 barbara
2673 3097 3007 3169 principum
3041 3093 3279 3149 nomina
3327 3089 3639 3145 miscentes

1994 3189 2494 3263 disputationibus
2543 3186 2689 3254 suis,
2743 3184 2958 3258 quibus
2989 3184 3254 3252 terreant
3302 3179 3635 3234 auditores:

1996 3297 2122 3354 quas
2154 3278 2544 3352 prudentibus
2568 3276 2751 3332 risum
2774 3274 2969 3346 potius
3000 3271 3237 3336 faciunt,
3258 3285 3433 3341 quam
3463 3266 3636 3320 timo-

1995 3386 2140 3427 rem.
2192 3365 2606 3440 Intelliguntur
2635 3369 2826 3420 autem
2878 3361 3051 3418 etiam
3101 3360 3195 3415 isti
3228 3375 3342 3413 non
3390 3356 3506 3412 Deo
3535 3354 3639 3410 tri-

1995 3461 2172 3516 buere
2194 3438 2542 3523 creaturam,
2558 3455 2659 3510 sed
2690 3452 3043 3525 quibusdam
3066 3447 3474 3521 potestatibus,
3490 3438 3641 3518 quas

1998 3547 2252 3605 mirabili
2281 3546 2368 3602 vel
2399 3546 2631 3617 fingunt
2660 3542 2934 3610 vanitate,
2967 3539 3055 3595 vel
3088 3538 3349 3594 credunt.

2067 3656 2163 3709 VI.
2198 3656 2467 3710 GNOS’I‘ICI
2499 3654 2734 3724 propter
2764 3645 3159 3703 excellentiam
3193 3641 3444 3698 scientiae
3468 3640 3551 3695 sic
3582 3655 3643 3695 se

1998 3743 2320 3817 appellatos
2349 3757 2498 3807 esse,
2532 3738 2623 3794 vel
2654 3735 2935 3810 appellari
2966 3733 3237 3789 debuisse
3268 3730 3596 3802 gloriantur
3629 3744 3642 3783 :

1999 3847 2131 3886 cum
2158 3829 2276 3884 sint
2297 3825 2700 3899 superioribus
2722 3822 3004 3878 omnibus
3032 3821 3299 3875 vaniores
3324 3822 3496 3888 atque
3523 3821 3646 3871 tur-

2000 3919 2212 3992 piores.
2232 3916 2490 3988 Denique
2509 3930 2643 3969 cum
2664 3912 2736 3968 ab
2759 3910 2887 3967 aliis
2911 3915 3085 3981 atque
3110 3908 3242 3964 aliis
3266 3924 3365 3980 per
3389 3905 3646 3961 diversas

1999 4014 2289 4065 terrarum
2306 4009 2503 4078 partes
2518 4002 2687 4059 aliter
2700 4006 2873 4072 atque
2884 3999 3053 4056 aliter
3068 3999 3650 4069 nuncupentur,non-

2001 4097 2147 4153 nulli
2180 4113 2277 4153 eos
2312 4094 2488 4151 etiam
2539 4092 2872 4149 Borboritas
2904 4093 3128 4157 vocant,
3163 4087 3326 4160 quasi
3359 4101 3643 4155 cmnosos,

2004 4190 2237 4259 propter
2249 4184 2493 4241 nimiam
2512 4187 2571 4239 tu
2581 4181 2940 4255 rpitudinem
2955 4196 3130 4252 quam
3146 4178 3204 4233 in
3218 4177 3339 4233 suis
3356 4174 3649 4247 mysteriis

2002 4291 2266 4333 exercere
2315 4274 2610 4330 dicuntur.
2645 4269 2834 4342 Aliqui
2884 4285 2983 4325 eos
3008 4285 3042 4324 a
3071 4266 3371 4322 Nicolaitis
3420 4268 3649 4319 exortes

2004 4361 2436 4437 putant:aliqui
2467 4379 2500 4417 a
2529 4360 2895 4432 Carpocrate,
2921 4358 2992 4413 de
3024 4373 3136 4430 quo
3168 4360 3297 4427 post
3317 4345 3648 4427 loquemur.

2070 4581 2085 4614 ί
2114 4578 2209 4627 Hic
2235 4577 2291 4625 in
2337 4574 2495 4625 editis
2523 4572 2737 4623 additur
2764 4587 2776 4620 :
2814 4590 2837 4615 «
2871 4571 3083 4621 Dixerat
3111 4569 3249 4619 enim
3282 4581 3336 4617 se
3366 4568 3420 4617 in
3462 4572 3643 4617 monte

2005 4660 2029 4688 α
2061 4641 2179 4691 sine.
2208 4639 2380 4703 legem
2406 4637 2572 4703 Moysi
2606 4635 2858 4703 igﬂatris
2886 4646 3121 4703 persona
3164 4632 3372 4703 dedisse
3402 4630 3599 4703 Iudaeis
3630 4645 3643 4679 :

2006 4723 2032 4750 κ
2061 4695 2300 4766 tempore
2327 4695 2519 4766 Tiberii
2548 4700 2604 4747 in
2623 4699 2750 4766 ‘Filii
2781 4695 3268 4766 peranna_putative
3299 4695 3607 4766 apparuisse
3631 4707 3642 4740 :

2003 4784 2028 4812 α
2058 4759 2243 4828 postea
2271 4778 2327 4813 se
2371 4765 2427 4812 iu
2471 4759 2864 4828 linguisigneis
2893 4759 3142 4828 Spiritum
3192 4762 3436 4828 sanctum
3485 4769 3644 4817 super

2002 4845 2031 4877 ι
2059 4819 2343 4891 lpostolos
2367 4819 2577 4891 venisse
2612 4838 2625 4877 :
2653 4819 3127 4891 Christum—autem
3158 4834 3258 4870 nec
3288 4819 3513 4876 venisse,
3548 4831 3644 4866 nec

2005 4910 2029 4936 α
2061 4885 2316 4941 α’]υόωὶε
2345 4889 2636 4952 quidquam
2668 4885 2970 4952 pertulisse.
3003 4903 3027 4927 »

2065 4954 2089 4989 ³
2116 4952 2271 5015 Apud
2300 4942 2733 5014 Epiphanium’et
2763 4950 3147 5015 Damascenum
3179 4942 3527 5015 Saturniliani
3555 4955 3652 5015 ap:

2043 5006 2290 5071 elladtur.
2308 5006 2599 5075 eorumque
2621 5015 2829 5075 auctor,
2848 5008 3160 5075 Sqturnilus.
3174 5006 3279 5075 _S_ic
3310 5007 3464 5075 etiam
3498 5008 3653 5053 vocat

2035 5080 2245 5130 ustinus
2274 5069 2328 5125 in
2360 5069 2570 5137 dialogo
2601 5072 3052 5137 cumgTrypbone,
3087 5084 3148 5119 ac
3174 5069 3554 5137 Theodorelus.

2064 5143 2086 5179 ⁸
2116 5142 2264 5190 Unus
2292 5154 2320 5187 e
2349 5131 2613 5188 Vaticanis
2642 5131 2930 5193 codicibus,
2962 5137 3150 5197 praeter
3175 5131 3459 5180 scientiam.

2065 5205 2086 5240 ὀ
2117 5203 2200 5253 Sic
2229 5200 2578 5263 manuscripti
2624 5198 2924 5261 Epiphanio
2972 5201 3024 5247 et
3052 5198 3374 5245 Damasceno
3417 5203 3643 5240 consen-

2002 5267 2213 5315 tientes.
2245 5264 2311 5313 At
2339 5263 2484 5322 editi,
2506 5260 2759 5310 'abraaias.

2064 5330 2086 5363 ⁵
2114 5328 2363 5377 Veterum
2408 5316 2894 5386 manuscriptorum
2946 5319 3257 5386 auctoritate
3290 5316 3646 5386 espungimus

2000 5391 2163 5440 verba
2189 5390 2323 5447 haec,
2356 5401 2476 5451 quas
2506 5387 2571 5436 de
2602 5379 2935 5451 Basilidianis
2956 5379 3219 5451 haereticis
3249 5379 3375 5451 editi
3400 5379 3644 5451 addunt:

2003 5471 2028 5498 α
2059 5440 2322 5502 Mundam
2348 5440 2505 5501 istum
2534 5449 2619 5498 vel
2649 5449 2918 5497 hominem
2952 5457 3060 5493 non
3090 5443 3314 5492 credunt
3344 5456 3375 5491 a
3400 5442 3508 5491 Deo
3538 5440 3644 5490 fac-

2003 5534 2028 5562 (ι
2057 5520 2194 5571 tum,
2242 5514 2336 5563 sed
2385 5527 2416 5562 a
2461 5511 2831 5562 trecentesimo
2874 5506 3459 5571 sexagesimoquinto
3490 5504 3646 5553 caelo.

2003 5597 2027 5623 «
2062 5567 2335 5627 Amatoria
2381 5576 2613 5625 carmina
2662 5572 2897 5620 studiose
2948 5567 3173 5618 discunt.
3205 5567 3490 5617 A'Judaeis
3538 5579 3649 5615 non

2004 5660 2027 5684 α
2059 5640 2286 5689 credunt
2312 5639 2577 5688 Christum
2607 5634 2937 5689 crucifixum,
2963 5632 3054 5680 sed
3086 5631 3355 5682 Simonem
3384 5630 3649 5693 Cyrenen-

2003 5721 2027 5747 ιι
2058 5717 2189 5766 sem,
2220 5702 2310 5766 qui
2341 5700 2648 5766 angariatus
2676 5695 3136 5766 sustulitcrucem
3163 5692 3293 5755 ejus.
3328 5710 3350 5735 »

2062 5764 2085 5801 ⁸
2115 5754 2265 5823 Ιιόνῖ,
2310 5754 2443 5812 ηοηυ
2458 5761 2816 5810 adversantur.
2864 5758 3052 5809 Melius
3098 5754 3335 5806 ErIcum
3361 5754 3507 5815 Mss.,
3537 5764 3641 5801 non

1998 5828 2318 5879 aversantur.
