4084 6194
397 311 473 370 27
1489 306 1592 368 DE
1638 306 2127 384 HERESIBUS,
2174 307 2238 370 S.
2284 308 2707 400 AUGUSTINI

397 443 662 499 Tradunt
693 447 886 499 autem
927 444 1202 515 dogmata
1231 440 1682 497 fabulosissimis
1732 441 1900 512 plena
1931 440 2041 511 ﬁg-

399 534 613 588 mentis
646 548 659 588 :
692 537 863 588 etiam
897 532 1006 602 ipsi
1041 529 1394 602 principium
1439 530 1522 584 vel
1557 531 1896 601 angelorum
1932 546 2038 584 no-

387 621 648 677 minibus
679 621 1042 677 terribilibus
1093 620 1360 676 inﬁrmas
1394 619 1620 675 animas
1666 621 1943 691 capiunt;
1977 623 2033 673 et

381 709 452 764 de
486 710 597 764 Deo
630 726 941 779 rerumque
974 712 1200 779 natura,
1229 708 1496 764 fabulosa
1527 714 1584 764 et
1613 725 1646 763 a
1676 709 1924 763 sanitate
1941 723 2033 763 ve-

378 797 568 853 ritatis
598 798 788 853 aliena
819 798 1004 853 multa
1037 797 1736 853 contexunt.Animarum
1757 797 2029 852 substan-

377 887 541 949 tiam,
577 887 675 942 Dei
707 887 911 942 dicunt
941 903 1070 942 esse
1123 891 1418 955 naturam,
1450 902 1771 958 earumque
1813 886 2027 940 adven-

380 979 505 1030 tum
539 977 596 1030 in
631 977 750 1031 haec
782 992 1024 1047 corpora
1065 980 1122 1031 et
1166 976 1418 1032 reditum
1470 977 1540 1031 ad
1589 976 1770 1030 Deum
1819 975 2025 1031 iisdem

386 1064 510 1120 suis
545 1064 755 1120 fabulis
785 1064 1146 1136 longissimis
1178 1070 1235 1121 et
1284 1065 1652 1121 stultissimis
1702 1064 2028 1120 secundum

382 1170 522 1210 suos
552 1170 775 1208 errores
806 1154 1073 1210 inserunt
1104 1170 1116 1208 :
1150 1158 1208 1210 et
1232 1154 1376 1225 {illos
1407 1153 1505 1225 qui
1537 1153 1621 1210 eis
1651 1153 1897 1208 credunt
1945 1152 2029 1209 fa-

387 1243 569 1312 ciunt,
604 1259 717 1298 non
765 1242 970 1310 multa,
1005 1247 1070 1298 ut
1117 1247 1345 1315 putant,
1379 1242 1620 1298 scientia
1667 1241 2026 1314 praeponere,

383 1333 484 1388 sed
530 1331 734 1398 multa,
769 1336 832 1386 ut
878 1333 959 1387 ita
990 1332 1200 1400 dicam,
1237 1331 1605 1388 fabulositate
1654 1330 2024 1388 vanescere’.

381 1421 668 1477 Dicuntur
720 1438 954 1492 quoque
1003 1422 1221 1477 bonum
1273 1423 1448 1477 deum
1497 1426 1552 1477 et
1581 1421 1804 1479 malum
1851 1422 2028 1479 deum

383 1508 442 1564 in
475 1510 599 1565 suis
631 1510 844 1564 habere
875 1510 1270 1582 dogmatibus.

454 1599 574 1654 VIl.
609 1603 1061 1654 Caapocmvrum
1093 1603 1233 1654 sunt
1257 1617 1289 1654 a
1319 1600 1683 1671 Carpocrate,
1718 1599 1816 1672 qui
1855 1599 2026 1656 doce-

379 1687 482 1743 bat
508 1705 738 1744 omnem
769 1692 995 1760 turpem
1029 1690 1448 1760 operationem,
1486 1703 1832 1760 omnemque
1865 1689 2027 1744 adin-

377 1777 707 1832 ventionem
742 1778 957 1849 peccati
999 1795 1010 1833 :
1046 1796 1151 1834 nec
1186 1779 1353 1834 aliter
1381 1778 1542 1834 evadi
1576 1783 1751 1850 atque
1789 1778 2026 1834 transiri

380 1865 743 1939 principatus
787 1871 842 1921 et
874 1871 1214 1938 potestates,
1250 1869 1466 1939 quibus
1515 1868 1637 1923 ham
1682 1865 1929 1939 placent,
1964 1871 2028 1922 ut

380 1958 565 2026 possit
596 1957 662 2008 ad
696 1955 904 2010 cmlum
945 1957 1218 2028 superius
1251 1957 1558 2027 perveniri.
1593 1957 1694 2011 Hic
1725 1957 1898 2010 etiam
1931 1956 2024 2011 Je-

380 2060 508 2099 sum
556 2042 852 2098 hominem
901 2045 1329 2110 tantummodo,
1367 2049 1423 2098 et
1473 2044 1543 2098 de
1596 2049 1843 2114 utroque
1885 2058 2024 2097 sexu

385 2139 583 2187 natum
621 2136 860 2202 putasse
886 2132 1358 2202 perhibetur,sed
1393 2131 1685 2202 accepisse
1701 2130 1878 2186 talem
1901 2130 2024 2185 ani-

382 2236 562 2283 mam,
615 2237 731 2290 qua
779 2220 953 2276 sciret
1001 2238 1067 2277 ea
1119 2238 1247 2292 quis
1294 2237 1548 2291 superna
1593 2224 1811 2290 essent,
1853 2223 2025 2290 atque

381 2308 696 2362 nuntiaret.
713 2308 1217 2364 Resurrectionem
1237 2309 1494 2380 corporis
1516 2307 1692 2363 simul
1711 2325 1843 2363 cum
1877 2309 2024 2381 Lege

379 2395 708 2466 abjiciebat.
763 2397 1023 2470 Negabat
1069 2415 1104 2452 a
1150 2397 1264 2453 Deo
1316 2399 1555 2464 factum,
1602 2399 1702 2453 sed
1753 2413 1786 2452 a
1830 2397 2022 2453 nescio

380 2485 595 2556 quibus
643 2485 957 2541 virtutibus
1005 2487 1314 2541 mundum.
1367 2487 1545 2543 Sectaa
1601 2486 1791 2558 ipsius
1841 2485 2024 2542 fuisse

374 2574 630 2628 traditur
677 2575 945 2646 quaedam
996 2575 1351 2644 Marcelline,
1387 2593 1510 2646 quea
1545 2574 1772 2630 colebat
1814 2574 2022 2647 imagi-

377 2679 481 2718 nes
511 2663 650 2719 Jesu
683 2668 740 2718 et
767 2663 932 2719 Pauli
964 2669 1017 2720 et
1051 2665 1283 2720 Homeri
1311 2669 1368 2720 et
1403 2666 1756 2737 Pythagora,
1781 2665 2023 2719 adoran—

380 2751 452 2807 do
483 2752 906 2825 incensumque
938 2755 1225 2825 ponendo.

451 2840 598 2895 VIII.
637 2844 1004 2896 Csam'mum
1044 2859 1078 2896 a
1123 2841 1417 2907 Cerintho,
1467 2842 1762 2913 iidemque
1810 2841 2025 2896 Merin-

386 2929 566 2984 thiani
615 2946 648 2983 a
706 2929 1016 2996 Merintho,
1067 2931 1354 2984 mundum
1406 2931 1477 2985 ab
1536 2930 1761 3002 angelis
1804 2930 2023 2985 factum

381 3033 508 3072 esse
538 3018 816 3084 dicentes,
863 3022 918 3072 et
947 3034 1117 3072 carne
1165 3018 1504 3073 circumcidi
1534 3023 1817 3089 oportere,
1851 3024 2026 3090 atque

378 3104 492 3162 alia
524 3106 865 3176 hnjusmodi
899 3106 1067 3178 Legis
1098 3110 1381 3179 praecepta
1413 3108 1649 3163 servari.
1681 3108 1885 3165 Jesum
1917 3109 2025 3164 ho-

381 3195 598 3250 minem
649 3196 1060 3250 tantummodo
1092 3196 1293 3266 fuisse,
1338 3213 1440 3251 nec
1485 3198 1891 3263 resurrexisse,
1925 3198 2025 3253 sed

382 3288 852 3340 resurrecturum
906 3289 1325 3341 asseverantes.
1377 3286 1530 3341 Mille
1562 3303 1792 3358 quoque
1842 3303 2027 3342 annos

388 3377 521 3445 post
568 3374 1050 3429 resurrectionem
1082 3373 1141 3428 in
1188 3378 1416 3429 terreno
1445 3391 1621 3446 regno
1670 3375 1908 3441 Christi,
1940 3393 2028 3432 se-

385 3460 644 3516 cundum
689 3460 952 3516 carnales
999 3463 1219 3517 ventris
1267 3467 1324 3517 et
1371 3461 1634 3518 libidinis
1676 3462 2027 3534 voluptates,

278 3581 281 3583 -
384 3549 614 3604 futuros
647 3550 983 3605 fabulantur
1015 3566 1028 3606 :
1063 3551 1217 3606 unde
1247 3551 1420 3606 etiam
1440 3551 1730 3608 Chiliastae
1760 3557 1898 3608 sunt
1930 3571 2029 3626 ap-

382 3637 575 3710 pellati
609 3639 753 3708 (Vid.
789 3640 884 3694 lib.
918 3640 988 3693 2O
1013 3639 1078 3695 de
1112 3641 1346 3695 Civitate
1375 3641 1492 3708 Dei,
1519 3657 1640 3710 cap.
1672 3644 1727 3695 7.

457 3726 548 3780 IX.
582 3728 873 3797 NAZAREEI,
905 3722 1040 3784 cum
1078 3729 1172 3784 Dei
1229 3730 1436 3785 Filium
1469 3731 1858 3786 conﬁteantur
1905 3745 2034 3786 esse

389 3815 709 3887 Christum,
749 3818 946 3872 omnia
993 3823 1186 3873 tamen
1227 3818 1436 3873 veteris
1487 3819 1652 3890 Legis
1704 3820 2033 3885 observant,

393 3921 520 3976 quae
566 3905 879 3960 Christiani
922 3922 1025 3977 per
1072 3905 1449 3977 apostolicam
1499 3909 1872 3963 traditionem
1921 3925 2035 3962 non

391 3995 700 4050 observare
757 3994 1086 4064 carnaliter,
1139 3997 1239 4051 sed
1287 3995 1670 4067 spiritualiter
1715 3997 2036 4069 intelligere

398 4082 731 4138 didicerunt
767 4084 906 4139 (Vid.
942 4085 1040 4139 lib.
1078 4085 1102 4138 1
1143 4089 1332 4139 contra
1361 4084 1731 4152 Cresconium,
1772 4103 1890 4157 cap.
1923 4087 2034 4157 3t).

461 4170 525 4225 X.
563 4172 1128 4228 EmonmChristum
1153 4174 1328 4228 etiam
1351 4173 1465 4245 ipsi
1489 4175 1900 4229 tantummodo
1933 4175 2039 4231 ho-

391 4259 608 4314 minem
644 4260 866 4316 dicunt.
903 4261 1175 4316 Mandata
1219 4261 1479 4317 carnalia
1507 4261 1676 4334 Legis
1707 4263 2038 4332 observant,

392 4349 899 4404 circumcisionem
952 4349 1174 4405 scilicet
1221 4352 1438 4419 carnis,
1471 4356 1529 4406 et
1558 4357 1784 4417 caetera,
1817 4370 1850 4407 a
1897 4370 2038 4423 quo-

396 4454 531 4492 rum
576 4438 851 4493 oneribus
896 4455 998 4509 per
1044 4438 1267 4494 Novum
1317 4440 1762 4496 Testamentum
1811 4441 2038 4497 liberati

399 4542 628 4581 sumus.
683 4526 822 4581 Huic
855 4525 1058 4582 haeresi
1092 4526 1452 4598 Epiphanius
1492 4530 1814 4601 Sampsaeos
1864 4534 1920 4586 et
1950 4529 2038 4583 El-

394 4633 604 4672 cesaeos
639 4617 657 4649 ²
713 4615 793 4670 ita
834 4616 1085 4687 copulat,
1120 4621 1185 4671 ut
1227 4618 1336 4672 sub
1367 4620 1569 4674 eodem
1623 4636 1884 4688 numero,
1917 4623 2041 4675 tan-

397 4723 573 4778 quam
608 4722 726 4760 una
771 4706 848 4760 sit
877 4705 1135 4770 haeresis,
1173 4711 1368 4778 ponat,
1401 4707 1622 4778 aliquid
1673 4714 1868 4764 tamen
1898 4709 2042 4765 inte-

395 4812 553 4853 resse
608 4795 948 4865 signiﬁcans
982 4812 994 4850 :
1031 4795 1300 4866 quamvis
1343 4801 1392 4851 et
1445 4797 1502 4852 in
1538 4799 2042 4870 consequentibus

399 4885 678 4956 loquatur
709 4883 778 4937 de
809 4882 945 4953 illis,
969 4899 1195 4954 ponens
1226 4902 1323 4940 eos
1353 4887 1464 4940 sub
1499 4903 1741 4942 numero
1775 4904 1902 4943 suo.
1931 4889 2042 4943 Eu-

390 4975 588 5030 sebius
633 4989 765 5027 vero
817 4971 1230 5028 Elcesaitarum
1283 4980 1499 5029 sectam
1548 4991 2038 5047 commemorans,

395 5064 572 5118 fidem
603 5063 663 5117 in
692 5060 1090 5134 persecutione
1121 5062 1260 5117 dicit
1304 5065 1630 5136 negandam
1665 5065 1951 5135 docuisse,
1984 5070 2042 5121 et

396 5151 454 5205 in
488 5153 658 5206 corde
687 5150 1029 5206 servandam
1063 5150 1302 5221 (Euseb,
1335 5153 1430 5207 lib.
1464 5154 1517 5220 6,
1548 5170 1664 5225 cap.
1699 5154 1809 5225 38).

459 5267 474 5298 ί
508 5266 683 5332 Editio
709 5268 816 5324 Er.,
867 5283 892 5332 ᾳ
923 5280 1214 5332 earumque
1258 5268 1545 5332 adventum
1575 5270 1629 5332 in
1675 5269 1790 5318 haec
1822 5283 2044 5332 corpora

397 5343 426 5376 α
455 5341 574 5375 cum
601 5328 714 5394 aliis
753 5331 920 5379 aereis
951 5328 1229 5394 animabus
1260 5331 1445 5379 dicunt
1474 5331 1605 5388 ﬁeri,
1637 5346 1733 5393 per
1762 5346 1891 5394 quas
1914 5328 2041 5394 pec-

400 5408 426 5433 (ι
455 5394 571 5438 cata
600 5390 652 5436 iu
703 5394 1029 5461 corporibus
1043 5393 1446 5461 committuntur
1476 5408 1487 5442 :
1521 5390 1652 5441 nam'
1693 5390 2042 5461 illasani‘mas

397 5467 426 5499 α
455 5465 573 5515 qum
624 5464 692 5515 ea
719 5452 806 5499 Dei
839 5455 1133 5515 procedunt
1183 5456 1495 5512 substantia,
1527 5458 1719 5504 reverti
1758 5456 1820 5504 ad
1872 5458 2040 5505 Deum

393 5531 421 5581 ει
451 5512 1129 5581 ἰὼωίιαυιδῇβεξυίρυοῐιιι·
1163 5532 1376 5581 quoque
1423 5519 1623 5566 bonum
1657 5519 1841 5574 Deum,
1885 5535 1911 5564 »
1939 5524 2038 5568 etc.

394 5578 592 5626 Locum
623 5588 687 5622 ex
726 5577 845 5623 Mss.
871 5577 1260 5640 exemplaribus
1289 5577 1722 5645 redintegrarunt
1754 5582 2037 5630 Lovanien-

389 5652 492 5689 888.

458 5703 480 5736 ³
506 5702 565 5769 In
594 5698 824 5769 antiquis
863 5699 1154 5769 codicibus
1180 5705 1433 5769 scriptum
1466 5707 1761 5769 reperimus
1790 5717 1911 5753 cum
1929 5718 2039 5769 _as_-

395 5764 679 5831 piratione,
709 5760 1019 5831 Helenam;
1049 5767 1100 5812 et
1141 5760 1302 5825 intra,
1328 5760 1745 5831 Helcesaitarum,
1777 5781 1889 5826 seu,
1921 5766 2039 5818 Hel-

400 5826 698 5880 ceseitarum
726 5826 932 5876 sectam.

3718 315 3800 375 28

2219 441 2310 496 XI.
2332 445 2746 497 VALENTINIANI
2766 459 2796 497 a
2813 440 3146 509 Valentino,
3161 442 3261 514 qui
3284 444 3352 499 de
3374 447 3578 500 natura
3601 462 3793 503 rerum

2151 531 2332 584 multa
2365 531 2628 586 fabulosa
2646 531 2944 602 conﬁnxit,
2962 530 3206 603 triginta
3232 533 3464 600 Eonas,
3492 534 3549 589 id
3574 540 3682 603 est,
3698 552 3796 592 sea-

2135 618 2285 684 cula,
2321 635 2592 676 asserens
2641 620 2956 685 exstitisse,
2989 635 3241 691 quorum
3274 621 3629 693 principium
3663 641 3790 681 esse

2135 709 2491 779 profundum
2527 714 2583 764 et
2630 708 2956 780 silentium,
2989 710 3146 780 quod
3197 710 3558 781 profundum
3611 715 3787 770 etiam

2134 801 2358 868 patrem
2388 796 2642 868 appellat
2667 801 2707 852 ί.
2740 797 2822 852 Ex
2851 797 3068 868 quibus
3101 798 3330 854 duobus
3361 798 3521 855 velut
3551 817 3620 856 ex
3649 818 3787 857 con~

2125 886 2292 956 jugio
2324 887 2678 958 processisse
2697 887 2964 958 perhibet
2996 885 3358 942 intellectum
3379 892 3435 943 et
3457 889 3786 962 veritatem,

2132 980 2191 1032 et
2221 975 2530 1047 protulisse
2553 977 2612 1030 in
2644 976 2922 1032 honorem
2953 976 3137 1047 patris
3157 976 3369 1032 onnas
3399 982 3548 1034 octo.
3579 978 3661 1035 De
3691 980 3786 1034 in-

2131 1061 2367 1118 tellectu
2399 1066 2594 1119 autem
2627 1067 2682 1118 et
2704 1063 2944 1119 veritate
2967 1063 3322 1134 processisse
3347 1065 3591 1121 verbum
3615 1072 3673 1122 et
3702 1068 3784 1123 vi-

2131 1154 2269 1221 tam,
2304 1155 2360 1206 et
2389 1151 2704 1223 protulisse
2724 1153 2937 1208 [Eonas
2968 1153 3188 1208 decem.
3215 1157 3391 1210 Porro
3423 1155 3494 1210 de
3525 1156 3699 1212 verbo
3732 1163 3792 1213 et

2129 1241 2247 1296 vita
2277 1240 2635 1312 processisse
2666 1240 2962 1295 hominem
3015 1245 3071 1295 et
3099 1240 3445 1310 Ecolesiam,
3479 1247 3537 1298 et
3588 1249 3789 1316 protu-

2130 1328 2269 1384 lisse
2318 1330 2531 1385 onnas
2580 1329 2910 1385 duodecim.
2968 1333 3171 1401 Itaque
3225 1335 3352 1386 octo
3384 1339 3439 1387 et
3478 1333 3680 1388 decem
3730 1338 3790 1389 et

2131 1417 2440 1473 duodecim
2471 1418 2593 1473 ﬁeri
2628 1418 2868 1490 triginta
2909 1419 3143 1489 IEonas,
3176 1419 3486 1489 habentes,
3540 1426 3604 1477 ut
3634 1422 3787 1476 dixi-

2132 1523 2286 1574 mus,
2321 1506 2578 1578 primum
2613 1506 2964 1578 principium
3003 1508 3074 1563 de
3104 1509 3392 1580 profundo
3423 1511 3479 1564 et
3525 1509 3783 1566 silentio.

2129 1595 2432 1653 Christum
2466 1599 2662 1650 autem
2695 1600 2907 1667 apatre
2925 1595 3269 1666 missum,id
3293 1597 3782 1669 est,aprofundo,

2129 1684 2431 1757 spirituale
2460 1685 2547 1740 vel
2593 1683 2820 1740 caeleste
2851 1702 3064 1758 corpus
3116 1701 3315 1740 secum
3347 1685 3615 1742 attulisse
3648 1701 3662 1742 :
3693 1686 3786 1742 ni-

2129 1774 2328 1845 hilque
2360 1774 2758 1845 assumpsisse
2788 1773 2859 1829 de
2882 1774 3106 1846 virgine
3137 1773 3337 1846 Maria,
3363 1775 3463 1830 sed
3491 1791 3592 1846 per
3618 1774 3784 1831 illam

2128 1867 2404 1934 tanquam
2438 1880 2539 1935 per
2569 1864 2754 1920 rivum
2775 1864 2796 1898 ’
2829 1868 2930 1919 aut
2961 1880 3062 1935 per
3093 1862 3352 1919 ﬁstulam
3400 1863 3527 1920 sine
3559 1864 3680 1919 ulla
3711 1865 3782 1921 de

2128 1951 2228 2006 illa
2258 1958 2563 2024 assumpta
2595 1970 2767 2009 carne
2798 1953 3101 2009 transisse.
3126 1954 3147 1988 ³
3168 1953 3350 2024 Negat
3381 1953 3555 2009 etiam
3580 1970 3779 2010 resur-

2128 2041 2445 2096 rectionem
2476 2043 2689 2112 carnis,
2726 2043 2917 2097 solum
2950 2059 3052 2114 per
3084 2041 3384 2098 Christum
3416 2042 3693 2114 spiritum
3724 2048 3782 2100 et

2130 2128 2387 2185 animam
2420 2131 2671 2186 salutem
2704 2132 2962 2202 accipere
2993 2132 3322 2186 afﬁrmans.

2199 2219 2315 2275 XII.
2351 2219 2703 2276 Sscunnum
2724 2220 2746 2254 ‘
2777 2220 2885 2275 hoc
2911 2237 2945 2275 a
2984 2219 3409 2277 Valentinianis
3439 2220 3657 2277 distare
3688 2221 3782 2276 di-

2127 2311 2360 2376 cuntur,
2397 2309 2552 2380 quod
2587 2309 2812 2364 addunt
2841 2326 3016 2380 opera
3051 2308 3461 2380 turpitudinis.

2198 2395 2344 2452 XIII.
2391 2397 2749 2452 Pronsnmus
2803 2414 3035 2470 quoque
3085 2396 3416 2469 discipulus
3464 2396 3779 2470 Valentini,

2126 2485 2392 2541 haeresim
2426 2502 2635 2540 novam
2686 2488 2935 2542 condere
2983 2486 3247 2559 cupiens,
3282 2491 3536 2559 quatuor
3565 2487 3777 2544 [Eonas

2124 2578 2182 2630 et
2211 2573 2358 2630 alios
2392 2579 2643 2645 quatuor
2673 2592 2930 2630 asserere
2961 2574 3205 2644 maluit!

2197 2662 2341 2718 XIV.
2376 2663 2617 2718 MARCUS
2647 2664 2821 2718 etiam
2867 2660 3060 2719 nescio
3091 2663 3226 2734 quis
3257 2662 3526 2718 haeresim
3572 2663 3772 2720 condi-

2127 2751 2232 2822 dit,
2257 2767 2478 2823 negans
2512 2753 2996 2807 resurrectionem
3025 2752 3313 2817 carnis,et
3340 2751 3636 2807 Christum
3657 2769 3772 2807 non

2126 2855 2276 2906 vere,
2311 2841 2412 2895 sed
2443 2840 2703 2911 putative
2727 2857 2966 2912 passum
2996 2857 3356 2896 asseverans.
3386 2841 3511 2895 Duo
3542 2855 3773 2912 quoque

2128 2928 2398 2998 opinatus
2429 2933 2610 2984 estex
2659 2929 2902 2984 adverso
2936 2928 3047 2983 sibi
3099 2945 3227 2984 esse
3258 2927 3565 3001 principia,
3605 2927 3776 2999 quid-

2129 3016 2259 3070 dam
2295 3015 2409 3072 tale
2441 3017 2510 3071 de
2541 3016 2821 3071 [Eonibus
2853 3016 3024 3088 quale
3073 3016 3422 3072 Valentinus
3453 3018 3775 3074 afﬁrmans.

2199 3104 2312 3161 XV.
2345 3107 2718 3162 Cocoasasus
2739 3106 2759 3140 ⁵
2790 3111 3027 3162 secutus
3057 3110 3146 3162 est
3177 3106 3345 3173 istos,
3378 3122 3494 3162 non
3528 3106 3782 3162 multum

2133 3191 2304 3248 aliter
2334 3194 2804 3266 sentiens,vitam
2837 3195 3102 3250 omnium
3122 3194 3430 3250 hominum
3463 3200 3518 3250 et
3549 3211 3782 3267 genera-

2130 3283 2347 3339 tionem
2379 3284 2436 3337 in
2469 3288 2693 3354 septem
2726 3285 3023 3340 sideribus
3057 3285 3378 3340 consistere
3409 3284 3730 3340 afﬁrmans.

2203 3372 2340 3428 XVI.
2378 3373 2821 3428 Hsascceom'ra:
2850 3373 2921 3428 ab
2968 3372 3320 3428 Heracleone
3362 3372 3651 3443 discipulo
3683 3389 3783 3428 su-

2134 3460 2429 3533 periorum
2462 3462 2576 3516 duo
2607 3465 2880 3516 asserunt
2907 3461 3216 3533 principia,
3250 3477 3436 3516 unum
3479 3478 3547 3517 ex
3577 3461 3782 3530 altero,

2135 3553 2192 3605 et
2218 3566 2286 3604 ex
2307 3550 2399 3604 his
2431 3550 2662 3606 duobus
2679 3549 2792 3605 alia
2824 3549 3096 3621 plurima.
3116 3554 3407 3606 Feruntur
3427 3554 3619 3605 autem
3643 3567 3782 3607 suos

2137 3640 2453 3694 morientes
2503 3655 2647 3694 novo
2694 3639 2860 3694 modo
2891 3639 3058 3710 quasi
3093 3639 3397 3706 redimere,
3431 3639 3489 3695 id
3537 3644 3646 3709 est,
3682 3654 3785 3709 per

2138 3727 2354 3793 oleum,
2387 3726 2716 3782 balsamum
2749 3731 2804 3782 et
2837 3744 3073 3799 aquam,
3107 3731 3164 3784 et
3213 3728 3604 3784 invocationes
3635 3744 3783 3799 quas

2138 3816 2428 3872 hebraicis
2459 3817 2652 3872 verbis
2685 3817 2889 3871 dicunt
2917 3833 3094 3889 super
3124 3817 3314 3889 capita
3342 3833 3564 3873 eorum.

2211 3910 2389 3959 XVII.
2423 3905 2651 3960 Operm:
2683 3923 2716 3960 a
2746 3905 2983 3960 colubro
3014 3906 3301 3962 nominati
3331 3909 3470 3961 sunt
3502 3923 3514 3962 :
3549 3905 3786 3961 coluber

2139 3994 2294 4051 enim
2325 4011 2505 4066 graece
2536 3989 2658 4070 ὄφις
2689 3995 2923 4048 dicitur.
2953 3995 3117 4049 Hunc
3149 3999 3340 4050 autem
3373 3993 3670 4050 Christum
3702 4011 3787 4049 ar-

2141 4083 2433 4139 bitrantur
2465 4101 2478 4138 :
2513 4085 2611 4139 sed
2654 4082 2872 4138 habent
2918 4084 3090 4138 etiam
3123 4099 3325 4139 verum
3357 4083 3661 4138 colubrum
3694 4100 3788 4138 as-

2141 4178 2374 4229 suetum
2408 4188 2608 4228 eorum
2641 4187 2822 4244 panes
2866 4171 3142 4242 lambere,
3179 4175 3357 4244 atque
3388 4173 3470 4227 ita
3517 4171 3602 4227 eis
3631 4170 3792 4226 velut

2142 4262 2555 4318 eucharistiam
2615 4261 3002 4316 sanctiﬁcare.
3071 4261 3318 4327 Quidam
3379 4261 3580 4316 dicunt
3646 4260 3791 4316 istos

2143 4350 2387 4423 Ophitas
2437 4367 2505 4405 ex
2552 4348 2853 4405 Nicolaitis
2903 4349 3022 4405 sive
3070 4349 3363 4405 Gnosticis
3411 4349 3693 4416 extitisse,
3735 4353 3793 4405 et

2145 4455 2246 4513 per
2276 4456 2476 4495 eorum
2519 4438 2783 4495 fabulosa
2813 4439 3090 4509 figmenta
3141 4440 3214 4496 ad
3244 4438 3552 4496 colubrum
3603 4438 3792 4496 colen-

2144 4529 2284 4584 dum
2318 4528 2497 4585 fuisse
2523 4533 2862 4602 perventum
2883 4530 2925 4584 ⁸.

2213 4709 2228 4743 ¹
2259 4708 2629 4769 Michaelinus,
2676 4705 3010 4755 Colbertinus
3041 4708 3094 4754 et
3124 4705 3414 4755 Vaticanus
3457 4705 3666 4756 codices
3696 4705 3788 4756 ad-

2145 4773 2296 4827 dunt,
2327 4771 2584 4819 silentium
2613 4774 2850 4817 matrem.

2207 4836 2228 4869 ²
2254 4834 2431 4882 Editio
2456 4834 2560 4891 Er.,
2593 4836 2836 4891 tanquam
2858 4843 2959 4891 per
2984 4829 3192 4878 rimam.

2206 4897 2227 4930 ³
2257 4895 2409 4953 Quod
2439 4895 2525 4943 hic
2553 4895 2610 4943 in
2640 4891 2798 4942 editis
2847 4891 3020 4941 fuerat
3067 4893 3326 4941 additum.
3359 4911 3382 4938 «ι
3412 4893 3485 4941 De
3513 4891 3788 4953 trigesimo

2148 4978 2173 5004 «ι
2201 4959 2399 5007 saeculo
2443 4958 2570 5006 dicit
2616 4956 2886 5005 diabolum
2934 4955 3192 5018 genitum,
3223 4959 3276 5004 et
3321 4969 3352 5004 a
3390 4953 3790 5018 diabolo_alios

2148 5038 2174 5069 α
2202 5026 2358 5070 natos
2387 5021 2476 5070 aui
2520 5019 2744 5068 fecerint
2792 5016 3248 5066 hunc—mundum.
3280 5017 3340 5066 Et
3385 5017 3504 5066 ideo
3533 5016 3791 5067 malitiam

2148 5103 2172 5129 ‹‹
2205 5097 2312 5133 non
2345 5079 2565 5131 arbitrio
2597 5081 2800 5142 tribuit,
2830 5079 2923 5128 sed
2951 5084 3159 5130 naturae
3189 5079 3392 5140 mundi,
3415 5079 3470 5128 id
3501 5084 3580 5128 est
3608 5081 3793 5141 generi

2147 5166 2170 5190 «
2203 5146 2483 5203 diabolica,
2515 5165 2538 5188 η
2571 5143 2718 5193 abest
2744 5157 2774 5191 a
2803 5143 2926 5191 Mss.

2208 5210 2230 5245 ι
2258 5211 2383 5258 Lov.
2415 5202 2697 5270 etaliquot
2723 5207 2866 5270 Μίδᾳ..
2915 5202 3380 5270 Sevandiani.}_.lii
3412 5216 3533 5270 c_um
3560 5203 3789 5270 Er:,__Se-

2145 5271 2390 5321 cundiani
2416 5284 2434 5318 :
2465 5262 2692 5332 quorum
2724 5268 2924 5332 scilicet
2954 5267 3218 5332 princeps,
3248 5262 3509 5315 Sécundus
3538 5280 3569 5314 a
3595 5265 3794 5314 Philas-

2146 5335 2269 5392 trio,
2302 5329 2599 5395 Epiphanio
2630 5332 2768 5395 etab
2794 5331 2917 5395 aliis
2945 5329 3154 5395 dicitur.

2207 5399 2229 5432 ι
2260 5389 2594 5445 εοίηνίὸαςωη
2636 5393 2763 5443 editi
2794 5393 2912 5440 libri
2942 5391 3230 5452 appellant,
3262 5393 3466 5439 mutata
3504 5389 3668 5439 altera
3695 5403 3791 5440 vo-

2147 5459 2246 5508 cali
2276 5473 2305 5506 ο
2337 5459 2388 5506 in
2424 5471 2471 5510 α.
2506 5455 2885 5505 reluctantibus
2914 5454 3148 5515 antiquis
3177 5453 3468 5515 scripturis.

2208 5523 2228 5555 ⁶
2258 5522 2335 5569 Ita
2361 5522 2413 5568 in
2431 5521 2551 5568 Mss.
2567 5521 2628 5566 At
2644 5520 2697 5566 in
2711 5516 2918 5566 excusis
2931 5513 3443 5565 describituristhaec
3458 5515 3677 5564 heresis
3687 5513 3791 5563 hoc

2145 5582 2254 5650 {eis
2285 5584 2471 5650 modo,
2487 5597 2530 5650 α.
2545 5582 2697 5650 Hunc
2713 5584 2888 5650 autem
2911 5578 3303 5650 colubrumqui
3325 5578 3534 5650 decepit
3552 5577 3716 5626 Adam
3737 5580 3791 5625 et

2148 5661 2174 5692 ι(
2203 5647 2381 5702 Evam,
2413 5643 2677 5692 Christum
2694 5641 3048 5690 arbitrantur:
3070 5640 3159 5689 sed
3193 5639 3398 5702 habent,
3416 5639 3575 5702 etiam
3599 5652 3786 5688 verum

2148 5725 2174 5753 α
2202 5701 2494 5763 colubrum,
2522 5719 2679 5768 quem
2695 5704 3012 5768 nutriunt‘et
3025 5701 3510 5768 venerantur.Quid
3529 5705 3584 5768 et
3602 5702 3784 5752 incan-

2146 5788 2172 5816 α
2199 5774 2343 5833 tante
2359 5764 2633 5833 sacerdote
2653 5766 2923 5833 egreditur
2933 5764 3000 5833 de
3015 5765 3286 5833 spelunca,
3299 5769 3349 5815 et
3366 5764 3609 5833 ascendit
3621 5777 3784 5833 super

2146 5851 2171 5877 α
2202 5831 2633 5896 altare,tnnlxum
2647 5826 2990 5896 speluncam
3009 5826 3306 5881 oblationes
3325 5839 3510 5881 eorum
3520 5826 3786 5890 lambit,“
