4084 6194
341 316 430 377 33

346 446 450 502 hoc
478 443 619 517 quod
648 442 845 499 dicunt
876 447 1095 501 Patrem
1132 458 1245 498 non
1272 457 1385 500 esse
1414 459 1655 516 passum,
1689 442 2002 498 Noetianos

345 534 461 592 hoc
490 534 686 589 dicere
716 531 967 605 intelligi
992 532 1193 598 voluit,
1216 533 1351 604 quis
1372 532 1545 589 eosin
1579 531 1686 587 hac
1709 529 2000 604 ambigui-

346 626 469 679 tate
490 623 790 679 discernat
810 622 838 677 ?
866 621 972 677 Vel
1003 622 1296 694 quomodo
1323 625 1573 694 possunt
1592 618 1841 692 intelligi
1871 619 2001 691 qui-

1805 310 2038 371 LIBEB
2084 311 2321 373 UNUS.
3681 319 3763 379 ει

2112 442 2222 497 bus
2254 444 2573 514 quamlibet
2604 446 2877 503 maximis
2907 445 3203 515 ﬁnierunt,
3226 447 3424 519 ipsum
3455 449 3629 507 etiam
3660 467 3760 524 po-

2111 535 2326 585 stremo
2360 532 2657 589 diabolum
2680 541 2855 606 atque
2885 535 3125 607 angelos
3158 538 3307 607 ejus,
3332 538 3601 608 quamvis
3626 543 3758 611 post

2103 620 2457 691 longissima
2481 626 2760 694 tempora,
2780 629 3055 695 purgatos
3078 628 3252 696 atque
3272 624 3546 682 liberatos
3579 643 3756 700 regno

345 709 494 767 libet
522 726 724 767 eorum
754 710 984 766 Patrem
1010 727 1251 782 passum
1283 709 1465 766 fuisse
1495 727 1611 766 non
1641 709 2002 776 dicere,cum
2101 706 2203 763 Dei
2234 707 2462 780 lucique
2493 710 2817 779 restitui,et
2850 729 3053 769 rursus
3073 718 3204 785 post
3236 712 3584 787 longissima
3604 720 3759 772 tem-

346 798 554 855 dicant
577 799 856 855 eumdem
887 799 1083 871 ipsum
1113 816 1242 855 esse
1272 804 1330 854 et
1358 799 1582 854 Patrem
1615 803 1671 853 et
1702 796 1918 853 Filium
1948 800 2005 852 et

346 888 634 960 Spiritum
663 890 936 945 sanctum
959 887 987 942 ‘2
1007 887 1293 943 Philaster
1318 892 1511 943 autem
1532 886 1837 942 Brixianus
1859 884 2006 958 epis-

346 992 558 1049 cOpus,
610 976 671 1031 in
720 974 1118 1049 prolixissimo
1149 976 1299 1032 libro
1348 992 1524 1049 quem
1572 976 1643 1031 de
1686 975 2004 1032 haeresibus

344 1066 638 1137 condidit,
670 1068 728 1121 et
757 1069 993 1122 centum
1017 1068 1036 1103 ί
1067 1065 1273 1139 viginti
1305 1070 1435 1122 octo
1467 1065 1717 1121 hareses
1765 1064 2010 1120 arbitra-

346 1158 451 1212 tus
494 1158 587 1211 est
628 1155 1079 1227 computandas,
1138 1153 1504 1211 Sabellianos
1551 1153 1828 1209 continuo
1878 1156 2011 1225 post

347 1242 670 1303 Noetianos
696 1258 921 1316 ponens
945 1261 959 1300 :
987 1243 1281 1311 Sabellius,
1308 1243 1519 1316 inquit,
1543 1243 1849 1316 discipulus
1869 1244 2005 1315 ejus,

348 1335 454 1405 qui
500 1332 932 1388 similitudinem
978 1335 1068 1389 sui
1118 1334 1355 1389 doctoris
1412 1333 1604 1389 itidem
1649 1335 1863 1388 secutus
1910 1340 2009 1399 est,

346 1421 500 1477 unde
528 1427 582 1477 et
612 1421 924 1478 Sabelliani
939 1425 1125 1493 postea
1153 1426 1283 1477 sunt
1310 1422 1594 1494 appellati,
1618 1423 1715 1493 qui
1744 1430 1793 1476 et
1819 1421 2009 1477 Patri-

345 1513 624 1583 passiani,
654 1520 711 1567 et
733 1512 1018 1567 Praxeani
1046 1529 1080 1566 a
1109 1513 1348 1578 Praxea,
1379 1516 1437 1566 et
1480 1512 1916 1580 Hermogeniani
1943 1509 2011 1565 ab

348 1600 713 1670 Hermogene,
745 1601 843 1670 qui
875 1600 1107 1670 fuerunt
1135 1602 1196 1655 in
1224 1600 1438 1670 Africa,
1465 1601 1562 1670 qui
1590 1603 1642 1654 et
1671 1602 1749 1654 ita
1777 1598 2012 1653 sentien-

351 1697 439 1745 tes
492 1690 693 1761 objecti
718 1694 851 1744 sunt
879 1689 948 1744 ab
966 1690 1209 1745 Ecclesia
1237 1689 1523 1765 cathplica.
1549 1688 1713 1744 Certe
1742 1687 1854 1743 iste
1883 1704 2011 1745 eos-

351 1777 493 1833 dem
548 1781 750 1849 postea
808 1777 1169 1833 Sabellianos
1219 1776 1364 1832 dixit
1409 1775 1753 1849 appellatos,
1796 1777 1896 1848 qui
1946 1793 2014 1832 ea

353 1882 488 1940 quas
519 1870 738 1922 Noetus
786 1866 1154 1934 sentiebant;
1204 1870 1261 1922 et
1309 1865 1425 1922 alia
1455 1866 1697 1921 nomina
1744 1866 2011 1937 ejusdem

351 1961 530 2012 sectae
580 1956 1061 2011 commemoravit
1093 1972 1106 2012 :
1141 1959 1198 2010 et
1227 1959 1423 2011 tamen
1471 1954 1784 2011 Noetianos
1828 1960 1887 2010 et
1913 1955 2011 2009 Sa-

348 2042 645 2100 hellianos
675 2044 784 2100 sub
817 2044 1050 2100 duobus
1094 2046 1356 2100 numeris
1386 2048 1672 2115 tanquam
1717 2045 1864 2100 duas
1893 2044 2013 2099 har.-

350 2147 518 2190 resea
548 2133 779 2205 posuit;
816 2149 936 2204 qua
962 2148 1166 2200 causa,
1194 2132 1321 2205 ipse
1356 2132 1585 2189 viderit.

428 2221 598 2279 XLII.
633 2222 979 2280 ORIGBNIANI
1010 2239 1045 2279 a
1088 2222 1345 2294 quodam
1375 2221 1622 2294 Origene
1671 2221 1809 2278 dicti
1836 2226 2011 2291 sunt;

355 2328 481 2369 non
513 2310 614 2367 illo
646 2312 745 2383 qui
780 2312 897 2367 fere
919 2312 1195 2368 omnibus
1227 2316 1398 2369 notus
1416 2315 1527 2381 est,
1550 2312 1649 2369 sed
1681 2312 1756 2367 ab
1787 2311 1899 2367 alio
1921 2327 2018 2369 ne-

353 2400 482 2459 scio
516 2416 652 2472 quo,
685 2401 757 2456 de
785 2417 902 2473 quo
939 2400 1027 2456 vel
1060 2399 1447 2457 sectatoribus
1496 2400 1624 2472 ejus
1653 2400 2014 2474 Epiphanius

351 2488 614 2561 loquens
647 2506 661 2546 :
694 2489 1042 2559 Origeniani,
1073 2489 1288 2562 inquit,
1335 2489 1627 2562 cujusdam
1672 2490 2014 2560 Origenis';

355 2579 548 2649 turpis
576 2580 757 2633 autem
786 2585 917 2634 sunt
955 2579 1313 2651 operationis,
1343 2579 1441 2635 isti
1479 2584 1607 2635 sunt
1651 2580 1897 2649 nefanda
1920 2579 2014 2652 [a-

358 2668 571 2722 eientes
593 2667 638 2732 3,
668 2683 770 2723 sua
798 2682 1027 2739 corpora
1054 2668 1398 2739 corruptioni
1426 2668 1699 2724 tradentes
1726 2669 1824 2740 (a).
1856 2668 2016 2726 Alios

357 2758 563 2812 autem
594 2755 976 2829 Origenianos
1006 2757 1282 2814 continuo
1312 2757 1632 2828 subjiciens
1665 2775 1679 2813 :

440 2844 633 2900 XLIII.
668 2844 1031 2917 Oaxes-mum,
1062 2845 1273 2918 inquit,
1319 2846 1442 2913 alii,
1474 2848 1573 2918 qui
1597 2852 1654 2901 et
1701 2845 2018 2903 Adamantii

366 2935 711 3000 tractatoris,
744 2935 843 3005 qui
868 2939 920 2989 et
965 2939 1308 2991 mortuorum
1354 2938 1803 2992 resurrectionem
1840 2934 2017 3008 repel-

366 3022 491 3078 lunt
509 3039 533 3084 ;
564 3023 842 3079 Christum
866 3026 1045 3079 autem
1064 3028 1374 3079 creaturam
1393 3033 1443 3080 et
1472 3025 1744 3097 Spiritum
1769 3034 2017 3082 sanctum

361 3112 780 3169 introducean
812 3130 830 3168 :
860 3113 1183 3185 paradisum
1212 3118 1394 3169 autem
1414 3120 1463 3171 et
1488 3114 1650 3170 caelos
1675 3124 1725 3170 et
1756 3117 1869 3170 alia
1899 3132 2014 3170 om-

364 3202 469 3256 nia
518 3200 940 3272 allegorzzantes
959 3203 999 3257 ‘.
1054 3207 1185 3258 Haec
1216 3203 1457 3275 quidem
1489 3205 1559 3259 de
1610 3203 1855 3277 Origene
1884 3204 2015 3277 Epi-

364 3289 625 3362 phanius
660 3307 673 3346 :
708 3293 811 3347 sed
842 3291 942 3363 qui
972 3308 1102 3347 eum
1138 3293 1476 3364 defendunt,
1509 3293 1686 3348 unius
1718 3295 2012 3362 eiusdem-

360 3396 478 3450 que
508 3380 849 3436 aubstantite
898 3396 1047 3446 esse,
1080 3382 1303 3448 dicunt,
1355 3382 1643 3452 docuisse,
1676 3384 1907 3439 Patrem
1957 3387 2014 3439 et

364 3467 575 3524 Filium
596 3474 656 3524 et
682 3469 964 3540 Spiritum
987 3475 1253 3525 sanctum
1283 3488 1298 3537 ;
1322 3488 1505 3541 neque
1528 3473 2011 3528 resurrectionem

364 3557 652 3628 repulisse
697 3562 1062 3614 mortuorum
1114 3576 1126 3614 :
1179 3561 1449 3630 quamvis
1498 3565 1555 3616 et
1591 3562 1650 3615 in
1701 3562 1829 3617 istis
1875 3578 2009 3618 eum

358 3646 709 3702 convincere
750 3647 1046 3716 studeant,
1079 3647 1181 3720 qui
1209 3648 1337 3720 ejus
1372 3648 1539 3721 plura
1567 3649 1853 3722 legerunt.
1903 3652 2009 3708 Sed

361 3739 506 3789 sunt
536 3735 714 3807 hujus
746 3735 1009 3807 Origenis
1044 3736 1160 3793 alia
1188 3738 1464 3810 dogmata
1483 3739 1525 3808 ³,
1559 3756 1683 3811 quae
1724 3739 2012 3796 catholica

360 3822 621 3903 Ecclesia
645 3823 885 3881 omnino
916 3842 1030 3881 non
1066 3826 1292 3899 recipit,
1322 3826 1382 3882 in
1431 3827 1648 3899 quibus
1679 3845 1782 3883 nec
1813 3828 2009 3901 ipsum

358 3911 513 3968 falso
542 3913 755 3985 arguit,
770 3930 876 3970 nec
907 3918 1098 3987 potest
1120 3915 1192 3971 ab
1223 3916 1350 3986 ejus
1382 3916 1787 3974 defensoribus
1809 3918 2007 3975 falli‘:

358 4001 617 4058 maxime
657 4002 729 4058 de
777 4003 1121 4076 purgatione
1170 4009 1229 4061 et
1278 4003 1637 4075 liberatione,
1688 4024 1755 4063 ac
1801 4024 2009 4065 rursus

358 4094 495 4161 post
542 4089 783 4163 longum
830 4096 1064 4165 tempus
1103 4093 1174 4149 ad
1208 4093 1411 4149 eadem
1459 4095 1613 4151 mala
1653 4096 2009 4153 revolutione

355 4177 661 4235 rationalis
692 4180 975 4237 universa
1004 4186 1305 4238 creaturae.
1330 4181 1471 4247 Quis
1501 4183 1658 4240 enim
1683 4185 2007 4242 catholicus

353 4265 715 4323 christianus
745 4267 832 4323 vel
872 4268 1079 4326 doctus
1111 4270 1201 4327 vel
1231 4270 1501 4327 indoctus
1550 4289 1665 4328 non
1698 4273 2006 4331 vehemen-

350 4358 442 4411 ter
471 4354 782 4414 exhorreat
831 4373 961 4414 eam
993 4374 1168 4431 quam
1220 4358 1360 4415 dicit
1386 4362 1793 4433 purgationem
1826 4361 2008 4420 malo-

352 4460 510 4512 rum,
542 4444 600 4499 id
632 4448 743 4514 est,
774 4446 950 4504 etiam
997 4463 1095 4504 eos
1128 4447 1228 4520 qui
1261 4446 1409 4505 hanc
1451 4449 1628 4505 vitam
1660 4450 1717 4505 in
1768 4451 2006 4524 ﬂagitiis

351 4535 411 4587 et
472 4532 831 4591 facinoribus
906 4539 964 4592 et
1041 4536 1364 4610 sacrilegiis
1441 4541 1616 4610 atque
1689 4539 2004 4612 impietati-

423 4650 439 4713 ξ
468 4647 623 4713 Forte
650 4662 779 4713 pro,
799 4655 849 4699 et
877 4652 1094 4708 centum,
1124 4652 1412 4713 legendum
1444 4657 1539 4713 est,
1571 4657 1772 4703 centum
1802 4658 1868 4704 et.
1900 4657 1970 4708 Μ.

418 4710 443 4744 ³
470 4710 605 4779 ΙιωζΣ
632 4710 668 4759 ε’
692 4712 929 4776 Origenis
975 4710 1230 4777 discipuli.
1281 4714 1411 4775 Vox,
1461 4710 1713 4779 discipuli,
1747 4718 1896 4768 abest
1939 4719 2005 4769 ab

356 4771 444 4850 Er:
472 4777 532 4850 ες.
560 4773 681 4850 ξμς.
712 4771 922 4849 necnon
955 4771 1364 4850 aigrmcontextu
1393 4771 1692 4850 Epiphanii.

418 4835 442 4907 ξ
472 4836 530 4907 In
555 4836 708 4907 Mss"
747 4835 1117 4889 inenarrabilis
1165 4835 1631 4904 facientes-Graece
1679 4846 1778 4902 est,
1810 4844 2006 4894 ἀγγέω-

650 4963 789 5039 sgq‘ui
807 4967 861 5013 et
886 4963 1182 5013 Adamantii
1205 4966 1504 5039 tractatoris
1528 4966 1666 5039 illius
1691 4972 2002 5039 sectatores,

355 5038 380 5065 α
411 5026 503 5092 qui
534 5026 587 5071 et
614 5029 947 5092 mortuorum
991 5030 1433 5077 resurrectionem
1466 5034 1662 5092 negant
1693 5044 1706 5078 :
1737 5026 2002 5081 Christum

354 5099 382 5130 ι
415 5088 595 5157 autem
631 5087 973 5157 et‘Spiritum
1011 5087 1584 5157 sanctumcreaturafn
1608 5092 1818 5157 Adicunt
1846 5108 2001 5157 para-

350 5162 379 5193 ι
408 5147 585 5221 dinum
617 5147 793 5221 autem
841 5156 893 5199 et
940 5153 1109 5221 caelos
1133 5158 1186 5202 et
1215 5153 1316 5221 alia
1362 5168 1472 5221 non
1503 5154 1727 5221 credunt
1774 5147 1887 5207 esse
1918 5171 2001 5206 se-

350 5210 926 5280 :_cnndum.litteram,
957 5215 1049 5264 sed
1097 5214 1151 5263 in
1192 5216 1466 5278 allegoria.
1496 5236 1520 5261 ι»
1571 5217 1787 5268 Veteres
1820 5224 2000 5270 autem

342 5270 489 5341 libri_
501 5273 735 5341 pressius
765 5270 1033 5327 inhaerent
1060 5291 1255 5341 graeco.

408 5335 430 5369 ⁸
457 5333 1021 5407 soli_editi,_repulisse
1060 5333 1389 5407 :mortuorum
1419 5354 1446 5407 :_
1465 5340 1559 5407 sed
1592 5343 1682 5407 qui
1709 5344 1821 5406 eius
1846 5343 2001 5407 plura

342 5394 602 5471 legerunt,
648 5394 1019 5452 contradicunt.
1051 5403 1183 5452 Sunt
1212 5408 1262 5453 et
1291 5403 1398 5451 alia
1426 5403 1579 5467 huius
1598 5394 1857 5468 ‘Orig'enis'
1876 5407 2002 5471 dog-

272 5502 279 5507 ,
341 5464 519 5507 mata.

404 5525 455 5572 ϐε
475 5522 560 5571 Sic
590 5522 711 5572 Mss.
747 5527 814 5575 At
846 5525 992 5585 editi,
1024 5526 1089 5575 ab
1117 5528 1229 5591 eius
1257 5527 1612 5592 defensoribus
1639 5531 1887 5578 excusari.

408 5605 479 5657 ta)
516 5602 851 5671 Epiphanius
879 5608 933 5655 in
983 5608 1211 5657 Panario
1242 5609 1460 5671 quidem
1510 5608 1700 5659 haeres.
1732 5614 1790 5659 6‘3
1841 5616 1891 5659 et
1921 5614 1997 5667 6t.

350 5671 533 5775 aperte
586 5668 867 5728 proﬁtetur
911 5670 1119 5742 nescire
1149 5684 1203 5743 se
1234 5668 1301 5719 an
1351 5672 1655 5744 Origeniani
1685 5674 1770 5721 isti
1818 5677 1999 5736 turpes

347 5740 376 5773 a
428 5728 672 5789 Origene
700 5728 1020 5781 Adamantio
1069 5733 1193 5783 dicti
1222 5734 1345 5789 sint,
1378 5748 1446 5782 an
1496 5734 1561 5783 ab
1593 5734 1693 5784 alio
1724 5736 1951 5789 Origene
1982 5750 1995 5786 :

347 5750 414 5775 ιιυ
445 5750 672 5789 unguuc
700 5750 1020 5781 auumanuo
1069 5750 1193 5783 arcu
1222 5750 1345 5791 Sint,
1378 5750 1446 5782 an
1496 5750 1561 5783 an
1593 5750 1693 5784 auo
1724 5750 1951 5798 urlgene
1982 5750 1995 5786 :

344 5788 707 5861 sedprofecto
736 5792 794 5841 in
830 5794 1283 5861 Anacephalaaosi,
1316 5810 1437 5861 quae
1468 5796 1587 5861 sola
1628 5797 1741 5861 sine
1764 5798 1997 5861 Panario

343 5852 492 5905 venit
517 5852 577 5905 in
606 5866 802 5906 manus
839 5852 1145 5922 Augustini,
1174 5857 1241 5910 de
1270 5852 1528 5923 utrisque
1561 5859 1892 5923 Origenianis
1921 5861 1997 5913 sic

2108 814 2249 869 pora
2278 815 2480 855 omnes
2512 800 2612 872 qui
2662 800 2890 856 liberati
2923 805 3080 865 sunt.
3117 804 3189 859 ad
3230 803 3351 859 haec
3385 804 3539 859 mala
3568 806 3758 861 denuo

2108 885 2287 943 relabi
2319 892 2375 943 et
2420 889 2622 945 reverti
2649 908 2661 958 ;
2699 894 2754 944 et
2783 890 2890 945 has
2939 892 3093 946 vices
3124 889 3478 949 alternantes
3510 894 3760 949 beatitu-

2108 975 2313 1031 dinum
2345 982 2402 1033 et
2451 978 2823 1034 miseriarum
2856 978 3157 1035 rationalis
3208 985 3483 1036 creatura:
3532 998 3761 1054 semper

2110 1065 2313 1135 fuisse,
2349 1083 2583 1139 semper
2624 1067 2741 1123 fore
2764 1068 2791 1123 ‘?
2821 1068 2899 1124 De
2931 1085 3047 1139 qua
3096 1069 3416 1125 vanissima
3462 1070 3759 1143 impietate

2110 1155 2389 1212 adversus
2419 1156 2818 1228 philosophos,
2853 1174 2887 1212 a
2917 1157 3132 1228 quibus
3177 1158 3290 1213 ista
3320 1158 3523 1213 didicit
3553 1158 3758 1231 Orige-

2112 1260 2236 1309 nes,
2270 1244 2329 1298 in
2357 1244 2525 1300 libris
2554 1245 2624 1302 de
2653 1245 2894 1302 Civitate
2920 1246 3022 1301 Dei
3074 1245 3526 1318 diligentissime
3556 1246 3764 1318 dispu-

2112 1332 2267 1387 tavi‘
2302 1333 2388 1404 (In
2419 1334 2562 1389 libro
2592 1333 2706 1405 21).

2185 1420 2369 1477 XLIV.
2402 1422 2675 1478 PAULIANI
2707 1440 2739 1477 a
2788 1422 2964 1479 Paulo
3013 1423 3417 1495 Samosateno,
3466 1424 3761 1480 Christum

2116 1527 2230 1564 non
2260 1527 2490 1582 semper
2509 1511 2690 1567 fuisse
2712 1511 2950 1581 dicunt;
2983 1514 3084 1568 sed
3117 1514 3244 1584 ejus
3276 1513 3615 1580 initium,ex
3647 1530 3761 1585 quo

2117 1599 2187 1654 de
2216 1600 2395 1655 Maria
2442 1605 2615 1655 natus
2665 1605 2773 1665 est,
2809 1608 3145 1657 asseverant
3178 1619 3189 1657 ε
3226 1618 3330 1657 nec
3378 1619 3512 1658 eum
3544 1602 3764 1674 aliquid

2117 1687 2371 1759 amplius
2403 1705 2579 1759 quam
2612 1688 2908 1745 hominem
2962 1694 3186 1760 putant.
3227 1690 3342 1745 Ista
3392 1691 3631 1747 hazresis
3662 1690 3769 1746 ali-

2118 1778 2351 1848 quando
2383 1777 2687 1847 cujusdam
2720 1779 3049 1834 Artemonis
3076 1781 3096 1813 ²
3130 1780 3237 1834 fuit
3271 1781 3407 1835 :sed
3444 1798 3575 1835 cum
3611 1780 3765 1835 defe-

2117 1865 2314 1933 cisset,
2348 1866 2674 1922 instaurata
2703 1871 2794 1922 est
2823 1884 2857 1922 a
2888 1867 3085 1936 Paulo,
3118 1873 3175 1923 et
3206 1874 3405 1940 postea
3437 1869 3520 1925 sic
3552 1887 3584 1924 a
3614 1869 3766 1924 Pho-

2116 1955 2238 2010 tino
2269 1954 2631 2026 conﬁrmata,
2665 1960 2731 2011 ut
2779 1955 3109 2011 Photiniani
3159 1974 3333 2028 quam
3362 1958 3629 2013 Pauliani
3680 1974 3766 2015 ce-

2118 2041 2337 2099 lebrius
2382 2048 2817 2116 nuncupentur.
2866 2048 3019 2101 istos
3049 2060 3189 2101 sane
3236 2045 3543 2102 Paulianos
3576 2047 3765 2119 bapti-

2117 2132 2336 2190 zandos
2368 2149 2496 2189 esse
2534 2132 2595 2191 in
2626 2132 2879 2189 Ecclesia
2926 2134 3211 2190 catholica
3238 2135 3469 2191 Nicaeno
3520 2135 3763 2191 concilio

2119 2222 2505 2278 constitutum
2535 2226 2644 2278 est.
2667 2221 2828 2278 Unde
2859 2223 3214 2279 credendum
3246 2229 3336 2280 est
3366 2240 3462 2279 eos
3497 2223 3763 2296 regulam

2119 2311 2493 2383 Baptismatis
2525 2328 2640 2367 non
2682 2316 2899 2380 tenere,
2934 2329 3109 2384 quam
3142 2329 3340 2368 secum
3390 2312 3559 2368 multi
3591 2313 3767 2371 hare-

2116 2399 2216 2455 tici
2248 2416 2382 2456 cum
2405 2401 2476 2456 de
2505 2398 2800 2456 Catholica
2816 2400 3182 2458 discederent
3201 2400 3589 2470 abstulerunt,
3613 2419 3770 2459 eam-

2120 2504 2233 2562 que
2263 2488 2622 2546 custodiunt.

2187 2577 2351 2633 XLV.
2384 2578 2677 2635 Pno'rmus
2708 2578 2778 2634 ab
2808 2578 3133 2651 Epiphanio
3181 2596 3296 2635 non
3326 2579 3601 2635 continuo
3633 2582 3766 2652 post

2118 2666 2365 2723 Paulum
2398 2667 2520 2724 sive
2549 2684 2683 2723 cum
2732 2666 2930 2735 Paulo,
2965 2668 3064 2722 sed
3097 2667 3227 2722 aliis
3276 2668 3637 2739 interpositis
3666 2683 3764 2740 po-

2121 2756 2297 2810 nitur.
2331 2760 2455 2811 Non
2488 2760 2715 2811 tacetur
2744 2771 2885 2810 sane
2904 2756 3123 2811 similia
3152 2756 3470 2811 credidisse
3503 2772 3515 2810 :
3552 2773 3759 2812 secun-

2120 2844 2261 2898 dum
2291 2843 2513 2914 aliquid
2545 2830 2741 2899 tamen
2774 2844 3112 2899 adversatus
3139 2845 3189 2898 ei
3223 2844 3462 2911 dicitur;
3497 2846 3597 2900 sed
3623 2845 3763 2916 quid

2119 2931 2197 2987 sit
2228 2932 2422 3003 ipsum
2475 2932 2720 3004 aliquid,
2753 2931 2990 2988 omnino
3040 2949 3157 2988 non
3206 2932 3439 2988 dicitur.
3474 2932 3767 2989 Pbilaster

2119 3026 2315 3078 autem
2361 3020 2746 3076 continuatim
2790 3020 2952 3092 ponit
3000 3022 3205 3078 ambos
3248 3022 3357 3077 sub
3409 3021 3660 3094 singulis
3708 3025 3765 3079 et

2119 3109 2369 3182 propriis
2408 3110 2688 3176 numeris,
2726 3110 2893 3180 quasi
2946 3110 3195 3165 haereses
3245 3110 3412 3177 duas,
3444 3127 3575 3165 cum
3608 3111 3764 3165 dicat

2117 3198 2431 3255 Photinum
2464 3198 2523 3253 in
2556 3198 2833 3255 omnibus
2852 3198 3015 3255 Pauli
3044 3203 3311 3254 secutum
3334 3198 3516 3254 fuisse
3547 3199 3760 3254 doctri-

2120 3306 2275 3349 nam.

2186 3378 2367 3434 XLVI.
2420 3379 2725 3434 ΜΑΝιαΗιει
2785 3395 2819 3434 a
2866 3378 3121 3449 quodam
3168 3376 3345 3431 Persa
3393 3375 3763 3444 exstiterunt,

2116 3468 2217 3541 qui
2268 3467 2625 3523 vocabantur
2673 3468 2917 3523 Manes:
2955 3464 3223 3537 quamvis
3272 3470 3327 3519 et
3375 3465 3593 3535 ipsum,
3630 3482 3765 3521 cum

2114 3559 2243 3629 ejus
2276 3560 2482 3613 insana
2509 3557 2774 3612 doctrina
2804 3555 3074 3627 ccepisset
3094 3555 3153 3609 in
3186 3554 3404 3611 Graecia
3438 3555 3759 3625 praedicari.
3808 3600 3943 3611 πη

2115 3646 2498 3703 Manichaaum
2517 3644 2789 3716 discipuli
2813 3645 2939 3715 ejus
2968 3642 3260 3715 appellare
3292 3642 3645 3712 maluerunt,
3670 3644 3769 3699 de-

2113 3736 2365 3791 vitantes
2396 3752 2608 3791 nomen
2629 3734 2888 3789 insaniae.
2914 3731 3075 3787 Unde
3098 3730 3338 3802 quidam
3369 3747 3567 3786 eorum
3590 3732 3758 3803 quasi

2113 3825 2423 3891 doctiores,
2456 3827 2512 3879 et
2558 3839 2624 3878 eo
2654 3822 2780 3895 ipso
2816 3821 3238 3886 mendaciores,
3270 3819 3567 3892 geminata
3594 3838 3629 3875 N
3662 3820 3756 3876 lit-

2110 3921 2253 3979 tera,
2303 3912 2730 3969 Mannichaaum
2779 3915 3008 3982 vocant,
3041 3910 3211 3982 quasi
3235 3926 3451 3965 manna
3497 3910 3753 3964 funden-

2111 4008 2228 4060 tem
2249 4004 2291 4058 ³.
2326 4003 2439 4058 Istc
2470 4003 2584 4057 duo
2616 4001 2904 4074 principia
2935 4001 3084 4055 inter
3112 4016 3173 4055 se
3203 3999 3433 4054 diversa
3460 4002 3518 4053 et
3550 3999 3752 4055 adver-

2112 4110 2198 4163 sa,
2236 4093 2557 4163 eademque
2587 4096 2803 4145 aeterna
2834 4094 2890 4145 et
2918 4096 3221 4156 coalerna,
3256 4087 3365 4142 hoc
3396 4091 3484 4143 est
3530 4105 3764 4160 semper

2111 4183 2313 4250 fuisse,
2348 4181 2709 4252 composuit:
2732 4180 2993 4249 duasque
3024 4182 3266 4233 naturas
3289 4182 3459 4246 atque
3490 4178 3764 4233 substan-

2109 4272 2243 4335 tias,
2276 4270 2413 4325 boni
2454 4268 2675 4325 scilicet
2721 4272 2779 4323 et
2811 4267 2970 4335 mali,
3004 4282 3256 4337 sequens
3305 4264 3447 4321 alios
3480 4266 3759 4337 antiquos

2109 4359 2434 4428 haereticos,
2463 4357 2737 4428 opinatus
2777 4362 2885 4411 est.
2920 4355 3177 4419 Quarum
3208 4354 3361 4410 inter
3408 4370 3469 4409 se
3500 4371 3758 4426 pugnam

2108 4455 2166 4506 et
2194 4446 2690 4514 commixtionem,
2724 4448 2781 4501 et
2813 4444 2950 4500 boni
2982 4462 3016 4499 a
3054 4443 3207 4500 malo
3240 4442 3665 4516 purgationem,
3699 4446 3757 4499 et

2107 4537 2247 4595 boni
2279 4536 2433 4609 quod
2466 4532 2705 4607 purgari
2737 4549 2853 4589 non
2888 4531 3117 4604 poterit,
3153 4548 3287 4587 cum
3322 4529 3473 4586 maio
3496 4530 3556 4586 in
3586 4537 3751 4587 aster-

2110 4644 2246 4683 nam
2276 4624 2734 4689 damnationem,
2755 4622 3078 4678 secundum
3098 4638 3205 4676 sua
3227 4622 3503 4692 dogmata
3528 4636 3755 4677 asseve-

2108 4721 2323 4785 rantes,
2350 4712 2533 4770 multa
2563 4710 2917 4783 fabulantur,
2937 4727 3067 4783 quae
3097 4713 3309 4766 cuncta
3338 4709 3592 4765 intexere
3614 4709 3752 4767 huic

2106 4848 2233 4901 dicit
2260 4847 2502 4906 obscure,
2534 4849 2594 4895 ut
2636 4844 2842 4908 priores
2871 4858 2982 4894 non
3012 4844 3077 4894 ab
3126 4843 3312 4894 eodem
3342 4843 3568 4907 Origene
3620 4842 3755 4891 Ada-

2104 4915 2323 4972 mantio,
2354 4910 2446 4959 sed
2476 4908 2544 4958 ab
2571 4907 2678 4975 alio
2708 4907 3285 4975 profecto_screderes._
3553 4966 3566 4975 _
3588 4965 3599 4975 .

2172 4979 2189 5012 ί
2217 4966 2465 5025 Veterum
2489 4966 2731 5021 codicum
2755 4972 3067 5020 auctoritate
3087 4970 3411 5019 removimus
3428 4966 3568 5030 quod
3587 4966 3639 5013 in
3658 4979 3748 5030 ex:

2105 5040 2244 5091 cusis
2255 5036 2341 5085 hic
2353 5035 2648 5101 addebatur
2670 5048 2683 5084 :
2702 5050 2735 5101 ς(
2755 5033 2895 5101 Dicit
2905 5037 3171 5101 praeterea
3190 5033 3301 5101 ipse
3323 5028 3744 5101 Origenes,quod

2107 5124 2133 5147 α(
2162 5102 2321 5152 Filius
2352 5098 2444 5147 Dei
2474 5097 2669 5146 sanctis
2698 5094 3003 5146 hominibus
3034 5094 3391 5157 comparatus.
3418 5094 3611 5157 veritas
3642 5094 3746 5152 sit;

2107 5184 2133 5211 α
2162 5164 2298 5215 Patri
2329 5160 2569 5220 collatus,
2597 5159 2963 5209 mendacium:
2985 5163 3036 5207 et
3065 5154 3321 5221 quantum
3345 5156 3543 5203 distant
3577 5154 3744 5221 Apos-

2107 5248 2131 5272 «ι
2160 5227 2252 5276 toli
2281 5223 2502 5281 Christo,
2536 5215 2743 5271 tantum
2790 5222 2952 5270 Filius
3004 5215 3133 5268 Patri
3186 5219 3333 5268 Unde
3381 5230 3478 5281 nec
3508 5215 3746 5281 orandus

2105 5310 2130 5336 α
2166 5293 2245 5339 est
2275 5288 2436 5335 Filius
2465 5278 2585 5333 cum
2629 5287 2791 5343 Patre,
2825 5285 2953 5347 quia
3002 5298 3106 5332 nou
3141 5289 3219 5330 est
3248 5285 3434 5328 auctor
3466 5278 3747 5340 indulgen-

2106 5373 2129 5397 (ι
2162 5352 2351 5401 darum
2380 5349 2713 5413 petitionum,
2748 5348 2845 5413 sed
2871 5347 3207 5413 supplicator.
3240 5360 3278 5413 ir
3328 5407 3336 5413 ι
3497 5404 3507 5413 ι

2169 5417 2190 5450 ί
2215 5417 2272 5463 In
2305 5407 2528 5461 excusis.
2560 5409 2862 5457 Artemonii.
2894 5407 2957 5457 At
2985 5408 3038 5454 in
3069 5407 3211 5463 Mss.,
3243 5407 3550 5453 Artemonis.

2165 5479 2186 5512 ³
2217 5477 2300 5526 Sic
2330 5473 2549 5523 omnino
2600 5471 2819 5539 fuerunt
2848 5472 2970 5539 lites:
3006 5470 3072 5518 At
3093 5468 3522 5539 Aediti,._cc_ep.:sset
3565 5478 3749 5539 nomen

2099 5539 2385 5606 praedicari
2402 5551 2421 5582 :
2454 5549 2575 5606 nam
2587 5534 2825 5606 antehac.
2846 5531 3059 5606 Urbicus
3084 5532 3227 5606 (imo,
3257 5529 3511 5606 (ﬁubricus,
3535 5529 3749 5606 esJEpi;

2102 5588 2320 5667 phanio,
2372 5598 2501 5667 liter.
2551 5596 2630 5658 66)
2682 5594 2971 5667 vocabatur.
3021 5588 3225 5667 Sertgin'
3265 5594 3461 5667 Graecia
3500 5588 3750 5667 discipuli

2103 5655 2212 5731 Ejus
2243 5655 2459 5731 pit'antes
2506 5655 2717 5731 nomen.
2736 5658 2963 5731 insgn‘im,
2996 5658 3144 5731 quasi
3183 5658 3445 5731 tiqctiores,
3477 5656 3525 5702 et
3544 5655 3748 5731 reorripso

2102 5719 2462 5781 mendaciores,
2486 5721 2786 5783 geminata):
2806 5719 3407 5783 littera,Mannic/z.rum,
3426 5719 3576 5782 quasi
3596 5729 3747 5783 man-

2099 5777 2529 5854 ηάνγὶιῃιᾴεπζέηῖ,
2565 5795 2660 5854 pro
2681 5777 3006 5854 _A_lanichseo,
3038 5784 3097 5835 id
3124 5787 3198 5834 est
3225 5777 3747 5844 insano,‘appellave-

2098 5843 2241 5907 runt':
2270 5852 2372 5904 Iste
2393 5847 2495 5898 duo
2518 5843 2799 5911 principia,
2831 5849 2931 5898 etc.
