4058 6180
368 346 449 407 35

369 476 531 550 operi
561 474 738 531 nimis
771 474 1005 543 longum
1039 471 1145 523 est.
1177 468 1259 522 Ex
1287 468 1381 523 his
1414 472 1604 523 autem
1643 469 1765 523 suis
1800 464 2013 522 fabulis

365 564 532 621 vanis
562 569 737 634 atque
772 560 970 631 impiis
1000 562 1290 629 coguntur
1320 556 1528 625 dicere,
1556 557 1783 612 animas
1805 556 2009 624 bonas,

368 671 515 726 quas
546 654 786 707 censent
817 649 887 703 ab
920 646 1248 701 animarum
1284 644 1570 701 malarum
1605 649 1826 700 naturae
1858 642 2011 698 scili-

364 747 453 798 cet
485 739 788 797 contrariae
819 736 1231 792 commixtione
1285 733 1640 801 liberandas,
1676 734 1803 803 ejus
1836 733 2008 802 cujus

366 831 517 886 Deus
551 838 631 884 est
674 844 799 881 esse
832 832 1073 879 naturae.
1122 824 1367 879 Proinde
1398 824 1687 878 mundum
1721 840 1754 875 a
1798 827 2008 877 natura

364 918 461 973 Dei
508 920 747 979 factum,
780 914 1129 970 conﬁtentur
1176 913 1434 984 quidem,
1469 913 1569 966 sed
1621 912 1690 965 de
1722 910 2003 966 commix—

361 1008 517 1062 tione
550 1004 685 1061 boni
717 1009 773 1059 et
803 1003 962 1069 mali,
998 1019 1124 1073 quas
1176 1002 1327 1057 facta
1356 1004 1463 1073 est,
1498 1000 1732 1073 quando
1764 999 1913 1055 inter
1942 1015 2004 1055 se

360 1099 606 1165 utraque
637 1098 845 1148 natura
893 1090 1189 1163 pugnavit.
1232 1092 1424 1162 Ipsam
1456 1105 1588 1145 vero
1620 1089 1755 1146 boni
1782 1106 1815 1144 a
1848 1087 2000 1144 malo

349 1183 758 1255 purgationem
810 1199 875 1237 ac
923 1180 1351 1246 liberationem,
1384 1196 1499 1235 non
1532 1178 1722 1235 solum
1778 1194 1880 1250 per
1908 1181 1995 1233 to-

346 1276 470 1328 tum
499 1272 787 1327 mundum
820 1275 876 1325 et
910 1270 979 1324 de
1012 1268 1290 1324 omnibus
1321 1269 1448 1339 ejus
1479 1267 1782 1324 elementis
1813 1267 1995 1322 virtu-

341 1366 428 1418 tes
457 1362 586 1416 Dei‘
622 1361 807 1415 facere
855 1359 1078 1425 dicunt,
1114 1375 1313 1413 verum
1357 1358 1534 1414 etiam
1583 1356 1809 1413 Eiectos
1856 1373 1996 1412 suos

336 1467 438 1523 per
467 1450 750 1505 alimenta
785 1466 911 1521 quae
944 1452 1207 1503 sumunt.
1231 1449 1300 1502 Et
1320 1448 1404 1503 eis
1428 1447 1642 1519 quippe
1672 1446 1991 1512 alimentis,

332 1543 483 1595 sicut
525 1540 792 1594 universo
831 1538 1071 1603 mundo,
1112 1536 1205 1591 Dei
1254 1536 1650 1591 substantiam
1685 1536 1994 1607 perhibent

335 1646 467 1685 esse
499 1628 876 1683 commixtam
912 1644 924 1680 :
961 1642 1138 1698 quam
1170 1625 1410 1696 purgari
1443 1629 1650 1695 putant
1688 1624 1745 1678 in
1778 1623 1990 1679 Electis

340 1718 464 1774 suis
484 1735 547 1773 eo
573 1734 782 1789 genere
804 1717 950 1783 vitae,
969 1733 1084 1786 quo
1105 1715 1305 1769 vivunt
1322 1713 1498 1769 Electi
1516 1713 1985 1784 Manichaeorum,

338 1807 498 1861 velut
528 1808 788 1862 sanctius
806 1810 861 1860 et
883 1803 1260 1859 excellentius
1277 1803 1654 1859 Auditoribus
1671 1803 1815 1858 suis.
1841 1802 1985 1857 Nam

342 1895 434 1951 his
488 1896 717 1950 duabus
767 1893 1251 1966 professionibus,
1285 1892 1394 1947 hoc
1442 1896 1531 1948 est
1569 1892 1898 1947 Electorum
1929 1894 1989 1947 et

334 1983 1036 2046 Auditorum,Ecclesiam
1070 1999 1239 2038 suam
1272 1985 1537 2037 constare
1567 1981 1895 2036 voluerunt.
1922 1980 1983 2035 In

334 2075 554 2129 caeteris
587 2079 779 2127 autem
814 2072 1175 2136 hominibus,
1211 2070 1385 2126 etiam
1413 2070 1471 2125 in
1504 2070 1650 2141 ipsis
1682 2068 1982 2125 Auditori-

331 2163 440 2218 bus
470 2164 615 2232 suis,
650 2162 796 2217 hanc
829 2165 1049 2233 partem
1078 2161 1243 2215 bonae
1277 2159 1605 2231 divinaaque
1637 2158 1981 2214 substantia;

331 2269 457 2323 quae
492 2252 670 2306 mixta
700 2256 757 2306 et
805 2250 1076 2322 colligata
1107 2250 1165 2304 in
1197 2249 1348 2305 escis
1400 2253 1457 2304 et
1487 2248 1724 2321 potibus
1755 2248 1980 2303 detine-

333 2346 449 2410 tur,
488 2340 854 2411 maximeque
882 2339 941 2393 in
974 2337 1057 2394 eis
1104 2338 1201 2409 qui
1234 2342 1515 2409 generant
1557 2337 1731 2403 ﬁlios,
1763 2337 1979 2392 arctius

333 2435 389 2485 et
406 2429 768 2501 inquinatius
789 2427 1046 2499 colligari
1082 2431 1309 2499 putant.
1329 2426 1618 2497 Quidquid
1641 2443 1773 2481 vero
1806 2426 1977 2481 undi-

332 2534 442 2590 que
487 2524 774 2591 purgatur
820 2517 1081 2583 luminis,
1118 2532 1219 2586 per
1265 2516 1552 2587 quasdam
1600 2531 1796 2585 naves,
1829 2530 1976 2586 quas

329 2624 459 2662 esse
501 2608 700 2661 lunam
734 2612 789 2661 et
830 2604 1011 2661 solem
1059 2605 1280 2674 volunt,
1317 2620 1494 2675 regno
1543 2603 1665 2673 Dei,
1695 2607 1973 2675 tanquam

329 2695 578 2767 propriis
610 2694 847 2749 sedibus
879 2692 1064 2749 reddi.
1105 2692 1259 2755 Quas
1292 2691 1491 2747 itidem
1525 2706 1699 2747 naves
1731 2692 1801 2747 de
1832 2692 1971 2747 sub-

326 2785 544 2838 stantia
586 2783 678 2838 Dei
726 2800 873 2854 pura
920 2781 1227 2854 perhibent
1260 2781 1590 2837 fabricatas.
1640 2781 1971 2853 Lucemque

325 2874 499 2928 istam
559 2889 896 2945 corpoream
956 2870 1346 2926 animantium
1397 2870 1735 2926 mortalium
1785 2870 1967 2926 oculis

327 2963 712 3032 adjacentem,
745 2978 859 3015 non
913 2959 1103 3015 solum
1153 2960 1211 3013 in
1262 2959 1354 3014 his
1398 2959 1662 3029 navibus,
1691 2959 1791 3014 ubi
1838 2975 1966 3014 eam

324 3052 705 3123 purissimam
733 3050 999 3119 credunt,
1033 3065 1233 3103 verum
1267 3047 1443 3103 etiam
1476 3048 1535 3102 in
1567 3047 1697 3103 aliis
1728 3047 1969 3119 quibus-

324 3156 435 3211 que
468 3138 675 3193 lucidis
708 3140 902 3205 rebus,
937 3137 1035 3192 ubi
1067 3138 1391 3192 secundum
1422 3136 1582 3208 ipsos
1610 3140 1842 3191 tenetur
1870 3138 1966 3192 ad-

324 3229 521 3298 mixta,
556 3229 927 3299 crediturque
959 3227 1284 3299 purganda,
1324 3226 1419 3281 Dei
1468 3226 1672 3282 dicunt
1701 3242 1829 3281 esse
1861 3243 1963 3282 na-

320 3323 535 3373 turam.
599 3316 865 3388 Quinque
913 3315 1070 3371 enim
1117 3314 1405 3371 elementa
1462 3333 1587 3386 quas
1635 3319 1965 3387 genuerunt

321 3407 613 3478 principes
668 3405 956 3478 preprios,
1018 3405 1174 3477 genti
1220 3404 1487 3459 tribuunt
1536 3405 1960 3462 tenebrarum:

319 3511 501 3567 eaque
530 3493 818 3550 elementa
838 3494 930 3550 his
962 3493 1301 3549 nominibus
1324 3498 1686 3565 nuncupant,
1710 3495 1959 3565 fumum,

317 3584 613 3649 tenebras,
662 3583 878 3655 ignem,
929 3600 1165 3654 aquam,
1214 3587 1472 3638 ventum.
1511 3584 1567 3638 in
1620 3584 1778 3639 fumo
1826 3588 1963 3640 nata

318 3673 600 3729 animalia
630 3672 878 3744 bipedia,
914 3674 1067 3729 unde
1097 3672 1367 3728 homines
1414 3674 1625 3728 ducere
1672 3674 1957 3745 originem

312 3767 589 3829 censent;
624 3763 679 3816 in
716 3762 992 3827 tenebris,
1041 3762 1370 3833 serpentia;
1402 3762 1459 3817 in
1513 3762 1665 3835 igne,
1701 3764 1958 3835 quadru-

310 3851 511 3924 pedia;
548 3851 605 3905 in
642 3850 833 3922 aquis,
881 3851 1182 3917 natatilia;
1211 3850 1269 3906 in
1322 3857 1511 3909 vento.
1545 3852 1821 3907 volatilia.
1856 3852 1959 3908 His

311 3941 569 4012 quinque
601 3940 910 3995 elementis
942 3939 1113 3995 malis
1163 3939 1525 3996 debellandis
1558 3940 1671 3995 alia
1698 3942 1959 4013 quinque

312 4028 599 4084 elementa
630 4028 699 4083 de
731 4044 907 4099 regno
938 4033 992 4082 et
1021 4028 1352 4083 substantia
1385 4028 1479 4083 Dei
1514 4028 1697 4083 missa
1726 4044 1873 4099 esse,
1901 4033 1959 4085 et

311 4115 369 4171 in
403 4117 506 4171 illa
537 4134 732 4190 pugna
759 4116 936 4172 fuisse
969 4117 1295 4188 permixta;
1330 4117 1489 4173 fumo
1523 4106 1675 4184 aera,
1700 4119 1955 4175 tenebris

312 4205 523 4278 lucem,
549 4206 667 4277 igni
701 4206 1065 4279 maloignem
1098 4207 1520 4278 bonum,aqme
1552 4206 1717 4262 malae
1740 4224 1954 4279 aquam

312 4295 547 4363 bonam,
583 4300 750 4351 vento
782 4294 937 4350 malo
985 4299 1221 4351 ventum
1255 4296 1492 4351 bonum.
1526 4295 1710 4352 Naves
1758 4302 1954 4353 autem

310 4382 460 4455 illas,
495 4384 547 4438 id
584 4389 692 4450 est,
734 4385 849 4439 duo
884 4383 1011 4439 caeli
1065 4383 1398 4456 luminaria,
1431 4385 1510 4440 ita
1559 4385 1953 4457 distinguunt,

310 4476 375 4526 ut
406 4471 601 4526 lunam
633 4473 833 4527 dicant
862 4473 1073 4528 factam
1105 4490 1173 4528 ex
1222 4475 1375 4528 bona
1404 4490 1575 4545 aqua,
1608 4474 1791 4529 solem
1821 4491 1954 4533 vero

311 4578 379 4616 ex
407 4560 542 4623 igne
575 4561 745 4616 bono.
800 4562 939 4617 Esse
969 4566 1163 4616 autem
1201 4561 1258 4616 in
1311 4563 1393 4616 eis
1427 4564 1671 4617 navibus
1722 4570 1953 4621 sanctas

312 4650 576 4716 virtutes,
613 4668 738 4720 quae
769 4666 832 4705 se
860 4650 919 4704 in
952 4651 1246 4705 masculos
1278 4652 1719 4723 transﬁgurant,
1753 4658 1815 4706 ut
1846 4652 1956 4708 illi-

313 4739 471 4794 ciant
504 4739 750 4794 feminas
798 4739 989 4811 gentis
1020 4740 1294 4809 adversm,
1326 4744 1382 4795 et
1432 4757 1637 4795 rursus
1687 4741 1747 4795 in
1788 4741 1953 4798 femi-

309 4846 436 4900 nas,
472 4833 535 4882 ut
579 4827 823 4883 illiciant
871 4827 1164 4884 masculos
1215 4829 1479 4899 ejusdem
1527 4830 1719 4902 gentis
1750 4832 1952 4888 adver-

309 4936 384 4973 sa;
407 4919 461 4986 9;
497 4922 553 4972 et
588 4934 686 4989 per
716 4916 866 4972 hanc
898 4917 1229 4973 illecebram
1260 4922 1553 4974 commota
1584 4935 1784 4975 eorum
1812 4938 1954 4977 con-

308 5006 669 5079 cupiscentia
717 5006 901 5078 fugiat
945 5007 1015 5062 de
1045 5006 1161 5062 illis
1208 5006 1428 5078 lumen,
1474 5010 1627 5079 quod
1672 5010 1953 5067 membris

309 5097 432 5151 suis
476 5098 827 5168 permixtum
877 5096 1173 5166 tenebant,
1224 5100 1281 5150 et
1332 5097 1703 5168 purgandum
1760 5100 1953 5155 susci-

310 5185 504 5256 piatur
534 5187 605 5240 ab
637 5183 859 5258 angelis
889 5183 1057 5253 lucis,
1092 5189 1530 5257 purgatumque
1560 5185 1676 5242 illis
1708 5187 1953 5245 navibus

308 5274 647 5345 imponatur
678 5275 749 5329 ad
779 5290 958 5345 regna
990 5272 1221 5343 propria
1252 5274 1682 5343 reportandum.
1708 5276 1832 5340 Qua
1861 5294 1954 5333 oc-

376 5401 389 5434 ί
424 5399 578 5467 _Editi,
612 5401 851 5467 virtutem
878 5401 985 5467 Dei.
1019 5399 1202 5467 Melius
1232 5398 1375 5467 illam,
1409 5399 1621 5467 virtutes
1654 5401 1744 5450 Dei
1770 5416 1788 5450 :
1819 5418 1950 5467 quas

309 5461 558 5510 nimirum
609 5462 748 5511 infra
792 5463 1068 5513 Mauichaai
1099 5462 1282 5511 dicunt
1330 5474 1445 5510 esse
1481 5462 1537 5509 in
1590 5468 1697 5512 sole
1724 5469 1778 5514 et
1823 5461 1953 5516 luna

304 5528 561 5587 tanquam
591 5524 643 5572 in
675 5524 883 5574 duabus
912 5540 967 5574 n1
987 5526 1145 5575 vibus
1164 5525 1381 5587 sanctas,
1401 5524 1630 5587 virtutes.
1654 5526 1954 5579 Concordat

302 5586 358 5635 in
408 5586 663 5650 Augiensi
700 5588 989 5647 exmnplari
1019 5594 1172 5637 vetus
1222 5587 1306 5635 ille
1339 5586 1420 5651 de
1458 5586 1758 5651 Hieresibus
1802 5591 1952 5651 liber,

303 5662 461 5760 gnem
507 5649 677 5698 indito
723 5652 939 5722 nemine
986 5650 1347 5722 Praedestiuati
1400 5649 1688 5722 publieavit
1722 5649 1951 5724 Jacobus

345 5715 656 5760 irmondus:
688 5727 775 5760 uul
807 5720 989 5760 tamen
1019 5712 1113 5760 hoc
1143 5713 1255 5760 loco
1286 5715 1523 5760 virtutem
1558 5712 1650 5760 De:
1678 5715 1861 5760 edidit.

328 5712 656 5772 Sirmondus;
688 5715 775 5774 qui
807 5720 989 5760 tamen
1019 5712 1113 5761 hoc
1143 5713 1255 5761 loco
1286 5713 1523 5761 virtutem
1558 5712 1652 5761 Dei
1678 5715 1861 5765 edidit.

370 5774 545 5838 {Haec
595 5788 719 5836 pars
752 5776 1132 5838 sente_ntize,__et
1176 5788 1460 5838 musaea...
1493 5776 1662 5836 genti:
1706 5776 1949 5838 adversae,

297 5834 687 5888 restituitur—ex
716 5838 841 5887 Mss.
872 5835 998 5887 Vide
1026 5834 1220 5884 librum
1249 5836 1315 5885 de
1340 5834 1538 5888 Natura
1566 5838 1714 5901 Boni,
1730 5854 1848 5905 cap.
1869 5834 1947 5894 ﬂ.

1458 337 1558 396 DE
1605 334 2090 411 HIERESIBUS,
2138 334 2204 395 S.
2250 337 2681 399 AUGUSTINI

3690 340 3772 400 36

2124 466 2373 538 casione,
2401 468 2487 524 vel
2523 469 2720 540 potius
2751 469 3122 524 exsecrabitis
3154 468 3588 540 superstitionis
3619 486 3768 541 qua-

2124 556 2257 611 dam
2309 558 2675 629 necessitate,
2708 563 2995 629 coguntur
3026 558 3201 613 Electi
3236 575 3436 614 eorum
3482 559 3640 614 velut
3669 576 3768 615 eu-

2116 642 2456 700 charistiam
2504 662 2885 719 consparsam
2919 663 3048 701 cum
3102 647 3329 703 semine
3379 648 3635 704 humano
3669 665 3770 703 su-

2114 748 2291 799 mere,
2326 737 2391 788 ut
2419 734 2592 790 etiam
2625 736 2778 800 inde,
2811 737 2964 791 sicut
2992 737 3063 790 de
3094 735 3226 791 aliis
3258 736 3405 792 cibis
3436 754 3584 808 quos
3617 737 3766 793 acci-

2113 820 2306 891 piunt,
2339 823 2670 879 substantia
2709 824 2809 880 illa
2840 824 3037 880 divina
3088 829 3387 896 purgetur.
3423 826 3531 881 Sed
3567 825 3675 881 hoc
3707 843 3770 883 se

2111 908 2298 966 facere
2328 917 2558 984 negant,
2592 918 2648 968 et
2672 913 2818 969 alios
2847 915 3040 969 nescio
3063 931 3210 985 quos
3242 915 3353 969 sub
3384 918 3619 971 nomine
3651 920 3768 971 Ma-

2108 998 2465 1055 nichaeorum
2510 1002 2694 1057 facere
2746 1002 3062 1058 afﬁrmant.
3115 1004 3334 1059 Detecti
3368 1009 3511 1059 sunt
3560 1008 3761 1061 tamen

2107 1087 2164 1142 in
2195 1089 2461 1160 ecclesia,
2494 1090 2645 1145 sicut
2688 1091 2827 1158 scis,
2878 1093 3034 1163 apud
3069 1091 3505 1165 Carthaginem,
3531 1094 3657 1164 jam
3704 1098 3762 1150 te

2104 1176 2186 1231 ibi
2235 1178 2478 1235 diacono
2528 1180 2863 1251 constituto,
2898 1182 3132 1252 quando
3177 1180 3433 1237 instante
3484 1183 3625 1240 Urso
3652 1183 3759 1239 tri-

2102 1266 2281 1332 buno,
2314 1267 2415 1338 qui
2444 1272 2586 1325 tunc
2615 1268 2816 1325 domui
2849 1269 3018 1342 regiae
3046 1270 3295 1341 prefuit,
3324 1270 3502 1343 aliqui
3536 1272 3755 1327 adduc-

2099 1354 2142 1408 ti
2177 1360 2316 1410 sunt
2345 1357 2464 1427 (a):
2500 1358 2596 1412 ubi
2631 1357 2824 1429 puella
2850 1358 3086 1414 nomine
3117 1359 3430 1431 Margarita
3454 1360 3627 1415 istam
3655 1376 3757 1415 ne-

2100 1444 2305 1499 fariam
2336 1446 2758 1517 turpitudinem
2794 1448 3071 1519 prodidit,
3105 1464 3233 1518 quas
3291 1465 3424 1504 cum
3458 1455 3615 1505 esset
3646 1466 3757 1505 an-

2098 1550 2306 1589 norum
2340 1537 2601 1590 nondum
2642 1536 2971 1604 duodecim,
3007 1543 3240 1610 propter
3269 1537 3381 1592 hoc
3431 1538 3749 1594 scelestum

2096 1623 2440 1695 mysterium
2472 1641 2533 1679 se
2576 1624 2806 1680 dicebat
2836 1642 2965 1681 esse
3011 1626 3269 1681 vitiatam
3298 1630 3337 1682 ί.
3377 1628 3543 1682 Tunc
3574 1628 3751 1683 Euse-

2092 1712 2250 1767 biam
2301 1714 2618 1784 quamdam
2676 1716 3057 1770 manicbaeam
3108 1716 3276 1787 quasi
3328 1716 3748 1772 sanctimonia-

2092 1801 2227 1866 lem,
2262 1801 2519 1873 idipsum
2553 1807 2788 1875 propter
2820 1803 2927 1859 hoc
2954 1804 3146 1875 ipsum
3182 1821 3437 1875 passam,
3462 1805 3553 1859 vix
3587 1822 3744 1861 com-

2091 1889 2239 1962 pulit
2271 1891 2553 1962 confiteri,
2585 1909 2718 1947 cum
2762 1893 2949 1964 primo
2979 1891 3080 1948 illa
3124 1909 3186 1948 se
3217 1893 3566 1949 asseruisset
3596 1894 3744 1950 inte-

2088 1994 2275 2051 gram,
2296 1985 2473 2052 atque
2504 1981 2574 2036 ab
2606 1981 2919 2037 obstetrice
2948 1981 3157 2053 inspici
3190 1982 3581 2055 postulasset:
3612 2000 3742 2054 quas

2089 2068 2372 2140 inspecta,
2407 2074 2463 2125 et
2510 2070 2648 2142 quid
2696 2075 2851 2126 esset
2902 2071 3157 2137 inventa,
3190 2075 3377 2127 totum
3432 2071 3574 2126 illud
3618 2076 3736 2128 tur-

2087 2159 2400 2232 pissimum
2452 2159 2665 2228 scelus,
2698 2160 2795 2214 ubi
2824 2162 2894 2215 ad
2920 2160 3326 2233 excipiendum
3358 2167 3412 2217 et
3462 2162 3740 2217 commis-

2085 2248 2336 2303 cendum
2358 2248 2872 2303 concumbentium
2898 2265 3093 2304 semen
3127 2249 3311 2304 farina
3335 2249 3742 2305 substernitur

2083 2336 2261 2408 (quod
2306 2337 2619 2409 Margarita
2667 2337 2963 2394 indicante
3016 2338 3228 2394 absens
3258 2355 3372 2393 non
3429 2339 3736 2410 audierat),

2081 2425 2356 2481 similiter
2388 2427 2685 2481 indicavit.
2718 2431 2785 2481 Et
2816 2428 3028 2482 recenti
3060 2432 3319 2499 tempore
3350 2428 3613 2483 nonnulli
3648 2445 3741 2484 eo-

2078 2530 2208 2571 rum
2263 2516 2498 2587 reperti,
2550 2520 2607 2569 et
2656 2516 2726 2570 ad
2778 2516 3080 2571 ecclesiam
3132 2518 3310 2583 ducti,
3359 2518 3513 2573 sicut
3560 2518 3737 2573 Gesta

2079 2603 2441 2676 episcopalis
2472 2621 2597 2675 quae
2622 2604 2789 2660 nobis
2822 2604 3066 2660 misistis
3098 2606 3433 2675 ostendunt,
3468 2605 3576 2660 hoc
3614 2623 3733 2663 non

2076 2698 2536 2764 sacramentum,
2579 2694 2676 2749 sed
2728 2700 3254 2762 exsecramentum,
3301 2695 3408 2749 sub
3458 2694 3729 2766 diligenti

2074 2781 2525 2855 interrogatione
2569 2781 2822 2838 confessi
2877 2787 3015 2838 sunt
3057 2800 3070 2838 :
3118 2800 3367 2853 quorum
3416 2800 3570 2839 unus
3619 2801 3725 2840 no-

2074 2871 2231 2927 mine
2260 2872 2482 2938 Viator,
2508 2888 2606 2927 eos
2638 2871 2737 2943 qui
2769 2872 2881 2928 ista
2913 2872 3135 2927 faciunt
3166 2872 3395 2944 proprie
3424 2872 3719 2928 Catharis-

2070 2964 2162 3016 tas
2185 2962 2206 2997 ²
2236 2961 2427 3016 vocari
2477 2960 2694 3028 dicens,
2729 2977 2861 3015 cum
2894 2960 3038 3016 alias
3087 2962 3352 3031 ejusdem
3385 2961 3716 3017 manicbaeae

2070 3053 2237 3104 sectas
2260 3050 2524 3120 partesin
2542 3050 2838 3104 Mattarios
2860 3052 2901 3115 ³,
2916 3054 2973 3105 et
2993 3050 3325 3121 specialiter
3340 3050 3715 3121 Manichaaos,

2070 3137 2341 3193 distribui
2374 3138 2722 3210 perhiberet,
2748 3154 2951 3193 omnes
2981 3142 3178 3193 tamen
3212 3140 3314 3195 has
3348 3144 3465 3194 tres
3497 3139 3716 3195 formas

2069 3226 2142 3281 ab
2172 3243 2288 3282 uno
2343 3231 2576 3282 auctore
2621 3231 2991 3298 prepagatas,
3024 3232 3079 3282 et
3118 3244 3323 3283 omnes
3372 3227 3722 3299 generaliter

2068 3315 2418 3371 manicbaos
2450 3332 2596 3382 esse,
2629 3331 2841 3387 negare
2872 3332 2987 3370 non
3020 3315 3226 3385 potuit.
3255 3316 3326 3371 Et
3355 3320 3507 3371 certe
3539 3316 3621 3371 illi
3655 3316 3723 3371 li-

2067 3404 2154 3459 bri
2187 3403 2491 3459 manicbsei
2523 3409 2660 3459 sunt
2691 3404 2966 3459 omnibus
3006 3405 3133 3460 sine
3163 3405 3526 3461 dubitatione
3558 3422 3717 3461 com-

2066 3510 2297 3558 munes,
2330 3494 2387 3548 in
2419 3493 2634 3563 quibus
2666 3493 2829 3549 libris
2862 3492 2962 3547 illa
2991 3497 3255 3565 portenta
3287 3495 3357 3549 ad
3391 3493 3718 3551 illiciendos

2064 3586 2121 3639 et
2151 3598 2254 3655 per
2281 3581 2810 3653 concupiscentiam
2846 3581 3246 3637 dissolvendos
3283 3582 3590 3654 utriusque
3621 3600 3715 3638 se-

2062 3689 2172 3728 xus
2222 3670 2512 3744 principes
2558 3671 2953 3737 tenebrarum,
2999 3674 3063 3725 ut
3110 3670 3356 3726 liberata
3404 3671 3593 3742 fugiat
3641 3672 3715 3727 ab

2062 3763 2165 3831 eis,
2200 3778 2325 3832 qua:
2357 3761 2644 3830 captivata
2664 3759 2975 3815 tenebatur
2997 3758 3056 3813 in
3088 3759 3173 3815 eis
3204 3760 3400 3814 divina
3427 3760 3716 3824 lsubstan-

2060 3850 2162 3918 tia,
2197 3851 2268 3905 de
2316 3847 2713 3904 masculorum
2764 3849 2823 3903 in
2860 3848 3107 3904 feminas
3157 3853 3212 3903 et
3258 3848 3608 3904 feminarum
3650 3849 3711 3905 in

2061 3938 2358 3994 masculos
2406 3937 2927 4009 transﬁguratione
2976 3938 3307 4009 conscripta
3348 3942 3507 4009 sunt,
3554 3939 3711 3995 unde

2060 4027 2191 4096 ista,
2223 4044 2398 4098 quam
2428 4026 2674 4097 quilibet
2698 4043 2900 4081 eorum
2933 4027 3273 4098 negant‘ad
3308 4043 3370 4083 se
3398 4028 3711 4099 pertinere,

2058 4116 2360 4189 turpitudo
2393 4116 2651 4171 deﬂuxit.
2677 4115 2911 4170 Divinas
2933 4116 3088 4170 enim
3121 4116 3382 4181 virtutes,
3418 4120 3707 4187 quantum

2060 4210 2325 4279 possunt,
2352 4204 2568 4259 imitari
2599 4221 2661 4260 se
2691 4208 2923 4275 putant,
2947 4208 3012 4259 ut
3041 4209 3289 4275 purgent
3321 4204 3418 4259 Dei
3448 4204 3537 4259 sui
3575 4222 3711 4275 par-

2057 4299 2174 4350 tem
2209 4312 2221 4350 :
2257 4309 2433 4366 quam
2466 4294 2743 4366 profecto,
2778 4293 2934 4348 sicut
2960 4293 3020 4348 in
3051 4293 3327 4349 omnibus
3361 4294 3710 4364 corporibus

2059 4384 2391 4439 ccelestibus
2415 4387 2469 4438 et
2499 4381 2896 4447 terrestribus,
2918 4385 3092 4453 atque
3126 4382 3185 4437 in
3218 4382 3484 4437 omnium
3511 4398 3709 4439 rerum

2058 4473 2405 4537 seminibus,
2440 4471 2517 4527 ita
2548 4475 2606 4526 et
2634 4471 2692 4525 in
2727 4470 2983 4526 hominis
3032 4471 3251 4527 semine
3283 4472 3467 4526 teneri
3502 4470 3713 4527 existi-

2058 4566 2223 4617 mant
2268 4560 2656 4631 inquinatam.
2688 4560 2767 4614 Ac
2798 4576 2901 4631 per
2941 4559 3048 4615 hoc
3082 4560 3353 4631 sequitur
3379 4576 3497 4628 eos,
3533 4564 3599 4614 ut
3623 4561 3710 4617 sic

2057 4668 2184 4707 eam
2218 4652 2393 4707 etiam
2424 4652 2496 4706 de
2527 4650 2748 4707 semine
2794 4650 3070 4720 humano,
3106 4650 3605 4721 quemadmodum
3635 4652 3708 4706 de

2058 4741 2188 4797 aliis
2218 4739 2546 4796 seminibus
2576 4757 2702 4811 quae
2732 4740 2791 4794 in
2825 4738 3120 4793 alimentis
3154 4743 3419 4806 sumunt,
3454 4737 3709 4795 debeant

2058 4829 2465 4885 manducando
2511 4843 2781 4899 purgare.
2815 4827 2979 4883 Unde
3023 4827 3196 4882 etiam
3230 4826 3568 4884 Catharista:
3601 4845 3708 4899 ap-

2057 4917 2368 4991 pellantur,
2402 4916 2571 4988 quasi
2621 4920 2985 4989 purgatores,
3020 4920 3182 4971 tanta
3213 4932 3339 4971 eam
3386 4920 3705 4988 purgantes

2055 5004 2379 5078 diligentia,
2442 5008 2505 5059 ut
2552 5020 2614 5060 se
2653 5022 2758 5060 nec
2806 5006 2876 5060 ab
2932 5005 3039 5061 hac
3088 5010 3203 5060 tam
3258 5003 3550 5060 horrenda
3588 5004 3704 5061 cibi

2054 5093 2420 5167 turpitudine
2452 5092 2802 5148 abstineant.
2844 5094 2959 5149 Nec
2986 5096 3306 5149 vescuntur
3345 5097 3542 5148 tamen
3575 5109 3703 5149 car-

2120 5213 2137 5247 ¹
2170 5210 2253 5259 Sic
2280 5210 2405 5258 Mss.
2435 5208 2570 5259 Editi
2596 5212 2773 5258 autem
2804 5208 3020 5267 habent,
3053 5208 3315 5258 violatam.

2118 5274 2139 5309 ³
2169 5274 2264 5321 Hic
2294 5272 2421 5321 editi
2451 5272 2672 5333 addunt,
2702 5271 2761 5319 id
2786 5277 2860 5321 est
2890 5272 3218 5321 mandatores
3246 5271 3327 5319 vel
3347 5272 3673 5334 purgator“.

2118 5337 2139 5371 ⁸
2166 5336 2322 5395 Editi,
2356 5335 2606 5383 Macarios
2633 5331 2823 5397 {quod
2856 5341 3087 5385 erratum
3119 5331 3445 5384 secutus—est
3466 5331 3705 5397 Sirmon-

2056 5397 2155 5447 dus
2186 5399 2237 5445 in
2260 5412 2358 5446 suo
2381 5397 2759 5446 Praedestinato
2788 5412 2799 5458 ;
2832 5412 3142 5460 quanquam
3170 5398 3435 5460 Augiense
3456 5396 3707 5460 ejusdem

2054 5460 2426 5532 l’raadestinati
2458 5460 2731 5532 exemplar
2747 5462 2981 5532 praefert,
3004 5459 3302 5532 'Mattarioi.
3334 5459 3417 5507 Sic
3447 5472 3583 5531 vero.
3605 5459 3706 5532 ha-

2054 5522 2183 5572 bent
2211 5522 2297 5570 bic
2326 5522 2485 5570 etiam
2534 5521 2817 5584 Augustini
2849 5522 2972 5571 Mss.
3003 5536 3208 5571 omnes.
3256 5522 3456 5582 Nempe
3495 5521 3620 5584 quia
3648 5521 3706 5569 in

2056 5585 2233 5633 muttis
2265 5585 2553 5641 dormiant,
2579 5584 2804 5633 Mattarii
2837 5585 3188 5648 appellantur,
3214 5599 3276 5632 ex
3308 5584 3444 5632 libro
3470 5588 3497 5634 5
3518 5588 3709 5632 contra

2054 5648 2330 5697 Faustum.
2364 5660 2480 5697 cap.
2512 5650 2558 5693 5.

2097 5652 2330 5702 austum,
2364 5660 2480 5706 cap.
2512 5650 2558 5693 5.

2117 5711 2137 5744 ⁴
2168 5711 2243 5757 Ita
2286 5708 2523 5757 Vaticani
2573 5706 2678 5756 duo
2726 5708 2851 5757 Mss.
2897 5710 2965 5758 At
3007 5707 3154 5768 editi,
3186 5706 3319 5756 unde
3364 5708 3463 5756 ista
3507 5720 3703 5767 eorum,

2055 5769 2333 5837 quamlibet
2360 5770 2571 5833 negant,
2604 5773 2703 5819 etc.

2117 5840 2194 5907 (α)
2221 5841 2339 5893 Vid.
2375 5839 2578 5892 Possid.
2606 5838 2663 5889 in
2690 5839 2808 5891 Vita
2843 5839 3147 5907 Augustini.
3178 5852 3293 5905 cap.
3330 5841 3405 5892 16.
