4084 6194
257 351 339 410 37

261 478 440 535 nibus
462 480 749 549 tanquam
773 478 845 533 de
866 476 1117 533 mortuis
1136 476 1223 533 vel
1250 476 1457 532 occisis
1486 475 1698 547 fugerit
1721 476 1917 531 divina

265 567 621 632 substantia,
644 571 991 639 tantumque
1009 583 1074 621 ac
1095 567 1209 622 tale
1225 566 1362 622 inde
1378 566 1743 636 remanserit,
1760 565 1915 636 quod

251 657 379 729 jam
392 656 640 728 dignum
664 672 778 711 non
798 654 874 710 sit
889 655 949 709 in
969 654 1297 710 Electorum
1313 659 1509 710 ventre
1526 654 1783 726 purgari.
1805 654 1920 709 Nec

272 763 378 802 ova
407 744 617 801 saltem
651 748 919 813 sumunt,
954 744 1119 815 quasi
1151 748 1207 799 et
1248 743 1376 816 ipsa
1406 761 1539 799 cum
1570 744 1923 814 franguntur

258 835 581 906 exspirant,
616 850 724 889 nec
756 837 1023 905 Oporteat
1073 832 1209 888 ullis
1254 832 1496 887 mortuis
1531 834 1545 867 ¹
1581 832 1922 903 corporibus

256 923 434 992 vesci,
469 929 524 978 et
556 922 665 978 hoc
694 921 887 977 solum
918 921 1071 976 vivat
1104 938 1173 977 ex
1205 938 1396 989 carne,
1433 920 1586 992 quod
1618 920 1827 987 farina,
1851 937 1923 976 ne

264 1010 573 1080 moriatur,
599 1010 906 1083 excipitur.
924 1010 1037 1066 Sed
1055 1026 1160 1066 nec
1176 1008 1637 1066 alimonialactis
1656 1014 1920 1063 utuntur.

265 1099 541 1174 quamvis
555 1100 626 1155 de
642 1115 880 1171 corpore
896 1098 1214 1155 animantis
1226 1097 1448 1153 vivente
1462 1096 1793 1171 mulgeatur
1806 1096 1924 1152 sive

267 1193 520 1261 sugatur
541 1204 571 1266 ί
576 1204 688 1243 non
708 1189 849 1259 quia
867 1192 1078 1259 putant
1100 1186 1303 1243 divina:
1321 1186 1667 1242 substantiae
1687 1184 1830 1240 nihil
1844 1183 1924 1240 ibi

269 1293 402 1334 esse
427 1275 803 1347 permixtum,
825 1277 925 1332 sed
948 1276 1087 1349 quia
1106 1276 1217 1331 sibi
1237 1292 1397 1331 error
1412 1274 1523 1346 ipsi
1544 1291 1658 1330 non
1678 1278 1923 1331 constat.

268 1366 416 1423 Nam
442 1370 500 1420 et
520 1366 723 1419 vinum
748 1381 862 1421 non
895 1364 1131 1433 bibunt,
1166 1364 1428 1422 dicentes
1461 1362 1534 1418 fel
1563 1380 1692 1419 esse
1720 1361 1929 1434 princi-

272 1473 416 1529 pum
451 1454 829 1509 tenebrarum
858 1472 873 1521 ;
906 1471 1040 1509 cum
1070 1458 1382 1508 vescantur
1409 1452 1575 1507 uvis:
1613 1468 1717 1507 nec
1750 1451 1929 1507 musti

273 1543 524 1616 aliquid,
548 1542 637 1597 vel
653 1542 1622 1609 recentissimi,sorbent.AnimasA
1634 1542 1929 1596 uditorum

270 1648 522 1689 suorum
546 1631 606 1686 in
631 1632 856 1687 Eiectos
890 1631 1103 1687 revolvi
1131 1630 1514 1696 arbitrantur,
1547 1636 1648 1685 aut
1677 1630 1931 1685 leliciore

277 1721 630 1792 compendio
652 1720 713 1775 in
737 1736 903 1776 escas
926 1719 1255 1775 Electorum
1279 1736 1545 1785 suorum,
1570 1720 1771 1789 utjam
1800 1718 1934 1774 inde

276 1829 351 1884 pu
361 1814 547 1882 rgatas
563 1810 623 1865 in
639 1808 802 1865 nulla
819 1825 1063 1881 corpora
1081 1813 1460 1864 revertantur.
1481 1807 1725 1863 Cmteras
1740 1812 1934 1863 autem

277 1900 512 1954 animas
532 1902 589 1953 et
610 1898 670 1952 in
696 1914 907 1970 pecora
930 1898 1118 1953 redire
1142 1900 1375 1969 putant,
1398 1896 1532 1952 etin
1557 1896 1787 1951 omnia”
1809 1913 1936 1968 qua:

278 1987 583 2044 radicibus
614 1988 730 2041 ﬁxa
756 1991 899 2043 sunt
944 1991 1122 2058 atque
1151 1987 1392 2042 aluntur
1420 1985 1480 2040 in
1512 1990 1681 2041 terra.
1717 1985 1939 2041 Herbas

280 2078 441 2133 enim
468 2081 649 2147 atque
672 2076 912 2131 arbores
934 2075 1016 2131 sic
1039 2080 1252 2147 putant
1273 2076 1479 2145 vivere,
1513 2079 1579 2129 ut
1607 2074 1786 2129 vitam
1812 2090 1939 2145 quae

270 2166 391 2223 illis
413 2165 587 2230 inest,
612 2169 669 2220 et
689 2165 912 2220 sentire
935 2181 998 2220 cr
1010 2165 1213 2235 edant,
1238 2168 1296 2219 et
1319 2162 1535 2229 dolere,
1562 2179 1696 2218 cum
1719 2161 1942 2218 laedun-

283 2255 459 2311 tur-3:
494 2270 601 2310 nec
631 2253 856 2325 aliquid
891 2253 1023 2309 inde
1054 2252 1181 2308 sine
1220 2252 1481 2308 cruciatu
1516 2269 1718 2307 eorum
1743 2267 1944 2323 quem-

291 2361 469 2416 quam
490 2359 662 2414 posse
679 2342 890 2398 vellere
904 2347 1001 2397 aut
1018 2358 1273 2414 carpere.
1295 2345 1538 2413 Propter
1556 2343 1942 2413 quod,agrum

284 2433 465 2490 etiam
491 2431 683 2504 spinis
707 2448 980 2504 purgare,
1002 2434 1165 2487 uetas
1186 2430 1421 2487 habent.
1449 2429 1612 2485 Unde
1632 2428 1946 2501 agricultu-

290 2540 443 2589 ram,
476 2538 607 2592 quaa
639 2521 905 2577 omnium
936 2520 1151 2576 artium
1184 2524 1272 2576 est
1292 2519 1793 2587 innocentissima,
1818 2522 1945 2574 tan-

295 2626 475 2683 quam
510 2609 769 2681 plurium
798 2608 1245 2665 homicidiorum
1279 2625 1436 2664 ream
1463 2609 1764 2663 dementer
1784 2623 1951 2662 accu-

296 2705 452 2755 sant:
463 2698 1093 2770 suisqueAuditoribus
1106 2698 1235 2753 ideo
1250 2697 1371 2753 haec
1384 2698 1706 2752 arbitrantu
1717 2714 1743 2751 r
1754 2696 1950 2769 ignos-

296 2788 525 2861 ci,quia
536 2788 792 2860 praebent
804 2788 939 2842 inde
953 2786 1441 2843 alimentaElectis
1454 2786 1674 2854 suis;ut
1686 2782 1955 2841 divinail-

292 2877 356 2933 la
366 2875 775 2933 substantiain
788 2892 991 2932 eorum
1002 2880 1201 2932 ventre
1212 2875 1758 2947 purgata,impetret
1768 2873 1851 2929 eis
1864 2888 1956 2929 ve-

299 2967 489 3029 niam.
514 2982 766 3038 quorum
798 2965 1050 3021 traditur
1079 2964 1368 3041 oblatione
1398 2964 1722 3036 purganda.
1752 2964 1954 3034 Itaque

296 3054 418 3128 ipsi
442 3052 647 3119 Electi,
675 3054 821 3110 nihil
845 3054 904 3110 in
937 3055 1093 3127 agris
1124 3058 1452 3126 operantes,
1486 3070 1591 3108 nec
1625 3069 1799 3124 poma
1829 3068 1954 3107 car-

298 3150 534 3216 pentes,
568 3160 669 3199 nec
703 3143 912 3199 saltem
949 3143 1087 3201 folia.
1126 3141 1246 3199 ulla
1288 3142 1584 3209 vellentes,
1617 3144 1957 3213 exspectant

298 3232 420 3287 base
448 3232 638 3287 aﬂ'erri
665 3233 873 3288 usibus
900 3233 1024 3287 suis
1042 3232 1113 3287 ab
1131 3231 1511 3286 Auditoribus
1529 3231 1675 3296 suis,
1694 3230 1953 3285 viventes

294 3321 369 3375 de
391 3326 475 3375 tot
488 3338 557 3376 ac
570 3322 750 3377 tantis
765 3322 1092 3377 secundum
1112 3336 1279 3375 suam
1292 3320 1605 3375 venitatem
1621 3319 1956 3375 homicidiis

295 3409 529 3465 alienis.
558 3410 799 3466 Monent
820 3410 996 3466 etiam
1029 3410 1263 3465 eosdem
1294 3410 1601 3465 Auditores
1635 3425 1794 3475 suos,
1820 3406 1956 3463 utsi

296 3504 619 3554 vescuntur
636 3500 934 3563 carnibus,
958 3498 1236 3554 animalia
1254 3515 1367 3553 non
1388 3498 1673 3563 occidant,
1695 3514 1764 3552 ne
1782 3497 1957 3552 otl‘en-

305 3588 446 3642 dant
468 3588 763 3660 principes
784 3589 1157 3645 tenebrarum
1188 3587 1248 3642 in
1272 3587 1606 3643 coelestibus
1629 3586 1954 3659 colligatos,

302 3693 338 3731 a
358 3678 578 3748 quibus
602 3693 835 3733 omnem
860 3693 1093 3733 carnem
1112 3676 1316 3732 dicunt
1332 3676 1616 3749 originem
1642 3676 1876 3732 ducere:
1901 3680 1959 3731 et

300 3764 353 3821 si
379 3771 628 3821 utuntur
651 3766 1023 3838 conjugibus,
1048 3770 1395 3836 conceptum
1416 3770 1613 3820 tamen
1632 3764 1957 3836 generatio-

301 3871 559 3926 nemque
576 3854 852 3922 devitent,
872 3871 945 3910 ne
961 3854 1158 3909 divina
1174 3852 1505 3909 substantia
1520 3870 1646 3925 quis
1666 3853 1723 3908 in
1741 3869 1839 3909 eos
1858 3870 1961 3925 per

303 3943 591 3999 alimenta
606 3943 953 4016 ingreditur,
972 3942 1222 3999 vinculis
1236 3942 1461 3998 carneis
1476 3941 1757 4014 ligeturin
1774 3942 1956 4014 prole.

305 4033 403 4088 Sic
433 4032 653 4105 quippe
680 4032 737 4088 in
770 4048 1006 4088 omnem
1039 4046 1297 4097 carnem,
1346 4030 1402 4085 id
1436 4035 1544 4099 est,
1578 4047 1680 4103 per
1708 4048 1872 4087 escas
1904 4035 1961 4087 et

304 4125 484 4193 potus
508 4120 704 4177 venire
726 4122 953 4177 animas
977 4121 1243 4177 credunt.
1270 4119 1433 4176 Unde
1457 4120 1693 4192 nuptias
1710 4120 1835 4176 sine
1852 4121 1959 4175 du-

310 4210 599 4266 bitatione
624 4211 1037 4277 condemnant,
1062 4216 1118 4265 et
1140 4214 1426 4281 quantum
1445 4208 1504 4263 in
1528 4208 1674 4281 ipsis
1699 4214 1807 4276 est,
1830 4225 1962 4281 pro-

305 4298 553 4354 hibent:
608 4300 841 4371 quando
871 4314 1149 4372 generare
1179 4296 1512 4369 prohibent,
1545 4303 1779 4369 propter
1809 4297 1963 4368 quod

308 4404 414 4443 con
414 4388 583 4459 jugia
606 4387 937 4459 copulanda
961 4393 1121 4456 sunt,
1144 4386 1328 4441 Adam
1351 4390 1409 4441 et
1428 4386 1604 4440 Evam
1623 4402 1691 4441 ex
1706 4386 1964 4458 parenti-

306 4476 422 4531 bus
440 4475 810 4548 principibus
834 4476 979 4531 l‘umi
1002 4480 1278 4531 asserunt
1301 4478 1469 4529 natos
1492 4489 1504 4528 :
1528 4490 1663 4527 cum
1684 4478 1844 4545 pater
1868 4490 1965 4530 eo-

309 4582 441 4620 rum
469 4564 709 4622 nomine
729 4565 928 4621 Saclas
949 4565 1243 4621 sociorum
1267 4579 1511 4618 suorum
1532 4563 1681 4618 fetus
1700 4563 1965 4619 omnium

312 4653 667 4718 devorasset,
687 4659 742 4709 et
755 4654 1039 4726 quidquid
1058 4653 1193 4708 inde
1206 4650 1588 4707 commixtum
1603 4650 1811 4706 divinae
1826 4653 1965 4707 sub-

311 4744 490 4797 stanti
500 4760 544 4797 ω
558 4748 810 4814 ceperat,
827 4759 959 4799 cum
976 4759 1153 4797 uxore
1166 4740 1562 4797 concumbens
1576 4740 1635 4794 in
1649 4756 1821 4795 carne
1835 4757 1965 4812 pro-

314 4831 389 4886 lis
404 4833 1059 4903 tanquamtenacissimo
1072 4829 1301 4886 vinculo
1315 4829 1969 4901 colligasset.Cbristum

316 4926 513 4975 autem
536 4920 719 4977 fuisse
738 4923 1057 4990 afﬁrmant,
1083 4936 1255 4992 quem
1283 4918 1426 4973 dicit
1447 4923 1647 4973 nostra
1668 4919 1969 4989 Scriptura

316 5019 673 5080 serpentem,
701 5027 736 5065 a
758 5027 872 5081 quo
893 5008 1259 5065 illuminatos
1283 5011 1578 5074 asserunt,
1598 5011 1661 5062 ut
1679 5007 1967 5079 cognitio-

315 5097 411 5152 nis
431 5098 634 5154 oculos
657 5099 967 5170 aperirent,
992 5104 1048 5153 et
1064 5098 1285 5153 bonum
1304 5094 1645 5167 malumque
1661 5096 1967 5167 dignosce-

313 5191 449 5240 rent
475 5202 490 5243 :
517 5203 769 5258 cumque
798 5187 1096 5244 Christum
1124 5183 1460 5242 novissimis
1485 5184 1850 5255 temporibus
1871 5201 1965 5241 ve-

312 5273 471 5329 nisse
503 5276 574 5329 ad
624 5276 869 5347 animas,
921 5293 1037 5331 non
1090 5276 1162 5331 ad
1207 5289 1452 5345 corpora
1494 5271 1818 5328 liberanda.
1852 5274 1967 5330 Nec

311 5361 498 5418 fuisse
530 5363 589 5418 in
621 5379 793 5420 carne
823 5381 977 5436 vera,
1006 5367 1107 5422 sed
1132 5362 1471 5421 simulatam
1496 5362 1750 5434 speciem
1774 5364 1967 5420 carnis

380 5551 396 5585 ⁸
427 5551 644 5614 Aliquot
670 5552 792 5601 Mss.
821 5550 924 5601 illis
952 5553 1185 5603 mortuis.

373 5615 397 5648 ²
424 5612 551 5663 Sola
574 5614 737 5663 editio
772 5616 915 5673 Lov.,
948 5620 995 5665 et
1023 5617 1235 5676 omnia;
1265 5612 1461 5663 omisso
1518 5626 1568 5659 η.

375 5678 396 5710 ³
425 5676 487 5726 In
516 5676 665 5738 Msa,
693 5690 807 5727 cum
832 5678 1059 5728 (aditur.

1713 347 1947 407 LIBER
1991 349 2227 410 UNUS.

3591 352 3673 411 38

2020 476 2392 535 ludificandis
2406 479 2645 535 human?
2658 498 2684 536 s
2699 480 2853 535 sensi
2872 480 2981 535 bus
2997 479 3440 551 praebuisscmbi
3454 498 3567 537 non
3582 500 3672 539 so-

2024 566 2147 621 lum
2172 574 2440 636 mortem,
2463 586 2661 623 verum
2682 570 2855 625 etiam
2884 571 3372 625 resurrectionem
3398 571 3674 627 similiter

2025 656 2385 711 mentiretur.
2425 658 2602 712 Deum
2653 659 2750 729 qui
2792 664 2993 729 Legem
3018 674 3119 728 per
3147 660 3377 730 Moysen
3403 660 3585 726 dedit,
3616 665 3673 715 et

2025 743 2083 799 in
2118 745 2374 800 Hebrtsis
2428 747 2735 817 Prophetis
2768 745 2995 801 locutus
3027 752 3133 815 est,
3169 765 3282 803 non
3316 765 3442 804 esse
3470 766 3671 804 verum

2027 833 2342 903 Deum,sed
2370 852 2550 889 unum
2575 851 2641 889 ex
2666 834 3028 907 principibus
3049 836 3673 909 tenebrarum.lpsius-

2029 940 2141 994 que
2172 924 2531 979 Testamenti
2554 925 2695 980 Novi
2716 924 3039 995 scripturas
3066 930 3343 995 tanquam
3368 925 3673 983 infalsatas

2028 1012 2112 1067 ita
2140 1012 2361 1084 legunt,
2396 1018 2461 1068 ut
2489 1013 2643 1083 quod
2677 1012 2879 1067 volunt
2900 1013 3036 1067 inde
3065 1014 3377 1084 accipiant,
3400 1016 3551 1083 quod
3578 1032 3674 1070 no-

2027 1101 2159 1156 lunt
2178 1101 2668 1173 rejiciant,eisque
2696 1106 2978 1173 tanquam
3010 1106 3199 1157 totum
3230 1118 3427 1156 verum
3460 1103 3675 1159 haben-

2032 1194 2119 1245 tes
2142 1196 2158 1229 ί
2206 1189 2521 1247 nonnullas
2544 1190 2907 1263 apocrypbas
2925 1194 3298 1261 anteponant.
3328 1192 3677 1247 Promissio-

2033 1294 2166 1334 nem
2190 1278 2421 1335 Domini
2443 1280 2580 1335 Jesu
2604 1279 2819 1335 Christi
2842 1281 2911 1335 de
2936 1278 3223 1351 paracleto
3245 1278 3459 1350 Spiritu
3476 1284 3677 1336 sancto

2033 1366 2211 1437 (Joan.
2252 1384 2365 1433 xvr,
2390 1370 2447 1435 7)
2488 1368 2546 1421 in
2583 1385 2688 1423 suo
2722 1368 3104 1424 haeresiarcha
3136 1367 3452 1423 Manichan
3478 1368 3681 1422 dicunt

2034 1471 2164 1511 esse
2188 1456 2736 1527 completam.Unde
2755 1474 2816 1511 se
2840 1458 2894 1511 in
2926 1457 3049 1511 suis
3073 1457 3282 1511 litteris
3307 1455 3443 1511 Jesu
3468 1455 3683 1511 Christi

2038 1544 2369 1615 apostolum
2394 1546 2628 1609 dicit,eo
2644 1546 2796 1615 quod
2813 1546 2987 1600 Jesus
3005 1545 3270 1600 Christus
3285 1562 3348 1599 se
3364 1545 3686 1599 missurum

2037 1650 2170 1689 esse
2199 1634 2531 1703 promiserit
2553 1639 2727 1706 atque
2749 1635 2807 1688 in
2829 1634 2926 1688 illo
2958 1634 3187 1689 miserit
3207 1634 3492 1705 Spiritum
3517 1649 3691 1688 sauc-

2038 1728 2185 1778 tum.
2207 1726 2450 1794 Propter
2472 1724 2632 1795 quod
2656 1725 2832 1778 etiam
2858 1724 2982 1795 ipse
3005 1723 3358 1778 Manichaeus
3379 1722 3686 1778 duodecim

2042 1811 2361 1884 discipulos
2385 1812 2610 1881 habuit,
2628 1813 2696 1867 ad
2724 1814 2910 1867 instar
2929 1811 3230 1883 apostolici
3254 1811 3685 1883 numeri,quem

2044 1918 2355 1957 numerum
2394 1901 2699 1956 Manichzsi
2733 1902 3021 1974 hodieque
3056 1900 3415 1957 custodiunt.
3447 1900 3592 1956 Nam
3619 1916 3688 1956 ex

2044 1990 2253 2045 Electis
2275 1989 2397 2045 suis
2420 1990 2636 2046 habent
2654 1989 2979 2057 duodecim,
3000 2007 3145 2061 quos
3162 1989 3455 2061 appellant
3476 1989 3691 2061 magis-

2042 2082 2189 2145 tros,
2214 2083 2275 2134 et
2295 2078 2537 2134 tertium
2558 2078 2852 2135 decimum
2876 2079 3195 2150 principem
3220 2079 3507 2150 ipsorum:
3530 2079 3687 2151 epis-

2047 2185 2223 2240 copos
2248 2172 2443 2224 autem
2468 2168 2839 2240 septuaginta
2860 2168 3134 2239 duos,qui
3158 2168 3549 2223 ordinantura
3571 2184 3693 2222 ma-

2048 2255 2247 2328 gistris
2272 2274 2285 2323 ;
2310 2261 2366 2312 et
2388 2258 2773 2328 presbyteros,
2802 2256 2902 2327 qui
2925 2257 3271 2311 ordinantur
3290 2260 3361 2311 ab
3384 2255 3691 2327 episcopis.

2048 2346 2277 2401 Habent
2298 2346 2472 2401 etiam
2495 2346 2751 2417 episcopi
2774 2345 3202 2400 diaconos.Jam
3232 2345 3419 2400 ceteri
3438 2349 3697 2400 tantum-

2055 2434 2227 2490 modo
2249 2433 2428 2489 Electi
2454 2438 2768 2489 vocantur:
2799 2434 2899 2489 sed
2922 2434 3239 2489 mittuntur
3259 2434 3432 2489 etiam
3458 2434 3569 2505 ipsi
3592 2432 3693 2505 qui

2053 2523 2323 2579 videntur
2344 2522 2635 2590 idonei,ad
2663 2522 2816 2578 hunc
2839 2521 3207 2590 errorem,vel
3230 2521 3329 2577 ubi
3349 2525 3696 2594 est,susten-

2054 2612 2299 2667 tandum
2313 2617 2369 2667 et
2382 2613 2711 2684 augendum
2724 2612 2959 2681 ;vel,uhi
2976 2628 3090 2666 non
3104 2610 3388 2679 est,etiam
3407 2611 3702 2667 seminan-

2059 2702 2223 2757 dum.
2250 2702 2614 2772 Baptismum
2648 2701 2706 2755 in
2734 2718 2889 2772 aqua
2919 2700 3061 2756 nihil
3085 2702 3357 2771 cuiquam
3392 2700 3701 2771 perhibent

2061 2790 2268 2846 salutis
2283 2791 2619 2845 all‘erreznec
2633 2806 2986 2861 quemquam
3003 2806 3203 2844 eorum
3218 2805 3364 2860 quos
3380 2789 3699 2860 decipiunt,

2061 2879 2475 2949 baptizandum
2502 2878 3040 2950 putant.0rationes
3063 2878 3283 2932 faciunt
3303 2877 3373 2933 ad
3397 2877 3577 2931 solem
3602 2892 3705 2947 per

2061 2967 2483 3039 diem,quaqua
2505 2983 2733 3021 versum
2756 2967 2990 3021 circuit:
3015 2966 3156 3021 adlu
3168 2982 3298 3021 nam
3326 2982 3427 3037 per
3446 2972 3699 3035 noctem,

2060 3056 2110 3111 si
2133 3060 2392 3128 apparet;
2419 3055 2676 3111 siautem
2702 3072 2815 3110 non
2840 3056 3179 3126 apparet,ad
3194 3054 3549 3126 aquiloniam
3570 3071 3704 3126 par-

2061 3148 2199 3212 tem,
2222 3162 2340 3216 qua
2368 3143 2455 3200 sol
2472 3160 2607 3199 cum
2630 3145 2932 3211 occideret,
2956 3144 3029 3199 ad
3061 3144 3344 3200 orientem
3376 3144 3704 3212 revertitur,

2062 3238 2221 3289 stant
2244 3239 2499 3289 orantes.
2518 3233 2891 3289 Peccatorum
2915 3232 3199 3304 originem
3216 3250 3330 3288 non
3348 3233 3528 3288 libero
3542 3232 3703 3287 arbi-

2064 3324 2176 3379 trio
2207 3323 2546 3392 voluntatis,
2580 3323 2679 3379 sed
2714 3323 3056 3379 substantias
3088 3323 3356 3378 tribuunt
3380 3323 3568 3395 gentis
3600 3322 3702 3377 ad-

2063 3428 2270 3469 versae:
2296 3429 2473 3483 quam
2492 3413 2949 3483 dogmatizantes
2972 3427 3095 3467 esse
3110 3412 3447 3467 hominibus
3464 3412 3703 3465 mixtam

2064 3518 2297 3556 omnem
2321 3518 2555 3557 carnem
2579 3518 2693 3556 non
2713 3501 2833 3567 Dei,
2849 3502 2947 3557 sed
2976 3500 3140 3555 malae
3165 3501 3378 3555 mentis
3401 3500 3709 3572 perhibent

2065 3604 2194 3644 esse
2224 3588 2685 3661 opificium,quae
2714 3606 2749 3645 a
2776 3588 3067 3643 contrario
3098 3588 3383 3659 principio
3415 3594 3528 3643 Deo
3560 3603 3708 3642 coae-

2063 3682 2229 3732 terna
2251 3675 2666 3732 est.Carnalem
2697 3676 3250 3747 concupiscentiam,
3283 3692 3399 3746 qua
3423 3691 3554 3731 caro
3569 3692 3707 3730 con-

2058 3752 2314 3837 ‘cupiscit
2342 3765 2623 3820 adversus
2654 3764 2950 3836 spiritum,
2979 3780 3093 3819 non
3114 3780 3183 3819 ex
3203 3762 3405 3818 vitiata
3426 3764 3481 3817 in
3516 3764 3705 3835 primo

2067 3852 2302 3909 homine
2335 3857 2541 3908 natura
2571 3854 2739 3908 nobis
2768 3853 2961 3908 inesse
2980 3852 3416 3920 infirmitatem;
3442 3852 3542 3907 sed
3565 3854 3706 3907 sub-

2067 3942 2345 4000 stantiam
2369 3941 2571 3997 volunt
2590 3958 2715 3997 esse
2740 3940 3204 4009 contrariam,sic
3226 3941 3393 3997 nobis
3411 3941 3708 3996 adhaeren-

2068 4036 2208 4097 tem,
2220 4035 2281 4085 ut
2294 4030 2525 4102 quando
2541 4029 2858 4085 liberamur
2872 4035 3045 4101 atque
3064 4035 3715 4102 purgamur,scparetur

2070 4136 2105 4175 a
2124 4119 2374 4184 nobis,et
2399 4120 2465 4174 in
2478 4136 2585 4174 sua
2608 4123 2815 4173 natura
2835 4120 3010 4174 etiam
3033 4118 3162 4190 ipsa
3184 4119 3594 4174 immortaliter
3623 4118 3714 4172 vi-

2072 4212 2204 4264 vat:
2240 4224 2456 4279 easque
2482 4208 2629 4263 duas
2669 4208 2917 4275 animas,
2959 4208 3044 4263 vel
3076 4208 3224 4263 duas
3258 4214 3506 4273 mentes,
3542 4223 3717 4262 unam

2074 4298 2312 4361 bonam,
2343 4296 2587 4352 alteram
2621 4296 2858 4361 malam,
2892 4298 2949 4350 in
2967 4313 3081 4352 uno
3103 4296 3340 4352 homine
3363 4298 3513 4352 inter
3532 4313 3594 4352 se
3618 4295 3718 4351 ha-

2076 4388 2209 4442 bere
2240 4386 2600 4449 conﬂictum,
2626 4387 2859 4456 quando
2890 4402 3024 4441 caro
3054 4386 3417 4458 concupiscit
3438 4386 3717 4441 adversus

2075 4474 2370 4546 spiritum,
2394 4479 2450 4529 et
2471 4473 2715 4545 spiritus
2741 4474 3019 4530 adversus
3051 4490 3285 4531 cornem
3319 4474 3588 4546 (Galatv,
3606 4475 3715 4543 17).

2074 4563 2187 4620 Nec
2202 4564 2260 4618 in
2281 4562 2449 4619 nobis
2470 4567 2742 4618 sanatum
2756 4563 2863 4619 hoc
2878 4564 3285 4636 vitium,sicuti
3312 4581 3417 4619 nos
3439 4564 3714 4631 dicimus,

2076 4669 2381 4724 nunquam
2399 4653 2694 4706 futurum:
2722 4652 2825 4706 sed
2846 4668 2879 4706 a
2902 4652 3069 4707 nobis
3091 4654 3416 4723 seiunctam
3441 4656 3615 4723 atque
3637 4667 3723 4708 se-

2077 4741 2301 4798 clusam
2326 4740 2719 4796 substantiam
2741 4740 2916 4796 istam
2939 4740 3163 4811 mali,et
3184 4742 3348 4798 ﬁnito
3372 4742 3485 4798 isto
3508 4740 3720 4797 saeculo

2076 4835 2208 4903 post
2238 4828 2753 4903 conﬂagrationem
2784 4831 2990 4886 mundi
3021 4833 3079 4885 in
3112 4831 3285 4904 globo
3316 4832 3724 4903 quodam,tan-

2079 4935 2257 4992 quam
2316 4919 2376 4973 in
2433 4934 2660 4974 carcere
2716 4919 3092 4990 sempiterno,
3125 4936 3253 4976 esse
3282 4920 3586 4975 victuram.
3615 4918 3720 4973 Cui

2078 5006 2250 5080 globo
2280 5007 2579 5063 afﬁrmant
2599 5023 2973 5064 accessurum
2995 5026 3227 5082 semper
3255 5015 3313 5065 et
3342 5009 3716 5064 adhaesurum

2080 5096 2249 5167 quasi
2298 5096 2726 5167 coopertorium
2748 5102 2924 5170 atque
2945 5100 3251 5154 tectorium
3287 5114 3354 5152 ex
3384 5097 3715 5163 animabus,

2080 5191 2289 5241 natura
2320 5184 2558 5257 quidem
2606 5186 2798 5256 bonis,
2832 5188 2931 5242 sed
2974 5194 3168 5243 tamen
3202 5205 3325 5258 quae
3358 5203 3470 5240 non
3513 5190 3716 5256 potue-

2082 5273 2200 5329 rint
2230 5292 2264 5329 a
2295 5282 2513 5329 natura:
2542 5274 2706 5329 malae
2734 5272 3077 5347 contagione
3105 5276 3393 5330 mundari.

2151 5362 2365 5419 XLVII.
2401 5362 2722 5418 Hismara:
2744 5365 2782 5427 ’,
2818 5381 3065 5435 quorum
3088 5371 3288 5418 auctor
3311 5364 3551 5419 Hieraca
3570 5379 3722 5418 nun-

2145 5488 2162 5520 ¹
2196 5487 2279 5536 Sic
2308 5492 2516 5553 veteres
2543 5488 2666 5536 Mss.
2700 5486 2766 5536 At
2794 5487 2938 5553 editi,
2967 5488 3136 5551 eisque
3158 5491 3403 5553 tanquam
3426 5501 3529 5538 non
3559 5491 3721 5537 totum

2081 5562 2255 5597 rerum
2284 5547 2585 5598 habentibus
2614 5550 2905 5607 nonnullas,
2938 5554 3036 5599 etc.

2144 5611 2167 5645 ⁸
2192 5612 2346 5671 Editi,
2368 5611 2851 5677 ullieracaitauAt
2870 5613 3019 5677 AMss.
3079 5619 3279 5677 absque
3310 5614 3639 5677 aspiratione
3669 5612 3726 5663 in

2083 5680 2272 5739 quarta
2303 5674 2518 5738 syllaba,
2541 5673 2829 5724 Hieracits.
2859 5674 3042 5735 Graeci,
3074 5673 3338 5726 Ierakitai.
