4058 6180
396 367 476 427 39
1486 357 1588 416 DE
1633 352 2122 428 HERESIBUS,
2169 356 2234 416 S.
2280 358 2706 421 AUGUSTINI
3716 366 3793 426 40

396 501 662 571 cupatur,
695 490 1175 551 resurrectionem
1207 489 1400 543 carnis
1431 490 1663 558 negant.
1718 484 2036 541 Monachos

392 590 626 645 tantum
665 589 721 641 et
765 580 1078 637 monachas
1120 582 1176 634 et
1209 576 1483 649 conjugis
1524 592 1639 632 non
1665 573 1946 630 habentes
1978 572 2033 628 in

394 673 865 732 communionem
895 666 1202 739 recipiunt.
1225 666 1307 722 Ad
1334 680 1577 738 regnum
1608 662 1883 719 caalorum
1918 678 2035 717 non

393 764 680 837 pertinere
712 756 983 833 parvulos
1037 755 1257 825 dicunt,
1308 754 1449 826 quia
1482 771 1593 809 non
1627 756 1769 809 sunt
1800 752 1884 807 eis
1916 750 2037 807 ulla

394 852 601 909 merita
635 846 989 911 certaminis,
1023 860 1135 917 quo
1174 843 1315 899 vitia
1345 844 1748 915 superantur‘.

464 940 702 997 XLVIII.
737 936 1051 991 Mannum
1082 951 1115 989 a
1147 932 1375 989 Meletio
1406 932 1748 1002 nuncupati,
1772 929 2034 986 nolentes

394 1046 558 1087 orare
590 1044 719 1083 cum
753 1025 1070 1088 conversis,
1111 1023 1168 1077 id
1202 1027 1312 1089 est,
1343 1023 1427 1077 eis
1459 1022 1560 1093 qui
1592 1021 1651 1076 in
1681 1019 2034 1092 persecutio-

390 1135 461 1176 ne
494 1118 843 1185 ceciderunt,
878 1113 1135 1169 schisma
1166 1112 1487 1167 fecerunt’.
1521 1110 1685 1166 Nunc
1716 1113 1911 1165 autem
1946 1107 2033 1163 di-

388 1213 604 1265 cuntur
632 1204 861 1261 Arianis
892 1220 1018 1259 esse
1051 1201 1370 1273 conjuncti.

456 1297 643 1353 XLIX.
675 1298 882 1351 ARIANI
914 1294 983 1348 ab
1019 1290 1174 1359 Ario,
1206 1290 1267 1345 in
1281 1306 1345 1345 eo
1379 1292 1519 1345 sunt
1550 1287 1841 1344 notissimi
1869 1302 2030 1342 erro-

379 1404 460 1451 re,
494 1403 608 1459 quo
640 1388 868 1440 Patrem
897 1386 951 1437 et
983 1380 1194 1436 Filium
1226 1384 1285 1435 et
1314 1378 1595 1450 Spiritum
1628 1380 1896 1432 sanctum
1931 1391 2033 1430 no-

377 1477 509 1531 lunt
556 1492 679 1529 esse
728 1471 903 1526 unius
956 1470 1338 1540 ejusdemque
1392 1471 1615 1522 naturae
1645 1470 1821 1536 atque
1852 1464 2028 1520 subs-

382 1565 605 1630 tantim,
653 1567 775 1631 aut,
827 1565 889 1615 ut
933 1558 1265 1630 expressius
1300 1557 1548 1626 dicatur,
1582 1554 1868 1622 essentiaa,
1902 1569 2028 1624 quae

382 1651 536 1707 οὐσία
565 1667 747 1724 graece
770 1648 1113 1721 appellatur,
1145 1647 1244 1702 sed
1274 1662 1401 1701 esse
1420 1644 1626 1699 Filium
1660 1647 2024 1709 creaturam;

379 1742 661 1815 Spiritum
697 1756 824 1794 vero
880 1741 1146 1792 sanctum
1202 1740 1529 1790 creaturam
1582 1737 1884 1796 creaturae,
1920 1735 2026 1786 hoc

382 1837 489 1899 est,
522 1831 591 1884 ab
624 1829 750 1901 ipso
783 1827 924 1882 Filio
950 1834 1208 1879 creatum
1230 1822 1453 1879 volunt.
1481 1823 1543 1877 In
1563 1838 1627 1877 eo
1650 1826 1848 1876 autem
1870 1818 2025 1891 quod

376 1921 673 1977 Christum
708 1918 831 1973 sine
866 1916 1061 1971 anima
1092 1912 1275 1970 solam
1307 1928 1541 1968 carnem
1574 1909 1903 1981 suscepisse
1933 1925 2024 1964 ar-

375 2010 683 2076 bitrautur,
739 2007 934 2060 minus
988 2004 1107 2059 noti
1160 2006 1333 2058 sunt:
1367 2017 1473 2057 nec
1507 2002 1784 2056 adversus
1815 2016 1913 2055 eos
1952 1997 2022 2053 ab

373 2099 568 2170 aliquo
603 2096 793 2151 inveni
828 2096 897 2149 de
931 2100 1035 2148 hac
1068 2108 1127 2148 re
1159 2091 1473 2163 aliquando
1506 2090 1686 2145 fuisse
1712 2093 2019 2145 certatum.

372 2188 484 2243 Sed
517 2187 623 2241 hoc
656 2200 851 2239 verum
905 2199 1052 2251 esse,
1104 2184 1160 2235 et
1187 2179 1551 2252 Epiphanius
1584 2195 1698 2234 non
1730 2177 1934 2241 tacuit,
1967 2179 2024 2231 et

375 2293 480 2349 ego
513 2292 580 2331 ex
609 2290 809 2330 eorum
835 2271 1187 2343 quihusdam
1206 2269 1436 2341 scriptis
1459 2272 1515 2324 et
1536 2264 2021 2324 collocutionibus

377 2365 699 2422 certissime
730 2360 1007 2432 comperi.
1043 2357 1408 2431 Rebaptizari
1439 2373 1669 2430 quoque
1692 2357 1763 2411 ab
1795 2354 1888 2410 his
1918 2355 2021 2411 Ca-

375 2454 621 2510 tholicos
654 2450 921 2507 novimus
950 2466 963 2515 ;
1000 2453 1199 2503 utrum
1231 2452 1288 2503 et
1318 2464 1430 2502 non
1454 2444 2014 2512 catholicos,nescio.

446 2545 509 2599 L.
545 2546 839 2597 VADIANOS
857 2541 899 2604 ³,
935 2555 1079 2609 quos
1106 2535 1358 2608 appellat
1380 2535 1762 2607 Epiphanius,
1783 2538 1840 2589 et
1860 2532 2018 2589 schi-

373 2629 795 2695 smaticos,non
818 2625 1118 2680 haereticos
1132 2626 1255 2679 vult
1275 2622 1457 2678 videri
1483 2644 1497 2691 ;
1531 2622 1628 2679 alii
1660 2627 1868 2678 vocant
1897 2627 2016 2676 An-

369 2713 1215 2789 thropomorphitas,quoniam
1234 2712 1417 2769 Deum
1434 2712 1547 2768 sibi
1562 2712 1793 2783 fingunt
1807 2711 2016 2782 cogita-

368 2807 527 2862 tione
545 2803 761 2861 carnali
778 2804 836 2859 in
852 2801 1297 2859 similitudinem
1317 2802 1573 2857 hominis
1594 2799 2012 2873 corruptibilis:

372 2897 527 2968 quod
564 2892 873 2949 rusticitati
905 2908 1105 2947 eorum
1138 2890 1341 2946 tribuit
1363 2890 1745 2963 Epiphanius,
1772 2904 2016 2962 parcens

369 2986 452 3042 eis
467 3001 537 3040 ne
551 2984 824 3039 dicantur
845 2980 1117 3036 haeretici.
1137 2980 1245 3034 Eos
1261 2985 1455 3035 autem
1475 2995 1777 3051 separasse
1791 2996 1852 3034 se
1874 2976 2015 3032 dicit

373 3093 406 3130 a
428 3075 839 3130 communione
858 3067 1372 3140 nostra,culpando
1400 3068 1704 3140 episcopos
1726 3068 2017 3136 divites,et

372 3164 587 3235 pascha
603 3178 733 3216 cum
753 3160 968 3215 Iudaeis
984 3158 1636 3224 celebrando.Quamvis
1650 3157 1769 3213 sint
1791 3157 1891 3228 qui
1914 3171 2013 3211 eos

368 3255 425 3309 in
449 3253 689 3324 {Egypto
712 3248 980 3304 Ecclesiae
1018 3246 1319 3303 catholicae
1339 3247 1771 3301 communicare
1785 3260 2011 3301 asseve-

368 3348 513 3397 rcnt.
528 3343 599 3396 De
618 3338 974 3395 Photinianis
998 3342 1372 3407 autem,quos
1386 3336 1495 3392 isto
1511 3335 1632 3391 loco
1650 3334 2011 3407 Epiphanius

368 3434 807 3498 commemorat,
835 3428 959 3499 jam
994 3425 1264 3498 superius
1296 3426 1439 3481 satis
1469 3425 1700 3480 locutus
1733 3441 1887 3481 sum.

437 3520 524 3574 LI.
558 3520 946 3573 Ssananuxos
966 3514 1333 3588 Epiphanius
1357 3514 1517 3585 dicit,
1553 3515 1652 3587 qui
1676 3512 1887 3571 similis
1918 3529 2008 3570 es-

367 3609 565 3664 sentia:
598 3604 959 3677 (ὁμοιούσιον)
993 3605 1196 3659 dicunt
1219 3602 1429 3658 Filium
1473 3604 1516 3669 ί,
1549 3610 1852 3674 tamquam
1894 3620 2007 3659 non

373 3697 574 3771 plenos
604 3696 885 3750 Arianos:
920 3694 1087 3765 quasi
1124 3692 1318 3747 Ariani
1353 3709 1454 3748 nec
1504 3691 1757 3748 similem
1787 3692 2004 3761 velint;

367 3802 499 3842 cum
532 3784 639 3838 hoc
672 3781 1015 3838 Eunomiani
1049 3781 1239 3836 dicere
1269 3782 1650 3837 celebrentur.

442 3874 553 3927 LII.
589 3870 983 3926 MACEDONIANI
1042 3874 1182 3924 sunt
1238 3887 1272 3925 a
1311 3870 1645 3926 Macedonio
1676 3870 1716 3936 ⁵,
1767 3886 1912 3941 quos
1952 3872 2008 3925 et

366 3960 875 4033 Ιινευματομάχους
922 3958 1099 4013 Graeci
1132 3957 1353 4029 dicunt,
1387 3975 1451 4014 eo
1503 3959 1655 4029 quod
1690 3960 1760 4013 de
1786 3959 2005 4029 Spiritu

366 4056 570 4107 sancto
596 4050 842 4121 litigent.
858 4048 1005 4104 Nam
1028 4047 1099 4103 de
1121 4046 1285 4102 Patre
1312 4052 1368 4102 et
1389 4046 1530 4103 Filio
1551 4053 1700 4102 recte
1721 4048 2003 4118 sentiunt,

360 4141 512 4213 quod
534 4140 707 4194 unius
722 4140 837 4194 sint
850 4138 1232 4210 ejusdemque
1245 4136 1699 4206 substantias,vel
1712 4138 2001 4193 essentia:

363 4231 462 4287 sed
497 4230 565 4285 dc
589 4229 807 4300 Spiritu
824 4232 1025 4284 sancto
1053 4226 1159 4283 hoc
1182 4227 1389 4281 nolunt
1414 4227 2002 4293 credere,creaturam

364 4337 497 4376 eum
529 4335 657 4374 esse
687 4317 965 4374 dicentes.
1000 4318 1114 4372 llos
1135 4315 1331 4388 potius
1352 4315 1589 4387 quidam
1612 4316 2005 4373 Semiarianos

361 4408 752 4479 vocant,quod
774 4407 832 4461 in
855 4406 963 4462 hac
978 4405 1297 4479 quaestione
1312 4422 1379 4460 ex
1392 4410 1553 4477 parte
1569 4422 1699 4461 cum
1723 4404 1839 4460 illis
1863 4405 2002 4473 sint,

360 4515 429 4553 ex
451 4501 611 4569 partc
636 4496 964 4552 nobiscum.
1015 4494 1290 4560 Quamvis
1338 4511 1371 4549 a
1402 4494 1700 4550 nonnullis
1732 4494 2004 4566 perhibe-

360 4590 554 4651 antur,
593 4600 704 4638 non
740 4590 941 4653 Deum,
976 4584 1074 4639 sed
1109 4583 1381 4638 deitatem
1417 4582 1602 4637 Patris
1652 4587 1709 4636 et
1751 4582 1877 4637 Filii
1909 4582 2003 4637 di-

358 4691 484 4731 cere
515 4672 797 4744 Spiritum
829 4677 1119 4742 sanctum,
1150 4678 1206 4727 et
1233 4670 1454 4725 nullam
1473 4670 1767 4743 propriam
1792 4670 2004 4729 habere

361 4761 776 4821 substantiam.

437 4852 581 4908 LIII.
616 4854 854 4906 AERIANI
871 4850 940 4906 ab
962 4849 1127 4906 Aerio
1140 4849 1393 4921 quodam
1409 4852 1566 4918 sunt,
1584 4848 1829 4921 quicum
1850 4854 2004 4907 esset

428 5025 443 5061 1
480 5022 562 5073 Sic
596 5022 702 5070 Mss
749 5021 831 5070 At.
868 5022 1012 5077 Lov.,
1041 5019 1359 5081 separentur.
1390 5017 1845 5081 Er.,rmperenlur.

423 5090 444 5123 ³
471 5086 626 5149 Apud
660 5088 803 5143 Lov.,
833 5084 913 5132 vel
936 5080 1154 5131 schisma
1184 5085 1433 5145 fecerunt.
1463 5080 1643 5141 Abest,
1692 5080 1787 5135 vel.
1820 5081 1886 5131 ab
1914 5082 2001 5132 Er.

363 5156 414 5199 et
443 5164 473 5197 a
504 5152 625 5198 Mss.

420 5212 440 5245 ³
468 5210 817 5261 Floriacensis
838 5207 999 5258 codex
1019 5207 1119 5256 hoc
1132 5208 1335 5254 tantum
1358 5205 1471 5254 loco
1488 5204 1963 5261 l1abebat.ArIianos
1984 5221 2003 5256 :

353 5287 487 5339 nam
525 5289 688 5339 supra
726 5276 780 5323 in
804 5271 1041 5323 indiculo
1083 5270 1234 5339 pperi
1259 5270 1621 5339 primumcum
1644 5270 1849 5339 caeteris
1874 5271 1999 5339 Mss.

390 5331 891 5389 raefertft’wlianos.
951 5332 1368 5383 Praedestinatus
1426 5332 1478 5379 in
1530 5331 1782 5391 Augiensi
1814 5333 1997 5382 codice

390 5349 582 5389 ΠΒΙΘΓῐ,
628 5349 891 5386 uruanas.
951 5349 1368 5383 γτωαεδιιιιιηυδ
1426 5349 1478 5379 lu
1530 5349 1782 5391 Αυκιθυει
1814 5349 1997 5382 000100

350 5349 634 5446 ιἴλιιιίίἰαηοε
683 5402 991 5449 constanter
1046 5398 1218 5449 vocat,
1280 5393 1344 5440 iis
1402 5392 1613 5442 duobus
1644 5395 1772 5441 locis
1804 5395 1998 5456 quibus

352 5462 667 5510 Sirmondus
700 5462 954 5510 .ludianos
979 5459 1144 5509 edidit
1166 5456 1362 5506 Graecis
1386 5469 1572 5505 revera
1594 5456 1845 5505 dicuntur
1864 5456 2001 5506 Aud-

347 5536 521 5572 κηποι.

418 5586 439 5620 ⁴
469 5586 613 5641 Lov.,
640 5583 815 5632 dicunt
848 5586 1046 5633 Patrem
1080 5588 1127 5632 et
1158 5582 1357 5632 Filium.

413 5649 433 5683 δ
463 5648 597 5696 Editi
638 5648 857 5704 addunt,
917 5644 1493 5710 Com(unti‘noI/olitana
1549 5643 1778 5693 Ecclesia'
1810 5644 1994 5708 cpisco-

349 5725 432 5775 ρο,
466 5712 609 5776 quod
636 5710 759 5759 Mss.
794 5728 822 5759 ει
852 5710 1019 5758 abest.

2150 489 2469 561 presbyter,
2499 491 2755 547 doluisse
2774 491 2956 546 fertur
2970 491 3119 563 quod
3140 491 3449 567 episcopus
3467 510 3582 549 non
3601 496 3789 566 potuit

2150 576 2407 633 ordinari
2434 620 2448 646 ,
2472 584 2529 635 et
2548 579 2608 634 in
2628 580 2977 636 Arianorum
2999 579 3267 635 haeresim
3298 580 3521 654 lapsus,
3554 584 3789 656 propria

2149 680 2378 738 quoque
2408 668 2683 739 dogmata
2712 668 3007 725 addidisse
3038 668 3340 738 nonnulla,
3374 670 3574 728 dicens
3596 673 3788 729 offerri

2148 769 2251 825 pro
2283 756 2710 814 dormientibus
2742 775 2857 814 non
2892 760 3217 831 oportere’;
3251 776 3357 815 nec
3387 764 3607 817 statuta
3641 763 3792 819 sole-

2148 843 2361 899 mniter
2381 845 2724 903 celebranda
2745 864 2872 903 esse
2889 847 3133 918 jejunia,
3158 848 3258 904 sed
3276 865 3409 904 cum
3430 848 3672 922 qvisque
3687 868 3790 907 vo-

2144 930 2319 987 luerit
2327 934 2740 1005 jejunandum,
2764 954 2835 992 ne
2847 937 3253 993 videaturesse
3266 937 3377 993 sub
3390 936 3533 1010 lege.
3550 938 3789 997 Dicebat

2144 1021 2320 1078 etiam
2346 1024 2753 1097 presbyterum
2774 1026 2846 1081 ab
2868 1025 3138 1098 episcopo
3162 1026 3324 1082 nulla
3342 1026 3668 1085 differentia
3683 1029 3787 1086 de-

2144 1109 2279 1166 bere
2298 1111 2568 1169 discerni.
2588 1114 2833 1177 Quidam
2848 1114 3153 1186 perhibent
3170 1115 3335 1187 istos,
3355 1116 3508 1172 sicut
3524 1117 3785 1173 Encrati-

2142 1202 2235 1256 tas
2257 1200 2341 1256 vel
2360 1202 2738 1272 Apotactitas,
2760 1220 2874 1259 non
2897 1203 3205 1260 admittere
3221 1205 3292 1260 ad
3311 1205 3785 1263 communionem

2142 1304 2310 1345 suam
2330 1290 2444 1347 nisi
2461 1292 2847 1359 continentes,
2862 1298 2919 1349 et
2934 1309 3031 1349 eos
3050 1293 3148 1365 qui
3167 1292 3376 1350 saeculo
3391 1294 3471 1350 ita
3483 1296 3783 1353 renuntia-

2140 1380 2354 1447 verint,
2380 1386 2445 1435 ut
2466 1381 2699 1454 propria
2724 1381 2886 1437 nulla
2917 1382 3275 1454 possideant.
3310 1382 3394 1438 Ab
3425 1400 3559 1439 esca
3586 1388 3784 1441 tamen

2141 1470 2406 1525 carnium
2441 1488 2553 1524 non
2588 1488 2686 1526 eos
2717 1472 3010 1527 abstinere
3042 1471 3185 1526 dicit
3216 1471 3576 1544 Epiphanius
3603 1491 3615 1529 :
3650 1472 3783 1529 Phi-

2138 1556 2317 1613 laster
2344 1576 2477 1615 vero
2509 1564 2566 1615 et
2596 1560 2746 1616 hanc
2781 1560 2863 1616 eis
2894 1560 3099 1616 tribuit
3125 1561 3564 1617 abstinentiam.

2208 1647 2345 1703 LIV.
2380 1654 2617 1704 As'rum
2650 1651 2721 1705 ab
2752 1650 2915 1705 Aetio
2945 1654 3082 1704 sunt
3109 1651 3319 1716 vocati,
3352 1650 3649 1723 iidemque
3669 1652 3779 1706 Eu—

2137 1738 2395 1792 nomiani
2429 1740 2499 1794 ab
2534 1740 2817 1793 Eunomio
2846 1740 2991 1793 Aetii
3042 1738 3349 1810 discipulo,
3396 1755 3513 1810 quo
3548 1740 3781 1795 nomine

2137 1827 2326 1897 magis
2357 1826 2756 1882 innotuerunt.
2792 1827 3116 1882 Eunomius
3147 1827 3362 1898 quippe
3392 1828 3449 1882 in
3474 1828 3781 1886 dialectica

2134 1914 2476 1986 praevalens,
2500 1915 2728 1972 acutius
2749 1921 2805 1971 et
2830 1914 3116 1971 celebrius
3141 1916 3398 1971 defendit
3422 1917 3569 1972 hanc
3598 1917 3777 1974 heare-

2134 2002 2267 2073 sim,
2293 2004 2645 2060 dissimilem
2670 2022 2771 2078 per
2792 2005 2991 2060 omnia
3013 2005 3164 2060 Patri
3185 2022 3453 2061 asserens
3472 2005 3701 2075 Filium,
3723 2011 3778 2063 et

2130 2093 2273 2150 Filio
2318 2094 2601 2167 Spiritum
2647 2099 2938 2149 sanctum.
2969 2094 3175 2150 Fertur
3204 2094 3379 2150 etiam
3414 2112 3600 2167 usque
3633 2097 3776 2152 adeo

2130 2181 2312 2238 fuisse
2342 2183 2510 2239 bonis
2542 2184 2806 2239 moribus
2829 2182 3124 2250 inimicus,
3150 2186 3215 2238 ut
3237 2189 3594 2239 asseveraret
3619 2186 3775 2256 quod

2129 2270 2275 2326 nihil
2335 2272 2546 2344 cuique
2598 2273 2832 2328 obesset
2887 2271 3285 2344 quorumlibet
3328 2273 3680 2345 perpetratio
3710 2290 3775 2329 ac

2126 2362 2558 2431 perseverantia
2587 2366 2979 2433 peccatorum,
3010 2362 3059 2417 si
3092 2360 3270 2432 hujus
3302 2378 3427 2433 quae
3452 2362 3524 2417 ab
3547 2360 3645 2417 illo
3667 2362 3767 2418 do-

2126 2449 2367 2505 cebatur
2396 2450 2531 2506 fidei
2577 2449 2888 2522 participes
2918 2456 3092 2505 esset.

2196 2539 2304 2595 LV.
2340 2546 2843 2595 APOLLINARISTAS.
2875 2537 3227 2609 Apollinaris
3256 2537 3530 2607 instituit,
3564 2540 3666 2611 qui
3698 2540 3768 2596 de

2125 2627 2306 2683 animi
2334 2627 2552 2684 Christi
2591 2645 2624 2683 a
2667 2627 2959 2683 Catholica
3002 2628 3426 2697 dissenserunt,
3477 2628 3760 2700 dicentes,

2123 2716 2275 2772 sicut
2302 2717 2525 2787 Ariani,
2559 2722 2739 2772 Deum
2772 2716 3070 2772 Christum
3110 2732 3343 2771 carnem
3376 2714 3501 2771 sine
3533 2717 3769 2773 anima”

2123 2806 2473 2878 suscepisse.
2492 2807 2554 2862 In
2575 2823 2692 2877 qua
2709 2803 3025 2876 quaestione
3043 2804 3397 2859 testimoniis
3417 2805 3765 2877 evangelicis

2120 2894 2275 2966 victi,
2297 2900 2573 2965 mentem,
2594 2912 2709 2966 qua
2726 2892 3027 2949 rationalis
3045 2898 3131 2949 est
3148 2893 3346 2949 anima
3362 2894 3639 2965 hominis,
3663 2896 3763 2952 de-

2122 2984 2302 3040 fuisse
2335 2985 2542 3039 animae
2562 2982 2799 3050 Christi,
2823 2984 2923 3038 sed
2947 3000 3050 3054 pro
3073 2982 3181 3038 hac
3204 2982 3399 3055 ipsum
3421 2982 3679 3039 Verbum
3702 2985 3763 3040 in

2120 3088 2185 3129 eo
2208 3072 2388 3129 fuisse
2410 3073 2699 3128 dixerunt.
2729 3076 2803 3128 De
2830 3073 2956 3144 ipsa
2977 3089 3110 3127 vero
3141 3074 3271 3143 ejus
3300 3088 3471 3127 carne
3503 3071 3586 3127 sic
3620 3090 3653 3128 a
3675 3089 3765 3129 re-

2119 3166 2212 3217 cta
2233 3163 2347 3218 fide
2367 3162 2717 3217 dissensisse
2740 3161 3140 3233 perhibentur,
3163 3166 3229 3215 ut
3247 3161 3507 3216 dicerent
3528 3177 3762 3218 carnem

2116 3250 2277 3307 illam
2299 3258 2355 3306 et
2374 3250 2629 3306 Verbum
2649 3250 2825 3307 unius
2842 3250 3224 3321 ejusdemque
3242 3251 3603 3319 substantia),
3624 3268 3763 3307 con-

2117 3340 2538 3396 tentiosissime
2555 3344 2971 3407 asseverantes,
2994 3339 3243 3395 Verbum
3263 3354 3497 3395 carnem
3518 3340 3761 3408 factum,

2116 3428 2222 3485 hoc
2244 3434 2351 3500 est,
2384 3429 2555 3484 Verbi
2588 3429 2806 3500 aliquid
2838 3428 2899 3483 in
2930 3445 3162 3484 carnem
3200 3428 3380 3482 fuisse
3410 3444 3760 3485 conversum

2115 3522 2289 3590 atque
2322 3522 2632 3589 mutatum,
2666 3534 2781 3573 non
2813 3523 3009 3573 autem
3043 3533 3275 3573 carnem
3308 3517 3378 3573 de
3410 3516 3602 3573 Mariae
3631 3533 3760 3574 car-

2115 3624 2187 3663 ne
2219 3607 2398 3663 fuisse
2439 3610 2794 3679 susceptam.

2186 3696 2323 3752 LVI.
2346 3702 2853 3751 ANTIDICOMARITJE
2870 3695 2890 3730 ³
2913 3695 3183 3767 appellati
3204 3698 3341 3751 sunt
3363 3694 3637 3765 haeretici,
3662 3695 3759 3751 cui

2112 3785 2301 3841 Marias
2324 3786 2641 3857 virginitati
2675 3802 2860 3857 usque
2884 3785 3027 3841 adeo
3053 3785 3481 3854 contradicunt,
3512 3790 3576 3839 ut
3597 3785 3758 3840 afﬁr-

2117 3878 2279 3928 ment
2306 3888 2435 3928 eam
2492 3877 2625 3945 post
2679 3872 2978 3929 Christum
3037 3876 3242 3926 natum
3282 3870 3404 3926 viro
3437 3886 3543 3925 suo
3575 3870 3759 3927 fuisse

2112 3962 2510 4017 commixtam.

2187 4050 2346 4106 LVII.
2381 4051 2737 4105 Postremam
2772 4049 2936 4122 ponit
2965 4048 3328 4121 Epiphanius
3360 4049 3759 4105 Massauano-

2111 4156 2237 4195 nUM
2253 4142 2272 4176 ‘
2292 4140 2587 4195 haeresim:
2611 4140 2763 4211 quod
2784 4154 2997 4195 nomen
3012 4137 3293 4210 exlingua
3306 4156 3434 4211 syra
3446 4138 3759 4194 est.Graece

2109 4232 2305 4285 autem
2321 4230 2599 4284 dicuntur
2616 4226 2842 4301 Εὐχίται
2867 4228 2939 4283 ab
2960 4228 3176 4283 orando
3200 4228 3283 4283 sic
3306 4226 3762 4300 appellati.Tan-

2110 4322 2233 4373 tum
2257 4318 2413 4373 enim
2436 4321 2621 4386 orant,
2641 4320 2706 4371 ut
2727 4316 2806 4371 eis
2828 4316 2927 4387 qui
2952 4316 3060 4372 hoc
3082 4318 3149 4371 de
3171 4315 3285 4371 illis
3304 4315 3548 4370 audiunt
3567 4315 3754 4371 incre-

2110 4406 2285 4463 dibile
2310 4407 2593 4462 videatur.
2628 4406 2773 4461 Nam
2806 4422 2938 4461 cum
2974 4405 3259 4461 Dominus
3282 4404 3511 4468 dixerit,
3539 4404 3758 4475 Oportet

2107 4511 2322 4567 semper
2350 4511 2529 4562 orare.
2560 4499 2611 4551 et
2639 4510 2749 4551 non
2773 4494 2997 4565 deﬁcere
3030 4497 3173 4563 (Luc.
3209 4511 3368 4564 xvm,
3402 4495 3453 4565 1)
3482 4510 3496 4560 ;
3530 4500 3584 4548 et
3604 4495 3758 4565 Apo-

2109 4584 2317 4653 stolus,
2338 4584 2469 4640 Sine
2486 4586 2904 4639 intermissione
2923 4589 3076 4639 orate
3103 4584 3147 4653 (Ι
3173 4584 3349 4638 Thess.
3372 4598 3427 4648 v,
3453 4582 3544 4650 17)
3567 4597 3578 4636 :
3606 4582 3758 4652 quod

2108 4673 2421 4730 sanissime
2443 4674 2527 4729 sic
2558 4673 2861 4745 accipitur,
2893 4678 2959 4728 ut
2990 4672 3151 4728 nullo
3174 4672 3267 4726 die
3288 4670 3762 4726 intermittantur

2109 4767 2265 4819 certa
2286 4768 2549 4834 tempora
2571 4762 2811 4817 orandi:
2839 4761 2935 4817 isti
2958 4762 3038 4817 ita
3070 4759 3245 4816 nimis
3276 4760 3384 4816 hoc
3416 4759 3656 4830 faciunt,
3691 4763 3759 4815 ut

2106 4851 2661 4923 hincjudicarentur
2677 4850 2828 4906 inter
2840 4849 3139 4905 haereticos
3156 4848 3519 4904 nominandi.
3536 4848 3753 4914 Quam-

2106 4941 2193 4996 vis
2217 4938 2483 4994 nonnulli
2506 4956 2603 4994 eos
2626 4939 2825 4994 dicant
2847 4940 2915 4994 de
2938 4939 3282 5011 purgatione
3304 4937 3633 4993 animarum
3655 4952 3758 4992 ne-

2105 5030 2226 5087 scio
2250 5046 2426 5101 quam
2450 5028 2880 5101 phantasticam
2902 5032 2958 5084 et
2991 5026 3299 5083 ridiculam
3328 5024 3586 5082 fabulam
3618 5041 3756 5081 nar-

2170 5212 2188 5246 ι
2221 5206 2307 5256 Sic
2334 5207 2456 5256 Mss.
2489 5204 2554 5254 At
2574 5205 2718 5266 editi,
2742 5205 2928 5267 dicens,
2953 5219 3104 5255 orare
3124 5202 3207 5255 vel
3220 5206 3408 5269 omn-re
3424 5216 3520 5268 pro
3540 5201 3760 5253 mortui:

2103 5269 2413 5320 oblationem
2443 5281 2545 5317 non
2574 5272 2826 5330 Oportere.

2168 5334 2189 5369 ³
2224 5334 2280 5381 In
2311 5333 2456 5389 Mss..
2486 5346 2693 5381 carnem
2722 5331 2885 5381 solam
2916 5332 3025 5380 sine
3055 5331 3249 5379 anima.

2166 5398 2187 5431 ⁸
2208 5396 2364 5455 Editi,
2386 5395 2916 5444 Antidicomarianitz
2936 5411 2953 5444 .-
2974 5395 3278 5445 Secundum
3302 5392 3525 5441 Graecos.
3553 5390 3751 5439 Omnes

2102 5472 2231 5522 vero
2262 5458 2347 5522 hic
2376 5458 2527 5522 latini
2558 5457 2679 5522 Mss.
2716 5458 3172 5522 ΑηιὶιΙέιιογηιινίιςςιεἶ
3242 5518 3251 5522 _
3423 5515 3468 5522 __
3595 5512 3625 5522 η

2166 5523 2187 5555 ⁸
2215 5520 2371 5576 Editi,
2408 5520 2802 5569 Psallianorum.
2854 5522 2921 5570 At
2969 5522 3090 5570 Mss.
3124 5518 3383 5581 plerique,
3415 5512 3757 5581 μαεεηζξακο-

2102 5598 2217 5631 rum
2258 5574 2549 5645 l’aiiciores,
2603 5584 3046 5631 Massilianomm:
3080 5574 3168 5645 qui
3202 5574 3377 5645 tamen
3412 5574 3754 5645 Μαεξηὶἱαηοε

2104 5653 2155 5694 et
2186 5645 2282 5706 ipsi
2314 5644 2511 5707 habent
2541 5644 2595 5691 in
2647 5646 2882 5695 indiculo
2928 5649 3051 5695 ante
3096 5639 3482 5707 praefationem.
3512 5639 3750 5688 Concor-

2105 5707 2234 5757 dant
2262 5706 2419 5771 grzeci
2448 5706 2758 5769 scriptores.
