4084 6194
192 343 263 401 41
1647 338 1840 404 LIBE]

1959 337 2162 401 INUS.

192 478 370 541 rare‘,
409 491 647 546 porcam
678 475 901 531 scilicet
931 491 1064 531 eum
1096 475 1363 547 porcellis
1394 474 1575 532 videri
1602 474 1756 531 exire
1780 473 1850 529 de

191 580 286 619 ore
318 563 586 619 hominis
609 565 843 638 quando
873 568 1176 637 purgatur,
1209 570 1266 621 et
1296 566 1354 619 in
1377 580 1511 620 eum
1535 562 1752 619 visibili
1778 561 1852 618 si-

190 652 623 725 militerspecie
643 654 855 721 ignem,
878 654 972 725 qui
997 671 1110 709 non
1135 655 1461 723 comburat,
1487 653 1724 709 intrare.
1749 651 1851 709 Ilis

189 740 469 812 adjungit
485 740 844 812 Epiphanius
857 741 1731 814 Euphemitas,Martyrianos,et
1745 740 1849 795 Sa-

187 828 513 893 tanianos’,
542 834 597 884 et
617 828 725 884 hos
746 846 949 885 omnes
969 847 1102 885 cum
1118 829 1236 885 illis
1251 835 1532 902 tanquam
1548 847 1724 885 unam
1739 829 1850 883 bae-

184 918 371 972 resim
409 918 592 989 ponit.
628 917 909 973 Dicuntur
938 918 1193 973 Euchitm
1244 918 1495 991 opinari,
1544 917 1847 974 monachis

183 1022 306 1061 non
330 1004 511 1060 licere
536 1007 933 1061 sustentandae
956 1007 1083 1062 vita
1106 1024 1224 1062 sum
1258 1024 1437 1063 causa
1462 1006 1682 1079 aliquid
1708 1024 1845 1078 ope-

182 1093 327 1165 rari,
363 1100 543 1166 atque
573 1095 657 1150 ita
686 1112 747 1151 se
779 1096 939 1167 ipsos
974 1095 1292 1153 monachos
1324 1095 1603 1169 proﬁteri,
1637 1100 1701 1151 ut
1722 1112 1844 1151 om-

179 1183 327 1239 nino
360 1184 436 1238 ab
468 1184 743 1256 Operibus
774 1187 1001 1240 vacent.

247 1272 460 1345 Usque
481 1274 551 1327 ad
575 1272 721 1329 istos
742 1290 879 1346 ergo
902 1275 971 1329 de
993 1274 1313 1330 haresibus
1335 1291 1485 1347 opus
1516 1289 1689 1329 suum
1716 1290 1841 1346 per-

177 1362 352 1416 duxit
377 1379 560 1433 supra
582 1362 773 1417 dictus
796 1362 1108 1435 episcopus
1129 1363 1394 1435 Cyprius,
1432 1363 1585 1435 apud
1612 1362 1838 1419 Graacos

178 1450 333 1504 inter
364 1466 619 1522 magnos
652 1449 907 1521 habitus,
942 1455 998 1506 et
1020 1469 1052 1505 a
1075 1451 1276 1506 multis
1300 1451 1358 1506 in
1380 1450 1676 1507 catholica:
1703 1450 1836 1506 ﬁdei

177 1539 435 1594 sanitate
454 1538 751 1593 laudatus.
776 1538 957 1609 Cujus
977 1556 1078 1611 ego
1100 1539 1159 1593 in
1179 1539 1708 1596 commemorandis
1725 1539 1837 1594 haz-

176 1627 378 1683 reticis
403 1644 525 1681 non
552 1627 815 1693 modum,
839 1628 939 1682 sed
963 1627 1226 1683 ordinem
1251 1645 1383 1683 sum
1409 1632 1667 1685 secutus.
1687 1627 1834 1685 Nam

176 1721 227 1770 et
250 1716 456 1786 aliqua
476 1731 545 1769 ex
565 1715 697 1770 aliis
712 1714 879 1787 posui
900 1733 1025 1787 quas
1046 1716 1170 1787 ipse
1187 1734 1300 1772 non
1322 1718 1536 1788 posuit,
1556 1721 1612 1771 et
1632 1715 1835 1789 aliqua

175 1822 283 1859 non
307 1804 515 1876 posui,
546 1821 673 1875 quae
700 1804 824 1875 ipse
848 1804 1079 1875 posuit:
1113 1806 1307 1877 itaque
1330 1806 1441 1861 alia
1460 1804 1633 1861 latius
1655 1818 1832 1878 quam

172 1894 314 1964 ipse,
344 1892 468 1947 alia
492 1893 672 1948 etiam
696 1892 925 1947 brevius
948 1893 1250 1965 explicavi,
1274 1912 1591 1967 paremque
1611 1895 1669 1949 in
1696 1912 1835 1949 non-

175 1981 351 2036 nullis
375 1982 624 2036 exhibui
652 1981 1012 2048 brevitatem,
1034 1983 1232 2037 omnia
1254 1984 1563 2039 moderans
1581 1983 1733 2039 sicut
1749 1982 1833 2037 in-

174 2070 461 2126 tentionis
488 2087 642 2125 meae
655 2070 800 2125 ratio
825 2070 1174 2141 postulabat.
1201 2072 1445 2127 Proinde
1467 2072 1563 2127 ille
1585 2072 1654 2127 de
1676 2076 1831 2127 octo‘

173 2160 325 2231 ginta
346 2159 712 2229 haeresibus,
730 2160 1013 2231 separatis
1031 2160 1255 2232 viginti,
1274 2178 1420 2232 quas
1443 2165 1577 2217 ante
1598 2160 1829 2216 Domini

175 2251 425 2304 adventu
438 2266 497 2303 m
515 2249 836 2319 exstitisse,
853 2249 1005 2305 sicut
1019 2249 1069 2304 ei
1093 2250 1285 2306 visum
1307 2256 1413 2318 est,
1439 2251 1827 2322 computavit;

174 2338 431 2410 reliquas
451 2344 591 2409 post
608 2337 839 2393 Domini
862 2355 1167 2394 ascensum
1190 2343 1358 2396 natas
1375 2339 1691 2413 sexaginta,
1707 2340 1831 2396 bre-

173 2427 435 2483 vissimis
460 2426 636 2482 libris
660 2426 923 2499 quinque
944 2428 1406 2499 comprehendit,
1430 2433 1605 2500 atque
1625 2445 1830 2485 omnes

177 2534 260 2572 sex
282 2516 483 2572 libros
512 2516 697 2570 totius
729 2517 994 2586 ejusdem
1026 2516 1117 2571 sui
1154 2516 1344 2589 operis
1370 2517 1558 2574 fecita.
1586 2518 1700 2589 Ego
1727 2535 1829 2573 au-

176 2612 301 2669 tem,
328 2605 481 2677 quia
529 2606 857 2661 secundum
900 2605 1239 2677 petitionem
1277 2613 1435 2661 luam
1462 2623 1560 2662 eas
1582 2606 1831 2663 hereses

178 2711 508 2750 memorare
538 2694 791 2762 institui,
817 2711 944 2765 quae
968 2698 1099 2766 post
1118 2693 1598 2767 glorificationem
1618 2694 1831 2751 Christi

179 2800 229 2839 se
248 2784 550 2839 adversus
574 2783 901 2839 doctrinam
925 2783 1158 2849 Christi,
1208 2784 1382 2839 etiam
1414 2786 1524 2840 sub
1546 2784 1832 2841 velamine

181 2872 489 2927 christiani
517 2871 775 2926 nominis
800 2870 1596 2945 extulerunt,quinquaginta
1609 2878 1831 2945 septem

181 2960 1043 3033 etEpiphaniiipsiusoperein
1070 2979 1266 3017 meum
1297 2961 1830 3032 transtuli,duasin

182 3068 350 3105 unam
378 3050 671 3113 referens,
695 3049 794 3105 ubi
818 3048 1038 3105 nullam
1074 3050 1462 3106 differentiam
1484 3050 1643 3124 potui
1668 3068 1834 3124 repe-

182 3140 283 3194 rire
299 3157 313 3192 2
328 3144 391 3194 et
410 3156 628 3193 rursus
653 3138 751 3193 ubi
773 3138 869 3194 ille
892 3154 959 3194 ex
975 3140 1204 3195 duabus
1222 3157 1397 3195 unam
1422 3143 1604 3197 facere
1625 3141 1830 3207 voluit,

180 3229 282 3283 sub
298 3228 577 3284 numeris
598 3227 723 3283 suis
742 3227 1005 3299 singulas
1022 3229 1211 3301 posui.
1232 3230 1337 3284 Sed
1359 3230 1549 3285 adhuc
1571 3246 1831 3285 comme-

183 3333 404 3372 morare
422 3318 635 3385 debeo,
657 3316 777 3371 sive
796 3334 941 3387 quas
963 3317 1116 3389 apud
1142 3316 1286 3372 alios
1311 3318 1519 3390 reperi,
1543 3319 1664 3373 sive
1687 3335 1833 3390 quas

180 3406 299 3478 ipse
326 3405 702 3461 reminiscor.
738 3404 905 3460 Nunc
929 3422 1062 3478 ergo
1085 3406 1233 3461 addo
1256 3423 1401 3478 quas
1424 3406 1711 3463 Philaster
1733 3424 1833 3480 po-

181 3496 322 3557 suit.
354 3512 457 3550 nec
492 3494 695 3567 posuit
727 3493 1107 3566 Epiphanius.

250 3582 443 3639 LVIII.
478 3583 1017 3638 Merxxcxsuomm:
1047 3583 1161 3638 dici
1192 3588 1459 3655 possunt,
1484 3584 1590 3655 qui
1611 3585 1833 3640 Metan-

184 3674 411 3746 gismon
447 3676 749 3740 asserunt,
784 3671 1041 3728 dicentes
1064 3671 1146 3727 sic
1168 3688 1297 3729 esse
1322 3673 1381 3729 in
1405 3678 1573 3729 Patre
1598 3673 1833 3742 Filium,

187 3763 481 3834 quomodo
513 3778 617 3816 vas
643 3762 700 3815 in
733 3777 887 3831 vase,
921 3760 1087 3832 quasi
1119 3762 1235 3816 duo
1263 3779 1505 3835 corpora
1529 3763 1838 3819 carnaliter

189 3852 496 3924 epinantes
516 3872 531 3917 ς
548 3851 703 3905 itaut
717 3847 1155 3906 Filiusintretin
1174 3855 1426 3922 Patrem,
1442 3857 1723 3924 tanquam
1737 3870 1837 3908 vas

190 3942 381 3996 minus
416 3940 480 3994 in
514 3956 619 3994 vas
652 3939 860 4009 majus.
894 3938 1056 3994 Unde
1087 3943 1143 3995 et
1170 3939 1284 3996 tale
1315 3957 1525 3997 nomen
1556 3941 1651 3996 hic
1682 3958 1841 3998 error

191 4030 431 4102 accepit,
449 4033 520 4083 ut
536 4025 899 4103 μεταγγισμός
913 4044 1095 4100 graece
1109 4029 1429 4085 diceretur:
1444 4028 1654 4106 ἀγγεῖον
1676 4032 1843 4103 quip-

186 4136 247 4190 pe
272 4118 378 4173 illa
408 4116 621 4190 lingua
641 4134 742 4172 vas
760 4116 973 4172 dicitur
1004 4134 1019 4173 :
1054 4119 1155 4173 sed
1177 4120 1449 4175 introitus
1480 4120 1657 4177 unius
1686 4121 1841 4178 vasis

188 4208 238 4262 in
261 4208 553 4273 alterum,
578 4205 757 4261 latine
781 4224 895 4261 uno
919 4208 1154 4263 nomine
1177 4225 1291 4264 non
1316 4214 1509 4281 potest
1530 4208 1668 4281 dici,
1692 4209 1844 4266 sicut

187 4313 366 4369 graece
399 4293 598 4367 potuit
631 4294 1018 4369 μεταγγισμὸς.

252 4385 399 4440 LIX.
436 4385 780 4439 Szuzucum
803 4390 944 4439 sunt
967 4382 1052 4441 vel
1084 4385 1383 4442 Hermiani
1413 4387 1485 4442 ab
1506 4388 1845 4445 auctoribus

188 4474 428 4529 Seleuco
462 4471 557 4526 vel
584 4471 840 4537 Hermia,
860 4473 959 4545 qui
988 4473 1410 4530 elementorum
1444 4477 1747 4533 materiam
1775 4477 1846 4533 de

190 4581 298 4635 qua
316 4564 520 4617 factus
537 4566 629 4616 est
651 4563 929 4631 mundus,
952 4579 1063 4618 non
1088 4581 1121 4618 a
1138 4563 1253 4619 Deo
1268 4564 1478 4620 factam
1499 4564 1725 4634 dicunt,
1746 4566 1847 4621 sed

190 4656 295 4707 Deo
318 4656 709 4707 coaeternam.
746 4648 858 4705 Nec
892 4650 1150 4708 animam
1168 4657 1277 4708 Deo
1290 4654 1558 4709 tribuunt
1577 4653 1840 4722 creatori,

190 4740 283 4795 sed
306 4743 615 4794 creatores
637 4754 763 4793 esse
780 4739 1110 4795 animarum
1132 4741 1384 4813 Angelos
1404 4742 1608 4799 volunt
1624 4744 1693 4798 de
1710 4742 1843 4817 igne

193 4836 239 4885 et
260 4829 509 4901 spiritu.
553 4825 768 4882 Malum
804 4832 999 4883 autem
1028 4834 1300 4886 asserunt
1324 4847 1451 4887 esse
1477 4830 1790 4903 aliquando
1819 4851 1850 4889 a

193 4918 416 4982 Deo,ali
426 4916 668 4987 quando
691 4916 1593 4990 amateria.NegantSalvatorem
1608 4920 1665 4975 in
1678 4937 1851 4977 carne

196 5008 399 5062 sedere
424 5006 499 5060 ad
546 5005 838 5060 dexteram
871 5005 1075 5075 Patris,
1101 5008 1201 5064 sed
1225 5024 1292 5064 ea
1326 5024 1388 5065 se
1413 5009 1642 5066 exuisse
1665 5009 1853 5083 perhi-

192 5096 351 5165 bent,
387 5110 647 5165 eamque
688 5093 748 5150 in
769 5093 889 5151 sole
910 5096 1201 5168 posuisse,
1225 5095 1571 5171 accipientes
1592 5100 1853 5157 occasio-

250 5298 265 5329 ί
291 5294 355 5342 In
381 5293 510 5342 Mss.
522 5326 536 5350 ,
552 5291 715 5340 sescio
736 5304 837 5356 qua
856 5292 1179 5355 phontastica
1196 5291 1472 5344 etridicule
1480 5292 1723 5359 fabulosa
1734 5310 1856 5348 nar-

193 5371 324 5405 rare.

246 5421 269 5455 ³
287 5417 683 5485 Injmpressis,
704 5417 1042 5485 Sotomonog:
1070 5431 1257 5485 eorum
1277 5420 1406 5470 vitio
1429 5421 1520 5485 qui
1544 5421 1851 5484 ediderunt,

194 5494 295 5531 non
328 5480 475 5532 Mss.
499 5493 689 5529 omnes
740 5480 935 5540 ferunt,
967 5481 1296 5531 Seianianos.

251 5546 271 5579 ³
287 5544 461 5610 ξόξιξ,
492 5543 552 5590 in
585 5556 677 5590 sea:
700 5541 858 5610 libros
891 5544 1043 5610 totius
1062 5544 1289 5610 ejusdem
1309 5545 1391 5594 sui
1408 5549 1577 5610 operis
1594 5548 1719 5610 fecit
1740 5562 1858 5599 con-

192 5604 519 5721 :gcdilz‘gi’ss.
554 5619 680 5655 vero
711 5620 810 5655 nec
840 5606 1038 5656 habent
1064 5604 1378 5671 particulam
1396 5604 1470 5661 in.
1494 5604 1855 5676 nec-verbum,

422 5684 459 5719 ι.

524 5784 797 5852 Panos.
838 5784 1021 5851 XLII.

3521 350 3599 409 42

1955 486 2088 526 nem
2112 472 2183 527 de
2210 473 2458 543 Psalmo,
2481 476 2578 531 ubi
2601 476 2833 550 legitur.
2859 480 2920 535 In.
2940 480 3054 535 sole
3070 483 3250 552 posuit
3268 481 3599 537 tabernacu-

1958 558 2077 615 lum
2106 578 2268 617 suum
2289 563 2457 635 (Ps-al.
2482 567 2722 637 xvm,6).
2744 568 2968 640 Negant
2988 567 3163 623 etiam
3184 568 3473 625 visibilem
3498 587 3599 643 pa-

1954 649 2237 707 radisum.
2262 652 2627 725 Baptismum
2645 655 2704 709 in
2733 672 2884 726 aqua
2908 673 3019 712 non
3048 656 3364 729 accipiunt.
3390 658 3603 715 Resur-

1953 738 2267 795 rectionem
2292 758 2404 796 non
2430 746 2639 815 putant
2662 742 2937 812 futuram,
2975 745 3072 800 sed
3100 746 3359 817 quotidie
3386 746 3507 802 ﬂeri
3540 747 3598 802 in

1952 829 2326 898 generatione
2361 831 2637 887 filiorum.

2024 915 2129 972 LX.
2164 918 2564 976 Paocmmmn
2589 922 2772 977 secuti
2806 925 2943 979 sunt
2974 922 3139 992 istos,
3166 927 3223 979 et
3246 924 3598 982 addiderunt

1948 1001 2245 1061 Christum
2278 1023 2392 1062 non
2433 1007 2492 1063 in
2524 1025 2696 1065 carne
2726 1008 2971 1065 venisse.

2017 1091 2156 1149 LXI.
2175 1094 2503 1151 PATRICIANI
2520 1114 2552 1152 a
2566 1097 2813 1152 Patricio
2838 1095 3183 1168 nuncupati,
3200 1097 3591 1155 substantiam

1944 1183 2137 1237 carnis
2170 1182 2438 1239 humanis
2472 1202 2585 1239 non
2620 1203 2653 1241 a
2683 1186 2822 1257 Doo,
2856 1186 2959 1241 sed
2992 1203 3025 1240 a
3046 1184 3277 1241 diabolo
3297 1186 3588 1243 conditam

1942 1271 2169 1326 dicunt:
2200 1288 2452 1345 eamque
2484 1274 2567 1329 sic
2586 1275 2922 1347 fugiendam
2956 1279 3011 1330 et
3047 1275 3448 1330 detestandam
3481 1293 3589 1347 pu-

1941 1362 2087 1428 tant,
2124 1365 2188 1415 ut
2218 1362 2459 1433 quidam
2492 1378 2692 1418 eorum
2726 1363 3147 1435 perhibeantur
3192 1362 3367 1418 etiam
3403 1367 3589 1420 morte

1949 1447 2061 1503 sibi
2090 1448 2276 1505 illata1
2312 1467 2507 1506 carere
2545 1468 2718 1507 carne
2748 1451 3020 1508 voluisse.

2013 1538 2181 1592 LXII.
2206 1540 2427 1595 Ascrm:
2450 1540 2521 1595 ab
2557 1544 2685 1597 utre
2711 1540 2989 1613 appellati
3021 1543 3162 1596 sunt
3187 1556 3199 1594 :
3242 1537 3405 1601 ἀσκός
3430 1540 3586 1597 enim

1937 1639 2141 1696 graece,
2158 1625 2337 1683 latine
2352 1633 2480 1683 uter
2494 1629 2909 1701 diciturzquem
2929 1628 3587 1701 perhibenturintlatum

1937 1721 1991 1769 et
2011 1720 2275 1786 opertum
2313 1716 2557 1772 circuire
2594 1718 2969 1783 bacchantes,
3008 1722 3289 1789 tanquam
3324 1718 3435 1790 ipsi
3470 1718 3590 1773 sint

1935 1802 2248 1874 evangelici
2282 1808 2440 1860 utres
2470 1805 2599 1860 novi
2634 1822 2778 1861 novo
2810 1806 2943 1861 vino
2976 1804 3201 1877 repleti.

2011 1891 2119 1946 LXI
2131 1892 2819 1949 [LPASSALORYNCHITEID
2833 1899 3061 1949 tantum
3079 1893 3312 1950 silentio
3326 1895 3586 1962 student,

1937 1985 2001 2035 ut
2030 1980 2272 2037 naribus
2311 1987 2367 2036 et
2404 1981 2573 2037 labiis
2598 1984 2721 2037 suis
2758 1983 3009 2055 digitum
3049 1987 3365 2055 Opponant,
3399 2000 3471 2038 ne
3500 1982 3587 2039 vel

1935 2068 2123 2140 ipsam
2143 2069 2599 2126 taciturnitatem
2618 2089 2753 2127 voce
2774 2072 3129 2144 praeripiant,
3147 2073 3379 2144 quando
3399 2077 3589 2127 tacen-

1934 2157 2075 2213 dum
2098 2158 2210 2213 sibi
2236 2176 2363 2215 esse
2386 2159 2785 2229 arbitrantur;
2830 2161 2987 2216 unde
3033 2162 3207 2216 etiam
3230 2160 3347 2216 illis
3368 2166 3458 2216 est
3479 2178 3583 2217 no-

1934 2264 2066 2303 men
2086 2247 2338 2303 inditum
2354 2264 2366 2302 :
2384 2245 2660 2310 πάσσαλος
2682 2249 2837 2304 enim
2861 2266 3045 2320 graece
3067 2248 3281 2303 dicitur
3300 2249 3495 2320 palus;
3526 2252 3584 2304 et

1935 2332 2141 2410 ῥύγχος
2159 2354 2339 2393 nasus
2357 2340 2469 2392 Cur
2485 2341 2677 2393 autem
2695 2354 2794 2409 per
2807 2337 3007 2411 palum
3028 2338 3277 2409 digitum
3293 2338 3587 2394 siﬁnifica-

1935 2441 1994 2480 re
2017 2426 2352 2493 maluerint,
2372 2416 2411 2481 7a
2433 2426 2645 2499 quibus
2668 2426 2776 2481 hoc
2801 2442 3012 2482 nomen
3049 2426 3438 2497 compositum
3469 2431 3581 2494 est,

1933 2515 2128 2571 nescio
2154 2532 2168 2570 :
2197 2532 2331 2570 cum
2362 2532 2545 2588 graec
2574 2520 2630 2571 et
2656 2515 2884 2571 dicatur
2933 2515 3154 2588 digitus
3203 2512 3492 2584 δάκτυλος,
3526 2521 3581 2572 et

1933 2601 3090 2677 possintutiqueDactylorynchits:multo
3104 2604 3427 2661 evidentius
3439 2621 3582 2660 nun-

1934 2708 2155 2747 CUDaI‘I.

2008 2709 2198 2827 LXIII].
2234 2773 2475 2835 Aoum"
2497 2789 2564 2827 ex
2584 2771 2693 2827 hoc
2716 2772 2989 2844 appellati
3011 2776 3168 2839 sunt,
3193 2773 3343 2843 quod
3368 2790 3581 2844 aquam

1936 2859 2186 2915 oﬂ‘erunt
2207 2859 2265 2915 in
2289 2859 2495 2932 poculo
2519 2860 2902 2929 Sacramenti,
2925 2877 3040 2917 non
3059 2861 3199 2916 illud
3221 2861 3375 2932 quod
3392 2860 3584 2917 omnis

1937 2948 2227 3023 Ecclesia.\

2006 3037 2164 3092 LXV.
2197 3038 2549 3093 COLUTHIANI
2576 3054 2610 3093 a
2636 3039 2891 3109 quodam
2924 3037 3190 3105 Colutbo,
3226 3038 3325 3111 qui
3348 3038 3578 3094 dicebat

1937 3130 2116 3182 Deum
2142 3143 2256 3182 non
2280 3128 2463 3181 facere
2486 3126 2680 3195 mala;
2719 3130 2921 3183 contra
2950 3126 3095 3183 illud
3119 3128 3269 3199 quod
3296 3128 3581 3200 scriptum

1935 3220 2043 3279 est,
2076 3217 2181 3285 Ego
2212 3216 2352 3271 Deus
2382 3232 2573 3271 creans
2602 3217 2754 3270 mala
2785 3216 2938 3287 (Isai.
2967 3232 3092 3279 XLV,
3122 3218 3202 3285 7).

2007 3303 2195 3358 LXVI.
2222 3304 2557 3360 FLORINIANI
2575 3321 2606 3359 a
2623 3302 2876 3374 Florino,
2893 3304 2992 3375 qui
3007 3321 3037 3359 e
3051 3302 3338 3359 contrario
3351 3303 3581 3358 dicebat

1936 3398 2117 3448 Deum
2150 3408 2377 3447 creasse
2410 3391 2602 3447 mala:
2634 3396 2835 3447 contra
2873 3392 2930 3447 id
2964 3394 3117 3463 quod
3150 3392 3436 3465 scriptum
3468 3397 3575 3460 est,

1934 3482 2078 3537 Fecit
2108 3482 2245 3537 Deus
2275 3482 2482 3549 omnia,
2516 3486 2569 3536 et
2594 3498 2713 3537 ecce
2746 3481 2889 3536 bona
2917 3480 3078 3537 valde
3099 3481 3253 3553 (Gen.
3290 3498 3328 3551 ι,
3351 3483 3463 3550 31).
3499 3487 3578 3536 Ac

1937 3586 2040 3642 per
2067 3569 2175 3625 hoc
2200 3569 2467 3641 quamvis
2497 3570 2788 3625 contraria
2815 3570 2963 3625 inter
2993 3585 3053 3625 se
3080 3570 3358 3638 dicentes,
3382 3574 3580 3624 tamen

1938 3659 2111 3714 ambo
2143 3658 2358 3714 divinis
2389 3658 2635 3729 eloquiis
2666 3658 3035 3713 resistebant.
3061 3658 3229 3713 Creat
3250 3658 3403 3713 enim
3428 3658 3583 3713 Deus

1942 3747 2096 3803 mala
2128 3764 2329 3820 pinnas
2355 3747 2718 3817 justissimas
2744 3747 3088 3819 irrogando;
3125 3746 3275 3816 quod
3300 3744 3584 3801 Coluthus

1942 3853 2056 3892 non
2079 3836 2337 3892 videbat:
2358 3853 2473 3891 non
2488 3840 2684 3891 autem
2700 3834 2882 3890 malas
2897 3836 3143 3891 creando
3159 3839 3398 3890 naturas
3415 3836 3589 3905 atque

1943 3925 2328 3992 substantias,
2348 3924 2409 3980 in
2429 3928 2715 3998 quantum
2732 3927 2871 3980 sunt
2885 3928 3103 3980 naturas
3124 3928 3218 3995 atq
3231 3941 3298 3979 ue
3313 3924 3590 3979 substan-

1944 4015 2037 4070 tiae
2062 4034 2076 4080 ς
2111 4014 2209 4069 ubi
2239 4013 2511 4069 Florinus
2536 4013 2786 4069 errabat.

2017 4102 2235 4158 LXVII.
2268 4101 2544 4157 Haeresim
2577 4101 2892 4173 quamdam
2947 4100 3073 4155 sine
3105 4103 3338 4155 auctore
3369 4103 3426 4154 et
3454 4099 3582 4155 sine

1945 4192 2182 4248 nomine
2199 4190 2485 4246 Philaster
2501 4192 2938 4257 commemorat,
2955 4206 3079 4260 qme
3097 4188 3405 4243 dicithunc
3423 4204 3591 4242 mun-

1946 4280 2087 4335 dum
2100 4278 2273 4335 etiam
2292 4284 2423 4351 post
2437 4278 2920 4333 resurrectionem
2936 4280 3298 4332 mortuorum
3312 4275 3369 4330 in
3384 4275 3586 4331 eodem

1947 4372 2102 4424 statu
2125 4368 2182 4423 in
2206 4384 2320 4439 quo
2343 4384 2498 4422 nunc
2520 4371 2608 4423 est
2628 4382 2755 4422 esse
2782 4364 3441 4436 mansurum,nequeita
3459 4379 3590 4419 esse

1950 4459 2322 4522 mutandum,
2348 4462 2412 4511 ut
2434 4456 2508 4511 sit
2530 4455 2742 4511 ccelum
2765 4471 2979 4510 novum
3003 4458 3058 4509 et
3080 4458 3420 4519 terra.nova,
3437 4453 3591 4507 sicut

1950 4551 2151 4603 sancta
2181 4546 2482 4618 Scriptura
2512 4544 2801 4617 promittit
2822 4543 2971 4616 (Isai.
2997 4560 3122 4614 va,
3147 4543 3253 4611 i7;
3283 4542 3332 4598 ΙΙ
3353 4546 3502 4599 Petr.
3530 4557 3595 4597 ιιι

1953 4636 2040 4705 13,
2068 4642 2122 4690 et
2148 4635 2305 4705 Apoc.
2342 4650 2454 4703 xxr,
2490 4633 2565 4706 1).

2025 4722 2259 4779 LXVIII.
2280 4723 2381 4777 Est
2398 4722 2512 4777 alia
2530 4719 2768 4775 haeresis
2783 4719 2955 4775 nudis
2975 4718 3222 4791 pedibus
3240 4734 3471 4790 semper
3482 4733 3601 4773 am-

1953 4811 2309 4878 bulantium,
2334 4827 2398 4865 eo
2423 4810 2574 4882 quod
2602 4808 2889 4864 Dominus
2909 4806 3117 4863 dixerit
3138 4807 3206 4862 ad
3232 4808 3489 4879 Moysen.
3511 4805 3599 4861 vel

1957 4902 2026 4957 ad
2041 4902 2069 4957 J
2078 4918 2220 4956 osue
2233 4900 2276 4967 ²,
2304 4901 2461 4954 Solve
2480 4900 2913 4955 calceamentum
2938 4898 3011 4953 de
3021 4897 3247 4969 pedibus
3273 4898 3383 4951 tuis
3402 4894 3596 4964 (Exod.

1956 5009 2039 5060 ιιι,
2062 4992 2097 5046 5
2121 5006 2132 5045 :
2158 4999 2209 5045 et
2236 4990 2398 5045 Iosue
2418 5005 2474 5053 v,
2503 4988 2589 5059 16)
2614 5004 2627 5042 :
2654 4991 2710 5043 et
2735 4987 2888 5057 quod
2913 4986 3196 5059 propheta
3224 4985 3402 5040 Isaias
3425 4981 3598 5037 nudis

1957 5081 2204 5155 pedibus
2221 5079 2432 5151 jussus
2456 5078 2628 5133 fuerit
2648 5077 2949 5133 ambulare
2975 5078 3125 5146 (Isai.
3150 5092 3243 5143 xx,
3266 5074 3339 5143 2).
3365 5072 3493 5126 Ideo
3515 5087 3601 5126 er-

1959 5189 2029 5245 go
2044 5169 2281 5225 heresis
2294 5173 2404 5238 est,
2420 5168 2687 5240 quianon
2702 5171 2938 5240 propter
2950 5165 3209 5237 corporis
3223 5160 3598 5217 afﬂictionem

1960 5261 2043 5316 sic
2069 5258 2393 5326 ambulant,
2419 5258 2520 5314 sed
2544 5257 2684 5329 quia
2705 5255 3039 5313 testimonia
3072 5252 3267 5309 divina
3297 5247 3492 5305 taliter
3510 5250 3600 5304 in-

1961 5348 2233 5421 telligunt
2247 5347 2288 5402 ³.

2029 5549 2044 5585 ί
2080 5544 2139 5596 In
2168 5544 2315 5605 Mss.,
2342 5546 2503 5593 morte
2530 5539 2930 5605 sibimetiillata.

2024 5612 2046 5646 ι
2070 5612 2131 5659 In
2161 5604 2303 5659 Mss.
2321 5608 2490 5666 deest,
2519 5606 2601 5655 vel
2630 5604 2701 5666 ad
2724 5604 2891 5652 Josue.

2193 5657 2294 5726 iEr.
2324 5673 2379 5725 et
2393 5657 2635 5735 plerique
2652 5665 2779 5719 Mss.
2801 5663 3097 5719 omittunt:
3130 5660 3251 5715 Ideo
3270 5674 3390 5724 ergo
3410 5657 3616 5711 una:
