4084 6194
455 338 536 398 43

1543 330 1646 391 DE
1691 328 2180 401 H/ERESIBUS,
2227 329 2293 389 S.
2337 330 2768 392 AUGUSTINI
3777 327 3843 384 44

532 468 710 523 LXIX.
747 467 1060 521 DONATIANI
1083 464 1167 518 vel
1192 463 1504 520 Donatista
1533 468 1689 529 sunt,
1719 464 1816 534 qui
1843 464 2098 534 primum
2129 462 2184 528 Α
2216 462 2364 517 siam
2395 463 2848 533 baptizaverant,
2887 461 2945 515 in
2979 461 3100 515 suis
3139 459 3464 514 honoribus
3495 458 3622 513 sine
3653 457 3768 513 ulla
3795 458 3845 512 in

457 561 693 628 propter
715 555 1044 610 ordinatum
1072 559 1275 607 contra
1294 569 1460 607 suam
1480 552 1835 607 voluntatem
1853 550 2104 606 Cacilia-

458 662 600 700 num
614 642 875 698 Ecclesia
890 641 1060 696 Carth
1071 641 1367 714 aginensis
1386 640 1725 712 episcOpum
1752 640 2011 696 schisma
2026 639 2104 693 fe-

459 729 1035 798 ceruntzobjicientes
1049 731 1095 784 ei
1118 729 1364 785 crimina
1378 747 1491 784 non
1507 730 1770 800 probata,
1786 728 2106 784 etmaxime

462 820 615 890 quod
639 836 670 873 a
691 817 1070 874 traditoribus
1095 818 1423 872 divinarum
1457 818 1894 888 Scripturarum
1934 817 2110 871 fuerit

463 908 788 964 ordinatus.
812 907 921 962 Sed
945 911 1076 978 post
1099 924 1337 962 causam
1361 923 1491 962 cum
1515 923 1579 961 eo
1604 906 1817 960 dictam
1843 909 2017 975 atque
2042 903 2107 957 ﬁ-

463 997 644 1051 nitam
671 995 943 1051 falsitatis
958 997 1037 1051 rei
1054 995 1422 1067 deprehensi,
1442 995 1721 1067 pertinaci
1745 994 2110 1049 dissensione

461 1086 714 1154 ﬁrmata,
743 1085 800 1138 in
853 1085 1121 1140 haresim
1156 1084 1418 1139 schisma
1457 1087 1752 1138 verterunt
1781 1099 1793 1136 :
1827 1087 2110 1154 tanquam

463 1173 720 1229 Ecclesia
741 1173 952 1229 Christi
975 1179 1210 1245 propter
1233 1172 1481 1227 crimina
1496 1171 1810 1236 Caeciliani,
1834 1188 1936 1226 seu
1954 1187 2108 1238 vera,

465 1279 568 1316 seu
611 1262 764 1332 quod
805 1262 994 1333 magis
1019 1261 1324 1332 judicibus
1366 1260 1657 1331 apparuit,
1698 1259 1861 1325 falsa,
1895 1260 1964 1314 de
1991 1264 2111 1314 toto

465 1355 755 1405 terrarum
768 1351 904 1405 orbe
918 1349 1283 1420 perierit,ubi
1302 1349 1425 1403 Iutu
1436 1366 1498 1403 ra
1516 1348 1809 1420 promissa
1825 1352 2114 1418 est,atque

466 1438 526 1493 id
549 1438 1029 1493 AfricanaDonati
1045 1443 1208 1509 parte
1223 1437 1590 1504 remanserit,
1608 1437 1666 1491 in
1683 1437 1811 1492 aliis
1825 1441 2112 1491 terrarum

467 1528 732 1598 partibus
763 1528 932 1597 quasi
965 1527 1305 1598 contagione
1333 1527 1770 1581 communionis
1803 1526 2110 1581 exstincta.

467 1617 695 1670 Audcnt
717 1617 892 1671 etiam
917 1616 1273 1687 rebaptizare
1291 1615 1644 1671 Catholicos:
1668 1616 1762 1669 ubi
1782 1633 1841 1670 se
1860 1614 2114 1686 amplius

468 1704 768 1760 hareticos
798 1722 924 1760 esse
957 1705 1284 1771 ﬁrmarunt,
1338 1722 1472 1758 cum
1505 1703 1775 1759 Ecclesia
1822 1703 2114 1758 catholica

2215 568 2512 623 quoquam
2547 551 2888 623 repetitione
2933 549 3312 621 Baptismatis
3364 553 3724 619 receperunt,
3759 564 3848 603 nec

2216 656 2314 694 eos
2338 644 2402 694 ut
2423 641 2780 712 corrigerent
2803 657 2906 712 per
2924 639 3191 711 publicas
3215 641 3532 709 potestates
3555 654 3722 708 agere
3744 639 3852 692 des-

2215 728 2484 798 titerunt,
2517 746 2620 784 nec
2648 746 2847 784 eorum
2872 728 3216 783 criminibus
3240 743 3339 797 per
3361 728 3452 782 sui
3477 727 3715 782 Concilii
3739 743 3851 781 sen-

2219 818 2462 873 tentiam
2531 819 2904 874 vehementer
2969 816 3330 889 exaggeratis
3389 817 3852 872 communionem

2220 923 2386 962 suam
2413 908 2812 962 contaminare
2847 907 3193 962 timuerunt.

2295 995 2448 1050 LXX.
2476 995 3000 1064 PRISCILLIAmsra,
3037 1011 3184 1065 quos
3229 994 3287 1048 in
3320 993 3604 1065 Hispania
3635 993 3856 1048 Priscil-

2223 1083 2415 1139 lianus
2439 1084 2716 1151 instituit,
2745 1084 2995 1138 maxime
3021 1083 3432 1139 Gnosticorum
3455 1087 3510 1137 et
3529 1082 3862 1138 Manichac-

2223 1190 2353 1227 rum
2404 1174 2679 1243 dogmata
2728 1173 3015 1245 permixta
3058 1176 3376 1227 sectantur.
3411 1171 3687 1235 Quamvis
3714 1175 3768 1226 et
3799 1187 3864 1226 ex

2223 1259 2355 1315 aliis
2386 1260 2705 1317 haresibus
2737 1263 2796 1316 in
2828 1265 2958 1316 eos‘
3009 1261 3233 1326 sordes,
3283 1267 3563 1331 tanquam
3595 1260 3652 1314 in
3688 1260 3865 1314 senti-

2224 1366 2361 1404 nam
2416 1351 2732 1420 quamdam
2777 1349 3045 1404 horribili
3091 1349 3429 1405 confusione
3460 1349 3867 1404 conﬂuxerint.

2223 1437 2462 1508 Propter
2492 1438 2872 1493 occultandas
2904 1447 3098 1493 autem
3128 1437 3652 1493 contaminationes
3675 1443 3732 1492 et
3755 1442 3876 1492 tur-

2225 1527 2521 1597 pitudines
2567 1544 2705 1582 suas
2751 1528 2969 1582 habent
3011 1528 3071 1582 in
3115 1527 3235 1582 suis
3279 1527 3654 1599 dogmatibus
3676 1531 3733 1582 et
3753 1527 3879 1584 hac

2225 1617 2399 1670 verba
2424 1634 2435 1670 :

2484 1695 2628 1754 Jura,
2663 1695 2895 1758 parjura,
2928 1699 3193 1745 secretum
3224 1695 3451 1758 prodere
3482 1695 3615 1744 noli.

471 1794 751 1847 universa
774 1794 1074 1864 placuerit,
1103 1810 1204 1848 nec
1228 1794 1285 1847 in
1313 1792 1456 1863 ipsis
1491 1792 1777 1847 haereticis
1820 1793 2116 1863 Baptisma
2149 1829 2196 1893 B
2226 1792 2294 1846 Hi
2327 1791 2554 1847 animas
2577 1792 2779 1847 dicunt
2808 1794 3068 1862 ejusdem
3093 1797 3312 1848 natura
3336 1798 3513 1864 atque
3535 1792 3881 1847 substantia

472 1897 784 1936 commune
802 1882 1147 1937 rescindere.
1166 1883 1355 1952 Hujus
1368 1880 1604 1935 baresis
1619 1881 1939 1951 principem
1968 1879 2117 1934 acci-

471 1969 668 2041 pimus
690 1970 870 2025 fuisse
894 1972 1200 2037 Donatum,
1230 1970 1328 2040 qui
1360 1970 1429 2023 de
1471 1968 1744 2023 Numidia
1774 1969 2030 2038 veniens,
2065 1971 2120 2022 et

473 2064 676 2113 contra
691 2058 992 2113 Cacilianu
1004 2076 1057 2112 m
1074 2058 1456 2114 christianam
1471 2057 1738 2112 dividens
1753 2056 2001 2128 plebem,
2017 2056 2118 2110 ad-

465 2148 691 2218 junctis
714 2147 824 2203 sibi
847 2147 1108 2217 ejusdem
1132 2147 1400 2202 factionis
1424 2146 1735 2218 episcopis,
1767 2145 2117 2215 Majorinum

475 2237 630 2308 apud
653 2236 1058 2307 Carthaginem
1082 2235 1369 2291 ordinavit
1389 2237 1747 2306 episcopum.
1769 2235 1867 2288 Cui
1892 2233 2116 2304 Majori-

473 2343 546 2380 no
583 2327 838 2380 Donatus
869 2324 1020 2380 alius
1051 2325 1111 2380 in
1143 2324 1344 2380 eadem
1377 2322 1658 2378 divisione
1682 2323 1983 2389 successit,
2018 2322 2116 2395 qui

470 2414 804 2486 eloquentia
853 2431 960 2470 sua
1007 2414 1090 2469 sic
1136 2412 1504 2468 conﬁrmavit
1540 2412 1689 2467 hanc
1733 2411 2021 2479 haeresim,
2057 2416 2120 2466 ut

467 2504 588 2557 mul
601 2504 638 2558 ti
654 2502 986 2559 existiment
1000 2507 1234 2574 propter
1251 2502 1444 2573 ipsum
1460 2501 1656 2572 potius
1670 2518 1766 2556 eos
1781 2501 2117 2555 Donatistas

466 2593 677 2647 vocari.
703 2593 947 2647 Exstant
968 2591 1184 2662 scripta
1207 2591 1357 2660 ejus,
1382 2589 1480 2646 ubi
1507 2595 1748 2661 apparet
1781 2607 1915 2645 eum
1939 2589 2116 2644 etiam

469 2698 583 2736 non
604 2681 949 2736 catholicam
964 2681 1034 2736 de
1047 2680 1332 2735 Trinitate
1346 2679 1622 2734 habuisse
1635 2679 1982 2733 sententiam
1995 2680 2116 2745 ,sed

470 2769 737 2840 quamvis
759 2769 1022 2839 ejusdem
1045 2768 1410 2837 substantia,
1430 2768 1716 2822 minorem
1735 2773 1929 2822 tamen
1950 2767 2118 2822 Patre

469 2858 706 2925 Filium,
724 2863 780 2912 et
799 2858 1084 2913 minorem
1104 2856 1247 2912 Filio
1268 2861 1506 2927 putasse
1522 2856 1803 2927 Spiritum
1823 2861 2115 2911 sanctum.

465 2947 678 3003 Verum
702 2947 759 3000 in
785 2947 958 3012 hunc,
977 2963 1150 3016 quem
1165 2946 1233 2999 de
1247 2945 1533 2998 Trinitate
1557 2944 1782 3007 habuit,
1812 2946 1938 3015 ejus
1961 2962 2115 3000 erro-

467 3051 589 3090 rem
619 3034 1057 3090 Donatistarum
1091 3032 1409 3088 multitudo
1444 3033 1669 3086 intenta
1701 3049 1814 3086 non
1838 3033 1975 3099 fuit;
2013 3050 2115 3088 nec

466 3124 635 3179 facile
656 3124 715 3179 in
740 3125 823 3179 eis
847 3125 1184 3194 quisquam,
1212 3122 1311 3193 qui
1332 3121 1439 3176 hoc
1463 3120 1629 3175 illum
1663 3121 1920 3176 sensisse
1944 3139 2115 3177 nove-

2230 1881 2399 1950 cujus
2431 1885 2519 1935 est
2552 1881 2727 1946 Deus,
2760 1883 2831 1935 ad
2864 1898 3108 1953 agonem
3143 1882 3458 1952 quemdam
3485 1885 3882 1952 spontaneum

2229 1967 2288 2021 in
2312 1968 2482 2022 terris
2509 1969 2916 2039 exercendum,
2945 1986 3047 2040 per
3067 1975 3290 2039 septem
3315 1968 3487 2024 cmlos
3511 1973 3566 2024 et
3588 1985 3690 2040 per
3709 1985 3889 2039 quos-

2231 2057 2365 2112 dam
2399 2057 2691 2128 gradatim
2723 2058 3075 2114 descendere
3099 2057 3482 2130 principatus,
3508 2061 3564 2113 et
3586 2058 3644 2112 in
3670 2057 3887 2128 malig-

2231 2163 2373 2200 num
2421 2145 2746 2217 principem
2795 2146 3112 2215 incurrere,
3167 2165 3200 2202 a
3231 2164 3345 2218 quo
3372 2147 3554 2202 istum
3588 2146 3890 2201 mundum

2231 2236 2446 2289 factum
2481 2234 2703 2301 volunt,
2749 2241 2922 2307 atque
2973 2237 3042 2291 ab
3089 2236 3197 2290 hoc
3229 2236 3488 2307 principe
3521 2252 3623 2307 per
3653 2235 3893 2290 diversa

2230 2325 2424 2378 carnis
2453 2340 2693 2394 corpora
2725 2325 3021 2380 seminari.
3060 2327 3346 2380 Astruunt
3375 2325 3550 2380 etiam
3603 2323 3892 2379 fatalibus

2230 2411 2415 2467 stellis
2459 2412 2728 2468 homines
2774 2413 3096 2485 colligatos,
3149 2413 3461 2484 ipsumque
3502 2429 3710 2484 corpus
3746 2430 3895 2469 nos-

2228 2505 2385 2556 trum
2421 2503 2744 2557 secundum
2778 2503 3083 2557 duodecim
3117 2502 3284 2574 signa
3317 2501 3443 2556 coeli
3485 2517 3613 2557 esse
3643 2517 3894 2573 compo-

2229 2591 2432 2658 situm,
2463 2590 2615 2645 sicut
2639 2590 2696 2644 hi
2723 2590 2821 2661 qui
2848 2590 3247 2646 mathematici
3270 2590 3442 2661 vulgo
3468 2589 3846 2661 appellantur
3873 2607 3888 2658 ;

2230 2680 2651 2734 constituentes
2681 2679 2739 2733 in
2770 2679 2955 2749 capite
2988 2679 3268 2745 Arietem,
3313 2679 3569 2734 Taurum
3603 2679 3662 2733 in
3693 2678 3893 2733 cervi-

2227 2783 2313 2833 ce,
2346 2767 2622 2821 Geminos
2673 2766 2729 2821 in
2777 2767 3060 2836 humeris,
3113 2767 3398 2821 Cancrum
3446 2767 3505 2820 in
3538 2771 3792 2836 pectore,
3829 2770 3896 2820 et

2229 2860 2432 2910 catera
2464 2855 2812 2911 nominatim
2863 2856 3032 2926 signa
3080 2859 3504 2926 percurrentes,
3539 2856 3609 2908 ad
3643 2855 3892 2926 plantas

2230 2961 2415 3015 usque
2463 2945 2831 3016 perveniunt,
2882 2961 3026 3014 quas
3077 2943 3340 2998 Piscibus
3394 2943 3682 3010 tribuunt,
3724 2944 3894 3012 quod

2227 3033 2506 3088 ultimum
2555 3033 2788 3104 signum
2839 3033 2909 3087 ab
2961 3031 3273 3101 astrologis
3321 3037 3714 3104 nuncupatur.
3750 3032 3898 3087 Haec

2229 3127 2286 3176 et
2335 3121 2448 3176 alia
2498 3121 2784 3192 fabulosa,
2836 3139 3004 3190 vana,
3060 3121 3362 3193 sacrilega,
3425 3139 3550 3192 qua
3604 3121 3894 3193 persequi

469 3214 564 3279 rit,
591 3213 902 3268 invenitur.
931 3212 1032 3267 Isti
1051 3211 1305 3266 haretici
1337 3211 1394 3265 in
1418 3211 1559 3265 urbe
1582 3210 1765 3265 Roma
1787 3211 2119 3266 Montenses
2150 3196 2192 3261 C
2232 3211 2471 3282 longum
2506 3216 2612 3278 est,
2645 3211 2903 3276 haresis,
2927 3212 3039 3266 ista
3061 3210 3334 3266 contexit.
3360 3211 3574 3266 Carnes
3599 3216 3899 3282 tanquam

466 3307 771 3369 vocantur,
805 3301 1020 3373 quibus
1044 3295 1191 3354 hinc
1223 3317 1292 3354 ex
1321 3299 1516 3354 Africa
1556 3298 1744 3354 solent
1777 3298 2116 3371 episcopum

469 3393 729 3446 mittere:
761 3395 860 3445 aut
883 3389 1015 3444 hinc
1040 3389 1177 3444 illuc
1201 3388 1321 3444 Afri
1351 3387 1606 3459 episcopi
1632 3405 1832 3442 eorum
1858 3405 2114 3459 pergere,

467 3479 518 3535 si
538 3480 682 3534 forte
698 3479 777 3534 ibi
799 3496 930 3534 eum
947 3479 1216 3533 ordinare
1235 3477 1569 3548 placuisset.
1588 3477 1669 3530 Ad
1687 3477 1835 3531 hanc
1849 3477 2116 3532 haresim

467 3567 526 3622 in
541 3567 888 3623 Africaetilli
904 3566 1218 3638 pertinent,
1237 3566 1335 3637 qui
1365 3565 1736 3638 appellantur
1767 3565 2118 3621 Circumcel-

468 3655 678 3726 liones,
713 3673 896 3729 genus
929 3656 1235 3711 hominum
1259 3661 1485 3726 agreste
1508 3660 1564 3710 et
1586 3655 1992 3710 famosissima
2015 3673 2117 3710 au-

470 3747 667 3817 dacia,
700 3763 812 3802 non
848 3747 1038 3802 solum
1072 3745 1128 3799 in
1161 3744 1304 3800 alios
1333 3744 1616 3799 immania
1639 3743 1897 3799 facinora
1919 3762 2118 3815 perpe-

468 3837 698 3902 trando,
719 3837 814 3890 sed
843 3851 946 3889 nec
971 3835 1082 3889 sibi
1105 3835 1306 3889 eadem
1331 3833 1537 3888 insana
1561 3833 1787 3888 feritate
1806 3835 2116 3905 parcendo.

471 3923 617 3979 Nam
650 3940 750 3994 per
782 3929 996 3978 mortes
1026 3922 1216 3977 varias
1267 3922 1634 3992 maximeque
1664 3922 2118 3992 pracipitiorum

472 4017 530 4067 et
559 4029 846 4083 aquarum
879 4017 934 4066 et
965 4011 1190 4082 ignium
1223 4027 1283 4065 se
1307 4011 1465 4080 ipsos
1491 4027 1698 4065 necare
1721 4017 2116 4084 consuerunt;

474 4105 532 4156 et
582 4101 640 4154 in
693 4101 871 4156 istum
925 4102 1179 4155 furorem
1231 4099 1374 4154 alios
1429 4116 1576 4170 quos
1623 4100 1913 4170 potuerint
1946 4118 2117 4157 sexus

472 4189 780 4260 utriusque
798 4189 1092 4258 seducere,
1114 4187 1427 4259 aliquando
1453 4187 1866 4242 utoccidantur
1880 4190 1950 4243 ab
1963 4189 2112 4257 aliis,

470 4283 741 4347 mortem,
776 4279 887 4332 nisi
922 4278 1179 4344 facerint,
1223 4276 1664 4331 comminantes.
1698 4276 2113 4333 Verumtamen

464 4366 758 4438 plerisque
791 4366 1226 4422 Donatistarum
1258 4365 1567 4436 displicent
1591 4365 1759 4430 tales,
1784 4383 1888 4421 nec
1909 4383 2110 4422 eorum

464 4456 876 4510 communione
903 4454 1290 4509 contaminari
1316 4471 1377 4508 se
1403 4458 1628 4524 putant,
1665 4454 1765 4524 qui
1789 4455 2108 4512 christiano

2227 3298 2567 3354 immundas
2627 3315 2792 3354 escas
2840 3299 3016 3354 etiam
3067 3299 3194 3369 ipsa
3245 3298 3515 3353 devitat:
3577 3299 3896 3370 conjuges,

2231 3388 2447 3459 quibus
2497 3388 2605 3442 hoc
2655 3387 2877 3442 malum
2930 3389 3185 3459 potuerit
3233 3388 3609 3458 persuadere,
3651 3388 3900 3456 disjun-

2229 3493 2392 3547 gens,
2426 3481 2479 3530 et
2532 3476 2684 3530 viros
2734 3493 2767 3530 a
2819 3477 3152 3532 nolentibus
3186 3476 3443 3540 feminis,
3477 3480 3532 3530 et
3563 3475 3817 3531 feminas
3857 3493 3898 3531 θ.

2230 3565 2565 3619 nolentibus
2612 3565 2773 3619 viris.
2826 3565 3135 3636 Opiﬁcium
3192 3565 3405 3636 quippe
3454 3563 3643 3619 omnis
3682 3564 3896 3619 carnis

2230 3671 2344 3708 non
2378 3653 2491 3708 Deo
2541 3654 2691 3708 bono
2747 3657 2803 3708 et
2850 3669 3006 3724 vero,
3054 3655 3154 3708 sed
3207 3653 3483 3724 malignis
3515 3652 3738 3724 angelis
3772 3654 3893 3707 tri-

2229 3741 2453 3798 buunt:
2482 3742 2589 3796 hoc
2611 3743 2960 3797 versutiores
2984 3743 3158 3797 etiam
3183 3740 3700 3813 Manichais,quod
3727 3742 3895 3797 nihil

2230 3831 2666 3902 Scripturarum
2716 3831 3124 3886 canonicarum
3167 3831 3495 3902 repudiant,
3530 3830 3706 3886 simul
3738 3848 3893 3888 cum

2229 3920 2575 3992 apocryphis
2628 3920 2885 3992 legentes
2938 3921 3133 3976 omnia
3164 3925 3221 3975 et
3249 3920 3308 3974 in
3340 3921 3746 3976 auctoritatem
3785 3939 3897 3976 su-

2230 4014 2476 4077 mentes,
2509 4009 2609 4063 sed
2644 4009 2700 4062 in
2737 4025 2874 4064 suos
2922 4026 3131 4064 sensus
3183 4007 3607 4080 allegorizando
3639 4015 3892 4065 verten-

2227 4102 2314 4152 tes
2346 4097 2632 4168 quidquid
2666 4097 2723 4151 in
2757 4098 2976 4152 sanctis
2999 4097 3183 4152 Libris
3207 4104 3295 4153 est
3317 4099 3471 4169 quod
3495 4115 3693 4153 eorum
3717 4115 3894 4154 ever-

2225 4191 2308 4241 tat
2331 4186 2701 4241 errorem.De
2733 4186 2963 4241 Christo
2997 4186 3387 4242 Sabellianam
3421 4192 3641 4242 sectam
3675 4193 3897 4242 tenent

2225 4276 2493 4329 eumdem
2544 4275 2738 4345 ipsum
2789 4292 2915 4331 esse
2945 4276 3223 4345 dicentes,
3267 4293 3381 4330 non
3415 4277 3606 4332 solum
3639 4277 3894 4345 Filium,

2223 4365 2322 4420 sed
2357 4363 2529 4418 etiam
2565 4368 2813 4430 Patrem,
2849 4369 2904 4419 et
2933 4364 3215 4436 Spiritum
3250 4371 3542 4421 sanctum.

2295 4452 2472 4507 LXXI.
2509 4451 2658 4507 Dicit
2712 4452 3016 4520 Philaster,
3066 4471 3194 4509 esse
3244 4453 3388 4509 alios
3435 4454 3730 4511 hareticos
3767 4458 3889 4527 qui

463 4544 586 4598 orbi
607 4549 895 4599 terrarum
919 4545 1219 4599 dementer
1237 4541 1523 4611 objiciunt
1542 4543 1874 4613 ignotorum
1890 4544 2110 4598 crimen
2140 4554 2185 4617 D
2219 4558 2353 4596 cum
2388 4541 2727 4598 hominibus
2751 4559 2863 4598 non
2889 4548 3132 4598 sumunt
3155 4558 3317 4597 escas
3343 4559 3355 4596 :
3381 4544 3481 4597 sed
3508 4549 3706 4599 utrum
3731 4561 3889 4601 cum

461 4633 758 4688 Afrorum.
786 4633 965 4689 Multa
985 4638 1041 4688 et
1062 4633 1217 4686 inter
1238 4631 1398 4701 ipsos
1433 4632 1579 4684 t'acta
1602 4635 1740 4685 sunt
1760 4630 2103 4701 schismata,

461 4725 516 4775 et
533 4721 603 4775 ab
622 4721 690 4776 iis
705 4739 766 4776 se
780 4722 1025 4776 diversis
1043 4721 1289 4776 catibus
1313 4718 1408 4773 alii
1431 4724 1602 4789 atque
1623 4718 1717 4774 alii
1734 4728 2099 4791 separarunt;

460 4825 708 4881 quorum
760 4811 1184 4882 separationeru
1235 4812 1438 4863 catera
1485 4809 1724 4880 grandis
1787 4809 2100 4866 multitudo

457 4915 572 4954 non
627 4900 830 4954 sensit.
889 4900 998 4955 Sed
1051 4898 1202 4970 apud
1256 4896 1665 4967 Carthaginem
1711 4897 2100 4955 Maximianus

456 4992 660 5043 contra
689 4988 1048 5042 Primianum
1083 4987 1154 5041 ab
1186 4986 1448 5056 ejusdem
1481 4986 1692 5040 erroris
1724 4992 1954 5042 centum
1989 4989 2099 5042 fer-

455 5093 548 5132 me
581 5077 873 5149 episcopis
905 5077 1230 5144 ordinatus,
1266 5079 1323 5131 et
1352 5091 1384 5129 a
1424 5072 1662 5144 reliquis
1694 5076 1968 5130 trecentis
2000 5077 2098 5131 de-

456 5183 604 5234 cem,
637 5183 770 5221 cum
803 5165 885 5221 eis
918 5165 1223 5220 duodecim
1259 5161 1354 5233 qui
1391 5162 1740 5218 ordinationi
1773 5165 1900 5234 ejus
1923 5165 2096 5220 etiam

449 5256 757 5324 prasentia
788 5254 1070 5327 corporali
1122 5253 1536 5321 interfuerunt,
1584 5253 1951 5309 atrocissima
1984 5256 2093 5310 cri-

450 5344 767 5400 minatione
799 5346 1136 5409 damnatus,
1171 5341 1450 5412 campulit
1479 5357 1578 5396 eos
1604 5358 1776 5397 nosse
1798 5343 1973 5398 etiam
1998 5362 2092 5399 cx-

447 5435 539 5487 tra
569 5433 879 5490 Ecclesiam
912 5433 1035 5488 dari
1068 5448 1239 5504 posse
1281 5429 1644 5501 Baptismum
1678 5432 1910 5486 Christi.
1947 5433 2091 5490 Nam

448 5522 735 5590 quosdam
768 5539 836 5576 ex
883 5523 963 5578 eis
1016 5540 1148 5578 cum
1182 5521 1265 5576 eis
1297 5536 1441 5591 quos
1475 5525 1634 5574 extra
1665 5537 1866 5576 eorum
1899 5523 2090 5580 Eccle-

444 5688 668 5759 est-quia
696 5693 1037 5759 nonupropter
1055 5688 1656 5759 eorporianﬂiictiorrem
1686 5691 1759 5743 sic
1789 5694 2090 5759 ambulant;

440 5755 530 5804 sed
554 5751 678 5818 'quia
712 5751 1000 5803 testiinohia
1031 5751 1205 5804 divitia
1234 5751 1406 5804 (aliter
1435 5751 1744 5817 intelligunt.

2216 4631 2347 4687 aliis
2379 4630 2477 4701 qui
2509 4631 2771 4700 ejusdem
2803 4638 2969 4687 secta
3002 4649 3114 4686 non
3147 4635 3307 4697 sunt,
3335 4649 3406 4686 an
3435 4632 3608 4687 etiam
3634 4633 3788 4689 inter
3811 4652 3890 4690 se

2215 4719 2373 4790 ipsos
2408 4720 2461 4772 id
2497 4719 2733 4788 faciant,
2785 4737 2900 4774 non
2951 4719 3244 4791 exprimit.
3291 4720 3435 4774 Dicit
3464 4720 3638 4776 etiam
3667 4739 3768 4777 eos
3801 4724 3890 4779 de

2213 4808 2377 4864 Patre
2408 4813 2464 4863 et
2513 4807 2655 4862 Filio
2706 4813 2879 4879 recte,
2912 4809 2982 4864 de
3032 4808 3249 4881 Spiritu
3281 4815 3478 4865 autem
3511 4815 3711 4866 sancto
3745 4827 3891 4869 non

2211 4896 2491 4952 catbolice
2524 4913 2746 4968 sapere,
2783 4899 2936 4970 quod
2969 4915 3103 4954 eum
3135 4899 3453 4971 opinentur
3482 4915 3610 4955 esse
3633 4905 3890 4957 creatu-

2211 5003 2357 5040 PaHL

2285 5074 2489 5129 LXXII.
2543 5081 2587 5127 A
2658 5076 2929 5131 Rhetorio
2998 5078 3246 5149 quodam
3301 5081 3554 5132 exortam
3586 5076 3887 5136 haeresim

2208 5163 2349 5218 dicit
2380 5162 2626 5219 nimium
2662 5165 2947 5222 mirabilis
2977 5166 3273 5233 vanitatis,
3301 5182 3426 5237 qua
3451 5184 3654 5223 omnes
3677 5165 3884 5224 hare-

2205 5253 2351 5307 ticos
2383 5259 2536 5308 recte
2567 5253 2888 5322 ambulare,
2922 5260 2977 5310 et
3005 5272 3138 5310 vera
3170 5256 3361 5310 dicere
3381 5256 3670 5310 afﬁrmat:
3699 5258 3883 5328 quod

2206 5341 2285 5395 ita
2312 5346 2401 5396 est
2433 5342 2781 5411 absurdum,
2814 5349 2876 5398 ut
2910 5344 3050 5398 mihi
3088 5343 3428 5399 incredibile
3457 5343 3743 5400 videatur.

2279 5430 2506 5485 LXXIII.
2561 5432 2688 5486 Alia
2739 5437 2824 5488 est
2875 5433 3132 5505 haresis,
3183 5451 3310 5505 qua
3355 5433 3495 5488 dicit
3533 5434 3592 5489 in
3623 5433 3878 5490 Christo

2203 5519 2564 5577 divinitatem
2619 5520 2898 5589 doluisse,
2950 5541 3083 5580 cum
3137 5525 3412 5596 ﬁgeretur
3459 5541 3590 5579 caro
3632 5524 3758 5593 ejus
3799 5524 3873 5580 in

2201 5625 2389 5667 CPUCB.

2261 5753 2282 5788 ι
2313 5753 2435 5805 Sola
2462 5753 2624 5804 editio
2658 5754 2804 5816 Lov.,
2836 5755 2890 5806 in
2923 5769 3027 5809 eas.
