4084 6194
241 322 303 380 ιθ
1100 314 1101 319 ‘
1662 301 1897 363 LIBER
1941 300 2179 362 UNUS.

3526 306 3606 365 46

300 446 515 503 LXXIV.
540 447 638 499 Est
654 441 787 506 alia,
808 456 932 512 qua
955 438 1282 494 triformem
1309 434 1393 490 sic
1415 432 1626 490 asserit
1644 436 1847 499 Deum,
1880 432 1936 499 Α
1966 434 2085 486 tem
2116 430 2307 486 Maria
2339 432 2692 503 destruebat,
2727 435 2925 491 dicens
2954 452 3080 492 eam
3115 435 3392 509 pariendo
3424 434 3607 491 fuisse

242 545 295 594 ut
320 536 566 608 quaedam
597 548 731 604 pars
769 530 899 599 ejus
948 528 1024 583 sit
1081 530 1267 595 Pater,
1321 523 1587 596 quaedam
1644 520 1850 587 Filius,

241 626 471 698 quedam
502 621 753 693 Spiritus
784 621 1022 672 sanctus
1048 632 1062 683 ;
1099 614 1208 669 hoc
1240 618 1347 678 est,
1373 611 1525 683 quod
1549 610 1651 665 Dei
1674 609 1851 698 unius

240 696 406 788 partes
435 711 568 775 sint,
602 724 729 779 quae
749 706 924 761 istam
950 702 1169 758 faciunt
1192 700 1539 756 Trinitatem
1566 713 1581 753 :
1604 696 1761 788 velut
1783 713 1852 788 ex

240 786 316 858 his
340 801 516 855 tribus
546 795 811 869 partibus
842 792 1202 864 compleatur
1235 791 1408 856 Deus,
1442 804 1545 843 nec
1569 786 1645 842 sit
1668 786 1852 857 perfe-

240 898 346 946 ctus
372 890 429 943 in
458 903 517 942 se
544 887 690 957 ipso,
722 882 810 938 vel
859 882 1045 943 Pater,
1097 878 1184 933 vel
1235 876 1415 932 Filius
1464 876 1549 931 vel
1599 874 1851 946 Spiritus

237 984 470 1035 sanctus.

295 1064 488 1122 LXXV.
545 1061 673 1117 Alia
719 1064 826 1123 est,
881 1074 1009 1130 quae
1062 1055 1203 1111 dicit
1250 1069 1465 1126 aquam
1525 1068 1641 1107 non
1670 1067 1704 1106 a
1733 1054 1847 1105 Deo

234 1160 482 1219 creatam,
517 1151 617 1207 sed
652 1149 703 1205 ei
733 1164 965 1218 semper
993 1145 1171 1201 fuisse
1197 1146 1563 1199 coaeternam.

292 1240 511 1298 LXXVI.
542 1239 673 1294 Alia
702 1236 865 1303 dicit,
897 1250 1111 1306 corpus
1130 1231 1404 1299 hominis,
1429 1246 1546 1285 non
1569 1227 1849 1296 animam,

235 1349 347 1389 esse
374 1328 688 1401 imaginem
725 1325 842 1381 Dei.

292 1418 550 1476 LXXVII.
574 1416 707 1470 Alia
735 1413 897 1477 dicit,
934 1427 1060 1467 esse
1088 1406 1547 1464 innumerabiles
1578 1405 1849 1470 mundos,

235 1511 365 1567 sicut
393 1505 612 1580 opinati
644 1507 784 1560 sunt
813 1501 1053 1573 quidam
1086 1496 1419 1571 philosophi
1449 1494 1741 1551 Gentium.

289 1597 569 1655 LXXVIII.
600 1593 746 1659 Alia,
781 1590 1199 1647 sceleratorum
1232 1586 1458 1642 animas
1494 1582 1749 1639 converti
1795 1582 1855 1636 in

234 1690 501 1743 damones
533 1682 697 1751 dicit,
727 1684 785 1736 et
814 1680 873 1733 in
907 1692 1149 1749 quaeque
1180 1674 1459 1731 animalia
1487 1671 1610 1756 suis
1633 1669 1856 1725 meritis

234 1792 484 1846 congrua.

292 1862 513 1919 LXXIX.
580 1859 727 1925 Alia,
789 1855 1178 1911 descendente
1234 1852 1306 1907 ad
1349 1851 1567 1905 inferos
1626 1846 1856 1904 Christo

234 1952 523 2009 credidisse
556 1944 912 2011 incredulos,
947 1948 1003 1999 et
1032 1957 1233 1997 omnes
1256 1939 1462 1996 exinde
1479 1936 1772 1994 existimat
1793 1934 1860 1989 li-

230 2042 456 2097 beratos.

285 2128 487 2185 LXXX.
520 2125 676 2192 Alia,
708 2120 1061 2194 sempiterne
1112 2122 1315 2173 natum
1356 2132 1469 2171 non
1518 2112 1856 2185 intelligens

223 2220 434 2286 Filium,
454 2218 629 2289 putat
649 2211 811 2267 illam
826 2208 1189 2265 nativitatem
1207 2204 1533 2277 sumpsisse
1549 2220 1583 2259 a
1597 2207 1857 2273 tempore

220 2307 437 2362 initium
464 2324 478 2361 :
516 2308 579 2358 et
609 2306 805 2356 tamen
834 2297 1034 2352 volens
1062 2299 1415 2351 coaeternum
1448 2292 1599 2348 Patri
1644 2290 1857 2347 Filium

223 2395 485 2463 conﬁteri,
549 2390 707 2462 apud
766 2388 949 2442 fuisse
1004 2389 1315 2455 antequam
1382 2382 1452 2436 de
1502 2380 1600 2436 illo
1663 2395 1859 2434 nasce-

222 2490 366 2540 retur
388 2481 701 2538 existimat
724 2476 864 2544 ;hoc
887 2479 991 2539 est,
1009 2489 1240 2543 semper
1255 2486 1389 2526 eum
1405 2469 1605 2534 fuisse,
1629 2483 1858 2523 verum-

220 2579 401 2629 tamen
436 2584 681 2640 semper
700 2581 833 2620 eum
861 2562 1071 2618 Filium
1089 2577 1203 2616 non
1224 2560 1426 2625 fuisse,
1451 2559 1551 2613 sed
1570 2574 1637 2612 ex
1660 2573 1773 2629 quo
1792 2556 1863 2611 de

221 2662 303 2717 ﬂIo
331 2666 513 2715 natus
546 2661 639 2713 est
668 2654 880 2709 Filium
911 2667 1035 2707 esse
1087 2648 1351 2720 coepisse.
1404 2652 1521 2702 Has
1568 2646 1820 2701 haereses
1842 2646 1860 2681 ί

220 2750 404 2821 putavi
423 2749 485 2802 in
508 2748 626 2801 hoc
648 2759 797 2814 Opus
821 2755 1014 2795 meum
1040 2740 1110 2793 de
1131 2734 1403 2793 Philastri
1426 2750 1596 2807 opere
1616 2734 1863 2790 transfe-

221 2820 437 2893 rendas.
464 2836 538 2890 Et
562 2832 711 2888 alias
733 2829 969 2902 quidem
992 2827 1568 2898 ipsecommemorat,
1595 2823 1695 2877 sed
1720 2820 1864 2876 mihi

214 2925 579 2999 appellandae
610 2922 861 2975 haereses
892 2933 1007 2971 non
1028 2915 1319 3010 videntur.
1352 2914 1739 2981 Quaecunque
1768 2925 1868 3010 au-

216 3022 323 3071 tem
360 3015 488 3069 sine
521 3008 868 3067 nominibus
901 3004 1091 3076 posui,
1125 3018 1231 3059 nec
1260 3001 1385 3073 ipse
1405 3014 1608 3057 earum
1631 3001 1869 3055 nomina

215 3101 587 3161 memoravit.

1960 524 2317 592 corruptam.
2342 522 2748 594 Virginitatem
2773 525 2948 581 etiam
2974 525 3532 593 sanctimonialium,
3551 528 3608 580 et

1962 608 2382 664 continentiam
2425 627 2597 666 sexus
2646 612 2829 668 virilis
2859 613 2919 668 in
2978 614 3199 670 sanctis
3252 613 3605 687 eligentibus

1962 696 2217 752 cmlibem
2234 698 2435 765 vitam,
2471 700 2879 772 conjugiorum
2912 708 3205 759 castorum
3246 709 3421 775 atque
3460 703 3604 757 fide-

1959 784 2106 839 lium
2130 786 2354 842 meritis
2376 788 2748 858 adaequabat:
2774 789 2854 843 ita
2875 794 2938 844 ut
2959 792 3224 862 quaedam
3246 791 3501 863 virgines
3515 808 3608 846 sa-

1962 889 2071 928 crae
2093 876 2508 947 provectaejam
2532 876 2720 931 astatis
2744 876 2799 931 in
2827 878 2970 932 urbe
2992 880 3194 948 Roma,
3220 880 3318 935 ubi
3340 879 3461 934 haec
3499 880 3602 934 do-

1962 962 2129 1017 cebat
2146 980 2210 1018 eo
2235 964 2431 1019 audito
2446 966 2720 1037 nupsisse
2736 967 3027 1022 dicantur.
3053 968 3177 1023 Non
3205 985 3345 1023 sane
3367 969 3491 1039 ipse
3512 967 3602 1023 vel

1963 1049 2235 1117 habebat,
2259 1051 2347 1107 vel
2373 1052 2586 1109 habere
2604 1054 2833 1109 volebat
2859 1072 3095 1111 uxorem
3121 1072 3134 1111 :
3160 1058 3313 1127 quod
3336 1074 3449 1111 non
3474 1072 3604 1128 pro-

1963 1141 2091 1211 pter
2102 1139 2334 1212 aliquod
2352 1142 2505 1213 apud
2521 1142 2700 1199 Deum
2717 1144 2907 1214 majus
2924 1145 3196 1200 meritum
3210 1144 3269 1199 in
3283 1160 3459 1216 regno
3474 1144 3601 1199 vitas

1962 1232 2252 1299 perpetuas
2276 1230 2671 1300 profuturum,
2695 1233 2795 1287 sed
2825 1237 3060 1305 propter
3082 1238 3425 1305 praesentem
3471 1249 3603 1305 pro-

1963 1315 2131 1372 desse
2152 1318 2578 1387 necessitatem,
2594 1320 2703 1375 hoc
2728 1324 2835 1389 est,
2864 1339 2935 1377 ne
2955 1323 3130 1378 homo
3151 1320 3490 1395 conjugales
3511 1338 3608 1392 pa-

1961 1404 2143 1459 tiatur
2159 1404 2474 1474 molestias,
2496 1407 2852 1479 disputabat.
2869 1410 2993 1466 Cito
3020 1419 3209 1467 tamen
3234 1411 3348 1468 ista
3368 1410 3607 1465 haeresis

1964 1507 2243 1564 Oppressa
2272 1502 2324 1550 et
2356 1495 2636 1552 exstincta
2666 1502 2772 1565 est,
2817 1516 2922 1554 nec
2961 1516 3149 1572 usque
3198 1501 3269 1556 ad
3317 1498 3607 1571 deceptio-

1964 1596 2097 1636 nem
2128 1581 2460 1653 aliquorum
2492 1588 2861 1643 sacerdotum
2895 1589 3083 1660 potuit
3113 1588 3433 1660 pervenire.

2038 1670 2328 1727 LXXXIII.
2348 1676 2488 1728 Cum
2512 1674 2744 1730 Eusebii
2765 1675 3069 1732 historiam
3087 1682 3380 1734 scrutatus
3393 1693 3604 1745 essem,

1965 1757 2057 1813 cui
2081 1758 2327 1815 Ruﬁnus
2350 1778 2383 1815 a
2404 1777 2465 1816 se
2488 1762 2546 1817 in
2562 1761 2801 1819 latinam
2816 1764 3079 1838 linguam
3098 1767 3395 1823 translata;
3408 1767 3607 1823 subse-

1968 1847 2272 1917 quentium
2297 1848 2471 1904 etiam
2496 1854 2988 1923 temporumduos
3014 1854 3194 1912 libros
3219 1856 3465 1925 addidit,
3491 1871 3606 1911 non

1968 1934 2157 1989 inveni
2192 1935 2448 2008 aliquam
2479 1939 2769 2012 heresim,
2804 1958 2981 2013 quam
3010 1961 3126 1999 non
3159 1943 3400 2018 legerim
3447 1944 3603 2015 apud

1966 2022 2253 2091 istos,nisi
2268 2041 2443 2096 quam
2458 2027 2517 2082 in
2536 2032 2698 2084 sexto
2711 2028 2858 2085 libro
2871 2031 3036 2101 ponit
3049 2033 3607 2101 Eusebius,narrans

1970 2126 2098 2167 eam
2121 2113 2413 2169 exstitisse
2435 2114 2494 2169 in
2514 2116 2745 2171 Arabia.
2772 2117 2973 2189 Itaque
2992 2119 3095 2175 hos
3118 2121 3438 2189 haereticos,
3463 2138 3608 2193 quo-

1972 2199 2127 2254 niam
2152 2200 2380 2257 nullum
2407 2220 2608 2259 eorum
2632 2205 2795 2276 ponit
2817 2216 3133 2281 auctorem,
3158 2210 3432 2266 Arabicos
3473 2227 3610 2282 pos-

1972 2304 2180 2345 sumus
2212 2307 2552 2364 nuncupare
2581 2310 2594 2349 :
2628 2293 2726 2365 qui
2756 2295 3027 2353 dixerunt
3056 2299 3283 2354 animas
3315 2316 3447 2354 cum
3483 2316 3614 2355 cor-

1972 2377 2214 2449 poribus
2245 2380 2391 2434 mori
2406 2384 2582 2452 atque
2604 2381 2864 2450 dissolvi,
2884 2389 2940 2440 et
2958 2385 3017 2440 in
3035 2387 3147 2443 ﬁne
3165 2386 3361 2443 saeculi
3385 2392 3614 2444 utrum-

1973 2481 2084 2536 que
2114 2483 2437 2540 resurgere.
2470 2470 2579 2525 Sed
2612 2470 2721 2526 boc
2751 2472 3147 2545 disputatione
3178 2475 3443 2548 Origenis
3476 2493 3620 2549 pras-

1972 2554 2156 2609 sentis
2186 2560 2243 2611 et
2274 2560 2375 2612 eos
2402 2558 2771 2630 alloquentis,
2790 2562 3088 2619 celerrime
3116 2565 3256 2620 dicit
3280 2565 3460 2621 fuisse
3483 2583 3612 2621 cor-

1971 2647 2160 2699 rectos
2188 2643 2440 2714 (Euseb,
2478 2646 2578 2701 lib.
2609 2664 2726 2719 cap.
2762 2650 2875 2720 37).
2915 2651 3047 2706 Jam
3096 2670 3251 2707 nunc
3300 2654 3409 2709 illas
3458 2670 3616 2709 com-

1974 2734 2364 2788 memoranda:
2396 2738 2533 2790 sunt
2562 2735 2834 2805 haereses,
2864 2755 2991 2809 quae
3025 2757 3057 2794 a
3088 2742 3257 2797 nobis
3288 2759 3403 2797 non
3455 2743 3610 2813 apud

1974 2820 2117 2875 istos
2149 2826 2387 2893 repertae
2421 2828 2578 2894 sunt,
2612 2825 2711 2880 sed
2740 2825 2797 2881 in
2840 2828 3301 2886 recordationem
3351 2834 3614 2887 nostram

1976 2909 2522 2982 quomodocumque
2550 2918 2857 2969 venerunt.

2045 2996 2323 3053 LXXXIV.
2358 3000 2699 3056 Haavmmm
2728 3004 2908 3059 exorti
2939 3005 3012 3061 ab
3043 3005 3322 3071 Helvidio,
3373 3009 3455 3064 ita
3504 3009 3618 3064 vir-

1977 3084 2209 3157 ginitati
2242 3086 2438 3144 Mariae
2458 3091 2887 3161 contradicunt,
2922 3098 2987 3149 ut
3016 3110 3143 3151 eam
3177 3103 3308 3168 post
3324 3097 3619 3153 Christum

278 3191 537 3247 LXXXI.
562 3189 982 3243 LUCIFERIANOS
1013 3198 1045 3236 a
1078 3181 1338 3235 Lucifero
1372 3176 1697 3235 Caralitano
1744 3174 1864 3246 epi-
1897 3161 1940 3228 C
1979 3174 2124 3229 alios
2156 3175 2330 3231 etiam
2364 3177 2513 3234 ﬁlios
2538 3180 2609 3234 de
2638 3180 2761 3235 viro
2794 3198 2899 3237 suo
2923 3182 3139 3255 Joseph
3163 3161 3457 3257 peperisse
3484 3202 3621 3241 con-

214 3299 382 3353 scopo
415 3282 681 3341 exortos,
713 3280 770 3330 et
790 3271 1092 3329 celebriter
1108 3269 1462 3331 nominatos,
1492 3283 1596 3322 nec
1616 3263 1868 3353 Epipha-

215 3352 363 3436 nius,
399 3385 507 3424 nec
541 3364 837 3422 Philaster
864 3361 1019 3415 inter
1064 3356 1367 3413 haereticos
1415 3355 1643 3428 posuit:
1696 3352 1866 3408 credo

214 3456 628 3514 tantummodo
660 3452 942 3516 schisma,
968 3465 1080 3503 non
1099 3446 1368 3502 haeresim
1391 3460 1489 3501 eos
1515 3442 1870 3508 condidisse,

216 3548 533 3603 credentes.
570 3541 747 3613 Apud
782 3538 1096 3611 quemdam
1126 3540 1349 3599 tamen,
1381 3533 1551 3603 cujus
1571 3547 1782 3586 nomen
1810 3528 1871 3583 in

214 3637 411 3691 eodem
432 3634 567 3703 ejus
592 3627 878 3701 opusculo
904 3643 1016 3682 non
1033 3624 1246 3691 inveni,
1270 3623 1329 3677 in
1346 3620 1634 3677 hareticis
1650 3619 1871 3675 Lucife-

217 3727 411 3780 rianos
424 3720 663 3794 positos
678 3718 788 3788 legi
815 3732 916 3788 per
933 3715 1053 3769 hac
1072 3714 1247 3769 verba
1268 3728 1281 3767 :
1308 3711 1646 3781 Luciferiani
1659 3708 1872 3779 inquit,

219 3831 331 3870 eam
363 3817 605 3867 teneant
628 3810 685 3861 in
702 3806 955 3861 omnibus
974 3802 1299 3858 catholicam
1321 3801 1629 3865 veritatem,
1652 3800 1711 3853 in
1733 3798 1877 3851 hunc

215 3919 461 3961 morem
490 3897 897 3954 stultissimum
924 3891 1309 3964 prolabuntur,
1340 3892 1400 3943 ut
1429 3889 1677 3943 animam
1690 3886 1880 3943 dicant

220 4008 276 4046 es:
303 3988 712 4059 transfusione
735 3983 991 4054 generari
1001 3997 1023 4041 ;
1039 3980 1337 4049 eademque
1357 3976 1546 4032 dicunt
1565 3981 1617 4032 et
1636 3976 1701 4031 de
1718 3990 1881 4031 carne

216 4092 257 4136 ξι
278 4081 346 4135 de
369 4078 585 4135 carnis
621 4089 738 4128 esse
764 4071 1092 4126 substantia.
1124 4067 1329 4124 Utrum
1351 4082 1487 4137 ergo
1507 4065 1618 4120 iste
1646 4067 1882 4136 propter

1977 3263 2243 3318 tendant.
2268 3264 2377 3320 Sed
2406 3265 2620 3321 mirum
2648 3268 2707 3322 ni
2732 3268 2875 3324 istos
2899 3273 2939 3339 ί,
2964 3273 3355 3342 praetermisso
3377 3272 3622 3329 Helvidii

1980 3352 2237 3419 nomine,
2267 3352 2780 3412 Antidicomarilas
2802 3357 3160 3430 Epiphanius
3180 3362 3493 3434 appellavit
3515 3362 3621 3434 (α).

2053 3440 2308 3496 LXXXV.
2364 3441 2709 3500 PATERNIANI
2760 3445 3065 3504 inferiores
3116 3454 3308 3520 partes
3375 3450 3623 3506 humani

1981 3528 2238 3599 corporis
2270 3546 2383 3585 non
2416 3548 2449 3586 a
2478 3531 2614 3599 Deo,
2643 3533 2745 3588 sed
2768 3552 2801 3588 a
2823 3534 3054 3591 diabolo
3078 3537 3261 3594 factas
3278 3539 3619 3611 opinantur,

1981 3621 2038 3673 et
2067 3617 2331 3673 omnium
2362 3634 2430 3673 ex
2458 3618 2576 3675 illis
2618 3621 2879 3691 partibus
2927 3623 3283 3696 ﬂagitiorum
3328 3627 3622 3683 licentiam

1982 3705 2308 3762 tribuentes
2338 3706 2738 3778 impurissime
2766 3710 2985 3767 vivunt.
3018 3713 3133 3769 Hos
3180 3716 3355 3771 etiam
3397 3716 3622 3772 Venus-

1981 3793 2173 3849 tianos
2196 3795 2435 3865 quidam
2465 3801 2693 3853 vocant.

2059 3882 2343 3939 LXXXVI.
2388 3885 2894 3943 Taa'rULLIANIsm-z
2943 3906 2977 3945 a
3026 3892 3410 3963 Tertulliano,
3456 3896 3627 3967 cujus

1988 3972 2177 4028 multa
2206 3972 2481 4044 leguntur
2528 3975 2811 4046 opuscula
2858 3977 3339 4050 eloquentissime
3387 3983 3627 4056 scripta,

1990 4077 2175 4131 usque
2204 4062 2275 4116 ad
2307 4065 2573 4117 nostrum
2604 4067 2839 4135 tempus
2870 4066 3152 4137 paulatim
3185 4072 3539 4143 deficientes,
3572 4073 3633 4128 in

218 4169 314 4223 hoc
348 4166 521 4238 quod
557 4164 641 4218 de
671 4160 865 4215 anima
886 4160 965 4213 ita
997 4156 1258 4212 sentiunt
1287 4154 1359 4226 (si
1389 4158 1585 4209 tamen
1614 4168 1745 4207 vere
1801 4150 1886 4206 ita
1992 4151 2266 4206 extremis
2287 4150 2550 4222 reliquiis
2575 4152 2786 4209 durare
2809 4158 3123 4225 potuerunt
3142 4158 3202 4214 in
3226 4161 3369 4216 urbe
3390 4162 3635 4218 Cartha-

216 4273 309 4313 sen
321 4256 405 4309 tiu
419 4258 540 4324 nt),
568 4267 675 4305 eos
698 4249 847 4303 inter
863 4246 1162 4301 haereticos
1183 4243 1482 4315 ponendos
1494 4256 1621 4296 esse
1635 4238 1888 4296 credide-

219 4347 301 4413 rit,
316 4350 625 4412 recteque
645 4336 950 4393 crediderit
974 4351 1075 4402 ;an
1092 4333 1266 4388 etiam
1290 4331 1337 4386 si
1355 4330 1413 4385 id
1438 4346 1552 4386 non
1580 4329 1887 4396 sentirent,

214 4434 331 4489 sive
355 4449 487 4487 non
512 4427 815 4493 sentiunt,
838 4425 968 4479 ideo
988 4427 1183 4478 tamen
1206 4421 1326 4476 sint
1340 4418 1595 4474 haeretici
1617 4418 1755 4489 quia
1775 4416 1893 4472 dis-

1995 4238 2257 4311 ginensi:
2294 4255 2387 4295 me
2414 4243 2609 4295 autem
2644 4241 2722 4297 ibi
2757 4243 2947 4313 posito
2980 4250 3113 4302 ante
3155 4247 3380 4321 aliquot
3428 4268 3637 4321 annos,

1996 4328 2150 4399 quod
2183 4327 2356 4382 etiam
2388 4332 2443 4383 te
2475 4329 2817 4386 meminisse
2846 4333 3115 4400 arbitror,
3155 4339 3313 4393 omni
3362 4356 3431 4394 ex
3477 4344 3642 4411 parte

2000 4415 2332 4487 consumpti
2357 4421 2515 4471 sunt.
2542 4418 2889 4475 Paucissimi
2906 4424 3063 4478 enim
3091 4426 3191 4496 qui
3214 4433 3642 4496 remanserant,

214 4524 576 4578 senionem
613 4530 783 4570 suam
816 4511 1095 4585 pertinaci
1147 4507 1515 4565 animositate
1559 4507 1891 4571 ﬁrmarunt,
1924 4526 1970 4592 ι)
2000 4504 2061 4559 in
2082 4502 2438 4560 Catholicam
2460 4505 2841 4573 transierunt,
2867 4526 3152 4583 suamque
3166 4514 3647 4589 basilicam,qum

218 4611 332 4665 alia
361 4605 645 4681 quaestio
675 4606 782 4669 est,
818 4616 1005 4673 neque
1037 4597 1144 4654 hoc
1175 4597 1300 4652 loco
1330 4594 1474 4651 mihi
1504 4594 1735 4649 videtur
1768 4608 1897 4649 esse

214 4697 575 4756 tractanda.

286 4783 585 4844 LXXXII.
612 4780 1044 4836 Jovxmams'ras
1066 4792 1298 4849 quoque
1321 4774 1475 4846 apud
1494 4773 1673 4829 istum
1689 4770 1898 4843 reperi,

216 4895 367 4951 quos
395 4877 544 4946 jam
582 4884 881 4925 noveram.
913 4872 956 4921 A
986 4864 1291 4921 Joviniano
1323 4862 1577 4951 quodam
1616 4860 1900 4916 monacho

210 4950 334 5023 ista
356 4959 635 5020 haeresis
655 4962 779 5013 orta
794 4960 1055 5011 estaatate
1068 4958 1286 5018 nostra,
1309 4968 1443 5007 cum
1457 4950 1647 5005 adhuc
1661 4950 1905 5020 juvenes

214 5069 519 5113 essemus
543 5049 655 5121 (τι).
678 5048 778 5101 Hic
798 5045 993 5101 omnia
1015 5047 1267 5116 peccata,
1291 5041 1443 5096 sicut
1464 5038 1628 5094 stoici
1650 5038 1908 5110 philoso-

215 5146 351 5218 pbi,
390 5141 583 5214 paria
599 5152 733 5192 esse
756 5135 998 5203 dicebat,
1022 5149 1127 5188 nec
1150 5146 1319 5203 posse
1341 5143 1575 5218 peccare
1604 5126 1910 5218 hominem

213 5216 481 5291 lavacro
514 5224 975 5297 regenerationis
997 5225 1250 5292 accepto,
1276 5234 1382 5274 nec
1403 5216 1619 5286 aliquid
1640 5217 1914 5288 prodesse

215 5316 604 5396 jejunia,vel
628 5313 817 5370 acibis
838 5312 1131 5383 aliquibus
1150 5306 1587 5365 abstinentiam.
1605 5305 1918 5377 Virginita-

285 5517 305 5549 ι
344 5511 469 5562 Hic
506 5504 649 5555 editi
680 5517 953 5566 perperam
988 5501 1206 5558 addunt,
1258 5510 1368 5562 qua:
1422 5492 1609 5557 absque
1658 5494 1921 5542 auctorum

230 5569 567 5625 nominibus
599 5570 741 5613 sunt.

290 5616 395 5701 6;)"
409 5616 568 5684 X’ide
595 5630 872 5681 Admonit.
906 5629 963 5677 in
993 5627 1085 5675 lib.
1115 5624 1181 5673 de
1211 5624 1356 5673 Bono
1385 5616 1684 5682 Conjugali,
1713 5620 1843 5670 tom.

2006 4594 2349 4649 nuncetiam
2362 4594 2673 4650 notissima
2684 4596 3111 4662 est,Catholicae
3122 4603 3651 4662 tradiderunt.’I‘er-

2008 4681 2294 4737 tullianus
2323 4699 2479 4754 ergo,
2512 4682 2666 4738 sicut
2695 4687 2911 4756 scripta
2930 4688 3056 4759 ejus
3078 4690 3358 4764 indicant,
3388 4693 3648 4749 animam

2012 4770 2153 4825 dicit
2172 4770 2558 4826 immortalem
2584 4771 2842 4844 quidem,
2868 4776 2966 4831 sed
2991 4794 3117 4834 eam
3142 4796 3356 4853 corpus
3372 4799 3499 4839 esse
3512 4800 3654 4838 con-

2012 4859 2198 4915 tendit
2222 4877 2235 4915 :
2268 4876 2456 4930 neque
2474 4860 2623 4916 hanc
2645 4866 2896 4931 tantum,
2921 4866 3022 4921 sed
3044 4867 3239 4938 ipsum
3263 4872 3439 4927 etiam
3467 4872 3654 4927 Deum

2013 4950 2055 5003 ³.
2086 4948 2201 5004 Nec
2229 4954 2423 5004 tamen
2456 4948 2590 5003 hinc
2620 4948 2925 5008 haereticus
2956 4954 3171 5012 dicitur
3198 4959 3411 5016 factus.
3458 4960 3661 5015 Posset

2016 5038 2171 5094 enim
2204 5054 2436 5110 quoquo
2466 5038 2639 5093 modo
2663 5041 2853 5110 putari
2876 5041 3065 5114 ipsam
3086 5051 3355 5104 naturam
3380 5049 3660 5104 substan-

2019 5126 2283 5198 tiamque
2313 5126 2570 5182 divinam
2602 5144 2814 5201 corpus
2842 5147 3082 5204 vocare;
3125 5152 3238 5191 non
3286 5135 3401 5191 tale
3449 5152 3663 5209 corpus

2097 5306 2111 5339 ¹
2137 5307 2197 5355 In
2230 5307 2370 5365 Mss,
2403 5304 2509 5354 Sed
2538 5304 2784 5356 nimirum
2813 5308 2953 5359 istos.

2094 5371 2115 5404 3
2141 5368 2397 5441 Editi_sed
2423 5368 2847 5441 came/ﬁgiatum
2868 5387 3048 5441 corpus
3065 5388 3169 5423 esse
3189 5376 3450 5425 contendit
3473 5392 3484 5427 :
3510 5390 3671 5441 neque

2031 5432 2162 5500 banc
2189 5431 2503 5500 tantuowed
2525 5431 2695 5500 ipsum
2722 5434 2874 5500 etiam
2904 5431 3063 5500 Deam
3084 5452 3380 5500 corporeum
3402 5455 3508 5488 esse
3526 5431 3669 5497 dicit,

2033 5496 2146 5543 licet
2174 5508 2272 5564 non
2303 5495 2613 5564 efﬁgiatum.
2644 5495 2743 5543 Nec
2774 5498 2945 5545 tamen
2974 5497 3108 5560 hinc,
3159 5495 3255 5551 etc.
3304 5495 3677 5564 Expunximus

2035 5571 2155 5621 quae
2184 5558 2378 5621 absunt
2406 5570 2453 5621 a_
2467 5558 2587 5604 Mss.

2091 5620 2167 5684 (a)
2196 5618 2526 5685 Epiphanius
2552 5616 3091 5675 antidicomarianitas
3120 5626 3364 5691 appellat.
