4058 6180
532 302 605 357 41
1628 292 1730 352 DE
1775 288 2257 363 HERESIBUS,
2303 293 2370 354 S.
2414 293 2839 357 AUGUSTINI
3839 300 3909 358 48

532 431 701 501 cujus
724 432 913 501 partes
943 427 1066 483 alia
1099 427 1373 496 majores,
1409 424 1534 480 aliae
1559 422 1811 479 minores
1831 424 2060 480 valeant
2087 423 2176 478 vel

529 519 779 575 debeant
808 514 1068 589 cogitari,
1092 514 1287 584 qualia
1315 518 1454 568 sunt
1475 512 1671 568 omnia
1693 529 1818 584 quae
1838 512 2068 584 proprie
2090 511 2176 566 di-

530 607 719 662 cimus
748 620 989 675 corpora
1013 620 1025 671 ;
1058 601 1325 673 quamvis
1355 602 1425 656 de
1448 601 1647 657 anima
1670 600 1785 657 tale
1808 600 2028 672 aliquid
2052 616 2180 655 sen-

534 695 678 750 tiat:
713 694 812 749 sed
840 691 1049 762 potuit,
1084 693 1149 744 ut
1177 689 1319 756 dixi,
1375 694 1678 761 propterea
1725 688 1917 761 putari
1967 705 2176 761 corpus

534 788 717 839 Deum
750 780 962 848 dicere,
997 776 1134 851 quia
1164 795 1279 834 non
1307 783 1397 834 est
1427 777 1594 845 nihil,
1633 794 1748 833 non
1779 782 1868 833 est
1900 777 2175 848 inanitas,

536 887 649 926 non
681 873 769 924 est
798 868 1056 941 corporis
1086 866 1173 923 vel
1204 868 1412 923 animae
1442 866 1713 938 qualitas,
1739 867 1839 921 sed
1863 866 2081 937 ubique
2100 869 2180 921 to-

538 964 653 1029 tus,
677 962 733 1013 et
753 975 857 1030 per
894 957 1156 1013 locorum
1179 955 1371 1027 spatia
1393 954 1554 1010 nulla
1576 955 1848 1027 partitus,
1876 955 1933 1008 in
1966 970 2074 1010 sua
2093 957 2178 1008 ta-

536 1061 669 1101 men
688 1050 900 1101 natura
920 1051 1095 1117 atque
1122 1044 1454 1100 substantia
1478 1043 1923 1099 immulabiliter
1949 1059 2177 1115 perma-

536 1138 658 1191 net.
679 1135 805 1190 Non
823 1151 959 1207 ergo
980 1134 1109 1189 ideo
1127 1130 1625 1189 estTertullianus
1642 1132 1833 1187 factus
1850 1130 2176 1186 haereticus:

533 1224 634 1279 sed
655 1223 792 1295 quia
809 1224 1104 1279 transiens
1126 1222 1197 1277 ad
1218 1220 1629 1293 Cataphrygas,
1648 1236 1794 1290 quos
1808 1224 1941 1274 ante
1953 1220 2181 1274 destru-

533 1316 715 1382 xerat,
739 1312 913 1384 coepit
932 1311 1107 1367 etiam
1123 1310 1412 1365 secundas
1427 1308 1658 1379 nuptias
1675 1312 1877 1363 contra
1900 1304 2180 1379 apostoli-

535 1418 662 1456 cam
686 1401 1013 1457 doctrinam
1042 1401 1087 1473 (Ι
1113 1400 1247 1453 Tim.
1273 1415 1349 1464 ιν,
1382 1399 1435 1465 3)
1468 1402 1747 1468 tanquam
1781 1400 1981 1466 stupra
2010 1397 2179 1451 dam-

534 1507 693 1561 nare,
712 1494 769 1546 et
791 1489 1168 1561 postmodum
1192 1487 1370 1543 etiam
1395 1486 1466 1541 ab
1488 1485 1633 1557 ipsis
1651 1484 1893 1553 divisus,
1918 1502 2025 1540 sua
2042 1501 2178 1540 con-

533 1579 823 1634 venticula
855 1578 1210 1650 propagavit.
1246 1575 1397 1630 Dicit
1427 1591 1568 1629 sane
1598 1575 1775 1629 etiam
1809 1574 1931 1645 ipse
1953 1574 2180 1629 animas

532 1666 837 1722 hominum
859 1667 1146 1739 pessimae
1170 1668 1303 1736 post
1321 1668 1566 1718 mortem
1592 1662 1649 1717 in
1669 1663 1961 1717 daemones
1980 1662 2120 1716 verti
2138 1664 2177 1715 ί.

604 1756 912 1812 LXXXVII.
932 1756 1032 1810 Est
1053 1755 1318 1825 quaedam
1340 1752 1578 1808 haeresis
1592 1751 1957 1806 rusticanain
1974 1767 2179 1822 campo

532 1849 750 1917 nostro,
770 1846 829 1899 id
851 1849 959 1914 est,
986 1841 1366 1914 Hipponensi,
1391 1840 1480 1895 vel
1505 1839 1697 1910 potius
1722 1840 1858 1893 fuit:
1896 1837 2177 1910 paulatim

532 1934 690 1989 enim
720 1934 1031 2002 diminuta,
1056 1932 1114 1985 in
1149 1948 1266 1986 una
1295 1930 1505 2002 exigua
1534 1927 1670 1983 villa
1697 1932 2077 1996 remanserat,
2120 1926 2179 1982 in

534 2038 651 2092 qua
671 2022 908 2093 quidem
932 2019 1298 2094 paucissimi,
1325 2019 1427 2073 sed
1450 2033 1653 2072 omnes
1674 2016 1783 2071 hoc
1804 2016 2058 2080 fuerunt,
2079 2015 2179 2087 qui

534 2127 739 2167 omnes
762 2112 932 2167 modo
951 2108 1194 2166 correcti
1216 2113 1273 2165 et
1292 2106 1561 2163 catholici
1586 2105 1721 2161 facti
1748 2110 1907 2176 sunt,
1940 2121 2045 2159 nec
2073 2102 2178 2159 ali-

534 2199 667 2271 quis
688 2199 847 2255 illius
861 2198 1194 2270 supersedit
1209 2196 1440 2252 erroris.
1470 2193 1733 2249 Abelonii
1759 2195 1778 2227 ²
1803 2194 2177 2260 vocabantur,

532 2289 749 2359 punica
769 2288 1156 2344 declinatione
1180 2284 1582 2341 nominis.Hos
1606 2281 1870 2338 nonnulli
1896 2282 2099 2336 dicunt
2113 2298 2181 2336 ex

532 2375 653 2433 filio
682 2378 815 2431 Adae
848 2378 1026 2432 fuisse
1058 2374 1414 2439 nominatos,
1440 2372 1542 2444 qui
1575 2375 1663 2427 est
1708 2375 1944 2425 vocatus
1993 2369 2174 2425 Abel:

532 2466 685 2520 unde
698 2465 1011 2521 Abelianos
1031 2465 1119 2520 vel
1135 2462 1429 2519 Abeloitas
1446 2479 1544 2517 eos
1564 2477 1669 2516 nos
1695 2476 2007 2529 possumus
2029 2458 2180 2514 dice-

530 2569 610 2609 re.
643 2553 768 2609 Non
797 2554 1198 2610 miscebantur
1230 2550 1530 2618 uxoribus,
1564 2555 1621 2605 et
1669 2549 1753 2604 cis
1808 2553 2002 2602 tamen
2052 2546 2178 2603 sine

529 2643 808 2698 uxoribus
840 2642 1029 2697 vivere
1058 2646 1226 2698 sectae
1259 2640 1447 2712 ipsius
1478 2640 1749 2711 dogmate
1782 2653 1897 2691 non
1940 2635 2173 2691 licebat.

527 2730 651 2785 Mas
664 2748 799 2803 ergo
812 2736 869 2788 et
882 2731 1098 2787 femina
1112 2731 1222 2786 sub
1241 2728 1609 2785 continentiae
1626 2726 1984 2798 professione
1998 2724 2177 2780 simul

528 2818 879 2890 habitantes,
916 2836 1161 2891 puerum
1198 2824 1255 2875 et
1284 2816 1538 2892 puellam
1575 2815 1686 2870 sibi
1718 2815 2077 2886 adoptabant
2114 2813 2174 2867 in

527 2909 791 2977 ejusdem
815 2909 1243 2979 conjunctionis
1268 2911 1435 2978 pacto
1459 2920 1825 2961 successores
1848 2920 1985 2959 suos
2020 2904 2176 2957 futu-

530 3011 648 3050 ros.
682 2996 863 3052 Morte
895 2998 1201 3068 praeventis
1235 2995 1567 3066 quibusque
1587 2990 1839 3062 singulis
1857 2990 1951 3045 alii
1976 2991 2175 3045 subro-

529 3086 821 3157 gabantur
841 3086 1003 3141 :dum
1036 3090 1229 3141 tamen
1265 3084 1380 3138 duo
1401 3083 1632 3137 duobus
1648 3079 1902 3151 disparis
1923 3096 2097 3135 sexus
2114 3078 2172 3132 in

531 3172 694 3230 illius
718 3176 928 3231 domus
953 3175 1230 3231 societate
1248 3172 1642 3230 succederent.
1670 3167 2174 3240 Utrolibetquippe

532 3270 774 3334 parente
811 3264 1102 3332 defuncto,
1136 3280 1253 3319 uno
1294 3260 1640 3327 remanenti,
1694 3274 1881 3329 usque
1928 3258 1998 3312 ad
2047 3256 2173 3327 ejus

532 3367 764 3424 quoque
793 3354 1023 3409 obitum
1051 3352 1155 3407 filii
1188 3350 1536 3408 serviebant.
1572 3350 1703 3404 Post
1734 3350 1903 3417 cujus
1926 3350 2173 3402 mortem

530 3441 707 3497 etiam
739 3444 850 3515 ipsi
874 3458 1120 3523 puerum
1149 3446 1205 3497 et
1227 3438 1482 3512 puellam
1502 3437 1773 3492 similiter
1793 3436 2170 3508 adOptabant.

527 3533 643 3589 Nec
671 3549 929 3604 unquam
961 3532 1045 3587 eis
1084 3530 1268 3585 defuit
1307 3528 1461 3581 unde
1501 3526 1866 3596 adoptarent,
1889 3541 2172 3595 generan-

525 3624 685 3679 tibus
716 3624 1175 3692 circumquaque
1205 3617 1431 3684 vicinis,
1480 3618 1537 3669 et
1586 3613 1733 3668 ﬁlios
1781 3630 1921 3669 suos
1971 3613 2171 3685 inopes

526 3714 597 3769 ad
630 3729 794 3783 spem
826 3708 1185 3766 hereditatis
1217 3706 1415 3761 alienae
1447 3704 1695 3760 libenter
1722 3702 2019 3758 dantibus.

596 3800 897 3855 LXXXVII.
949 3798 1389 3851 PELAGIANORUM
1421 3798 1509 3848 est
1558 3791 1820 3861 haeresis,
1872 3791 1980 3846 hoc
2022 3795 2170 3847 tem-

522 3906 661 3962 pore
675 3888 934 3945 omnium
951 3883 1354 3953 recentissima
1367 3881 1633 3952 aPelagio
1648 3878 1935 3935 monacho
1951 3884 2167 3934 exorta.

523 3981 704 4044 Quem
725 3976 1071 4049 magistrum
1096 3971 1399 4027 leestius
1422 3970 1505 4024 sic
1527 3974 1763 4023 secutus
1786 3970 1963 4037 est,ut
1985 3974 2168 4023 secta-

523 4072 678 4123 tores
707 4082 907 4123 eorum
942 4061 1270 4120 Coalestiani
1302 4061 1477 4115 etiam
1511 4061 1942 4126 nuncupentur.
1968 4056 2033 4110 Hi
2067 4056 2166 4111 Dei

524 4156 745 4228 gratiae,
772 4172 889 4227 qua
903 4149 1299 4227 praedestinati
1323 4163 1529 4203 sumus
1550 4147 1606 4199 in
1631 4145 2001 4216 adoptionem
2028 4144 2169 4200 ﬁlio-

524 4262 656 4301 rum
688 4262 791 4317 per
817 4246 1019 4300 Jesum
1078 4241 1372 4297 Christum
1426 4236 1483 4289 in
1532 4235 1727 4306 ipsum
1772 4236 1984 4305 (Ephes.
2020 4252 2057 4300 ι,
2088 4235 2165 4306 5),

522 4338 581 4390 et
607 4351 725 4405 qua
745 4333 1007 4389 eruimur
1031 4331 1101 4386 de
1123 4330 1406 4401 potestate
1432 4323 1827 4391 tenebrarum,
1864 4326 1929 4375 ut
1950 4321 2007 4375 in
2032 4339 2165 4377 eum

522 4424 830 4479 credamus
851 4426 1024 4493 atque
1046 4420 1106 4475 in
1130 4431 1376 4488 regnum
1398 4413 1581 4484 ipsius
1604 4410 2029 4466 transteramur
2053 4411 2168 4482 (Co-

524 4513 642 4567 loss.
680 4529 717 4577 ι,
752 4511 859 4582 13),
893 4513 1126 4582 propter
1154 4505 1306 4577 quod
1339 4503 1438 4569 ait,
1472 4503 1634 4557 Nemo
1663 4500 1811 4555 venit
1835 4500 1908 4553 ad
1927 4516 2033 4567 me,
2056 4500 2169 4555 nisi

516 4599 698 4674 fuerit
724 4602 774 4655 ei
802 4601 993 4655 datum
1022 4614 1055 4653 α
1089 4599 1254 4652 Patre
1283 4607 1398 4647 meo
1428 4593 1603 4661 (Joan.
1654 4607 1730 4655 VI,
1782 4588 1894 4660 66),
1947 4593 2003 4643 et
2051 4606 2168 4660 qua

517 4688 866 4743 diffunditur
895 4686 1148 4743 charitas
1179 4684 1238 4737 in
1259 4680 1533 4737 cordibus
1556 4678 1769 4733 nostris
1790 4678 1965 4749 (Rom.
1990 4696 2041 4747 v,
2086 4678 2163 4749 5),

522 4782 587 4834 ut
618 4778 761 4833 fides
792 4794 895 4849 per
924 4774 1295 4831 dilectionem
1327 4773 1596 4842 operetur
1627 4768 1841 4838 (Calai.
1875 4786 1927 4835 ν,
1977 4770 2054 4840 6),
2104 4768 2162 4824 in

519 4870 750 4923 tantum
777 4865 999 4919 inimici
1032 4867 1189 4929 sunt,
1227 4865 1289 4914 ut
1318 4858 1443 4913 sine
1492 4856 1597 4910 hac
1646 4871 1815 4925 posse
1865 4856 2162 4912 hominem

520 4956 760 5013 credant
790 4955 977 5009 facere
1004 4950 1200 5006 omnia
1222 4947 1415 5001 divina
1448 4945 1762 4999 mandata:
1798 4960 1929 4998 cum
1960 4945 2010 4999 si
2055 4945 2175 5000 hoc

520 5062 722 5103 verum
756 5048 929 5111 esset,
980 5041 1201 5095 frustra
1250 5034 1534 5091 Dominus
1583 5032 1803 5087 dixisse
1851 5033 2159 5088 videretur.

522 5137 654 5193 Sine
684 5151 769 5191 me
796 5133 943 5189 nihil
968 5130 1189 5203 potestis
1214 5128 1403 5201 facere
1436 5125 1451 5158 ί
1487 5125 1662 5193 (Joan.
1688 5138 1777 5189 xv,
1801 5121 1877 5192 5).
1903 5121 2161 5195 Denique

585 5316 764 5364 IHinc
813 5324 1023 5364 rursum
1072 5307 1389 5378 auctoritate
1450 5306 1571 5378 Mel-
1622 5302 2157 5378 remOVimUS."_quod

515 5378 694 5428 excusi
724 5378 842 5426 libri
875 5374 1163 5431 addebant,
1203 5372 1394 5417 statum
1420 5370 1588 5417 autem
1631 5368 1816 5415 animae
1861 5368 2044 5417 credit‘
2063 5387 2158 5435 per

512 5441 780 5491 traducem
807 5436 1103 5501 propagari.

577 5506 593 5538 ί
624 5504 683 5551 In
715 5504 856 5559 Mss.,
889 5500 1149 5549 Abeloitaz.

2281 422 2549 496 Pelagius
2568 444 2601 483 a
2624 428 2903 484 fratribus
2923 429 3282 501 increpatus,
3302 430 3457 501 quod
3485 430 3630 486 nihil
3656 430 3913 487 tribueret

2284 513 2572 583 adjutorio
2602 516 2799 587 gratiae
2830 516 2933 573 Dei
2959 518 3030 573 ad
3062 518 3189 588 ejus
3215 520 3494 575 mandata
3516 519 3777 575 facienda
3796 536 3910 575 cor-

2283 603 2531 672 reptioni
2562 619 2765 660 eorum
2798 606 3084 662 hactenus
3119 606 3317 673 cessit,
3350 612 3415 662 ut
3443 625 3559 664 non
3589 625 3716 665 eam
3746 607 3907 665 libero

2283 689 2522 746 arbitrio
2545 698 2925 765 praeponeret,
2946 696 3046 750 sed
3064 694 3286 750 inﬁdeli
3309 694 3624 753 calliditate
3645 715 3914 771 suppone-

2284 782 2389 848 ret,
2422 779 2642 847 dicens,
2668 782 2738 836 ad
2772 781 2881 837 hoc
2921 799 3050 838 eam
3102 783 3227 839 dari
3276 784 3634 857 hominibus,
3686 792 3749 843 ut
3794 804 3911 860 qua:

2285 867 2471 923 facere
2500 885 2601 939 per
2623 868 2873 925 liberum
2888 872 3513 943 jubenturarbitrium,
3540 874 3765 932 facilius
3787 893 3908 949 pos-

2284 955 2403 1010 sint
2422 956 2663 1028 implere
2680 975 2783 1029 per
2802 959 3069 1031 gratiam.
3100 960 3348 1016 Dicendo
3365 961 3582 1034 utique.
3603 963 3676 1020 Ut
3697 964 3909 1022 facilius

2285 1044 2532 1115 possint,
2554 1045 2738 1102 voluit
2758 1048 3117 1118 credi,etiam
3139 1049 3188 1105 si
3211 1049 3510 1107 difﬁcilius
3534 1057 3730 1109 tamen
3752 1071 3909 1127 posse

2284 1131 2551 1189 homines
2573 1134 2699 1189 sine
2720 1135 2907 1207 gratia
2928 1136 3124 1193 divina
3142 1138 3512 1210 facerejussa
3532 1140 3908 1199 divina.Illam

2285 1236 2415 1276 vero
2434 1221 2683 1293 gratiam
2700 1222 2820 1291 Dei,
2840 1223 2966 1280 sine
2985 1242 3099 1296 qua
3119 1224 3264 1280 nihil
3284 1227 3421 1282 boni
3437 1245 3755 1301 possumus
3769 1231 3905 1287 face-

2284 1324 2487 1374 re,non
2511 1325 2637 1366 esse
2659 1311 2861 1367 dicunt
2884 1313 2996 1368 nisi
3014 1314 3073 1368 in
3094 1313 3273 1370 libero
3298 1316 3722 1390 arbitrio,quod
3742 1318 3910 1375 nullis

2284 1398 2410 1453 suis
2431 1400 2887 1469 praecedentibus
2907 1402 3131 1458 meritis
3152 1403 3225 1458 ab
3246 1404 3344 1459 illo
3365 1407 3590 1478 accepit
3606 1412 3799 1464 nostra
3820 1426 3916 1464 na-

2284 1490 2434 1553 tura,
2459 1488 2530 1541 ad
2556 1489 2662 1543 hoc
2681 1493 2907 1545 tantum
2936 1490 3063 1562 ipso
3085 1492 3398 1562 adjuvante
3422 1511 3523 1566 per
3543 1513 3711 1552 suam
3735 1496 3912 1570 legem

2284 1579 2456 1645 atque
2486 1576 2830 1643 doctrinam,
2864 1584 2928 1633 ut
2957 1579 3251 1636 discamus
3284 1598 3410 1652 quae
3445 1584 3646 1655 facere,
3695 1590 3750 1641 et
3795 1603 3915 1657 quae

2283 1679 2516 1734 sperare
2547 1665 2884 1733 debeamus,
2917 1684 3030 1723 non
3055 1673 3248 1724 autem
3274 1671 3343 1724 ad
3364 1670 3471 1726 hoc
3496 1676 3559 1727 ut
3575 1690 3678 1744 per
3700 1674 3909 1730 donum

2283 1751 2536 1822 Spiritus
2557 1753 2649 1807 sui
2676 1756 2851 1825 1,quae
2873 1754 3249 1812 didicerimus
3270 1774 3396 1813 esse
3414 1759 3735 1831 facienda”,
3755 1764 3917 1820 facia-

2283 1842 2521 1896 mus.Ac
2539 1856 2640 1912 per
2657 1841 2763 1897 hoc
2784 1843 3063 1899 divinitus
3086 1845 3254 1901 nobis
3277 1846 3402 1901 dari
3424 1848 3728 1906 scientiam
3751 1852 3922 1907 conﬁ-

2281 1933 2621 2001 tentur,qua
2633 1930 2959 2002 ignorantia
2972 1932 3774 2004 pellitur,charitatemautem
3792 1942 3915 1996 dari

2282 2023 2640 2089 negant,qua
2662 2019 2753 2090 pie
2773 2020 3073 2076 vivitur:ut
3088 2022 3309 2079 scilicet
3330 2040 3465 2080 cum
3487 2026 3564 2082 sit
3582 2027 3681 2083 Dei
3703 2029 3916 2086 donum

2283 2105 2526 2162 scientia
2548 2124 2675 2179 quae
2699 2109 2824 2165 sine
2849 2108 3135 2166 charitate
3158 2112 3461 2181 inﬂat,non
3481 2114 3559 2171 sit
3579 2116 3683 2174 Dei
3699 2119 3915 2175 donum

2283 2195 2411 2266 ipsa
2435 2195 2708 2265 charitas,
2742 2214 2871 2268 quis
2903 2202 2967 2254 ut
2993 2199 3236 2256 scientia
3287 2218 3398 2258 non
3444 2204 3621 2273 inﬂet,
3674 2208 3921 2264 aediﬁcat

2282 2288 2324 2352 (Ι
2351 2284 2470 2339 Cor.
2492 2302 2612 2354 vm,
2635 2286 2687 2357 1)
2732 2290 3048 2342 Destruunt
3068 2289 3243 2344 etiam
3268 2292 3581 2362 orationes,
3612 2310 3760 2366 quas
3783 2296 3918 2352 facit

2285 2371 2556 2441 Ecclesia,
2589 2374 2709 2428 sive
2743 2391 2842 2444 pro
2874 2374 3210 2432 infidelibus
3239 2382 3294 2432 et
3325 2380 3596 2436 doctrina
3634 2384 3729 2438 Dei
3779 2384 3918 2440 resi-

2281 2461 2591 2531 stentibus,
2618 2466 2682 2517 ut
2702 2469 3114 2520 convertantur
3133 2467 3204 2521 ad
3224 2466 3403 2522 Deum
3426 2484 3439 2536 ;
3467 2470 3586 2526 sive
3608 2489 3712 2543 pro
3738 2472 3924 2528 fideli-

2280 2550 2411 2615 bus,
2446 2554 2509 2605 ut
2539 2556 2821 2622 augeatur
2852 2553 2907 2606 in
2944 2553 3026 2608 eis
3059 2555 3222 2625 fides,
3257 2561 3314 2611 et
3342 2565 3716 2627 perseverent
3746 2562 3803 2616 in
3828 2578 3916 2618 ea.

2280 2638 2410 2694 Haec
2438 2639 2652 2711 quippe
2676 2656 2790 2695 non
2822 2640 2893 2696 ab
2914 2641 3042 2713 ipso
3062 2644 3339 2715 accipere,
3370 2647 3471 2701 sed
3496 2665 3528 2703 a
3550 2665 3611 2704 se
3646 2649 3790 2721 ipsis
3812 2651 3918 2706 ho-

2280 2728 2468 2783 mines
2489 2728 2699 2784 habere
2721 2731 2965 2786 contend
2977 2733 3461 2803 unt,gratiamDei
3477 2736 3923 2807 qualiberamur

2279 2816 2351 2872 ab
2366 2816 2950 2887 impietate,dicentes
2972 2822 3295 2876 secundum
3321 2824 3528 2879 merita
3550 2831 3749 2882 nostra
3767 2828 3919 2883 dari.

2278 2905 2440 2971 Quod
2456 2905 2689 2976 quidem
2705 2905 2971 2979 Pelagius
2985 2908 3043 2962 in
3056 2908 3916 2982 episcopalijudicioPaleestino

2278 2994 2543 3049 damnari
2576 2999 2862 3061 metuens,
2891 2997 3169 3053 damnare
3200 3000 3542 3071 compulsus
3558 3007 3678 3071 est;
3724 3005 3826 3060 sed
3857 3006 3918 3060 in

2278 3083 2698 3154 posterioribus
2714 3084 2836 3139 suis
2856 3085 3087 3157 scriptis
3108 3086 3215 3142 hoc
3237 3088 3529 3144 invenitur
3544 3091 3839 3151 docere.In
3859 3094 3917 3149 id

2275 3171 2448 3226 etiam
2463 3172 3213 3244 progrediuntur,utdicant
3227 3177 3404 3232 vitam
3413 3178 3707 3247 justorum
3731 3182 3787 3237 in
3809 3182 3921 3239 hoc

2278 3260 2487 3316 saculo
2518 3261 2746 3316 nullum
2778 3262 3014 3319 omnino
3045 3264 3257 3320 habere
3282 3274 3608 3337 peccatum,
3638 3276 3695 3326 et
3722 3288 3790 3327 ex
3822 3272 3918 3328 his

2276 3349 2591 3405 Ecclesiam
2624 3351 2835 3407 Christi
2866 3352 2924 3406 in
2957 3352 3065 3408 hac
3098 3355 3446 3412 mortalitate
3476 3359 3695 3429 perﬁci,
3734 3365 3798 3417 ut
3842 3360 3925 3416 sit

2277 3438 2514 3493 omnino
2537 3439 2662 3495 sine
2684 3440 2914 3495 macula
2935 3445 2992 3495 et
3013 3458 3157 3513 ruga
3175 3444 3387 3515 (Ephes.
3415 3447 3583 3517 v,27);
3610 3451 3777 3519 quasi
3801 3469 3923 3509 non

2276 3526 2979 3600 sitChristiEcclesia,quaa
3004 3533 3122 3585 toto
3145 3535 3429 3589 terrarum
3455 3536 3592 3590 orbe
3612 3536 3827 3595 clamat
3851 3543 3925 3595 ad

2278 3620 2479 3680 Deum,
2509 3616 2738 3671 Dimitte
2763 3618 2921 3671 nobis
2971 3617 3158 3675 debita
3199 3631 3387 3676 nostra
3424 3623 3627 3693 (Matth.
3678 3643 3755 3694 v1,
3809 3630 3927 3698 12).

2279 3703 2548 3758 Parvulos
2577 3704 2752 3759 etiam
2785 3710 3020 3777 negant,
3046 3709 3364 3764 secundum
3392 3711 3575 3767 Adam
3607 3714 3929 3771 carnaliter

2276 3796 2466 3861 natos,
2496 3792 2829 3865 contagium
2863 3795 3069 3850 mortis
3099 3797 3352 3868 antiquae
3387 3800 3577 3870 prima
3610 3803 3922 3861 nativitate

2273 3881 2631 3937 contrahere.
2654 3882 2747 3936 Sic
2770 3882 2924 3938 enim
2949 3900 3046 3939 eos
3069 3884 3197 3941 sine
3219 3885 3337 3941 ullo
3356 3890 3575 3958 peccati
3611 3891 3927 3963 originalis

2272 3969 2503 4025 vinculo
2536 3976 2807 4025 asserunt
2837 3972 3019 4043 nasci,
3055 3978 3118 4028 ut
3147 3991 3386 4044 prorsus
3417 3994 3530 4033 non
3553 3979 3631 4035 sit
3661 3982 3815 4050 quod
3836 3983 3932 4038 eis

2274 4063 2534 4130 oporteat
2550 4060 2807 4114 secunda
2822 4060 3117 4117 nativitate
3135 4062 3479 4131 dimittizsed
3498 4084 3595 4123 eos
3612 4073 3935 4140 propterea

2271 4146 2572 4217 baptizari,
2607 4151 2671 4201 ut
2700 4149 3133 4219 regeneratione
3157 4152 3413 4223 adeptati
3435 4155 3825 4213 admittantur
3848 4160 3929 4213 ad

2270 4251 2515 4308 regnum
2546 4235 2668 4302 Dei,
2692 4236 2761 4290 de
2793 4236 2943 4292 bono
2977 4237 3033 4291 in
3066 4237 3280 4295 melius
3310 4242 3600 4310 translati,
3635 4263 3749 4301 non
3803 4247 3931 4303 ista

2269 4324 2637 4379 renovatione
2654 4325 2725 4379 ab
2738 4323 2932 4395 aliquo
2955 4325 3108 4381 malo
3124 4327 3212 4382 obl
3226 4329 3493 4401 igationis
3517 4334 3728 4390 veteris
3750 4336 3902 4391 abso
3916 4367 3937 4377 -

2269 4412 2399 4467 luti.
2433 4413 2579 4468 Nam
2610 4412 2841 4468 etiamsi
2872 4432 2986 4470 non
3020 4416 3415 4488 baptizentur,
3448 4422 3802 4492 promittunt
3832 4424 3929 4480 eis

2269 4506 2427 4556 extra
2459 4517 2703 4573 regnum
2731 4501 2966 4573 quidem
3001 4503 3118 4573 Dei,
3153 4507 3253 4561 sed
3285 4512 3479 4564 tamen
3529 4514 3812 4568 aeternam
3870 4519 3937 4568 et

2268 4586 2498 4645 beatam
2518 4591 2834 4661 quamdam
2854 4591 3031 4647 vitam
3056 4598 3455 4667 suam.Ipsum
3474 4614 3708 4670 quoque
3726 4602 3933 4657 Adam

2266 4679 2492 4746 dicunt,
2514 4680 2741 4733 etiamsi
2767 4696 2881 4734 non
2906 4687 3220 4751 peccasset,
3256 4684 3435 4741 fuisse
3472 4703 3712 4759 corpore
3736 4691 3933 4745 mori-

2268 4773 2485 4833 turum,
2532 4783 2720 4838 neque
2748 4767 2828 4823 ita
2880 4774 3180 4826 mortuum
3233 4773 3440 4830 merito
3491 4776 3675 4848 culpae
3695 4778 3740 4845 ³,
3816 4779 3935 4835 sed

2266 4856 2597 4913 conditione
2619 4860 2862 4911 naturae.
2888 4857 3262 4929 Objiciuntur
3282 4863 3367 4918 eis
3392 4868 3448 4920 et
3469 4865 3582 4922 alia
3603 4868 3933 4941 nonnulla,

2265 4963 2327 5002 se
2358 4946 2469 5000 ista
2498 4949 2636 5000 sunt
2667 4946 2939 5017 maxime,
2970 4963 3038 5003 ex
3069 4949 3286 5021 quibus
3311 4952 3933 5027 intelligunturetiam

2265 5034 2365 5089 illa
2388 5038 2623 5099 cuncta,
2658 5033 2745 5089 vel
2776 5051 2922 5105 pene
2953 5042 3160 5093 cuncta
3189 5042 3459 5111 pendere.

2333 5124 2474 5179 Ecce
2490 5140 2667 5194 quam
2692 5122 2907 5180 multas
2919 5129 3508 5188 commemoravimus
3521 5131 3939 5206 haereses,nec

2262 5218 2457 5270 tamen
2482 5213 2721 5269 modum
2736 5216 2845 5269 tuae
2864 5216 3273 5286 postulationis
3296 5218 3782 5293 implevimus.Ex
3796 5242 3937 5300 quo

2323 5436 2339 5469 1
2372 5433 2458 5482 Sic
2486 5430 2608 5483 Mss.
2640 5424 2775 5482 Editi
2804 5445 2948 5493 vero,
2976 5429 3201 5496 Spiritus
3223 5432 3402 5486 sancti.

2316 5500 2339 5565 ξ
2368 5496 2451 5565 Sic
2484 5510 2546 5545 ex
2576 5497 2847 5565 mes.__(no_n
2876 5500 3047 5545 autem
3075 5499 3149 5565 ad
3180 5498 3271 5565 [ioc
3292 5515 3391 5565 per
3436 5499 3629 5551 donum
3676 5500 3945 5565 Spiritus

569 5567 591 5599 ⁸
621 5567 679 5614 In
709 5557 977 5625 plerisque
994 5563 1115 5625 Mss.
1139 5560 1421 5625 deest,cam
1437 5558 1483 5607 si
1502 5557 1598 5625 hoc
1609 5571 1783 5625 perum
1809 5562 1936 5625 esset
1953 5560 2155 5621 frustra
2257 5560 2443 5625 eui,_ut
2467 5573 2577 5622 quae
2611 5558 2940 5625 didicerimus
2967 5573 3073 5608 esse
3090 5557 3351 5625 faciendo,
3384 5570 3506 5621 etc.)

506 5620 755 5679 Dominis
782 5620 972 5676 dixisse
999 5623 1273 5685 videretur,
1301 5623 1411 5673 sine
1438 5637 1518 5672 me
1543 5620 1677 5672 nihil
1696 5623 1906 5685 potestis
1924 5620 2118 5687 facere.

2317 5623 2340 5659 ³
2366 5623 2514 5683 Lov.,
2544 5634 2705 5687 neque
2733 5623 2991 5672 mortuum
3019 5623 3200 5675 merito
3229 5623 3408 5689 culpa,
3431 5626 3629 5680 omisso
3651 5626 3746 5679 ita.
