4084 6194
196 369 283 429 49

193 504 368 558 enim
384 505 693 560 christiana
708 507 917 577 religio,
930 512 990 562 ut
1008 508 1200 563 verbis
1221 510 1338 565 tuis
1360 512 1861 577 utar,h;ererlifatis

197 596 507 663 promissa:
527 610 723 649 nomen
739 597 965 666 accepit,
990 612 1120 668 quae
1135 597 1385 654 haereses
1408 604 1541 655 ortae
1560 602 1695 669 sint,
1718 618 1862 673 quo-

195 682 387 736 modo
417 699 877 739 commemorare
908 701 1107 740 omnes
1134 686 1314 757 potui,
1339 687 1439 758 qui
1461 706 1665 744 omnes
1690 707 1860 746 nosse

192 787 321 824 non
358 772 578 843 potui?
607 773 767 837 Quod
802 773 933 828 ideo
956 774 1243 842 existimo,
1271 777 1410 847 quia
1433 777 1632 834 nullus
1655 795 1855 834 eorum

193 875 469 930 quorum
493 861 563 915 de
579 860 684 915 hac
703 878 763 916 re
785 863 999 934 scripta
1018 862 1153 935 legi,
1180 881 1383 920 omnes
1406 866 1600 937 posuit
1628 884 1639 922 :
1667 885 1855 939 quan-

195 948 535 1018 doquidem
568 948 761 1004 inveni
793 951 947 1020 apud
980 950 1346 1022 alium,quas
1366 955 1518 1023 apud
1544 954 1725 1009 alium
1746 972 1859 1010 non

200 1035 415 1090 inveni
442 1055 456 1102 ;
488 1042 542 1091 et
582 1054 786 1091 rursus
809 1039 961 1109 apud
985 1038 1191 1109 istum,
1216 1056 1364 1111 quas
1388 1042 1482 1096 ille
1506 1060 1616 1098 non
1642 1043 1857 1114 posuit.

195 1123 326 1195 Ego
361 1130 563 1179 autem
594 1130 895 1196 propterea
922 1127 1120 1197 plures
1150 1145 1323 1199 quam
1358 1129 1470 1201 ipsi
1504 1131 1690 1201 posui,
1724 1132 1861 1204 quia

202 1211 433 1283 collegi
466 1229 533 1267 ex
561 1213 855 1281 omnibus,
886 1232 1032 1286 quas
1054 1233 1255 1272 omnes
1277 1219 1431 1288 apud
1456 1219 1722 1291 singulos
1746 1238 1858 1276 non

206 1300 675 1369 inveni,additis
704 1303 879 1357 etiam
908 1319 1054 1375 quas
1076 1304 1199 1377 ipse
1221 1305 1479 1361 recolens
1501 1308 1654 1379 apud
1674 1308 1858 1364 ullum

196 1387 458 1443 illorum
488 1389 740 1445 invenire
773 1408 888 1446 non
923 1392 1104 1463 potui.
1138 1393 1301 1449 Unde
1332 1396 1539 1451 merito
1562 1398 1730 1453 credo
1754 1414 1857 1453 nec

195 1492 298 1530 me
329 1476 609 1547 posuisse
639 1494 841 1533 omnes
866 1496 881 1535 :
909 1479 1047 1550 quia
1079 1496 1183 1535 nec
1214 1497 1415 1537 omnes
1448 1483 1547 1554 qui
1571 1484 1640 1537 de
1666 1483 1774 1539 hac
1797 1501 1856 1540 re

200 1566 601 1637 scripserunt,
636 1565 823 1638 legere
869 1567 1053 1639 potui,
1106 1585 1294 1640 neque
1339 1570 1449 1625 hoc
1500 1588 1853 1643 quemquam

196 1670 413 1708 eorum
447 1654 609 1708 video
640 1654 847 1711 fecisse
894 1672 1042 1727 quos
1090 1655 1221 1727 legi.
1271 1662 1570 1715 Postremo
1624 1662 1854 1717 etiamsi

201 1758 419 1797 omnes
450 1743 692 1798 forsitan
716 1744 906 1815 posui,
934 1746 1087 1815 quod
1112 1762 1225 1801 non
1244 1752 1408 1818 puto,
1433 1753 1627 1803 utrum
1652 1766 1854 1806 omnes

195 1830 320 1885 sint
353 1833 561 1903 utique
591 1832 804 1887 nescio.
840 1834 909 1888 Et
936 1833 1063 1889 ideo
1096 1836 1250 1906 quod
1298 1835 1385 1891 vis
1435 1854 1527 1892 me
1576 1837 1851 1910 loquente

197 1920 384 1985 ﬁniri,
422 1937 535 1975 non
568 1921 773 1976 saltem
805 1925 997 1993 potest
1026 1939 1117 1977 me
1166 1930 1549 1996 cognoscente
1595 1943 1851 1999 compre-

198 2007 409 2063 hendi.
436 2009 644 2063 Audivi
668 2010 974 2082 scripsisse
996 2011 1065 2067 de
1087 2011 1406 2069 haeresibus
1426 2020 1694 2070 sanctum
1719 2016 1846 2073 Hie-

196 2113 543 2169 ronymum,
576 2099 675 2153 sed
702 2098 897 2170 ipsum
919 2101 1047 2169 ejus
1068 2102 1414 2171 opusculum
1439 2120 1543 2159 nec
1567 2104 1624 2158 in
1649 2110 1849 2160 nostra

187 2186 556 2242 bibliotheca
586 2186 842 2242 invenire
872 2188 1190 2260 potuimus,
1225 2208 1328 2246 nec
1361 2193 1516 2247 unde
1546 2196 1731 2264 possit
1753 2212 1845 2250 ac-

189 2275 304 2345 cipi
328 2276 617 2330 seimus‘.
652 2276 810 2341 Quod
845 2276 894 2331 si
924 2282 989 2332 tu
1020 2278 1243 2347 scieris,
1276 2280 1505 2351 perveni
1555 2282 1626 2335 ad
1676 2281 1841 2349 illud,

198 2368 258 2419 et
276 2364 437 2419 forte
455 2364 697 2419 habebis
710 2364 923 2420 melius
936 2366 1155 2437 aliquid
1177 2369 1198 2401 ²
1219 2384 1391 2439 quam
1409 2369 1516 2423 hoc
1540 2374 1839 2426 nostrum:

197 2453 483 2523 quamvis
516 2470 621 2508 nec
652 2452 870 2526 ipsum,
902 2453 1037 2509 licet
1064 2455 1359 2512 hominem
1410 2457 1843 2527 doctissimum,

196 2557 413 2596 omnes
444 2541 693 2596 haereses
722 2542 971 2597 arbitrer
1000 2543 1277 2617 indagare
1295 2545 1576 2616 potuisse.
1602 2546 1670 2600 Et
1690 2551 1842 2603 certe

189 2629 497 2685 Abeloitas
530 2633 737 2685 nostra;
764 2630 1016 2703 regionis
1047 2632 1368 2703 haereticos,
1396 2639 1680 2704 quantum
1701 2637 1844 2692 exis-

188 2718 356 2785 timo,
396 2718 498 2773 ille
531 2718 808 2774 nescivit:
844 2719 930 2775 sic
960 2720 1106 2777 forte
1136 2728 1192 2776 et
1221 2721 1359 2777 alibi
1382 2722 1527 2777 alios
1549 2723 1608 2777 in
1632 2723 1842 2779 obscu-

185 2806 456 2862 rissimis
486 2806 627 2862 locis
658 2808 1007 2879 reconditos,
1040 2811 1167 2881 ejus
1199 2809 1463 2865 notitiam
1513 2811 1643 2882 ipsa
1690 2812 1841 2869 loco-

190 2912 327 2950 rum
364 2912 615 2951 suorum
646 2896 1000 2952 obscuritate
1030 2897 1339 2970 fugientes.

262 2983 549 3039 Jamvero
579 2983 721 3039 illud
754 2986 909 3056 quod
943 2986 1157 3041 habent
1177 2990 1289 3041 tua
1311 2985 1539 3056 litterae,
1565 2992 1628 3043 ut
1647 2989 1846 3045 omnia

192 3073 454 3128 omnino
484 3072 770 3145 dicamus,
801 3074 1014 3145 quibus
1036 3074 1287 3132 haeretici
1309 3092 1343 3130 a
1362 3076 1602 3133 veritate
1624 3078 1852 3134 dissen-

184 3161 377 3229 tiunt,
419 3161 650 3218 etiamsi
680 3163 873 3217 omnia
903 3162 1135 3233 scirem,
1181 3164 1367 3219 facere
1408 3181 1522 3220 non
1571 3182 1849 3237 possem;

192 3255 429 3323 quanto
452 3252 652 3305 minus
668 3251 1041 3322 possum,qui
1065 3251 1263 3308 omnia
1281 3253 1430 3308 scire
1447 3270 1561 3309 non
1581 3254 1854 3325 possum?

192 3340 351 3395 Sunt
373 3339 537 3393 enim
563 3338 832 3403 heretici,
855 3340 1008 3409 quod
1025 3340 1323 3395 fatendum
1346 3340 1562 3412 est,qui
1584 3341 1853 3414 singulis,

190 3428 286 3482 vel
314 3443 438 3482 non
463 3426 651 3482 multo
670 3427 1322 3501 amplius,dogmatibus
1337 3435 1857 3503 oppugnantregu-

197 3516 325 3571 lam
359 3515 616 3570 veritatis
643 3532 656 3569 :
683 3516 833 3571 sicut
855 3517 1249 3573 Macedoniani
1273 3518 1360 3573 vel
1385 3519 1735 3591 Photiniani,
1769 3524 1855 3575 at-

198 3620 319 3675 que
348 3603 451 3658 alii
484 3605 842 3677 quicumque
871 3605 951 3660 ita
982 3621 1043 3661 se
1074 3605 1310 3662 habent.
1346 3607 1433 3662 Illi
1453 3614 1667 3675 autem,
1691 3613 1756 3662 ut
1777 3610 1857 3663 ita

197 3692 879 3762 dixerim,fabulones,id
902 3699 1013 3762 est,
1035 3695 1132 3766 qui
1148 3695 1373 3750 fabulas
1395 3713 1573 3751 vanas
1594 3698 1856 3753 easdem-

201 3781 550 3852 quelongas
572 3782 992 3854 perplexasque
1005 3787 1461 3849 contexunt,tam
1478 3784 1681 3839 multis
1696 3784 1857 3841 falsis

198 3872 587 3944 dogmatibus
615 3869 766 3942 pleni
791 3876 1023 3940 sunt,ut
1044 3871 1153 3942 ipsi
1176 3888 1406 3943 quoque
1428 3872 1530 3927 illa
1550 3889 1856 3928 numerare

204 3976 313 4013 non
346 3959 609 4030 possint,
640 3963 739 4013 aut
768 3958 1109 4014 difficillime
1140 3960 1383 4031 possint.
1404 3960 1517 4015 Nec
1537 3960 1636 4015 ulli
1670 3962 1857 4016 alieno

208 4046 325 4102 ulla
358 4047 608 4102 hem-sis
637 4047 802 4102 facile
832 4048 916 4103 sic
947 4047 1277 4117 innotescit,
1302 4034 1546 4104 ut'suis:
1578 4050 1732 4104 unde
1756 4066 1861 4105 nec

205 4152 413 4190 earum
436 4152 590 4205 quas
608 4136 1279 4205 commemoravi,omnia
1291 4138 1565 4209 dogmata
1579 4154 1669 4192 me
1686 4137 1862 4192 dixis-

206 4240 265 4278 se
285 4223 383 4278 vel
409 4224 689 4279 didicisse
710 4225 1147 4296 profiteor.Quis
1164 4224 1445 4281 enimnon
1468 4226 1660 4281 videat
1681 4244 1863 4298 quan-

204 4316 323 4368 tam
340 4329 441 4367 res
465 4314 583 4367 ista
606 4319 921 4385 operam,et
944 4331 1118 4386 quam
1134 4315 1351 4370 multas
1368 4314 1592 4370 litteras
1606 4315 1862 4387 ﬂagitet?

211 4400 327 4456 Nec
353 4400 493 4457 ideo
527 4405 719 4457 tamen
750 4419 953 4474 parum
1003 4404 1238 4473 prodest
1257 4419 1480 4459 errores
1503 4404 1668 4469 istos,
1715 4420 1862 4474 quos

204 4488 346 4544 huic
381 4489 550 4561 operi
580 4489 817 4562 intexui,
850 4490 1031 4546 lectos
1062 4492 1440 4563 cognitosque
1482 4492 1686 4546 vitare.
1714 4490 1861 4556 Quid

203 4580 367 4632 enim
403 4582 614 4633 contra
643 4579 755 4634 ista
784 4579 998 4634 sentiat
1026 4578 1309 4634 catholica
1338 4579 1615 4649 Ecclesia,
1649 4580 1805 4649 quod
1832 4595 1865 4633 a

263 4758 280 4791 ¹
314 4755 433 4804 Hoc
459 4754 582 4803 loco
603 4754 842 4818 plerique
868 4756 990 4804 Mss.
1024 4755 1124 4803 ista
1152 4754 1527 4818 interponunt:
1573 4754 1861 4818 «Certissi-

208 4835 235 4865 σ
262 4832 396 4867 mus
416 4818 582 4866 homo
606 4816 882 4866 studiosus
912 4818 1165 4866 librorum
1198 4817 1317 4879 ejus
1345 4818 1604 4879 cognitor,
1646 4818 1710 4865 de
1759 4816 1863 4865 hoc

211 4899 233 4923 α
262 4883 657 4942 interrogatus,
689 4880 763 4928 ait
791 4881 970 4928 nescio
1000 4892 1157 4942 quem
1187 4878 1277 4942 qui
1309 4878 1668 4942 hancrfamam
1692 4879 1860 4942 disse-

211 4899 233 4923 α
262 4894 657 4942 interrogatus,
689 4894 763 4928 an.
791 4894 970 4928 nescio
1000 4894 1157 4989 quem
1187 4894 1277 4942 qui
1310 4894 1445 4927 uanc
1474 4894 1668 4927 iamam
1692 4894 1860 4927 uisse-

210 4962 232 4985 ι
260 4942 519 4998 minavit,
552 4943 782 5004 nescisse
826 4942 952 5004 quid
1039 4942 1211 4990 ixerit.
1258 4941 1389 4988 Nam
1436 4941 1499 4989 de
1548 4941 1860 4998 hmresibus,

210 5024 231 5047 ι
261 5005 481 5067 inquitL
501 5003 703 5052 nullum
726 5003 1045 5066 opusculum
1067 5008 1280 5067 sanctus
1305 5005 1659 5067 Hieronymus
1679 5003 1862 5067 condi-

210 5065 363 5137 g_djt1
388 5086 411 5109 δι
444 5065 511 5113 Et
531 5070 977 5137 praemuniit-una
1001 5065 1205 5137 Quodsi
1222 5069 1280 5113 tu
1306 5065 1536 5137 scieris,»
1560 5070 1660 5137 etc.
1683 5065 1866 5137 Eacstat

210 5129 495 5178 Herceum
528 5127 793 5176 indiculus
825 5127 1133 5190 Hieronymi
1176 5129 1392 5176 nomine
1442 5140 1537 5188 per
1581 5127 1862 5175 Claudium

210 5190 535 5240 Henardum
564 5194 683 5252 post
714 5190 996 5251 Augustini
1031 5189 1169 5251 Opus
1199 5189 1560 5252 imperfectum
1587 5190 1861 5251 vulgatus;

212 5253 301 5303 sed
335 5251 671 5301 eruditorum
704 5254 966 5301 sententia
996 5251 1095 5313 ipsi
1128 5251 1481 5313 ahjudicatur.

271 5319 292 5349 ³
308 5315 731 5377 SicEnetprope
746 5328 933 5363 omnes
953 5315 1074 5362 Mss.
1092 5313 1157 5377 At
1177 5312 1323 5377 Lov._,
1345 5312 1570 5377 perveni,
1594 5312 1641 5359 et
1669 5326 1759 5377 ego
1775 5325 1869 5377 per

212 5380 255 5425 te
281 5377 361 5425 ad
389 5375 533 5425 ιιιυά
552 5374 877 5440 perueniant,
908 5380 957 5425 et
974 5376 1201 5439 forsitan
1220 5374 1429 5424 habebis
1449 5374 1630 5423 melius
1650 5374 1865 5437 aliquid.

1692 380 1925 442 LIBER
1968 383 2202 444 UNUS.
3548 376 3628 435 50

1971 530 2063 569 me
2086 514 2396 569 dicendum
2424 510 2968 583 putasti,superlluo
2992 507 3305 579 quaeritur:
3330 524 3461 562 cum
3488 524 3621 578 pro-

1970 607 2097 674 pter
2125 603 2231 658 hoc
2258 603 2404 657 scire
2435 603 2689 657 sufficiat
2719 617 2846 655 eam
2880 602 3081 654 contra
3117 596 3229 651 ista
3257 597 3488 667 sentire,
3514 614 3619 653 nec

1971 690 2190 762 aliquid
2212 692 2420 745 horum
2445 691 2502 744 in
2520 691 2691 744 ﬁdem
2713 692 2724 723 ί
2744 702 3103 759 quemquam
3119 685 3326 739 debere
3339 685 3611 756 recipere.

1971 780 2270 845 Quomodo
2301 784 2494 833 autem
2528 795 2651 848 qua:
2676 780 2876 831 contra
2906 777 3026 829 haec
3058 773 3268 828 veritas
3302 772 3491 839 habet,
3522 792 3612 829 as-

1971 868 2216 922 serenda
2245 884 2312 921 ac
2339 866 2702 921 defendenda
2734 865 2870 929 sint,
2896 862 3197 916 modulum
3223 861 3412 931 operis
3437 861 3615 932 hujus

1969 956 2211 1010 excedit.
2242 956 2352 1010 Sed
2385 953 2636 1009 multum
2671 954 2909 1023 adjuvat
2940 967 3039 1004 cor
3073 948 3259 1018 ﬁdele,
3279 965 3449 1003 nosse
3473 951 3614 1019 quid

1972 1045 2323 1099 credendum
2354 1060 2465 1096 non
2502 1042 2601 1107 sit,
2636 1039 2869 1095 etiamsi
2894 1036 3232 1109 disputandi
3257 1036 3524 1092 facultate
3556 1038 3612 1092 id

1972 1134 2220 1187 refutare
2244 1150 2357 1187 non
2382 1131 2585 1203 possit.
2612 1129 2815 1185 Omnis
2832 1128 3028 1198 itaque
3049 1125 3403 1181 Christianus
3426 1126 3618 1181 catho-

1970 1222 2120 1277 licus
2152 1222 2263 1276 ista
2286 1238 2399 1276 non
2425 1221 2594 1274 debet
2616 1219 2881 1273 credere:
2910 1217 3007 1270 sed
3032 1231 3149 1268 non
3172 1213 3364 1269 omnis
3387 1214 3487 1283 qui
3506 1215 3619 1269 ista

1968 1327 2082 1365 non
2108 1310 2309 1376 credit,
2334 1312 2759 1379 consequenter
2779 1306 2950 1360 debet
2987 1320 3047 1359 se
3087 1301 3474 1357 christianum
3517 1319 3616 1356 ca-

1965 1398 2248 1454 tholicum
2278 1398 2405 1469 jam
2438 1401 2643 1468 putare
2670 1395 2759 1450 vel
2794 1394 3001 1449 dicere.
3056 1390 3307 1447 Possunt
3353 1390 3508 1445 enim
3558 1395 3617 1446 et

1966 1487 2217 1542 haereses
2250 1485 2395 1554 aliis,
2429 1502 2555 1556 quae
2588 1487 2647 1538 in
2678 1483 2787 1539 hoc
2818 1498 2989 1553 opere
3019 1484 3217 1535 nostro
3260 1494 3612 1533 commemo-

1965 1582 2100 1632 ratae
2134 1593 2249 1631 non
2281 1579 2438 1641 sunt,
2471 1573 2559 1628 vel
2591 1588 2721 1627 esse
2749 1571 2835 1625 vel
2870 1570 3015 1635 fieri,
3049 1585 3301 1639 quarum
3351 1566 3607 1637 aliquam

1965 1664 2235 1736 quisquis
2267 1663 2540 1727 tenuerit,
2573 1660 2929 1715 christianus
2964 1657 3284 1713 catholicus
3317 1672 3430 1710 non
3477 1656 3606 1711 erit.

1964 1753 2110 1819 Quid
2143 1769 2277 1825 ergo
2310 1751 2481 1806 faciat
2508 1748 2862 1819 haereticum,
2883 1748 3155 1817 deinceps
3189 1744 3607 1815 requirendum

1963 1846 2089 1897 est:
2126 1846 2209 1908 ut,
2243 1858 2373 1895 cum
2407 1839 2517 1894 hoc
2550 1837 2793 1893 Domino
2827 1836 3137 1905 adjuvante
3166 1834 3441 1903 vitamus,
3491 1850 3605 1887 non

1962 1930 2152 1985 solum
2186 1946 2253 1984 ea
2278 1946 2406 2000 quae
2439 1928 2682 1986 scimus.
2714 1941 2912 1979 verum
2937 1923 3110 1978 etiam
3136 1939 3262 1993 qum
3287 1921 3607 1989 nescimus,

1960 2018 2076 2075 sive
2108 2034 2234 2089 quas
2253 2018 2378 2088 jam
2411 2020 2540 2071 orta
2571 2018 2732 2081 sunt,
2765 2013 2883 2067 sive
2915 2028 3040 2084 quae
3073 2010 3262 2065 adhuc
3284 2009 3421 2063 oriri
3445 2013 3605 2079 pote-

1957 2111 2114 2176 runt,
2149 2107 2418 2161 haeretica
2464 2119 2687 2159 venena
2732 2101 3003 2156 vitemus.
3048 2099 3235 2170 Hujus
3285 2101 3478 2153 autem
3531 2098 3607 2153 sit

1948 2197 2074 2267 jam
2106 2193 2421 2250 voluminis
2455 2192 2610 2262 ﬁnis,
2646 2190 2799 2261 quod
2844 2192 3146 2260 propterea
3202 2186 3387 2255 vobis,
3438 2190 3601 2241 ante-

1955 2301 2131 2356 quam
2163 2288 2350 2337 totum
2381 2282 2490 2337 hoc
2524 2296 2672 2351 opus
2704 2276 3063 2349 perﬁcerem,
3086 2273 3302 2330 credidi
3321 2291 3448 2329 esse
3470 2274 3602 2328 mit-

1951 2374 2216 2436 tendum,
2250 2376 2313 2425 ut
2338 2369 2482 2424 illud
2516 2368 2876 2440 quicumque
2907 2364 3183 2438 legeritis,
3225 2363 3296 2417 ad
3337 2362 3393 2416 id
3442 2362 3598 2433 quod

1953 2466 2130 2518 restat
2160 2459 2547 2531 implendum,
2571 2457 2729 2528 quod
2747 2460 2868 2510 tam
2893 2469 3171 2525 magnum
3188 2468 3317 2508 esse
3336 2451 3594 2521 cernitis,

1953 2567 2045 2606 me
2074 2548 2436 2605 orationibus
2466 2544 2808 2617 adjuvetis’.

2020 2718 2034 2750 ¹
2071 2714 2249 2763 Plures
2278 2715 2420 2771 Mss.,
2452 2712 2504 2760 in
2532 2711 2656 2774 ﬁde.

2017 2778 2038 2812 ³
2064 2777 2157 2825 llic
2177 2780 2317 2824 certe
2336 2775 2518 2823 ﬂnilur
2532 2771 2814 2837 Augustini
2835 2772 2970 2837 liber
2992 2787 3003 2820 ε
3025 2772 3235 2837 tametsi
3255 2771 3596 2837 incedicibus

1953 2838 2331 2898 manuscriptis
2352 2834 2909 2899 plerisque'addantur
2927 2834 3227 2899 Nestor-iani
3240 2838 3291 2881 et
3312 2834 3596 2899 Eutychia-

1954 2904 2008 2952 ni
2042 2896 2292 2964 (haereses
2324 2896 2504 2964 utique
2532 2896 2638 2946 non
2669 2896 3330 2964 ante_Augu_stini_obitum
3353 2896 3601 2964 nomina-

1955 2958 2063 3024 taa),
2097 2966 2151 3011 et
2177 2963 2233 3009 in
2263 2958 2767 3024 qiiibusdamietiam
2788 2958 3129 3024 :l‘imotheani
3156 2958 3259 3024 hoc
3287 2959 3505 3024 ordine:

2025 3020 2371 3073 ἆΤιιοτιῑιξΑπι
2387 3022 2544 3071 dicun
2555 3026 2573 3070 t
2584 3022 2773 3070 Filium
2786 3022 2876 3070 Dei
2899 3034 3083 3069 verum
3097 3020 3312 3082 quidem
3325 3020 3603 3069 hominem

1966 3106 1990 3131 α
2012 3100 2073 3136 ex
2093 3086 2299 3147 virgine
2321 3085 2486 3133 Maria
2507 3088 2710 3141 uatum,
2738 3083 2828 3131 sed
2846 3096 2989 3147 Anon
3005 3084 3077 3131 ita
3116 3096 3275 3130 unam
3305 3082 3602 3131 reddidisse

1966 3169 1991 3193 ιι
2024 3144 2326 3205 personam,
2345 3150 2534 3195 utnon
2557 3147 2613 3194 in
2634 3159 2795 3193 unam
2816 3144 2883 3193 sit
2902 3144 3152 3193 redactus
3170 3148 3445 3203 naturam;
3478 3158 3605 3193 con-

1968 3230 1993 3255 (ι
2022 3206 2292 3259 ﬂatorium
2314 3208 2585 3271 quoddam
2609 3207 2851 3271 volentes
2870 3206 3049 3271 "fuisse
3076 3207 3334 3271 interiora
3363 3207 3604 3268 virginis,

1966 3289 1994 3322 α
2013 3286 2108 3335 per
2132 3272 2273 3334 quod
2295 3268 2415 3319 dure
2436 3276 2658 3328 naturae,
2678 3269 2730 3317 id
2744 3273 2843 3328 est,
2866 3270 3002 3317 Deus
3015 3268 3258 3335 amomo,
3281 3269 3511 3335 inuuam
3525 3283 3607 3335 re-

1969 3354 1993 3379 ‹‹
2015 3331 2207 3383 solutae
2225 3337 2277 3381 et
2296 3336 2581 3394 compacta:
2598 3345 2844 3387 massam,
2858 3344 3019 3394 unam
3032 3331 3120 3378 Dei
3143 3335 3195 3379 et
3211 3331 3443 3379 hominis
3461 3331 3606 3394 exhi-

1969 3417 1994 3442 «
2025 3397 2241 3446 buerint
2252 3392 2777 3443 formamzimmutata
2789 3392 3035 3441 videlicet
3048 3397 3360 3455 naturarum
3373 3393 3607 3455 proprie-

1970 3478 1994 3503 «
2023 3463 2129 3507 tate
2141 3458 2483 3507 efﬁcientium
2498 3456 2880 3504 coitionem.Et
2892 3455 2957 3503 ad
2975 3454 3397 3503 confirmandam
3421 3454 3608 3517 hujus-

1970 3540 1993 3565 «ι
2017 3520 2161 3569 modi
2175 3520 2812 3581 impietatem,quzeDeum
2826 3517 3011 3565 asserit
3022 3531 3052 3581 a
3064 3532 3160 3581 sua
3171 3531 3383 3566 versum
3398 3522 3606 3575 natura,

1969 3602 1993 3627 «
2026 3587 2225 3644 cogunt
2245 3580 2583 3641 evangelistaa
2628 3580 2994 3644 testimonium
3021 3580 3271 3644 dicentis.
3294 3580 3356 3644 Et
3386 3581 3609 3628 verbum

1968 3662 1995 3692 α
2023 3642 2145 3693 caro
2162 3645 2358 3692 factum
2382 3647 2484 3690 est:
2505 3643 2647 3703 quod
2666 3643 2741 3690 ita
2759 3642 3193 3701 interpretantur.
3216 3642 3405 3689 Divina
3420 3646 3611 3689 natura

1969 3724 1996 3753 ε(
2028 3708 2079 3754 in
2094 3706 2385 3754 humanam
2407 3702 2561 3752 versa
2580 3708 2675 3752 est.
2692 3704 2732 3752 Ο
2750 3702 3190 3759 abolitionem,illi
3209 3703 3609 3751 inviolabiliim-

1970 3786 1996 3816 α
2026 3770 2332 3830 pingentem
2369 3766 2715 3830 substantiae!
2762 3764 2929 3830 Hujus
2960 3764 3607 3830 imgpietatisATimotheus,

1972 3850 1997 3875 ιι
2026 3827 2172 3891 apud
2196 3830 2370 3877 Bizam
2407 3828 2671 3891 Bithyniae,
2692 3827 2851 3891 modo
2891 3828 3140 3891 exsulans
3168 3828 3450 3891 civitatem,
3487 3840 3611 3876 con-

1972 3912 1995 3937 a
2027 3889 2245 3942 tinentis
2272 3894 2325 3938 et
2355 3890 2597 3953 religiose
2628 3890 2748 3953 vitae
2778 3890 3005 3950 imagine
3035 3890 3217 3938 multis
3244 3889 3434 3953 illudit.

2036 3974 2059 4022 ς
2082 3956 2373 4022 Nestorium
2398 3968 2431 4022 a_
2448 3950 2683 4000 Nestorio
2705 3953 2956 4022 episcopo
2978 3953 3066 4022 qui
3084 3956 3283 4022 contra
3300 3950 3612 4022 catholicam

1972 4035 1997 4059 κ
2026 4016 2185 4064 ﬁdem
2204 4015 2560 4076 dogmatizare
2572 4028 2735 4061 ausus
2757 4014 3145 4068 est,Domiuum
3170 4018 3412 4061 nostrum
3432 4014 3613 4061 Jesum

1975 4096 1999 4122 (ι
2015 4079 2282 4128 Christum
2296 4077 2569 4124 hominem
2582 4076 3090 4138 tantum»(plerique
3106 4076 3611 4138 Mss.,«dogmatiza-

1973 4157 1998 4184 α
2033 4154 2086 4189 re
2106 4152 2266 4187 ausus
2287 4144 2381 4194 est,
2396 4138 2657 4185 Christum
2674 4138 2955 4186 Dominum
2981 4137 3221 4185 nostrum
3238 4138 3404 4185 Deum
3438 4137 3610 4185 homi-

1974 4220 1999 4245 «
2030 4215 2152 4270 nem
2171 4205 2381 4270 tantum
2396 4202 2463 4258 »).
2478 4200 2683 4270 snecid
2700 4200 3115 4270 quodmediator
3128 4201 3215 4247 Dei
3247 4203 3299 4270 et
3319 4200 3613 4270 hominum

1974 4280 2001 4310 α
2032 4264 2251 4333 eﬁ‘ectus
2262 4262 2419 4333 est,in
2436 4261 2820 4333 utero_virginis
2833 4262 2900 4333 de
2910 4262 3107 4333 Spiritu
3121 4265 3301 4309 sancto
3312 4261 3477 4333 uisse
3491 4275 3616 4310 con-

1977 4343 2000 4367 «
2034 4325 2365 4386 ceptum.sed
2380 4328 2565 4385 postea
2576 4324 2744 4371 Deum
2758 4323 2960 4371 homini
2973 4324 3138 4372 fuisse
3156 4324 3475 4385 permixtum
3493 4336 3613 4372 :nec

1978 4404 2003 4430 α
2036 4389 2199 4436 Deum
2213 4386 2483 4457 hominem
2495 4398 2711 4457 passum
2732 4386 3104 4457 sepultumque
3131 4386 3612 4457 dicebativacuare

1977 4466 2002 4492 (ι
2034 4449 2365 4497 contendens
2387 4460 2547 4510 omne
2578 4451 2819 4510 nostrum
2834 4448 3501 4510 remedium.quoverbum
3521 4448 3613 4496 Dei

1978 4529 2002 4554 (ι
2034 4511 2108 4559 sic
2120 4510 2389 4559 hominem
2404 4509 2672 4572 suscipere
2685 4509 2935 4572 dignatus
2948 4510 3091 4558 estin
3116 4514 3266 4558 utero
3287 4510 3525 4572 virginis,
3558 4513 3617 4558 ut

1980 4590 2003 4615 «ι
2035 4571 2549 4634 unapersonaﬁeret
2564 4571 2717 4619 Deiet
2736 4570 2985 4625 hominis.
3007 4576 3288 4633 propterea
3327 4570 3401 4619 sic
3434 4572 3617 4629 singu-

1966 4652 2004 4695 ,α
2037 4633 2218 4684 lariter
2238 4639 2291 4683 et
2305 4633 2615 4682 mirabiliter
2638 4637 2813 4691 natus,
2836 4639 3077 4681 mortuus
3097 4635 3253 4681 etiam
3284 4647 3379 4695 pro
3422 4634 3617 4682 nostris

1977 4714 2001 4739 (ι
2033 4698 2287 4767 peccatis,
2314 4710 2431 4744 cum
2452 4709 2517 4767 ea
2533 4709 2655 4757 qua;
2678 4708 2788 4743 non
2810 4699 3061 4767 rapuerat
3095 4695 3439 4767 persolveret,
3475 4697 3618 4745 Deus

1976 4774 2003 4803 α
2033 4756 2193 4806 homo
2218 4772 2247 4806 a
2270 4758 2492 4806 mortuis
2512 4756 2799 4817 resurgens
2829 4756 3069 4805 ascendit
3096 4756 3151 4804 in
3180 4757 3398 4805 coelum.

2036 4838 2060 4864 α
2078 4821 2377 4868 Eni-venum
2392 4820 2458 4867 ab
2484 4819 2719 4880 Eutyche
2747 4819 2978 4881 quodam
3010 4819 3616 4881 Constantinopolitanae

2036 4838 2060 4864 α
2080 4832 2458 4868 nurvcnuman
2485 4832 2719 4880 tsutycne
2747 4832 2978 4928 quonam
3010 4832 3615 4881 uonstautmopoutanm

1975 4899 1998 4923 (ι
2029 4882 2274 4952 Ecclesia;
2291 4882 2597 4952 presbytero
2622 4904 2643 4923 ν
2660 4880 2743 4952 \ad
2790 4881 3055 4952 itquidam
3068 4881 3285 4952 QOdGX‘Z“
3302 4881 3615 4952 monacho?)

1979 4961 2003 4984 «ι
2031 4944 2199 4992 exorti
2213 4942 2352 5001 sunt,
2373 4942 2463 5001 qui
2500 4956 2618 4989 cum
2659 4942 2932 4991 videretur
2961 4944 3193 4991 refutare
3220 4944 3539 5000 Nestorium,
3562 4943 3618 4991 in

1977 5022 2001 5047 (ι
2030 5004 2852 5066 ApollinaremManicheeumque
2867 5005 3546 5061 trausivit,ethumanitatis
3562 5005 3617 5052 in

1977 5022 2001 5047 (ι
2030 5020 2070 5054 Α
2114 5020 2852 5066 omuaremmanlcuueumque
2867 5020 3617 5061 transivit,etnumanitausin

1977 5084 2000 5108 ‹‹
2034 5020 2241 5116 Cliristo
2269 5066 2539 5127 denegans
2570 5067 3153 5129 veritatem,quidquid
3172 5082 3201 5115 a
3231 5067 3399 5129 Verbo
3421 5069 3617 5129 nostris

1978 5145 2001 5171 α
2035 5130 2377 5192 proprietatis
2391 5130 2658 5188 receptum
2675 5132 2753 5176 est
2774 5128 2969 5192 divina).
3001 5128 3370 5177 tantummodo
3408 5128 3622 5192 ascribit

1977 5208 2000 5231 ‹‹
2033 5190 2306 5249 assentire;
2330 5194 2788 5239 utsacramentum
2823 5190 3013 5239 salutis
3046 5192 3310 5247 humanm,
3339 5190 3480 5250 quod
3512 5203 3621 5238 non

1978 5269 2001 5293 «
2033 5253 2136 5301 nisi
2158 5254 2212 5299 in
2233 5256 2455 5314 utraque
2469 5252 3122 5308 substantiaest,nostram
3156 5254 3208 5300 in
3230 5252 3434 5299 Christo
3472 5256 3625 5301 natu-

1978 5330 2003 5356 α
2034 5328 2148 5363 ram
2170 5313 2941 5377 negando,dissolveret,stulta
2964 5315 3231 5377 impietate
3254 5326 3360 5377 non
3386 5315 3625 5363 sentiens

1978 5390 2004 5420 ι(
2034 5377 2287 5426 universo
2318 5376 2526 5440 corpori
2553 5375 2771 5437 auferri,
2805 5376 2947 5439 quod
2980 5375 3141 5437 capiti
3176 5376 3445 5426 defuisset.

1598 5594 2215 5634 κ--θοΟ--κη
