4084 6194
454 309 3851 365 m

1183 469 1303 570 s.
1393 468 2095 571 A'UBELII
2189 470 3133 613 aueus'rlm

1739 655 2204 716 HIPPONENSIS
2258 656 2576 713 EPISCOPI

1907 808 2432 875 TRACTATUS

865 979 2160 1212 ADVERSUS
2279 978 3302 1149 sunmus
3370 966 3469 1144 *.

2020 1226 2322 1241 _

546 1336 775 1393 CAPUT
806 1338 1116 1394 PRIMUM.
1145 1370 1210 1379 —
1233 1340 1285 1394 1.
1311 1340 1628 1395 Severitatis
1670 1339 1775 1394 Dei
1807 1338 2118 1409 exemplum

473 1425 535 1479 in
546 1427 1166 1490 excisioneludaeorum;
1189 1429 1444 1484 bonitatis
1455 1444 1601 1495 vero,
1634 1429 1698 1483 in
1709 1429 1970 1483 insitione
1986 1427 2119 1483 Gen-

476 1516 616 1568 tium
642 1515 967 1571 Juda’orum
997 1519 1216 1572 caecitas
1246 1534 1314 1573 ea:
1340 1518 1630 1589 scripturis
1688 1517 1885 1572 Veteris
1937 1517 2116 1571 Testa-

474 1603 650 1657 menti
670 1605 1055 1660 convincenda.
1092 1607 1302 1661 Beatus
1326 1606 1624 1679 apostolus
1648 1604 1884 1669 Paulus,
1919 1606 2118 1660 doctor

476 1690 749 1746 Gentium
782 1693 840 1747 in
875 1695 986 1748 ﬁde
1016 1700 1072 1749 et
1098 1695 1358 1761 veritate,
1392 1695 1702 1751 exhortans
1724 1712 1829 1750 nos
1853 1698 1916 1749 ut
1940 1693 1998 1747 in
2022 1710 2117 1748 ea-

477 1781 610 1835 dem
625 1781 934 1850 fide,cujus
952 1783 1195 1839 idoneus
1218 1784 1486 1839 minister
1505 1785 1743 1839 effectus
1765 1782 2120 1853 est,stabiles

478 1868 1418 1943 firmiquemaneamus,priecepto
1440 1872 2119 1938 admonet,terretexem-

480 1955 598 2028 plo.
620 1958 793 2025 Vides,
808 1959 1022 2030 inquit,
1061 1960 1353 2016 bonitatem
1369 1965 1425 2016 et
1443 1963 1801 2016 severitatem
1816 1962 1913 2016 Dei
1928 1979 1941 2016 :
1959 1964 2019 2016 in
2036 1977 2123 2016 eos

481 2045 700 2116 quidem
721 2049 816 2117 qui
826 2048 1538 2118 ceciderunt,severitatem;
1554 2052 1613 2105 in
1635 2059 1688 2105 te
1706 2059 1889 2105 autem
1911 2050 2117 2105 bonita-

483 2138 645 2203 tem‘,
675 2137 726 2190 si
735 2139 1108 2207 permanseris
1129 2139 1185 2191 in
1221 2139 1486 2194 bonitate.
1516 2139 1633 2194 Hoc
1663 2139 1808 2193 dixit
1827 2139 2032 2211 utique
2053 2139 2123 2193 de

481 2224 829 2296 Judasis,qui
852 2229 1133 2297 tanquam
1156 2227 1299 2281 rami
1318 2244 1386 2283 ex
1404 2226 1505 2283 illa
1525 2227 1669 2297 olea,
1686 2228 1884 2299 quaein
1907 2228 2124 2283 sanctis

482 2312 840 2368 Patriarchis
860 2317 1143 2383 tanquam
1167 2314 1226 2369 in
1248 2315 1441 2369 radice
1464 2315 2020 2387 fructifera,propter
2041 2316 2123 2370 in-

484 2399 823 2456 fidelitatem
858 2402 1023 2457 fracti
1053 2408 1228 2469 sunt;
1285 2410 1349 2459 ut
1379 2403 1651 2459 Gentium
1686 2408 1919 2475 propter
1946 2403 2122 2459 fidem

482 2488 837 2544 insereretur
868 2489 1115 2546 oleaster
1146 2495 1202 2546 et
1233 2492 1393 2546 fieret
1423 2492 1712 2563 particeps
1748 2492 2123 2564 pinguedinis

481 2575 620 2631 oleas
650 2577 831 2632 ramis
853 2578 1223 2633 naturalibus
1245 2579 1583 2651 amputatis.
1615 2580 1724 2634 Sed
1749 2580 1886 2649 noli,
1908 2580 2123 2651 inquit,

480 2663 723 2734 gloriari
742 2666 1033 2722 adversum
1052 2684 1277 2723 ramos:
1298 2685 1432 2723 nam
1450 2670 1502 2723 si
1517 2667 1808 2739 gloriaris,
1830 2677 2013 2724 nonlu
2028 2686 2121 2725 ra-

480 2754 653 2810 dicem
673 2764 882 2825 portas,
914 2756 1009 2811 sed
1024 2757 1193 2812 radix
1212 2764 1277 2813 te.
1307 2758 1375 2812 Et
1396 2757 1673 2828 quoniam
1697 2757 1999 2812 salvantur
2019 2757 2126 2813 ali-

482 2842 579 2914 qui
604 2860 671 2898 ex
697 2842 837 2911 illis,
865 2845 1139 2901 continuo
1165 2846 1497 2916 subjunxit:
1523 2847 1783 2916 Alioquin
1811 2855 1862 2901 et
1877 2854 1935 2901 tu
1972 2848 2122 2902 exci-

481 2931 649 2987 deris.
671 2933 778 2987 Sed
803 2935 853 2987 et
882 2934 979 2987 illi
1005 2936 1056 2987 si
1084 2950 1190 2989 non
1241 2936 1648 3005 permanserint
1681 2936 1738 2989 in
1781 2935 2123 3005 inﬁdelitate,

482 3022 830 3076 inserentur:
846 3029 1038 3091 potens
1058 3031 1133 3077 est
1161 3024 1311 3076 enim
1339 3024 1477 3078 Deus
1506 3025 1711 3079 iterum
1747 3025 1990 3079 inserere
2037 3039 2125 3079 eos

484 3110 657 3180 (Rom.
689 3126 764 3175 xx,
786 3108 996 3180 18-23).
1022 3109 1109 3164 Illi
1133 3116 1327 3165 autem
1353 3111 1450 3182 qui
1475 3117 1813 3182 permanent
1834 3112 1892 3167 in
1915 3112 2124 3167 inﬁde—

484 3197 666 3267 litate,
701 3198 771 3251 ad
805 3196 963 3253 illum
999 3199 1346 3253 sententiam
1390 3199 1622 3254 Domini
1663 3201 1973 3270 pertinent,
2024 3200 2122 3255 ubi

484 3286 565 3342 ait
588 3302 601 3340 :
635 3287 770 3341 Filii
789 3290 973 3341 autem
994 3288 1155 3357 regni
1174 3288 1338 3359 hujus
1360 3288 1517 3344 ibunt
1540 3291 1599 3343 in
1617 3289 1867 3345 tenebras
1878 3292 2123 3345 exterio-

481 3391 571 3429 res
592 3392 604 3443 ;
623 3375 701 3429 ibi
729 3375 833 3429 erit
860 3376 1019 3445 ﬂetus
1046 3386 1101 3431 et
1130 3376 1339 3431 stridor
1366 3376 1631 3433 dentium.
1675 3378 1884 3433 Gentes
1925 3382 2122 3433 autem

481 3468 889 3535 permanentes
911 3467 969 3518 in
995 3465 1357 3530 bonitate,ad
1382 3464 1526 3519 illud
1552 3464 1706 3536 quod
1721 3465 1992 3536 superius
2007 3465 2118 3520 ait:

481 3552 646 3606 Multi
674 3552 742 3606 ab
760 3554 968 3608 oriente
987 3556 1037 3608 et
1059 3553 1328 3608 occidente
1341 3555 1580 3621 venient,
1603 3561 1653 3608 et
1670 3553 1979 3609 recumbent
1997 3570 2123 3609 cum

481 3639 757 3695 Abraham
778 3645 828 3695 et
849 3643 1008 3696 Isaac
1019 3649 1069 3696 et
1088 3642 1247 3697 Jacob
1268 3643 1327 3696 in
1340 3657 1506 3713 regno
1516 3642 1774 3697 caelorum
1788 3642 2122 3714 (Matth.vm,

483 3729 571 3793 12,
605 3729 711 3798 11).
741 3729 941 3800 Itaque
962 3728 1079 3784 illis
1109 3729 1460 3785 Patriarchis
1478 3730 1536 3784 in
1561 3729 1754 3785 radice
1773 3730 2119 3801 viventibus,

482 3820 539 3870 et
562 3815 816 3872 inﬁdelis
838 3817 1114 3888 superbia
1140 3817 1499 3873 naturalium
1522 3818 1995 3890 ramorumjusta
2021 3818 2121 3873 Dei

484 3904 792 3960 severitate
818 3904 1227 3978 confringitur,
1260 3910 1317 3961 et
1346 3905 1535 3962 ﬁdelis
1566 3905 1868 3961 humilitas
1890 3905 2123 3962 oleastri

483 3993 671 4065 gratia
700 3993 907 4047 divinae
939 3994 1217 4049 bonitatis
1248 3993 1544 4049 inseritur.

551 4082 605 4136 2.
639 4082 749 4136 Sed
773 4083 1008 4153 quando
1037 4082 1256 4137 Judaeis
1289 4082 1401 4138 ista
1422 4082 1719 4144 dicuntur.
1742 4082 2122 4155 Evangelium

478 4170 1419 4242 Apostolumquecontemnunt,et
1440 4172 1594 4242 quod
1619 4171 1866 4227 dicimus
1891 4189 2003 4227 non
2026 4189 2124 4227 au-

480 4259 686 4325 diunt;
722 4258 997 4329 quoniam
1031 4259 1185 4329 quod
1210 4258 1432 4330 legunt,
1456 4275 1572 4314 non
1598 4257 1952 4332 intelligunt.
1974 4260 2121 4314 Nam

480 4346 681 4418 utique
714 4346 762 4401 si
794 4346 1186 4418 intelligerent
1214 4347 1286 4401 de
1317 4364 1433 4418 quo
1465 4347 1796 4418 praedixerit
1817 4347 2122 4419 propheta,

481 4450 655 4505 quem
680 4436 1043 4506 legunt,Dedi
1072 4444 1120 4490 te
1150 4437 1209 4489 in
1232 4436 1407 4491 lucem
1422 4437 1688 4505 gentium,
1714 4438 1793 4491 ita
1806 4440 1868 4491 ut
1891 4436 2124 4491 sissalus

478 4539 599 4579 mea
632 4540 799 4596 usque
828 4523 889 4578 in
919 4523 1053 4593 ﬁnes
1083 4533 1252 4581 terrae
1279 4525 1407 4580 Isai.
1438 4541 1590 4590 xmx,
1610 4525 1696 4597 6);
1722 4541 1837 4580 non
1874 4526 1957 4579 sic
1988 4524 2122 4579 caeci

2228 1341 2445 1405 essent,
2471 1354 2585 1393 non
2609 1337 2691 1393 sic
2716 1337 2937 1409 aegroti,
2963 1341 3028 1392 ut
3047 1337 3107 1392 in
3129 1338 3369 1394 Domino
3390 1337 3621 1394 Christo
3646 1352 3748 1391 nec
3778 1337 3870 1392 lu-

2225 1441 2349 1481 cem
2375 1430 2779 1497 agnoscerent,
2805 1443 2908 1481 nec
2931 1426 3353 1483 salutem:ltem
3379 1426 3427 1483 si
3454 1426 3869 1498 intelligerent,

2226 1515 2380 1584 quod
2412 1514 2775 1570 infructuose
2807 1518 2979 1585 atque
3009 1516 3260 1570 inaniter
3282 1519 3539 1579 cantant,
3564 1515 3633 1569 de
3652 1514 3868 1585 quibus

2226 1603 2305 1657 sit
2317 1603 2863 1674 praenuntiatumJn
2878 1619 3090 1660 omnem
3102 1606 3494 1660 terramexivit
3505 1619 3668 1659 sonus
3679 1618 3867 1658 eorum

2225 1699 2278 1747 et
2308 1693 2367 1746 in
2401 1692 2538 1762 ﬁnes
2567 1692 2712 1747 orbis
2732 1696 2896 1747 terrae
2917 1693 3077 1749 verba
3096 1710 3287 1749 eorum
3308 1693 3477 1765 (Psat.
3501 1710 3659 1761 xvm,
3682 1693 3768 1761 5);
3793 1692 3865 1746 ad

2229 1796 2439 1835 sonum
2462 1780 2868 1851 Apostolorum
2889 1781 3247 1853 evigilarent,
3279 1786 3335 1836 et
3355 1782 3528 1836 verba
3550 1797 3751 1836 eorum
3776 1780 3863 1835 di-

2227 1868 2362 1923 vina
2382 1885 2509 1924 esse
2531 1870 2834 1925 sentirent.
2868 1870 2947 1926 De
2971 1870 3191 1926 sanctis
3212 1886 3347 1942 ergo
3369 1870 3703 1942 Scripturis,
3729 1886 3871 1940 qua-

2230 1973 2360 2011 rum
2392 1961 2449 2013 et
2477 1959 2631 2029 apud
2664 1958 2822 2029 ipsos
2854 1975 3067 2031 magna
3111 1958 3357 2014 habetur
3387 1959 3722 2025 auctoritas,
3767 1975 3872 2013 su-

2232 2047 2444 2101 menda
2474 2050 2611 2101 sunt
2640 2048 2994 2114 testimonia,
3029 2063 3276 2118 quorum
3312 2051 3367 2101 et
3399 2048 3447 2102 si
3470 2047 3658 2102 nolint
3681 2045 3877 2102 oblata

2232 2134 2480 2191 utilitate
2510 2135 2725 2203 sanari,
2758 2140 2958 2206 aperta
2985 2136 3208 2208 psssint
3236 2136 3475 2191 veritate
3505 2135 3787 2190 convinci.

2302 2223 2533 2279 CAPUT
2565 2225 2635 2278 ΙΙ.
2670 2255 2736 2265 -—
2767 2225 2819 2280 3.
2846 2225 3215 2280 Instrumenti
3251 2227 3449 2281 Veteris
3479 2225 3646 2279 libros
3675 2225 3743 2279 ad
3772 2240 3871 2279 nos

2226 2314 2527 2385 pertinere,
2559 2329 2856 2385 eorumque
2877 2320 3151 2386 praecepta
3179 2330 3278 2386 per
3295 2331 3392 2369 nos
3412 2312 3618 2369 melius
3633 2308 3875 2384 impleri.

2233 2401 2344 2457 Sed
2379 2402 2567 2473 primo
2597 2419 2798 2457 eorum
2828 2401 2923 2459 ille
2955 2404 3393 2475 redarguendu‘s
3425 2407 3512 2457 est
3542 2419 3721 2470 error,
3758 2419 3874 2475 quo

2234 2494 2442 2562 putant
2462 2491 2533 2545 ad
2557 2490 2803 2546 nosideo
2819 2508 2931 2546 non
2949 2491 3237 2563 pertinere
3250 2492 3624 2547 Instrumenti
3650 2491 3876 2546 Veteris

2232 2577 2433 2643 libros,
2468 2578 2604 2650 quia
2625 2580 2751 2649 jam
2786 2596 2900 2634 non
2933 2584 3146 2646 vetera,
3179 2580 3278 2636 sed
3312 2597 3459 2635 nova
3507 2584 3878 2635 sacramenta

2233 2683 2554 2722 servamus.
2587 2667 2799 2723 Dicunt
2827 2668 2983 2723 enim
3016 2669 3206 2723 nobis.
3240 2669 3387 2735 Quid
3423 2669 3574 2740 apud
3606 2686 3707 2724 vos
3739 2668 3879 2723 facit

2232 2753 2401 2810 lectio
2426 2756 2592 2827 Legis
2619 2760 2674 2810 et
2695 2756 3238 2828 Prophetarum,cuj
3249 2775 3317 2812 us
3342 2761 3628 2828 praecepta
3649 2774 3879 2813 servare

2235 2861 2346 2899 non
2370 2843 2546 2900 vultis
2564 2844 2593 2900 ?
2617 2861 2683 2900 eo
2700 2846 2853 2915 quod
2879 2862 3113 2900 carnem
3141 2846 3405 2917 praeputii
3434 2863 3548 2901 non
3571 2846 3875 2901 circumci-

2234 2933 2432 2989 dimus
2448 2933 2832 2989 masculinam
2854 2937 2894 3001 ¹,
2917 2938 2972 2989 et
2990 2935 3282 2991 vescimur
3302 2935 3578 2990 carnibus
3598 2951 3743 3005 quas
3764 2939 3883 2990 Lex

2235 3022 2748 3090 dicitimmundas,
2762 3039 2866 3077 nec
2882 3023 3127 3078 sabbata
3139 3027 3196 3077 et
3212 3020 3749 3079 neo‘meniasetdies
3767 3024 3878 3079 fes-

2234 3114 2321 3166 tos
2335 3125 2533 3165 eorum
2551 3110 2860 3166 carnaliter
2874 3112 3275 3179 observamus,
3306 3129 3411 3167 nec
3432 3111 3686 3167 victimis
3714 3128 3880 3183 peco-

2234 3215 2360 3253 rum
2381 3198 2780 3254 sacriﬁcamus
2802 3198 2939 3264 Deo,
2962 3216 3066 3255 nec
3086 3198 3378 3254 Paschain
3396 3216 3497 3255 ove
3510 3204 3565 3254 et
3577 3200 3794 3272 azymis
3809 3200 3891 3256 si-

2234 3287 2452 3343 militer
2470 3286 2832 3343 celebramus
2848 3292 2927 3343 :et
2957 3288 3006 3342 si
3028 3304 3143 3360 qua
3164 3288 3277 3343 alia
3296 3294 3488 3343 vetera
3519 3294 3887 3345 sacramenta

2232 3376 2484 3449 generali
2507 3377 2787 3432 vocabulo
2820 3378 3059 3434 umbras
3091 3378 3421 3433 futurorum
3446 3377 3698 3449 appellat
3735 3381 3883 3449 Apo-

2233 3463 2418 3520 stolus
2440 3464 2662 3535 (Cotoss.
2689 3480 2748 3532 ll,
2780 3466 2889 3537 17),
2914 3464 3053 3537 quia
3072 3483 3139 3520 ea
3156 3465 3568 3538 significabant
3591 3482 3696 3521 suo
3719 3471 3869 3522 tem-

2232 3567 2370 3625 pore
2402 3552 2727 3619 revelanda,
2762 3570 2887 3625 quas
2919 3571 3026 3609 nos
3068 3554 3316 3609 revelata
3368 3556 3755 3626 suscepimus.
3810 3558 3876 3609 ut

2233 3644 2455 3696 remota
2472 3642 2681 3696 umbra
2702 3644 2861 3697 nuda
2885 3659 3085 3697 eorum
3109 3641 3237 3698 luce
3258 3644 3641 3698 frueremur’.
3661 3644 3741 3699 De
3758 3643 3884 3714 qui—

2232 3729 2343 3784 bus
2367 3729 2709 3801 singillatim
2737 3730 3167 3802 nimislongum
3186 3732 3585 3803 estdisputare
3606 3733 3879 3803 quemad-

2234 3817 2472 3872 modum
2502 3819 2763 3873 exuendo
2794 3824 3039 3874 veterem
3058 3819 3355 3875 hominem
3380 3820 3876 3889 circumcidimur,

2237 3922 2351 3961 non
2378 3906 2436 3960 in
2468 3905 2882 3978 exspoliatione
2908 3908 3168 3979 corporis
3191 3908 3412 3975 carnis;
3453 3913 3509 3963 et
3542 3924 3689 3979 quos
3719 3908 3880 3963 cibos

2230 3995 2415 4049 vitant
2442 3994 2502 4049 in
2524 3995 2855 4066 pecoribus,
2876 3996 3130 4050 vitamus
3153 3996 3209 4051 in
3241 3998 3505 4051 moribus
3530 4021 3544 4063 ;
3568 4001 3623 4051 et
3643 3996 3884 4052 exhibe-

2233 4099 2366 4137 mus
2399 4099 2642 4155 corpora
2667 4088 2867 4139 nostra
2896 4084 3147 4139 hostiam
3180 4085 3392 4154 vivam,
3427 4090 3711 4152 sanctam,
3766 4090 3887 4141 Deo

2233 4170 2678 4242 placentem,cui
2692 4176 2749 4226 et
2764 4172 2988 4227 animas
3008 4172 3311 4228 nostrasin
3336 4173 3641 4229 desideriis
3660 4174 3885 4229 sanctis

2233 4276 2335 4331 pro
2351 4259 2633 4330 sanguine
2650 4260 3705 4332 intelligentereﬁ‘undimus,etChristi
3723 4261 3889 4317 velut

2233 4349 2367 4418 agni
2382 4348 2743 4403 immaculati
2758 4349 3044 4421 sanguine
3056 4350 3127 4405 ab
3142 4349 3300 4405 omni
3314 4350 3623 4421 iniquitate
3638 4351 3888 4405 munda-

2234 4453 2384 4491 mur.
2405 4437 2511 4502 Qui
2530 4442 2767 4509 propter
2779 4436 3224 4493 similitudinem
3248 4439 3441 4494 carnis
3465 4439 3680 4510 peccati
3703 4438 3884 4493 etiam

2235 4525 2470 4597 caprino
2484 4543 2687 4598 pecore
2732 4527 2791 4581 in
2803 4528 3097 4583 veteribus
3114 4526 3417 4583 sacrificiis
3431 4528 3745 4599 ﬁguratur:
3774 4544 3885 4582 nec

1707 4663 2021 4704 ADMONITIO
2052 4664 2141 4705 PP.
2174 4665 2638 4706 BENEDICTOBUM.

540 4756 815 4804 Tractatus
837 4755 1099 4820 adversus
1124 4755 1353 4820 Judaaos_
1366 4754 1682 4820 emendatus
1709 4758 1790 4805 est
1815 4754 1881 4805 ad
1911 4755 2035 4805 Mss.
2094 4756 2416 4820 exemplaria
2470 4757 2723 4807 Vaticana
2779 4757 2899 4814 tria,
2962 4756 3330 4807 Cisterciensia
3383 4756 3508 4816 duo,
3557 4756 3883 4807 Victorinum

480 4830 667 4877 unum,
705 4821 756 4866 et
786 4816 854 4866 ad
882 4814 1143 4867 editiones
1169 4819 1285 4867 Am.
1315 4817 1400 4868 Er.
1435 4831 1496 4867 ac
1524 4818 1650 4866 Lov.

563 4914 1052 4996 Comparavimus
1076 4925 1363 4995 praeterea
1417 4934 1513 4976 eas
1568 4934 1756 4975 omnes
1804 4914 2086 4977 editiones
2144 4916 2314 4977 initio
2374 4919 2545 4977 Retr.
2577 4927 2633 4977 et
2676 4918 2980 4990 Confess.,
3044 4925 3180 4977 tom.
3247 4921 3303 4989 1,
3366 4926 3736 4978 memoratas.
3791 4916 3882 4980 Μ.

541 5046 565 5072 “
592 5048 653 5096 In
678 5046 848 5104 editis,
874 5044 1050 5094 Oratio
1065 5045 1306 5095 adversus
1323 5046 1540 5095 Judzos.
1565 5048 1625 5095 In
1646 5046 1979 5096 Cistercienci
2000 5048 2093 5095 Ms.
2117 5046 2439 5106 inscribitur,
2477 5047 2654 5095 Sermo
2683 5046 2737 5095 S.
2762 5046 3040 5107 Augustini
3072 5048 3250 5094 contra
3279 5045 3493 5094 Iudaeos.
3526 5047 3585 5098 In
3615 5047 3716 5095 alio
3751 5047 3878 5097 Mss.

479 5108 824 5158 Cisterciensi’
843 5113 893 5157 et
921 5110 975 5156 in
1006 5121 1115 5172 uno
1141 5121 1169 5156 e
1199 5109 1483 5172 Vaticanis,
1516 5111 1692 5172 Sermo
1722 5109 1775 5157 S.
1812 5109 1949 5172 Aug.
1974 5108 2035 5156 de
2058 5110 2410 5158 incarnatione
2441 5109 2668 5172 Domini,
2697 5113 2875 5172 contra
2901 5108 3123 5172 Judaos.
3146 5110 3205 5172 In
3235 5108 3503 5172 Vaticanis
3523 5109 3638 5157 aliis
3652 5110 3882 5159 duobus.

479 5171 626 5218 Liber
656 5172 709 5219 Β.
746 5173 877 5233 Aug.
907 5172 969 5218 de
996 5171 1353 5219 incarnatione
1388 5170 1616 5230 Domini,
1644 5172 1820 5219 contra
1848 5170 2063 5219 Judssos.
2097 5172 2309 5221 Librum
2340 5171 2841 5243 adversusJudaeos
2870 5170 3102 5281 appellat
3136 5170 3297 5242 etiam
3348 5171 3487 5244 Beda
3533 5171 3641 5220 sive
3693 5172 3882 5221 Florus

479 5233 533 5279 in
565 5233 779 5281 Paulum
810 5232 877 5281 ad
907 5234 1056 5281 Rom.
1088 5235 1116 5281 9
1148 5236 1200 5280 et
1231 5236 1302 5281 11.
1336 5233 1402 5281 ad
1438 5233 1605 5281 Galat.
1638 5236 1685 5281 6.
1716 5233 1782 5281 ad
1812 5233 2001 5281 Enhes.
2034 5236 2080 5281 2.
2117 5234 2183 5281 ad
2214 5233 2411 5281 Coloss.
2432 5236 2477 5281 2.
2502 5236 2553 5281 et
2582 5232 2648 5281 ad
2680 5234 2841 5281 Hebr.
2870 5234 2919 5281 Ἰ.
2966 5246 3001 5281 n
3029 5232 3249 5281 Posmdu
3280 5232 3533 5281 indiculo.
3566 5247 3683 5281 can.
3715 5237 3762 5281 1.
3783 5247 3878 5281 no-

479 5233 533 5279 in
565 5233 779 5281 Paulum
810 5232 877 5282 ad
907 5234 1056 5281 Rom.
1088 5235 1116 5281 9
1148 5236 1200 5295 et
1231 5236 1302 5290 11,
1336 5233 1402 5281 ad
1438 5233 1605 5282 Galat.
1638 5236 1685 5291 6,
1716 5233 1782 5282 ad
1812 5233 2001 5295 Ephes.
2034 5236 2080 5292 2,
2117 5234 2183 5283 ad
2214 5233 2411 5282 Coloss.
2432 5236 2477 5291 2,
2502 5236 2553 5283 et
2582 5232 2648 5282 a'd
2680 5234 2841 5283 Hebr.
2870 5232 2919 5282 Ἰ.

479 5298 662 5342 tantur
688 5297 961 5345 Tractatus
986 5296 1092 5344 duo
1122 5294 1380 5344 adversus
1412 5295 1644 5344 Judaaos.

542 5408 559 5440 ι
597 5408 652 5455 ln
684 5407 857 5467 editis,
906 5409 1181 5458 bonitatem
1237 5408 1344 5456 Dei.
1400 5409 1578 5470 Abest,
1625 5408 1736 5469 Dei,
1768 5422 1797 5458 8
1830 5410 1954 5458 Mss.
2006 5413 2058 5458 et
2092 5422 2123 5457 a

478 5482 652 5532 grseco
682 5474 828 5518 textu
863 5472 1121 5533 Apostoli.

487 5579 506 5610 θ.
523 5576 727 5595 {malm
737 5576 817 5593 :gu
836 5578 1049 5597 14:42-12“
1080 5577 1819 5613 ;~m'mw
1838 5577 2114 5613 ll:‘!.ttr3ﬂ

1040 5610 1043 5613 λ
1232 5606 1280 5613 ...
1340 5605 1511 5613 -..-.._-.,
1556 5605 1633 5613 .m
1692 5605 2059 5613 .,...\.-.7-...__

1040 5610 1043 5613 .
1232 5606 1280 5615 -ι-
1340 5605 1451 5614 -.ηρ-μ

1556 5604 1793 5614 amna-be
1822 5606 1865 5613 ...
1892 5606 2059 5614 7-“-

490 5718 805 5749 -ITX‘.A_
870 5720 899 5745 ἠ

2966 5246 3001 5281 n
3029 5232 3249 5281 Possidii
3280 5232 3533 5292 indiculo,
3566 5247 3683 5296 cap.
3715 5237 3762 5283 1.
3783 5247 3878 5284 no—

2298 5411 2315 5444 ί
2350 5410 2549 5472 omnes
2577 5409 2686 5458 fere
2717 5409 2867 5472 Mss”,
2890 5422 3042 5457 carne
3066 5409 3308 5472 praputii
3333 5422 3436 5472 non
3467 5409 3876 5472 Circumcidimus

2233 5471 2567 5519 masculinam
2586 5487 2605 5519 :
2634 5484 2754 5520 cum
2783 5471 2982 5534 quibus
3012 5470 3301 5520 concordat
3334 5471 3477 5534 Beda
3495 5470 3780 5534 ivulgatus.

2295 5538 2316 5567 ι
2352 5535 2423 5581 Ita
2452 5546 2609 5582 omne
2638 5534 2762 5582 Mss.
2799 5537 2852 5582 et
2882 5533 3025 5582 Beda
3054 5547 3148 5583 seu
3169 5534 3354 5583 Florus
3384 5533 3451 5582 ad
3480 5533 3678 5582 Coloss.
3711 5536 3760 5582 2.
3802 5533 3868 5583 At

2235 5594 2387 5663 editi,
2410 5599 2464 5663 ut
2493 5599 2687 5663 remota
2708 5594 2889 5663 umbra
2916 5595 3225 5663 latinorum,
3257 5594 3713 5663 luceufrueremur.

2298 5659 2317 5692 ³
2348 5657 2586 5707 Vaticani
2615 5658 2722 5707 duo
2752 5656 2895 5717 Mss.,
2925 5658 3123 5707 hircino
3148 5671 3343 5721 pecore.
