4084 6194
196 333 274 392 53
804 337 870 398 S.
916 337 1346 399 AUGUSTINI
1395 337 1747 399 EPISCOPI
1790 336 2255 399 TRACTA'I‘US
2299 338 2711 401 ADVERSUS
2754 339 3101 402 JUDJEOS.
3579 342 3657 401 54

194 482 343 521 enm
382 474 582 539 negat
618 468 679 524 in
710 472 903 526 crucis
944 470 1216 527 cornibus
1263 476 1524 534 taurum.
1558 472 1653 542 qui
1706 471 1764 524 in
1797 469 1897 525 illo

195 556 499 624 agnoscit
530 556 856 612 maximam
883 558 1203 613 victimam.
1241 560 1304 614 In
1333 558 1432 614 illo
1466 560 1725 630 requiem
1761 576 1894 613 cum

198 641 600 710 invenimus,
634 662 765 701 vere
794 646 1230 703 sabbatizamus
1264 665 1277 702 :
1312 654 1368 703 et
1416 648 1565 703 luna
1600 665 1758 703 novae
1788 648 1893 702 ob-

200 732 510 801 servatio,
542 735 678 788 vitae
709 751 867 789 novae
890 741 977 790 est
1007 737 1411 792 sanctiﬁcatio.
1440 739 1504 791 Et
1538 738 1758 792 Pascha
1788 753 1891 791 no-

200 826 414 875 strum
458 825 481 858 ί
518 821 790 878 Christus
821 828 944 891 est;
978 829 1033 879 et
1057 841 1259 897 azyma
1288 831 1555 881 nostrum
1588 826 1891 882 sinceritas

200 910 522 978 veritatis,
557 911 911 967 fermentum
954 929 1066 968 non
1102 914 1322 970 habens
1370 916 1677 970 vetustatis
1712 933 1724 969 :
1758 920 1815 970 et
1844 915 1891 970 si

197 1014 330 1068 qua
361 998 501 1055 alia
531 1004 693 1067 sunt,
726 1001 785 1057 in
818 1000 1032 1073 quibus
1062 1019 1216 1058 nunc
1268 1003 1567 1060 immorari
1600 1021 1748 1075 opus
1778 1020 1893 1059 non

199 1090 319 1159 est,
360 1105 513 1159 qua
542 1088 665 1145 illis
694 1091 988 1146 veteribus
1038 1092 1385 1149 adumbrata
1413 1098 1552 1149 sunt
1599 1094 1807 1165 signis,
1834 1092 1895 1147 in

195 1176 309 1231 illo
344 1176 589 1234 habent
623 1179 817 1243 ﬁnem,
846 1180 1015 1249 cujus
1048 1181 1211 1253 regni
1239 1199 1353 1237 non
1385 1183 1493 1238 erit
1525 1182 1677 1237 ﬁnis.
1704 1183 1764 1237 In
1796 1180 1894 1237 illo

197 1266 449 1338 quippe
486 1267 685 1322 omnia
735 1268 1037 1339 oportebat
1068 1269 1320 1341 impleri,
1364 1271 1460 1343 qui
1490 1272 1648 1326 venit
1682 1271 1894 1343 Legem

198 1360 262 1410 et
294 1354 659 1428 Prophetas
703 1373 818 1412 non
869 1357 1113 1425 solvere,
1150 1359 1252 1414 sed
1298 1358 1546 1432 implere
1589 1359 1795 1431 (Matth.
1836 1377 1893 1426 v,

200 1446 328 1515 17).

284 1532 539 1590 CAPUT
569 1533 667 1589 III.
698 1563 768 1576 -—
796 1534 849 1590 4.
906 1534 1161 1591 Christus
1209 1537 1412 1608 Legem
1456 1553 1565 1592 non
1613 1539 1896 1593 evacuavit

205 1622 536 1694 arguendo,
569 1624 672 1679 sed
702 1624 974 1696 implendo
1004 1626 1257 1680 mutavit.
1281 1626 1504 1681 Mutatio
1534 1631 1775 1682 veterum
1802 1643 1891 1682 sa-

207 1720 643 1767 ornamentorum
652 1715 924 1784 praedicta
944 1715 1004 1769 in
1020 1714 1281 1770 Psalmis.
1299 1714 1544 1771 Proinde
1573 1714 1676 1770 illa
1696 1721 1894 1772 vetera

212 1803 399 1874 signa
430 1818 637 1857 rerum
663 1819 776 1858 non
805 1804 1101 1859 evacuavit
1132 1806 1453 1876 arguendo,
1473 1806 1571 1861 sed
1598 1805 1892 1877 implendo

213 1891 521 1947 mutavit:
542 1895 611 1946 ut
640 1891 754 1947 alia
784 1896 979 1948 essent
998 1910 1123 1965 qua:
1148 1896 1485 1950 nuntiarent
1512 1894 1741 1949 venisse
1763 1896 1890 1966 jam

214 1980 555 2048 Christum,
602 1996 777 2052 quam
830 1981 1059 2036 fuerant
1106 1982 1207 2037 illa
1237 1999 1364 2053 quas
1419 1982 1893 2055 prainuntiabant

216 2085 348 2124 esse
398 2073 742 2124 venturum.
795 2070 940 2135 Quid
994 2070 1106 2126 sibi
1157 2076 1355 2126 autem
1405 2072 1550 2143 vult,
1602 2073 1755 2143 quod
1807 2072 1892 2128 sic

214 2162 639 2231 praenotantur
668 2159 911 2230 quidam
941 2159 1176 2231 psalmi,
1208 2176 1352 2231 quos
1384 2164 1440 2216 et
1471 2161 1583 2233 ipsi
1614 2160 1817 2233 legunt
1835 2168 1892 2218 et

211 2247 455 2302 habent
486 2247 546 2301 in
583 2246 931 2303 Litterarum
964 2250 1313 2304 auctoritate
1344 2254 1703 2315 sanctarum,
1733 2254 1800 2304 ut
1830 2250 1887 2304 in

214 2352 434 2391 eorum
471 2334 658 2391 titulis
685 2335 969 2408 scriptum
1002 2337 1100 2406 sit,
1128 2341 1235 2392 Pro
1263 2338 1334 2392 iis
1365 2355 1484 2408 qua
1517 2338 1889 2393 immutabun-

217 2429 310 2478 tur
336 2424 359 2458 ²
382 2424 415 2477 τ
451 2427 646 2479 textus
676 2441 808 2479 vero
840 2425 1182 2480 eorumdem
1214 2426 1581 2497 psalmorum
1613 2428 1890 2498 praedicat

219 2512 529 2567 Christum
566 2528 581 2566 :
616 2512 728 2568 nisi
756 2512 891 2585 quia
923 2530 1122 2569 eorum
1178 2514 1425 2570 mutatio
1458 2532 1561 2588 per
1592 2515 1759 2571 illum
1792 2516 1887 2571 fu—

218 2604 355 2656 tura
391 2599 676 2673 praedicta
723 2607 831 2669 est,
882 2618 985 2675 per
1013 2619 1185 2673 quem
1239 2607 1482 2675 apparet
1527 2604 1790 2676 impleta,
1822 2608 1889 2661 ut

216 2691 481 2764 populus
532 2691 655 2758 Dei,
719 2690 819 2763 qui
868 2708 1023 2747 nunc
1073 2696 1161 2748 est
1208 2692 1461 2765 p0pulus
1507 2693 1885 2761 christianus,

209 2781 339 2852 jam
380 2796 501 2835 non
550 2784 791 2852 cogatur
839 2780 1146 2836 observare
1178 2797 1304 2852 quae
1355 2781 1710 2854 propheticis
1740 2788 1882 2838 tem-

214 2869 477 2941 poribus
528 2870 1038 2925 observahantur:
1081 2886 1197 2925 non
1248 2869 1387 2941 quia
1434 2871 1735 2938 damnata,
1785 2872 1885 2927 sed

226 2959 375 3030 quia
410 2962 639 3012 mutata
668 2962 808 3013 sunt
836 2976 850 3026 ;
883 2974 1001 3014 non
1032 2963 1093 3013 ut
1125 2975 1218 3013 res
1248 2958 1388 3029 ipsa;
1420 2975 1545 3031 qua:
1591 2960 1886 3033 signiﬁca-

224 3048 451 3102 bantur
480 3044 759 3118 perirent,
795 3046 894 3101 sed
937 3050 1003 3101 ut
1033 3063 1229 3102 rerum
1279 3048 1449 3120 signa
1479 3048 1601 3104 suis
1649 3065 1888 3121 quaeque

224 3135 604 3208 temporibus
634 3134 1031 3190 convenirent.

294 3223 537 3281 CAPUT
572 3223 664 3279 IV.
693 3255 761 3265 —
781 3225 835 3278 5.
873 3225 1117 3280 Christus
1138 3226 1201 3279 in
1228 3225 1453 3281 Psalmo
1473 3226 1888 3297 quadragesimo

226 3322 426 3387 quarto
454 3315 883 3385 praenuntiatus.
923 3313 1185 3385 Denique
1215 3313 1274 3368 in
1307 3314 1533 3386 psalmo
1565 3317 1887 3389 quadrage-

229 3404 389 3457 simo
414 3407 625 3474 quarto
644 3403 800 3473 (nam
833 3402 959 3474 ipse
981 3403 1205 3475 primus
1225 3407 1315 3458 est
1342 3420 1542 3459 eorum
1562 3404 1661 3475 qui
1682 3404 1888 3476 hujus-

232 3490 401 3547 modi
434 3492 672 3547 titulum
695 3491 1032 3564 praferunt,
1051 3494 1156 3546 Pro
1186 3493 1256 3547 iis
1273 3508 1391 3564 qum
1406 3495 1850 3549 immutabuntur
1870 3512 1889 3551 :

232 3579 340 3635 ubi
373 3580 547 3634 etiam
578 3579 814 3651 legitur,
847 3582 1131 3636 Canticum
1145 3597 1247 3652 pro
1276 3581 1491 3653 dilecto)
1522 3583 1890 3654 apertissime

230 3669 507 3724 Christus
540 3669 871 3723 ostenditur
903 3685 916 3724 :
952 3668 1237 3740 Speciosus
1267 3672 1446 3741 forma
1468 3688 1587 3742 prae
1617 3673 1753 3742 ﬁliis
1785 3673 1890 3727 ho-

237 3760 480 3812 minum.
523 3758 630 3826 Qui
674 3773 799 3812 cum
829 3759 890 3811 in
937 3762 1114 3828 forma
1142 3759 1241 3815 Dei
1285 3764 1438 3827 esset,
1472 3776 1582 3815 non
1627 3764 1893 3834 rapinam

236 3848 554 3902 arbitratus
575 3854 676 3912 est,
698 3862 811 3902 esse
834 3847 1067 3917 aqualis
1096 3849 1221 3903 Deo.
1249 3848 1333 3903 Ibi
1362 3848 1412 3904 ei
1445 3850 1678 3921 dicitur,
1704 3852 1892 3907 Accin-

236 3952 362 4007 gere
380 3935 636 4005 gladium
659 3944 816 3991 tuum
836 3936 1005 4007 juxta
1029 3939 1251 4008 femur:
1274 3938 1422 4008 quod
1456 3938 1512 3993 in
1547 3956 1719 3996 carne
1741 3948 1895 3999 esset

238 4022 585 4078 hominibus
607 4021 1043 4080 locuturus.Per
1061 4023 1322 4097 gladium
1338 4026 1553 4099 quippe
1574 4045 1785 4100 sermo,
1794 4047 1895 4103 per

239 4111 433 4166 femur
454 4127 592 4167 caro
615 4111 1005 4183 signiﬁcatur:
1031 4112 1169 4185 quia
1188 4117 1539 4186 semetipsum
1560 4119 1891 4183 exinanivit,

239 4202 482 4271 formam
504 4202 650 4255 servi
670 4202 970 4271 accipiens;
994 4206 1058 4257 ut
1078 4201 1175 4257 ille
1187 4219 1289 4274 per
1310 4202 1670 4259 divinitatem
1695 4209 1894 4277 specio-

240 4305 330 4343 sus
360 4291 548 4359 forma
572 4303 696 4359 prae
722 4290 858 4359 ﬁliis
888 4289 1193 4359 hominum,
1226 4291 1401 4347 etiam
1424 4292 1567 4347 illud
1601 4294 1762 4350 ﬁeret
1793 4312 1895 4367 per

240 4378 677 4441 inﬁrmitatem,
708 4379 861 4448 quod
894 4377 964 4433 de
992 4375 1090 4433 illo
1120 4379 1270 4434 alius
1316 4381 1613 4452 propheta,
1652 4384 1893 4440 Vidimus

238 4476 446 4535 eum,et
470 4482 579 4522 non
608 4466 841 4522 habebat
863 4470 1115 4539 speciem,
1129 4484 1301 4539 neque
1319 4468 1699 4531 decorem;sed
1712 4475 1894 4529 vultus

237 4557 359 4626 ejus
379 4555 707 4623 abiectus,et
726 4555 988 4628 deformis
1003 4559 1202 4628 positio
1220 4561 1338 4629 eius
1359 4559 1635 4630 (Isai.Lm,
1658 4561 1889 4631 2).Nam

235 4644 297 4699 in
320 4646 530 4700 eodem
560 4643 967 4717 psalmo,quod
991 4662 1107 4701 non
1130 4650 1360 4702 tantum
1383 4647 1689 4715 homo,sed
1713 4651 1889 4707 etiam

239 4739 393 4789 Deus
410 4733 493 4788 sit
504 4731 1164 4805 Christus,apertissime
1181 4735 1668 4808 ostenditur,cum
1693 4739 1892 4794 subdi-

235 4828 363 4879 tur:
384 4822 633 4878 Thronus
647 4824 1023 4890 tuus,Deus,in
1041 4824 1307 4879 saeculum
1321 4827 1697 4897 saeculi,virga
1714 4831 1889 4900 aequi-

236 4912 405 4968 tatis3
425 4913 591 4981 virga
611 4912 768 4980 regni
786 4915 887 4967 tui.
921 4912 1181 4967 Dilexisti
1207 4915 1487 4984 Justitiam
1509 4920 1559 4970 et
1588 4915 1751 4971 odisti
1780 4918 1888 4973 ini-

233 5003 541 5074 quitatem;
550 5004 833 5071 propterea
850 5002 1015 5056 unxit
1033 5002 1409 5071 te,Deus,Deus
1431 5006 1554 5057 tuus
1573 5004 1686 5060 oleo
1704 5007 1888 5061 exsul-

235 5092 473 5146 tationis
488 5091 880 5160 praeporticipi
886 5092 984 5144 bus
1004 5092 1225 5145 tuis.Ab
1239 5092 1508 5147 unctione
1522 5093 1618 5163 qui
1628 5111 1889 5165 ppe,quas

236 5196 427 5252 greco
458 5176 673 5252 χρίσμα
706 5178 935 5246 dicitur,
970 5179 1235 5235 Christus
1259 5184 1349 5235 est
1377 5180 1741 5253 appellatus:
1768 5184 1891 5256 ipse

235 5274 329 5325 est
353 5268 516 5325 Deus
537 5272 748 5323 unctus
775 5284 809 5322 a
832 5268 964 5335 Deo,
989 5268 1089 5339 qui
1112 5273 1169 5323 et
1189 5269 1373 5339 ipsam
1397 5285 1464 5324 cu
1476 5286 1528 5324 ni
1553 5273 1774 5327 caeteris
1796 5290 1889 5328 sa-

299 5403 335 5465 ιί
361 5400 464 5465 Hic
494 5398 623 5465 editi
647 5398 853 5465 addunt
882 5400 1123 5458 verbum,
1171 5399 1487 5461 immolatus,
1518 5403 1659 5465 quod
1689 5418 1721 5452 a
1766 5405 1892 5454 Mss.

240 5468 291 5514 et
319 5463 466 5512 Beda
494 5462 658 5523 vulgo
692 5462 858 5511 abest.

300 5528 324 5563 ²
351 5525 495 5575 Editi
524 5524 613 5572 hic
642 5528 695 5573 et
715 5524 872 5588 infra,
899 5525 986 5588 qui
1014 5524 1442 5574 immutabuntur.
1466 5526 1533 5588 At
1551 5526 1674 5575 Mss.
1706 5542 1893 5579 omnes

243 5594 296 5637 et
323 5588 471 5637 Beda
498 5590 813 5651 constanter
840 5586 1059 5651 habent,
1093 5602 1204 5651 quae
1235 5586 1662 5651 immutabumur.

308 5652 429 5716 31a
457 5649 673 5716 duobus
718 5650 841 5698 Mss.
891 5654 941 5716 et
971 5650 1038 5716 ad
1082 5649 1227 5699 oram
1277 5650 1525 5716 editionis
1572 5653 1717 5713 Lor,
1748 5655 1893 5716 virga

238 5712 548 5780 directions?
602 5727 642 5780 :_
685 5723 873 5780 quam_
900 5712 1211 5780 lection9m_
1242 5713 1483 5777 sequitur
1540 5712 1892 5780 Augustinus,

236 5776 601 5830 Euax-ratione
627 5774 968 5830 ln'eumdem
997 5774 1130 5841 psal.
1160 5776 1241 5827 Η.

2009 470 2326 524 oramentis
2359 471 2647 526 carnalem
2680 472 2738 526 in
2764 473 3126 544 spiritualem
3150 474 3397 529 mutavit
3428 474 3654 532 unctio-

2007 574 2161 612 nem.
2191 558 2274 612 Ibi
2298 560 2348 612 ei
2376 559 2445 613 de
2470 559 3180 617 EcclesiadiciturzAslitit
3202 565 3652 634 reginaadextns

2004 649 2114 701 tuis
2137 649 2195 701 in
2228 650 2423 702 vestitu
2456 648 2736 713 deaurato,
2770 653 3181 707 circumamicta
3224 656 3506 708 varietate.
3543 653 3651 708 Ubi

2004 734 2368 806 signiﬁcatur
2383 736 2652 809 linguaru
2665 755 2718 792 m
2732 740 2981 794 varietas
2996 740 3053 794 in
3072 742 3341 795 omnibus
3355 743 3650 812 gentibus:

2000 840 2247 894 quarum
2270 830 2465 880 tamen
2500 844 2616 881 una
2636 832 2691 882 et
2710 827 2955 899 simplex
2976 829 3117 883 ﬁdes
3138 835 3225 884 est
3248 830 3405 884 intus
3428 846 3439 882 :
3466 829 3656 885 Omnis

2003 912 2157 967 enim
2178 914 2541 985 pulchritudo
2569 917 2703 986 ﬁliae
2728 918 2875 986 regis
2907 919 3251 972 intrinsecus.
3278 920 3460 983 Quam
3493 917 3653 973 Psal-

2006 1018 2139 1057 mus
2172 1002 2492 1074 alloquitur
2521 1004 2741 1073 dicens,
2767 1006 3151 1075 Audi,ﬁlia,el
3182 1006 3303 1060 vide
3322 1025 3340 1059 :
3363 1006 3497 1061 audi
3520 1024 3651 1079 pro-

2006 1090 2279 1159 missum,
2320 1091 2452 1146 vide
2504 1093 2886 1165 completum.
2936 1096 2999 1149 Et
3038 1094 3348 1150 obliviscere
3385 1096 3654 1165 populum

2004 1186 2157 1234 tuum
2186 1189 2236 1235 et
2265 1181 2489 1237 domum
2517 1184 2697 1252 patris
2728 1184 2827 1237 tui.
2878 1182 2968 1238 Sic
3001 1200 3149 1239 nova
3199 1182 3534 1255 implentur,
3567 1184 3653 1240 sic

2001 1273 2196 1323 vetera
2212 1272 2956 1340 commutantur.0uoniam
2970 1274 3284 1345 concupivit
3305 1288 3404 1327 rex
3422 1273 3653 1343 speciem

2003 1359 2439 1429 tuam.Speciem
2471 1376 2645 1431 quam
2678 1360 2812 1416 fecit
2845 1361 2968 1433 ipse
2988 1377 3089 1433 per
3118 1375 3329 1430 se,non
3351 1361 3571 1415 invenit
3590 1361 3651 1415 in

2000 1449 2078 1501 te.
2104 1447 2399 1511 Quomodo
2422 1447 2577 1501 enim
2601 1447 2865 1518 speciosa
2886 1465 3044 1504 esses
3060 1449 3187 1518 ejus
3204 1446 3653 1519 oculis,quando

2001 1550 2131 1589 eras
2157 1536 2275 1590 tuis
2299 1535 2513 1591 fcedata
2536 1536 2786 1608 peccatis
2808 1536 2836 1591 ?
2856 1536 2938 1592 Ne
2968 1541 3163 1592 tamen
3192 1553 3353 1609 spem
3380 1542 3539 1591 tuam
3570 1553 3656 1591 ar-

2001 1623 2238 1679 bitreris
2271 1625 2601 1696 ponendam
2623 1626 2680 1680 in
2705 1626 2963 1692 homine,
2981 1626 3248 1697 sequitur
3266 1631 3323 1681 et
3347 1626 3657 1696 dicit,Quo«

1998 1714 2153 1767 niam
2183 1714 2299 1783 ipse
2320 1717 2394 1769 est
2416 1715 2687 1770 Dominus
2714 1716 2752 1780 ¹,
2790 1717 2928 1770 Deus
2947 1718 3093 1770 tuus.
3119 1716 3201 1770 Ne
3232 1716 3479 1771 formam
3502 1715 3654 1770 servi

1999 1818 2264 1873 spernas,
2284 1819 2355 1856 ne
2371 1803 2625 1874 potentis
2641 1804 3045 1859 inﬁrmitatem
3070 1803 3655 1875 excelsiquehumili-

1998 1893 2176 1945 tatem
2208 1891 2494 1961 derideas,
2524 1894 2637 1964 ipse
2654 1899 2735 1948 est
2759 1894 2899 1948 Deus
2918 1902 3061 1949 tuus.
3089 1896 3151 1948 In
3175 1908 3239 1948 eo
3263 1894 3415 1965 quod
3438 1909 3651 1964 parvus

1999 1986 2257 2052 apparet,
2283 1996 2532 2052 magnus
2550 1981 2693 2037 latet
2712 2000 2725 2051 ;
2742 1982 2801 2037 in
2827 1984 3037 2038 umbra
3059 1982 3263 2038 mortis
3287 1982 3648 2053 soljustitiaa,

1998 2068 2058 2123 in
2085 2069 2442 2125 contumelia
2464 2070 2651 2126 crucis
2686 2071 2968 2127 Dominus
2990 2070 3187 2143 gloria:
3215 2071 3488 2136 Quamvis
3511 2088 3646 2127 eum

1998 2161 2396 2229 persecutores
2448 2164 2677 2227 necent,
2712 2159 2977 2216 inﬁdeles
3009 2165 3240 2233 negent,
3275 2163 3390 2232 ipse
3430 2164 3509 2215 est
3536 2166 3650 2216 Do-

1994 2248 2180 2301 minus
2217 2250 2365 2301 Deus
2407 2255 2529 2302 tuus
2560 2266 2578 2301 :
2610 2265 2715 2319 per
2762 2250 2929 2318 cujus
2975 2266 3186 2321 corpus
3235 2249 3644 2321 immutantur,

1996 2350 2121 2406 quae
2153 2338 2328 2390 antea
2361 2352 2460 2407 per
2490 2337 2731 2392 umbras
2763 2337 3191 2409 ﬁgurabantur.

2066 2422 2295 2480 CAPUT
2324 2423 2466 2478 V.—
2489 2425 2543 2479 6.
2564 2424 2732 2480 Titulo
2762 2426 2976 2480 Psalmi
2994 2426 3328 2495 sexagesimi
3356 2426 3534 2482 octavi
3552 2427 3649 2498 qui

1995 2512 2061 2568 de
2092 2511 2298 2567 Christi
2326 2516 2580 2583 passione
2626 2516 2865 2586 scriptus
2894 2519 2991 2582 est,
3024 2516 3192 2570 etiam
3238 2517 3471 2570 mutatio
3497 2529 3647 2586 prse-

1994 2600 2507 2659 dicitur.Psalmus
2538 2620 2772 2675 quoque
2795 2604 3193 2675 sexagesimus
3224 2609 3459 2659 octavus
3472 2603 3646 2661 habet

1994 2690 2054 2744 in
2085 2690 2255 2746 titulo
2292 2708 2304 2746 :
2338 2692 2443 2747 Pro
2474 2692 2544 2746 iis
2581 2709 2699 2763 qua
2726 2693 3230 2748 commulabuntur.
3265 2696 3331 2746 Et
3372 2697 3644 2749 cantatur

1994 2777 2072 2833 ibi
2097 2780 2291 2850 passio
2313 2779 2543 2835 Domini
2564 2780 2743 2835 nostri
2758 2780 2895 2835 Jesu
2919 2780 3638 2853 Christi,transﬁgurantis

1996 2866 2055 2921 in
2089 2882 2150 2921 se
2182 2867 2467 2938 quasdam
2513 2867 2688 2925 etiam
2722 2884 2889 2924 voces
2942 2869 3361 2936 membrorum,
3396 2868 3504 2924 hoc
3550 2873 3641 2926 est

1995 2954 2257 3011 ﬁdelium
2281 2972 2543 3012 suorum.
2567 2957 2692 3012 Non
2718 2958 2872 3013 enim
2896 2958 3021 3029 ipse
3042 2956 3163 3013 ulla
3184 2957 3395 3013 delicta
3410 2957 3636 3029 habuit,

1995 3044 2095 3100 sed
2130 3048 2324 3099 nostra
2358 3045 2605 3116 portavit
2638 3062 2651 3099 :
2686 3047 2839 3101 unde
2865 3046 3029 3115 dicit,
3059 3048 3125 3102 Et
3153 3046 3355 3102 delicta
3382 3064 3501 3103 mea
3530 3056 3642 3103 ate

1993 3149 2101 3188 non
2135 3142 2261 3188 sunt
2288 3133 2625 3190 abscondita.
2657 3134 2739 3191 Ibi
2770 3136 3055 3207 scriptum
3080 3140 3169 3192 est
3197 3139 3253 3191 et
3281 3137 3643 3207 praenuntia-

1994 3227 2145 3288 tum,
2188 3224 2343 3293 quod
2392 3223 2451 3277 in
2502 3224 2809 3296 Evangelia
2858 3223 3108 3296 legimus
3157 3224 3373 3279 factum
3418 3226 3641 3297 (Matth.

1994 3328 2169 3382 xxvu,
2202 3312 2290 3379 34,
2318 3312 2405 3383 48)
2432 3329 2445 3367 :
2472 3312 2743 3368 Dederunt
2761 3315 2821 3368 in
2850 3329 3023 3369 escam
3048 3330 3227 3368 meam
3244 3314 3345 3386 fel,
3378 3322 3429 3370 et
3458 3316 3514 3370 in
3545 3315 3649 3371 siti

1995 3417 2115 3456 mea
2144 3406 2469 3473 potaverunt
2499 3418 2586 3456 me
2621 3406 2788 3457 aceto.
2824 3406 2932 3457 Per
2961 3402 3117 3457 hunc
3165 3418 3301 3474 ergo
3332 3403 3647 3459 immutata

1998 3494 2139 3544 sunt
2156 3494 2371 3559 vetera,
2407 3506 2533 3560 quas
2565 3490 2775 3545 titulus
2806 3490 3021 3545 Psalmi
3057 3492 3398 3562 praedixerat
3427 3491 3647 3546 immu-

1996 3579 2193 3633 tanda.
2223 3578 2382 3641 Quod
2404 3577 2589 3632 Judaei
2613 3577 2871 3650 legentes
2892 3583 2948 3634 et
2970 3596 3082 3633 non
3100 3578 3510 3650 intelligentes,
3536 3578 3647 3634 ali-

2000 3668 2141 3739 quid
2175 3684 2237 3722 se
2268 3668 2458 3723 dicere
2506 3666 2862 3737 existimant,
2896 3683 3028 3722 cum
3062 3668 3369 3738 requirunt
3412 3686 3446 3723 a
3476 3668 3645 3723 nobis

1999 3757 2291 3827 quomodo
2322 3757 2681 3829 accipiamus
2700 3756 3103 3812 auctoritatem
3129 3756 3294 3827 Legis
3311 3760 3368 3812 et
3388 3756 3643 3828 Prophe-

1996 3850 2213 3913 tarum,
2248 3862 2379 3900 cum
2426 3850 2791 3901 sacramenta
2821 3861 2935 3899 non
2979 3846 3354 3899 observemus
3384 3861 3512 3917 quas
3559 3844 3641 3900 ibi

2000 3939 2288 4007 praecepta
2317 3938 2474 3990 sunt.
2501 3934 2623 3989 Non
2648 3933 3197 4005 observamus,quia
3228 3937 3450 3988 mutata
3470 3937 3639 4002 sunt;

2002 4028 2227 4078 mutata
2246 4029 2383 4078 sunt
2405 4029 2622 4094 autem,
2647 4024 2745 4094 qui
2765 4024 3048 4078 mutanda
3068 4024 3453 4094 praenuntiata
3466 4027 3606 4078 sunt
3624 4040 3638 4091 ;

2001 4111 2059 4168 et
2086 4112 2145 4167 in
2180 4129 2312 4167 eum
2337 4113 2651 4177 credimus,
2672 4114 2841 4183 cujus
2859 4111 3205 4167 revelatione
3227 4116 3455 4167 mutata
3475 4117 3638 4168 sunt.

1999 4201 2124 4259 Non
2151 4218 2285 4273 ergo
2313 4201 2693 4257 observamus
2714 4205 3082 4256 sacramenta
3102 4217 3227 4271 quas
3258 4200 3335 4255 ibi
3355 4205 3642 4272 praecepta

2000 4298 2156 4361 sunt,
2188 4289 2323 4361 quia
2362 4288 2748 4361 intelligimus
2798 4305 2924 4360 qua:
2954 4289 3033 4344 ibi
3068 4288 3343 4359 pradicta
3390 4293 3549 4359 sunt,
3582 4292 3641 4344 et

1998 4382 2268 4435 tenemus
2299 4393 2420 4448 quae
2444 4377 2522 4431 ibi
2546 4376 2836 4448 promissa
2866 4382 3023 4434 sunt.
3048 4376 3147 4432 Isti
3171 4381 3365 4432 autem
3397 4376 3496 4449 qui
3518 4377 3642 4433 haec

1999 4467 2167 4522 nobis
2189 4465 2691 4536 objiciunt,adhuc
2706 4466 2887 4521 amari
2904 4470 3041 4521 sunt
3054 4482 3123 4521 ex
3135 4465 3475 4537 parentibus
3493 4466 3639 4533 suis,

1998 4556 2099 4627 qui
2133 4556 2420 4610 dederunt
2441 4555 2499 4609 in
2532 4571 2722 4610 escam
2757 4554 3113 4621 Dominot‘el,
3134 4559 3188 4609 et
3210 4555 3398 4610 adhuc
3420 4560 3641 4612 veteres

1998 4661 2065 4699 ex
2093 4649 2252 4699 aceto
2285 4644 2438 4714 quod
2464 4643 2513 4698 ei
2543 4644 2861 4715 potandum
2885 4642 3260 4700 obtulerunt:
3284 4648 3340 4699 et
3370 4644 3495 4699 ideo
3524 4661 3641 4701 non

1997 4732 2353 4804 intelligunt,
2387 4731 2525 4802 quia
2554 4731 2613 4785 in
2639 4733 2723 4786 eis
2753 4730 3033 4802 impletur
3049 4733 3203 4803 quod
3227 4732 3510 4804 sequitur,
3526 4735 3647 4789 Fiat

1995 4836 2193 4875 mensa
2221 4835 2410 4875 eorum
2425 4835 2609 4875 coram
2628 4821 2763 4891 ipsis
2780 4825 2838 4874 in
2856 4821 3248 4891 muscipulam,
3262 4824 3311 4876 et
3336 4821 3649 4878 retributio-

1996 4925 2122 4964 nem
2150 4908 2566 4975 et‘scandalum.
2588 4909 2701 4979 Ipsi
2730 4908 2885 4962 enim
2905 4907 3055 4963 fellei
3080 4913 3136 4964 et
3155 4908 3300 4964 acidi
3326 4908 3459 4964 facti
3482 4915 3640 4980 sunt,

1997 4998 2197 5053 felleas
2227 5002 2283 5052 et
2313 4997 2509 5053 acidas
2527 5014 2691 5053 escas
2709 4997 2845 5069 pani
2868 4997 2994 5053 vivo
3027 4998 3413 5054 ministrando
3429 5000 3468 5052 ³.
3494 5000 3649 5064 Quo-

2000 5088 2170 5142 modo
2201 5087 2356 5142 enim
2390 5086 2510 5141 haec
2542 5086 2795 5155 videant,
2829 5087 2899 5141 de
2931 5088 3145 5157 quibus
3174 5086 3255 5141 ibi
3295 5086 3637 5158 praedictum

1997 5180 2108 5242 est,
2122 5177 2472 5231 Excaecentur
2490 5176 2512 5209 ³
2532 5177 2677 5231 oculi
2694 5191 2901 5242 eorum,
2916 5192 2984 5231 ne
2998 5176 3260 5231 videant?
3275 5178 3330 5228 et
3350 5174 3641 5244 quomodo

1999 5264 2117 5320 sint
2146 5263 2307 5333 recti,
2340 5269 2404 5318 ut
2433 5281 2671 5319 sursum
2695 5280 2792 5319 cor
2822 5264 3181 5332 habeant,de
3199 5260 3414 5331 quibus
3446 5261 3645 5333 prsidi-

2000 5369 2130 5407 cum
2165 5356 2271 5418 est,
2305 5353 2369 5407 Et
2399 5352 2621 5408 dorsum
2664 5368 2851 5408 eorum
2879 5368 3094 5423 semper
3127 5352 3404 5405 incurva?
3429 5350 3543 5408 Nec
3574 5352 3643 5406 de

2063 5470 2079 5503 ί
2120 5469 2247 5525 Vox,
2280 5470 2550 5525 Dominus,
2576 5482 2684 5517 non
2719 5470 2773 5517 in
2799 5468 3045 5517 omnibus
3067 5466 3342 5517 codicibus
3364 5468 3642 5531 reperitur.

2000 5533 2089 5580 Est
2119 5531 2259 5592 apud
2295 5532 2449 5586 LXX;
2483 5530 2573 5578 sed
2607 5532 2671 5579 ah
2703 5532 2764 5579 iis
2791 5531 2956 5587 abest,
2996 5531 3148 5579 Deus.

2062 5595 2083 5627 ²
2114 5595 2197 5655 Sic
2226 5594 2348 5641 Mss.
2382 5593 2515 5641 Editi
2556 5607 2699 5649 vero,
2730 5593 2804 5653 fel
2828 5594 2877 5639 et
2905 5597 3099 5641 acetum
3131 5594 3262 5655 facti
3300 5600 3433 5649 sunt,
3463 5592 3644 5654 felleas

2002 5663 2049 5702 et
2077 5654 2251 5701 acidas
2279 5656 2405 5717 puni
2434 5669 2543 5701 vivo
2570 5660 2743 5715 epulas
2778 5655 3133 5703 ministrando.

2063 5719 2083 5751 ³
2106 5717 2259 5775 Editi,
2280 5716 2633 5765 ’Obscurentur
2662 5732 2679 5765 :
2707 5717 2798 5779 qui
2820 5723 2995 5767 tamen
3026 5718 3181 5774 infra,
3215 5730 3330 5779 cap.
3362 5720 3407 5773 6,
3426 5716 3481 5765 in
3511 5729 3638 5766 con-

2002 5779 2234 5830 cordiam
2268 5779 2556 5829 redeuntes
2586 5791 2707 5829 cum
2736 5781 2858 5830 Mss.
2889 5780 3106 5841 habent,
3137 5780 3483 5830 Excacentur.
