4084 6194
382 333 461 393 55
1616 329 1685 392 Β.
1728 326 2157 393 AUGUSTINI
2201 326 2557 393 EPISCOPI
3708 334 3789 393 56

386 463 663 521 omnibus
691 465 813 521 haec
844 464 998 520 dicta
1030 466 1171 520 sunt
1196 478 1210 520 :
1242 462 1363 520 imo
1390 478 1523 520 vero
1560 463 1631 520 de
1660 462 1934 519 omnibus
1965 462 2037 518 ad

389 570 536 625 quos
568 553 862 625 pertinent
882 569 1009 624 quas
1042 553 1316 624 praedicta
1339 556 1493 607 sunt.
1524 553 1601 607 Ad
1632 569 1732 608 eos
1754 552 1911 607 enim
1938 551 2037 621 qui

391 641 479 698 vel
512 647 651 698 tunc
674 659 741 698 ex
765 641 881 696 illis
912 641 1286 698 crediderunt
1315 643 1374 697 in
1407 640 1727 708 Christum,
1760 640 1850 697 vel
1884 656 2039 695 nunc

396 748 583 803 usque
613 731 877 798 credunt,
911 730 997 785 vel
1029 731 1302 802 deinceps
1330 747 1511 801 usque
1544 730 1603 785 in
1635 731 1809 785 finem
1842 727 2038 785 saeculi

393 818 667 875 credituri
700 823 855 889 sunt,
877 819 991 873 ista
1022 836 1135 874 non
1169 819 1481 891 pertinent,
1504 820 1576 873 ad
1599 834 1799 874 verum
1823 816 2035 873 lsrael‘

393 907 635 974 scilicet,
658 909 757 977 qui
785 906 1001 961 videbit
1020 906 1330 962 Dominum
1356 905 1498 962 facie
1520 908 1591 961 ad
1620 906 1846 962 faciem.
1862 907 2042 977 Neque

388 996 539 1051 enim
557 1010 739 1050 omnes
760 997 855 1065 qui
874 1013 947 1050 ex
967 995 1365 1062 Israelsunt,hi
1384 996 1555 1050 Israel
1576 1005 1703 1052 sunt
1718 1010 1921 1066 :neque
1945 996 2042 1067 qui

388 1092 515 1139 sunt
537 1099 718 1139 semen
741 1084 1033 1155 Abraham,
1050 1100 1233 1139 omnes
1251 1085 1365 1155 ﬁlii
1378 1093 1536 1149 sunt;
1551 1086 1650 1140 sed
1672 1086 1731 1140 in
1747 1087 1919 1153 Isaac,
1945 1084 2003 1139 in
2016 1115 2039 1127 -

390 1171 534 1242 quit,
568 1172 843 1227 vocabitur
885 1173 988 1227 tibi
1015 1184 1199 1228 semen
1236 1190 1247 1228 :
1283 1172 1380 1228 hoc
1409 1180 1508 1239 est,
1557 1190 1669 1229 non
1721 1174 1765 1228 ii
1809 1175 1905 1244 qui
1931 1172 2044 1243 ﬁlii

389 1262 599 1326 carnis,
625 1260 689 1316 hi
716 1262 828 1331 ﬁlii
858 1263 974 1329 Dei,
1006 1261 1097 1317 sed
1125 1262 1235 1331 ﬁlii
1274 1263 1654 1333 promissionis
1704 1264 2045 1333 deputantur

393 1350 454 1404 in
482 1364 667 1404 semen
696 1349 871 1422 (Rom.
904 1367 980 1420 1x,
1008 1351 1150 1420 6-8).
1187 1350 1298 1405 Sed
1347 1350 1407 1405 hi
1442 1350 1734 1422 pertinent
1763 1352 1833 1406 ad
1866 1352 2043 1423 spiri-

398 1437 617 1493 tualem
648 1437 781 1493 Sion
833 1443 890 1493 et
921 1438 1185 1494 civitates
1206 1440 1227 1472 ²
1254 1438 1445 1505 Judaa,
1477 1438 1533 1493 id
1565 1444 1672 1508 est,
1709 1438 1992 1496 Ecclesiae
2026 1456 2040 1495 ε

394 1527 465 1582 de
496 1527 711 1597 quibus
738 1527 1055 1598 Apostolus
1084 1527 1245 1593 dicit,
1261 1529 1427 1582 Eram
1446 1536 1634 1583 autem
1663 1530 1879 1599 ignotus
1904 1531 2047 1599 facie

394 1613 663 1671 Ecclesiis
692 1615 924 1679 Iudaea,
954 1630 1080 1687 quae
1113 1619 1242 1670 sunt
1272 1617 1329 1670 in
1360 1615 1576 1672 Christo
1608 1617 1804 1687 (Galat.
1842 1635 1882 1683 ι,
1928 1618 2042 1688 22).

397 1705 704 1771 Quoniam,
738 1703 889 1763 sicut
921 1704 978 1759 in
1012 1705 1212 1760 eodem
1246 1703 1471 1775 psalmo
1515 1705 1687 1776 paulo
1719 1710 1850 1778 post
1880 1706 2044 1778 poni-

397 1796 513 1859 tur,
543 1794 681 1848 Deus
710 1794 919 1847 salvam
947 1795 1113 1861 faciet
1141 1793 1292 1860 Sion,
1319 1797 1372 1849 et
1391 1794 1825 1866 aediﬁcabantur
1844 1797 2044 1851 civita-

399 1885 477 1937 tes
506 1882 686 1937 Iudae.
720 1883 783 1937 Et
812 1883 1199 1937 inhabitabant
1228 1899 1373 1949 eam,
1402 1888 1455 1938 et
1498 1882 1829 1940 haereditate
1856 1887 2046 1956 acqui-

397 1975 517 2025 rent
553 1986 691 2024 eum.
724 1971 789 2024 Et
825 1986 1005 2026 semen
1050 1986 1330 2026 servorum
1359 1974 1479 2043 ejus
1524 1972 1875 2043 possidebunt
1898 1990 2042 2043 eam,

392 2066 444 2115 et
476 2060 571 2131 qui
598 2058 840 2128 diligunt
863 2075 1064 2114 nomen
1106 2061 1246 2130 ejus,
1282 2060 1672 2117 inhabitabant
1722 2063 1781 2116 in
1814 2078 1898 2118 ea.
1933 2063 2045 2118 Sed

396 2164 530 2204 cum
575 2148 697 2203 haec
746 2149 991 2203 audiunt
1045 2148 1255 2219 Judmi,
1291 2148 1599 2205 carnaliter
1646 2150 1958 2223 accipiunt,
1991 2156 2048 2207 et

395 2241 682 2293 terrenam
712 2236 1029 2293 Jerusalem
1066 2237 1349 2309 cogitant,
1374 2254 1501 2309 quas
1533 2239 1711 2294 servit
1741 2256 1873 2295 cum
1910 2240 2047 2297 filiis

400 2324 525 2382 suis
558 2343 572 2381 :
605 2343 720 2381 non
755 2332 999 2382 matrem
1052 2331 1313 2382 nostram
1344 2332 1621 2381 aeternam
1654 2327 1711 2383 in
1744 2328 1906 2385 ccelis
1945 2329 2045 2401 (Id.

403 2431 479 2483 ιν,
513 2415 604 2484 25,
634 2414 748 2485 26).

474 2501 707 2558 CAPUT
736 2500 806 2556 Vl
837 2532 906 2543 —
932 2502 988 2557 7.
1021 2502 1229 2558 Titulus
1257 2518 1470 2575 quoque
1498 2504 1715 2560 Psalmi
1758 2509 2048 2577 septuage-

404 2592 542 2647 simi
590 2592 726 2646 noni
766 2593 1113 2663 praenuntiat
1162 2593 1544 2648 mutationem.
1593 2594 1917 2649 Mutationis
1954 2594 2046 2668 fa-

402 2680 614 2738 ciendae
666 2681 981 2737 testimonia
1033 2684 1226 2737 contra
1272 2682 1491 2737 Iudaeos
1546 2684 1842 2753 apertiora.
1904 2685 2046 2740 Item

402 2767 666 2840 psalmus
694 2769 1165 2841 septuagesimus
1196 2786 1385 2824 nonus
1409 2770 1588 2825 simili
1623 2771 1789 2827 titulo
1819 2790 2043 2844 praeno-

398 2860 591 2913 tatur:
623 2858 730 2912 Pro
758 2859 827 2912 iis
863 2874 981 2928 quae
1025 2858 1491 2915 immutabuntur.
1535 2860 1596 2914 In
1651 2876 1765 2931 quo
1818 2861 2045 2932 psalmo

396 2945 547 3001 inter
584 2951 791 3001 caetera
819 2947 1103 3019 scriptum
1136 2951 1245 3013 est,
1278 2947 1495 3017 Respice
1542 2947 1608 3002 de
1636 2950 1788 3016 calo,
1820 2953 1872 3005 et
1901 2951 2040 3019 vide,

393 3043 445 3090 et
472 3036 637 3090 visita
668 3036 886 3091 vineam
916 3038 1077 3090 istam
1106 3052 1125 3089 .·
1157 3044 1210 3090 et
1235 3035 1437 3105 perﬁce
1467 3052 1589 3091 eam
1628 3054 1794 3107 quam
1821 3040 2040 3108 planta-

391 3124 471 3178 vit
500 3123 723 3180 dextera
751 3127 885 3193 tua;
916 3126 967 3179 et
997 3139 1162 3195 super
1192 3124 1403 3181 Filium
1434 3124 1695 3195 hominis,
1727 3143 1888 3197 quem
1917 3145 2043 3184 con-

389 3212 629 3282 ﬁrmasti
659 3212 780 3267 tibi.
834 3213 965 3283 Ipsa
994 3217 1085 3267 est
1113 3213 1269 3267 enim
1316 3212 1484 3267 vinea
1513 3214 1583 3269 de
1631 3231 1747 3286 qua
1777 3216 1993 3272 dicitur
2026 3236 2039 3275 :

393 3300 615 3357 Vineam
642 3318 712 3356 ea:
741 3302 980 3372 ngypto
1019 3302 1376 3357 transtulisti.
1428 3302 1554 3358 Non
1586 3304 1741 3358 enim
1775 3304 2041 3361 Christus

386 3388 559 3444 aliam
594 3388 911 3461 plantavit;
972 3391 1073 3445 sed
1123 3390 1335 3461 ipsam,
1385 3390 1687 3458 veniendo,
1720 3391 1778 3446 in
1830 3393 2040 3451 melius

388 3477 790 3532 commutavit.
841 3478 933 3533 Sic
987 3484 1044 3533 et
1095 3479 1154 3534 in
1203 3479 1513 3551 Evangelio
1562 3479 1775 3551 legitur
1817 3497 1830 3536 :
1872 3483 2039 3539 Malos

386 3565 530 3621 male
556 3566 764 3638 perdet,
796 3569 845 3621 et
876 3569 1093 3622 vineam
1137 3585 1295 3622 suam
1347 3569 1552 3624 locabit
1598 3570 1730 3624 aliis
1780 3573 2039 3639 agricolis

386 3654 597 3722 (Matth.
628 3672 743 3721 xxi,
782 3656 891 3723 41).
925 3656 1049 3710 Non
1101 3656 1256 3711 enim
1289 3656 1388 3723 ait,
1439 3657 1792 3726 Eradicabit,
1826 3659 2033 3716 aliam-

387 3758 500 3814 que
532 3741 855 3814 plantabit;
890 3745 1013 3814 sed,
1038 3745 1239 3799 eadem
1265 3745 1455 3815 ipsam
1482 3745 1698 3801 locabit
1719 3747 1849 3803 aliis
1880 3751 2033 3821 agri-

384 3830 547 3886 colis.
585 3832 797 3887 Eadem
832 3849 1084 3904 namque
1108 3841 1195 3887 est
1223 3838 1563 3889 sanctorum
1593 3836 1868 3892 societate
1900 3838 2035 3893 civi-

381 3922 473 3975 tas
506 3920 603 3975 Dei
637 3925 693 3975 et
723 3920 1094 3993 congregatio
1126 3920 1387 3977 ﬁliorum
1417 3924 1846 3993 promissionis,
1881 3944 2035 3982 mor-

379 4006 583 4063 talium
615 4009 951 4064 decessione
982 4026 1050 4065 ac
1071 4010 1447 4065 successione
1473 4012 1840 4083 complenda,
1861 4021 2034 4086 atque

378 4094 437 4150 in
469 4097 583 4151 fine
616 4098 812 4151 seaculi
848 4098 906 4152 in
939 4098 1213 4153 omnibus
1243 4099 1748 4157 immortalitatem
1778 4104 2033 4162 debitam

378 4189 682 4255 receptura
716 4202 727 4238 :
763 4203 889 4256 quae
926 4186 1039 4241 alio
1084 4187 1255 4242 modo
1285 4186 1343 4242 in
1393 4189 1507 4245 alio
1539 4189 1765 4262 psalmo
1798 4209 1899 4264 per
1928 4193 2031 4249 oli-

377 4287 507 4325 vam
538 4272 897 4327 fructiferam
953 4274 1343 4345 significatur,
1378 4280 1435 4330 et
1484 4275 1647 4344 dicit,
1699 4279 1811 4347 Ego
1852 4284 2035 4336 autem

376 4360 514 4415 sicut
542 4360 687 4415 oliva
712 4363 1008 4432 fructifera
1039 4364 1096 4416 in
1128 4362 1283 4417 domo
1320 4364 1439 4433 Dei,
1480 4367 1699 4432 speravi
1728 4369 1785 4420 in
1818 4371 2032 4424 miseri-

377 4449 567 4503 cordia
597 4450 699 4504 Dei
730 4453 787 4504 in
813 4456 1100 4518 zternum,
1133 4453 1199 4506 Et
1230 4453 1289 4506 in
1336 4453 1603 4509 saeculum
1638 4457 1829 4511 saeculi
1859 4458 2025 4528 (Psal.

381 4552 452 4604 LI,
489 4538 596 4608 10).
632 4539 829 4610 Neque
858 4540 995 4611 quia
1026 4540 1187 4594 fracti
1225 4545 1367 4595 sunt
1396 4541 1661 4598 infideles
1683 4549 1739 4599 et
1769 4547 2025 4617 superbi,

380 4642 444 4681 ac
476 4644 578 4697 per
611 4628 715 4682 hoc
759 4628 1105 4684 infructuosi
1139 4629 1307 4695 rami,
1344 4634 1408 4684 ut
1457 4629 1814 4688 insereretur
1843 4634 2026 4692 oleas-

379 4718 467 4768 ter
495 4713 790 4782 Gentium,
825 4718 953 4772 ideo
986 4716 1172 4789 perire
1224 4719 1413 4789 potuit
1445 4719 1605 4774 radix
1654 4722 2025 4779 Patriarcha-

381 4818 509 4857 rum
542 4808 598 4856 et
628 4804 1068 4875 Prophetarum.
1094 4808 1245 4877 Quia
1275 4807 1379 4862 etsi
1405 4808 2022 4881 fuerit,inquitlsaias,

376 4906 639 4945 numerus
666 4892 909 4960 ﬁliorum
939 4895 1107 4949 Israel
1136 4896 1275 4949 sicut
1317 4912 1492 4951 arena
1536 4900 1741 4964 maris,
1774 4901 2027 4973 reliquiae

374 4978 541 5035 salva
570 4979 702 5049 ﬁent
731 4983 886 5046 (Isai.
922 4999 977 5051 x,
1024 4984 1116 5053 22)
1152 5000 1164 5037 :
1199 4984 1297 5038 sed
1334 4999 1437 5055 per
1460 5001 1592 5039 eum
1625 4987 1696 5042 de
1736 5003 1851 5058 quo
1884 4990 2025 5045 dici-

373 5071 491 5136 tur,
522 5076 573 5123 et
602 5085 767 5140 super
794 5071 1001 5125 Filium
1034 5073 1296 5139 hominis,
1330 5088 1487 5144 quem
1518 5076 1862 5145 conﬁrmasti
1888 5079 1992 5135 tibi
2000 5097 2022 5142 ,-

372 5161 430 5210 et
460 5158 529 5211 de
562 5174 674 5228 quo
723 5159 1023 5230 repetitur,
1057 5162 1176 5215 Fiat
1226 5177 1422 5216 manus
1469 5170 1577 5217 tua
1625 5179 1790 5235 super
1834 5168 2023 5223 virum

369 5242 610 5302 dexterae
641 5255 767 5311 tuae,
799 5252 855 5302 et
894 5264 1060 5318 super
1089 5249 1293 5303 Filium
1325 5250 1586 5317 hominis,
1631 5267 1791 5323 quem
1820 5256 2017 5325 conﬁr-

368 5336 533 5387 masti
557 5336 677 5390 tibi.
730 5338 793 5391 Et
827 5352 934 5392 non
967 5338 1296 5392 discedimus
1324 5354 1358 5392 a
1388 5342 1459 5393 te.
1496 5343 1595 5395 Per
1639 5340 1793 5397 hunc
1830 5342 2019 5401 filium

372 5420 650 5489 hominis,
686 5424 739 5477 id
788 5430 876 5481 est
907 5425 1204 5481 Christum
1253 5430 1478 5493 Jesum,
1511 5433 1569 5483 et
1617 5429 1688 5484 de
1719 5431 1839 5487 suis
1891 5432 2019 5489 reli-

375 5510 530 5581 quis,
564 5509 674 5566 hoc
706 5517 792 5567 est
820 5516 1133 5586 Apostolis,
1164 5520 1221 5571 et
1268 5514 1401 5570 aliis
1434 5515 1656 5588 multis,
1688 5519 1785 5588 qui
1834 5537 1901 5576 ex
1932 5521 2015 5579 Is-

2151 462 2375 519 raelitis
2404 462 2464 518 in
2496 462 2795 519 Christum
2818 461 3041 519 Deum‘
3073 460 3466 533 crediderunt,
3495 463 3802 521 accedente

2154 551 2513 622 plenitudine
2565 552 2862 619 Gentium,
2896 551 3065 607 vinea
3110 556 3315 606 sancta
3363 553 3665 624 perficitur
3698 570 3710 608 :
3745 558 3799 609 et

2149 638 2209 693 in
2238 639 2559 695 remotione
2589 644 2868 709 veterum,
2899 645 3076 711 atque
3121 639 3487 696 institutione
3516 658 3795 699 novorum

2150 732 2651 783 sacramentorum
2704 726 2913 782 titulus
2943 729 3071 799 ejus
3122 727 3354 799 psalmi,
3388 730 3495 785 Pro
3542 730 3628 786 his
3678 747 3802 803 quae

2153 817 2656 887 commutabantur,
2687 816 2983 887 impletur.

2221 904 2275 958 8.
2310 903 2712 975 Apertioribus
2741 903 2938 975 itaque
2969 905 3321 961 testimoniis
3351 922 3485 961 cum
3515 908 3600 963 eis
3633 925 3803 981 agen-

2151 992 2290 1047 dum
2325 998 2433 1058 est,
2460 1010 2585 1064 quas
2617 994 2739 1049 sive
2760 995 3150 1066 consentiant,
3175 995 3293 1051 sive
3323 995 3694 1066 dissentiant,
3716 1003 3801 1054 ta-

2152 1098 2287 1136 men
2338 1082 2614 1151 sentiant,
2642 1084 2777 1137 Ecce
2822 1083 2937 1138 dies
2982 1085 3226 1150 veniunt,
3258 1084 3390 1138 dicit
3436 1086 3719 1153 Dominus,
3749 1092 3803 1142 et

2150 1170 2484 1241 conﬁrmabo
2514 1187 2676 1243 super
2703 1170 2921 1226 domum
2948 1173 3109 1228 Iacob
3142 1177 3529 1228 testa-mentum
3576 1191 3801 1248 novum,

2150 1275 2261 1315 non
2290 1260 2585 1314 secundum
2633 1265 3017 1316 testamentum
3064 1264 3215 1333 quod
3260 1265 3522 1318 constitui
3548 1267 3802 1335 patribus

2152 1363 2368 1414 eorum,
2401 1348 2491 1403 die
2520 1365 2627 1420 qua
2648 1348 2983 1419 apprehendi
3005 1366 3237 1405 manum
3267 1367 3484 1419 eorum,
3512 1357 3572 1407 ut
3602 1353 3798 1410 educe-

2142 1418 2267 1492 rem
2295 1453 2389 1493 eos
2418 1436 2484 1492 de
2510 1418 2928 1510 terrarEgypti
2954 1440 3173 1507 (Jerem.
3223 1457 3375 1506 xxxx,
3408 1418 3498 1505 31,
3528 1442 3640 1513 32).
3685 1444 3804 1499 Ista

2153 1529 2306 1581 certe
2338 1526 2613 1597 praedicta
2634 1527 2906 1593 mutatio,
2933 1544 3046 1583 non
3080 1544 3183 1599 per
3202 1528 3572 1585 Psalmorum
3605 1531 3805 1588 titulos

2154 1613 2627 1685 lntclligentibus
2677 1615 2881 1687 paucis
2929 1617 3315 1687 significatur,
3348 1619 3448 1672 sed
3495 1619 3805 1676 manifesto

2154 1703 2442 1774 praeconio
2471 1702 2822 1775 propheticus
2848 1704 3010 1759 vocis
3040 1704 3405 1776 exprimitur.
3440 1708 3645 1778 Aperte
3671 1725 3805 1780 pro-

2154 1790 2403 1846 missum
2439 1798 2528 1847 est
2575 1795 2993 1847 testamentum
3043 1809 3281 1864 novum,
3314 1811 3429 1849 non
3479 1798 3804 1853 secundum

2154 1882 2569 1933 testamentum
2603 1880 2756 1950 quod
2778 1882 2994 1935 factum
3026 1887 3116 1937 est
3138 1882 3209 1937 ad
3234 1882 3539 1954 populum,
3565 1886 3798 1957 quando

2153 1966 2401 2022 eductus
2432 1968 2610 2023 estde
2638 1969 2900 2041 Egypto.
2928 1970 3072 2025 Cum
3090 1988 3220 2041 ergo
3254 1970 3313 2026 in
3347 1970 3445 2027 illo
3476 1974 3649 2029 veteri
3672 1980 3785 2031 tes-

2155 2060 2412 2111 tamento
2436 2062 2721 2128 praecepta
2738 2058 2858 2113 sint
2890 2059 3155 2130 ista,quaa
3180 2077 3285 2115 nos
3317 2062 3385 2115 ad
3420 2078 3631 2118 novum
3657 2079 3793 2135 per-

2154 2144 2407 2200 tinentes
2436 2145 2742 2201 observare
2774 2163 2887 2202 non
2918 2147 3202 2219 cogimur,
3236 2165 3342 2203 cur
3371 2167 3489 2206 non
3518 2151 3705 2208 Judaei
3731 2170 3793 2209 se

2156 2232 2350 2304 potius
2364 2233 2423 2288 in
2438 2239 2724 2291 vetustate
2738 2252 3169 2308 supervacanea
3184 2239 3539 2295 remansisse
3555 2257 3801 2314 cognos-

2156 2326 2497 2393 cunt,quam
2515 2323 2682 2378 nobis
2699 2340 2844 2379 nova
2861 2325 3152 2396 promissa
3169 2326 3689 2400 tenentibus,quod
3707 2348 3803 2386 ve-

2154 2412 2280 2465 tera
2292 2426 2405 2465 non
2438 2410 3161 2484 ohservemus,objiciunt?
3174 2415 3458 2480 Quoniam
3482 2419 3805 2490 ergo,sicut

2156 2497 2441 2570 scriptum
2473 2504 2562 2553 est
2592 2500 2650 2554 in
2684 2501 2921 2556 Cantico
2952 2501 3333 2570 canticorum,
3357 2505 3635 2576 Aspiravit
3664 2508 3803 2575 dies,

2156 2596 2543 2643 removeantur
2572 2589 2786 2646 umbrae
2814 2589 2996 2661 (Cant.
3024 2607 3085 2658 ιι,
3110 2591 3199 2663 l7)
3225 2610 3238 2659 ;
3272 2593 3597 2664 spiritualis
3623 2596 3805 2668 signi-

2156 2675 2351 2731 ficatio
2374 2677 2500 2746 jam
2533 2676 2812 2747 lucescat,
2836 2678 3087 2735 carnalis
3118 2679 3431 2737 celebratio
3447 2683 3571 2752 jam
3605 2685 3801 2755 quies-

2155 2766 2266 2817 cat.
2318 2763 2459 2817 Deus
2499 2763 2725 2820 deorum
2771 2768 3036 2822 Dominus
3089 2769 3299 2823 locutus
3345 2772 3445 2837 est,
3493 2774 3544 2826 et
3596 2775 3804 2828 vocavit

2152 2855 2359 2908 terram
2388 2872 2422 2908 a
2452 2855 2584 2909 solis
2627 2858 2751 2911 ortu
2781 2872 2952 2927 usque
2977 2856 3055 2912 ad
3093 2873 3343 2913 occasum
3373 2876 3393 2914 :
3426 2860 3626 2932 utique
3670 2879 3803 2917 om-

2157 2958 2289 2997 nem
2320 2948 2535 2999 terram
2567 2944 2636 2999 ad
2662 2948 3081 3001 testamentum
3115 2963 3347 3015 novum,
3373 2946 3463 3002 cui
3499 2949 3712 3006 dicitur
3740 2951 3801 3006 in

2154 3030 2268 3086 alio
2296 3030 2546 3102 psalmo,
2581 3033 2804 3089 Cantate
2830 3035 3057 3089 Domino
3084 3037 3364 3091 canticum
3393 3052 3594 3092 novum
3613 3055 3635 3101 ;
3665 3056 3800 3095 can-

2150 3121 2266 3173 tate
2296 3120 2523 3176 Domino
2570 3124 2747 3176 omnis
2777 3128 2952 3178 terra.
2986 3123 3112 3193 Non
3160 3140 3297 3196 ergo
3328 3125 3481 3180 sicut
3532 3132 3703 3183 antea
3732 3145 3803 3185 ex

2153 3212 2349 3263 monte
2381 3209 2522 3264 Sina
2552 3208 2784 3265 locutus
2834 3216 2924 3266 est
2953 3211 3054 3267 uni
3085 3212 3324 3284 p0pulo,
3357 3229 3532 3284 quem
3576 3218 3802 3273 vocavit

2151 3312 2219 3351 ex
2246 3286 2488 3370 Egvpto
2521 3303 2671 3355 Deus
2720 3300 3003 3367 deorum;
3056 3302 3157 3356 sed
3208 3302 3291 3358 sic
3320 3302 3549 3359 locutus
3596 3310 3703 3377 est,
3737 3310 3803 3361 ut

2150 3391 2380 3441 vocaret
2426 3391 2643 3442 terram
2694 3406 2727 3444 a
2775 3389 2917 3444 solis
2962 3396 3092 3445 ortu
3144 3407 3333 3463 usque
3378 3393 3449 3447 ad
3502 3410 3797 3453 occasum.

2149 3475 2333 3539 Quam
2367 3475 2417 3530 si
2455 3476 2695 3532 Judaeus
2726 3476 2900 3533 vellet
2930 3477 3255 3550 intelligere
3286 3478 3661 3552 locutionem,
3695 3501 3799 3539 au-

2148 3560 2300 3618 diret
2329 3562 2481 3619 hanc
2530 3566 2912 3631 vocationem,
2945 3572 3001 3622 et
3043 3567 3101 3622 in
3151 3568 3235 3623 eis
3267 3574 3424 3624 esset
3474 3570 3691 3642 quibus
3738 3573 3798 3629 in

2145 3652 2347 3707 eodem
2383 3652 2608 3724 psalmo
2640 3654 2876 3721 dicitur,
2898 3655 3060 3721 Audi,
3083 3658 3313 3729 p0pulus
3339 3675 3512 3726 meus,
3534 3670 3585 3715 et
3605 3662 3801 3733 loquar

2145 3739 2270 3807 tibi,
2303 3742 2492 3811 Israel,
2524 3746 2575 3797 et
2620 3744 2951 3813 testiﬁcabor
2978 3744 3087 3799 tibi
3116 3762 3129 3801 :
3162 3747 3322 3814 Deus,
3356 3747 3498 3803 Deus
3544 3752 3672 3805 tuus
3700 3768 3797 3820 ego

2143 3844 2285 3884 sum.
2320 3830 2436 3884 Non
2465 3847 2633 3899 super
2653 3833 2927 3903 sacriﬁcia
2953 3841 3049 3889 tua
3080 3851 3314 3904 arguam
3344 3844 3434 3903 te;
3483 3838 3797 3895 holocausta

2143 3922 2326 3973 autem
2355 3928 2451 3974 tua
2482 3922 2542 3974 in
2571 3930 2854 3991 conspectu
2881 3938 2998 3977 meo
3026 3938 3255 3993 semper.
3288 3924 3403 3979 Non
3429 3929 3703 3998 accipiam
3731 3928 3796 3985 de

2143 4004 2301 4061 domo
2331 4016 2426 4062 tua
2455 4010 2676 4080 vitulos,
2704 4026 2875 4080 neque
2896 4010 2961 4064 de
2988 4012 3242 4082 gregibus
3260 4014 3371 4067 tuis
3401 4015 3577 4070 hircos
3607 4035 3625 4071 :
3657 4033 3793 4087 quo-

2143 4096 2297 4150 niam
2324 4112 2465 4153 meae
2492 4108 2621 4153 sunt
2647 4114 2835 4153 omnes
2882 4099 3066 4155 bestia
3095 4102 3271 4168 silvae,
3296 4118 3497 4173 pecora
3546 4105 3606 4158 in
3638 4122 3791 4161 mon-

2142 4184 2289 4238 tibus
2317 4188 2371 4239 et
2402 4184 2592 4247 boves;
2622 4188 2848 4255 cognovi
2874 4190 3063 4243 omnia
3110 4189 3370 4246 volatilia
3400 4192 3541 4258 caeli,
3574 4201 3625 4247 et
3672 4210 3789 4265 spe-

2138 4274 2247 4327 cies
2274 4275 2403 4344 agri
2443 4290 2654 4329 mecum
2702 4280 2797 4331 est.
2852 4276 2912 4331 Si
2956 4279 3223 4345 esuriero,
3272 4296 3381 4335 non
3411 4280 3590 4335 dicam
3636 4282 3790 4339 tibi:

2137 4378 2291 4416 meus
2325 4370 2403 4418 est
2429 4366 2578 4419 enim
2606 4364 2751 4420 orbis
2773 4374 2930 4421 terra
2949 4376 3001 4422 et
3029 4367 3311 4438 plenitudo
3342 4370 3482 4440 ejus.
3516 4370 3793 4442 Numquid

2137 4450 2479 4507 manducabo
2509 4468 2700 4509 carnes
2744 4458 3056 4521 taurorum,
3088 4460 3185 4511 aut
3234 4459 3561 4525 sanguinem
3609 4460 3791 4517 hirco-

2136 4556 2264 4593 rum
2290 4542 2495 4611 potabo
2518 4545 2542 4595 .9
2570 4543 2797 4598 Immola
2824 4545 2924 4600 Deo
2954 4547 3290 4616 sacriﬁcium
3312 4547 3515 4615 laudis,
3536 4557 3592 4604 et
3620 4550 3790 4607 redde
3886 4536 3901 4545 ’

2138 4629 2417 4685 Altissimo
2441 4646 2624 4701 preces
2653 4638 2781 4687 tuas
2800 4632 2841 4688 ³.
2891 4634 2957 4688 Et
2989 4636 3181 4689 invoca
3209 4651 3297 4690 me
3324 4637 3385 4691 in
3426 4637 3519 4692 die
3547 4640 3787 4696 tribula-

2135 4719 2321 4786 tionis,
2350 4728 2403 4774 et
2442 4735 2643 4775 eruam
2671 4729 2744 4788 te,
2777 4730 2828 4776 et
2873 4722 3209 4791 gloriﬁcabis
3236 4741 3339 4779 me.
3396 4725 3561 4782 Certe
3606 4733 3663 4783 et
3694 4728 3787 4784 hic

2134 4807 2556 4862 sacrificiorum
2622 4815 2885 4864 veterum
2948 4816 3147 4881 aperta
3208 4814 3454 4869 mutatio
3512 4824 3618 4871 est.
3681 4816 3787 4873 Illa

2132 4896 2289 4950 enim
2321 4895 2476 4952 Deus
2509 4902 2885 4968 accepturum
2929 4916 2991 4955 se
3024 4916 3138 4955 non
3172 4901 3290 4956 fore
3341 4903 3627 4974 praedixit,
3660 4905 3783 4960 cul-

2130 4983 2359 5039 toribus
2389 4984 2514 5039 suis
2549 4986 2902 5042 sacrificium
2936 4987 3127 5044 laudis
3159 4989 3369 5045 indixit
3400 5010 3419 5045 :
3448 4992 3636 5047 ethoc
3669 5010 3783 5049 non

2132 5074 2285 5142 quod
2327 5090 2361 5128 a
2391 5073 2559 5130 nobis
2608 5078 2892 5147 tanquam
2926 5077 3193 5150 indigens
3244 5084 3474 5151 expetat
3523 5079 3782 5154 laudem,

2130 5162 2232 5215 sed
2290 5167 2353 5216 ut
2403 5163 2459 5217 in
2520 5179 2588 5218 ea
2646 5164 2815 5220 nobis
2867 5166 3136 5222 consulat
3188 5169 3257 5222 ad
3312 5167 3585 5225 salutem.
3635 5170 3781 5227 Nam

2130 5250 2399 5305 eumdem
2477 5250 2772 5323 psalmum
2853 5252 2936 5309 ita
3008 5256 3300 5311 conclusit
3360 5273 3372 5311 :
3437 5258 3785 5330 Sacriﬁcium

2194 5382 2475 5456 'Editi,.in
2510 5382 2777 5465 [Christum
2825 5384 3329 5465 Dominumhfetus
3368 5390 3780 5465 .codeXHCister-

2127 5444 2333 5516 eleuata,
2397 5447 2460 5516 in
2509 5445 2769 5497 Christum
2827 5447 3053 5498 Domini.
3093 5444 3197 5500 Alii
3248 5444 3501 5516 plerique'
3533 5453 3679 5513 Nam,
3728 5454 3780 5503 in

2129 5506 2386 5555 Christum
2417 5507 2601 5556 Deum.

2186 5571 2207 5603 ³
2238 5570 2513 5619 Habebunt
2541 5570 2687 5629 editi,
2712 5573 2827 5620 vota
2855 5574 2964 5621 tua.
2988 5571 3090 5623 Sed
3119 5578 3327 5625 veteres
3357 5576 3569 5627 codices
3587 5589 3776 5627 omnes

437 5615 941 5704 adversum
970 5620 1132 5670 Israel
1155 5619 1540 5685 Corrigendum
1571 5625 1911 5704 arbitramur,
1942 5628 2017 5678 ad
2122 5615 2341 5704 habent:
2360 5615 3773 5704 prags'idétfégsié‘[uiuida];

371 5690 547 5727 verum
575 5678 751 5729 Israel.

434 5740 456 5775 ²
483 5741 638 5803 Editi,
668 5744 717 5791 et
742 5742 1016 5795 civitatem.
1045 5744 1234 5797 Melius
1259 5746 1404 5807 κει,
1434 5748 1484 5799 et
1510 5748 1758 5803 civitates.

2117 5695 2365 5805 pptpidem
2396 5694 2656 5757 psalmum
2687 5699 2765 5746 ιθ.
2793 5697 2973 5747 Grece
3003 5694 3084 5750 es't
3122 5702 3264 5764 apud

3435 5737 3452 5766 ,
3481 5705 3562 5755 tas
3583 5702 3772 5755 euchas
