2029 3090
157 157 196 187 63
591 158 810 192 ADMONITIO
832 161 871 192 IN
894 158 1134 192 OPUSCULUM
1155 158 1423 195 SUBSEQUENS.
1818 160 1858 189 64

160 230 286 259 magnus
301 232 386 252 mons
401 225 494 252 factus
504 224 553 258 sit,
563 226 596 252 ut
605 225 746 262 empleret
759 226 926 254 universam
938 227 980 254 fa-

160 268 233 296 ciem
250 271 331 296 terra:
342 270 421 304 (Dan,
437 277 467 296 II.
484 269 549 305 35)?
565 270 606 297 sic
616 270 693 298 enim
705 273 733 299 et
748 274 849 307 gentes
864 280 927 307 quas
939 272 981 299 di-

162 315 241 340 cunt.
248 314 347 345 Venite,
359 313 534 342 ascendamus
542 315 573 342 in
583 317 700 343 montem
709 316 980 352 Domini,nusquam

161 359 303 384 terrarum
314 365 433 392 pergere
444 360 473 385 et
482 359 630 394 pervenire
641 360 832 388 contendunt.
840 360 980 394 Ubisunt,

162 400 202 429 ibi
210 401 382 429 ascendunt:
397 401 465 437 quia
476 402 506 429 in
518 404 596 430 omni
608 403 670 431 loco
682 404 856 432 sacriﬁcium
864 404 983 432 oﬁ'ertur

161 445 322 473 secundum
349 446 480 474 ordinem
521 446 721 475 Melchisedec.
747 449 781 476 Et
803 448 880 476 sicut
907 448 983 476 alius

160 489 302 525 propheta
313 490 571 524 dicit,Exlerminat
585 492 654 519 Deus
668 500 760 520 omnes
786 492 846 520 deos
860 493 983 527 gentium

158 536 250 568 terrm,
267 538 292 562 et
310 535 427 562 adorant
442 543 506 563 eum
522 538 710 572 unusquisque
726 537 759 564 de
773 538 831 565 loco
846 545 893 565 suo
918 538 981 573 (So-

156 579 229 614 phon
246 587 275 612 ιι,
290 580 345 614 ti).
362 579 433 607 Cum
452 589 530 616 .ergo
558 581 638 608 vobis
655 581 769 616 dicitur,
799 582 921 610 Accedite
949 582 984 609 ad

158 631 222 650 eum
236 632 242 650 :
260 632 315 651 non
331 624 413 651 vobis
430 624 546 656 dicitur,
559 625 651 653 Naves
662 628 711 653 aut
722 626 857 661 jumenta
873 635 983 662 przepa-

159 669 232 701 rate,
250 670 278 695 et
291 668 396 695 vestris
413 668 540 696 victimis
555 672 683 703 onerato,
699 672 728 698 et
742 671 777 697 de
793 672 851 697 tam
869 670 983 707 longin-

160 720 218 747 quo
235 712 343 748 pergite
356 713 390 739 ad
402 712 497 740 locum
510 713 560 740 ubi
576 716 650 741 Deus
662 714 807 742 sacriﬁcia
818 717 917 742 vestrae
933 715 981 742 de-

160 755 285 783 votionis
301 759 446 792 acceptet;
464 758 668 792 sed,Accedite
679 759 715 786 ad
730 767 797 786 eum
812 759 862 794 qui
877 759 906 786 in
923 767 985 787 ves-

159 802 213 828 tris
229 800 349 828 auribus
362 801 546 836 praedicatur,
564 803 692 830 accedite
715 803 750 830 ad
767 811 834 831 eum
851 804 900 839 qui
917 806 984 831 ante

160 845 259 873 oculos
270 847 381 873 vestros
394 845 581 881 gloriﬁcatur.
597 847 780 875 Ambulando
797 856 854 875 non
870 847 983 876 labora-

1034 227 1190 262 dignanter
1205 225 1348 254 audiant.)
1352 225 1425 253 udiei
1430 246 1437 259 ,
1453 233 1506 253 nos
1517 226 1616 252 tamen
1627 224 1676 253 ubi
1688 233 1859 261 possumus,

1035 279 1103 299 cum
1114 279 1214 299 eorum
1225 270 1379 298 dilectione
1389 270 1650 307 praadicemus.Nec
1662 270 1786 306 superbe
1796 269 1858 306 glo-

1036 316 1147 343 riemur
1176 315 1314 343 adversus
1338 322 1435 343 ramos
1451 315 1577 342 fractos:
1598 314 1648 342 sed
1664 314 1761 350 potius
1778 314 1856 350 cogi-

1035 362 1132 388 temus
1149 360 1234 395 cujus
1248 359 1355 395 gratia,
1369 361 1398 387 et
1412 361 1524 395 quanta
1548 358 1757 392 misericordia,
1769 361 1798 386 et
1827 358 1857 386 in

1037 413 1096 441 qua
1115 404 1212 432 radice
1227 404 1328 431 inserti
1343 411 1466 437 sumus;
1483 406 1516 431 ut
1545 411 1602 430 non
1628 403 1686 430 alta
1700 403 1859 439 sapientes,

1038 449 1088 477 sed
1103 447 1266 476 humilibus
1288 447 1502 475 consentientes
1517 447 1601 483 (Beda
1626 455 1674 475 seu
1699 447 1804 480 Flam,
1825 446 1860 474 ad

1037 494 1165 525 Romxi‘,
1177 501 1234 520 non
1246 493 1287 520 eis
1298 500 1364 520 cum
1378 491 1603 528 praasumptione
1619 491 1796 525 insultando,
1810 491 1860 518 sed

1037 546 1103 565 cum
1112 540 1235 565 tremore
1244 537 1426 570 exsultando,
1436 536 1657 572 dicamusU’wl.
1666 539 1699 569 il,
1710 536 1862 571 it),Vcnz’te

1038 582 1208 610 ambulemus
1220 582 1249 609 in
1262 582 1320 609 luce
1336 582 1457 615 Domini,
1471 582 1602 616 quoniam
1611 589 1742 616 magnum
1761 587 1861 607 nomen

1038 628 1102 663 ejus
1118 627 1147 654 in
1166 626 1335 661 gentibus.Si
1360 625 1436 653 enim
1458 624 1604 652 audierint
1618 626 1646 652 et
1666 624 1860 658 obaudierint,

1038 674 1122 699 erunt
1137 672 1213 698 inter
1224 679 1273 698 eos
1283 670 1390 705 quibus
1402 670 1515 697 dictum
1528 671 1574 696 est
1586 678 1592 697 :
1608 669 1731 696 Accedite
1741 668 1777 696 ad
1787 676 1861 703 eum,

1039 720 1064 743 et
1074 715 1277 743 illuminamini
1287 715 1373 750 (Rom.
1386 714 1425 750 χι)
1435 716 1476 747 ;et
1485 714 1576 741 vultus
1588 714 1670 741 vestri
1680 721 1735 740 non
1750 713 1862 740 erubes-

1038 764 1108 788 cent.
1125 760 1154 787 Si
1167 759 1396 787 autemaudiunt
1406 761 1434 786 et
1450 767 1506 785 non
1519 758 1692 790 obaudiunt,
1711 757 1810 784 vident
1835 758 1863 783 et
1898 766 1902 770 ι

1039 804 1178 838 invident,
1195 804 1271 831 inter
1282 811 1331 830 eos
1347 804 1417 831 sunt
1432 803 1467 830 de
1478 802 1585 838 quibus
1597 802 1708 829 dictum
1723 806 1768 829 est
1780 810 1786 829 z
1796 803 1862 828 Pec-

1038 852 1114 876 calor
1125 848 1236 881 videbit,
1246 850 1271 875 et
1281 848 1437 875 irascetur:
1452 846 1579 874 dentibus
1589 846 1645 873 sui:
1659 845 1777 881 frondet,
1785 849 1810 873 et
1819 848 1863 873 ta-

160 889 232 917 bitis
248 898 254 917 :
272 889 310 916 ibi
327 890 402 917 enim
420 891 568 926 acceditis,
586 892 634 919 ubi
646 892 773 919 creditis.

195 933 311 961 CAPUT
328 935 362 960 X.
378 949 413 954 —
432 934 470 961 I5.
484 935 542 969 Qua
562 935 697 963 charilate
722 937 862 964 invitandi
890 937 981 965 Judaei

165 978 199 1006 ad
211 978 305 1014 ﬁdem.
319 979 393 1013 Haec,
409 978 575 1007 charissimi
590 982 610 1014 ί,
622 980 682 1008 sive
697 984 855 1017 gratanter,
868 982 927 1009 sive
938 983 984 1009 in-

1040 893 1125 921 bescet
1134 892 1280 928 (Psal.cx1,
1291 892 1347 926 10.)
1355 892 1408 927 Ego
1418 890 1594 923 autem,dicit
1602 889 1730 917 Ecclesia
1737 889 1862 923 Christo,

1038 937 1112 965 velut
1120 937 1191 965 oliva
1203 937 1351 972 fructifera
1364 936 1393 963 in
1402 936 1479 963 domo
1491 935 1615 968 Domini,
1627 934 1865 969 speraviinmise-

1040 982 1162 1010 ricordia
1169 982 1216 1009 Dei
1224 981 1253 1008 in
1261 983 1405 1016 atomum,
1420 982 1444 1007 et
1452 979 1615 1007 iusxculum
1628 978 1723 1006 seculi
1732 979 1807 1014 (Psal
1818 987 1865 1011 .m,

1042 1027 1099 1062 10).

195 1077 203 1094 1
218 1075 276 1113 ξιιμ
290 1076 387 1113 mea:
405 1076 558 1113 chgrzsztimi.
583 1077 666 1113 Abest
682 1078 791 1113 fratres,
802 1110 807 1113 _
819 1086 834 1103 a
848 1079 909 1113 Mss.
934 1086 986 1113 nec
1041 1087 1120 1104 voces
1149 1080 1246 1113 fratre:
1275 1077 1419 1103 charissimi
1439 1079 1537 1109 praeter
1551 1083 1631 1109 quam
1646 1076 1674 1100 in
1691 1075 1869 1107 supposititiis

165 1107 237 1138 apud
251 1107 426 1138 Augustinum
439 1108 512 1132 facile
528 1110 671 1134 occurrunt
681 1107 777 1140 iuncta:
787 1110 864 1134 simul
874 1110 915 1135 his
926 1110 987 1135 dum
1042 1107 1221 1135 sermonibus.

164 1163 1865 1179 Wh—ﬂ

884 1216 1150 1255 SEQUUNTUR

516 1284 722 1332 OPEBA
751 1285 1079 1332 ADVERSUS
1114 1283 1516 1342 MANICHZEOS,

407 1368 473 1394 OUE
495 1368 684 1392 AUGUSTINUS
699 1369 837 1392 TBIPORE
859 1369 1053 1392 PRESBYTBRII
1075 1369 1113 1391 ac
1137 1369 1335 1392 BPISCOPA'I‘US
1356 1369 1405 1391 SUI
1427 1369 1624 1391 CONSCRIPBIT.

169 1416 215 1441 His
229 1417 308 1442 etiam
323 1418 463 1452 subjicitur
476 1419 556 1452 index
571 1420 692 1448 aliorum.
704 1420 907 1452 Opusculorum.
920 1418 1024 1452 quibus
1037 1419 1064 1442 in
1080 1418 1188 1452 eosdem
1207 1418 1346 1444 haereticos
1361 1421 1422 1444 ante
1435 1425 1513 1443 suum
1528 1418 1742 1452 presbyteratum
1761 1423 1792 1441 ex
1807 1422 1856 1448 pro

382 1451 440 1474 ‘asso
458 1451 520 1483 egit.
536 1458 586 1476 nec
600 1459 654 1477 non
672 1449 864 1477 cetérorumin
880 1449 978 1483 quibus
988 1450 1060 1481 ipsos
1070 1449 1157 1474 obiter
1167 1457 1336 1482 quocumque
1351 1452 1471 1482 tempore
1485 1449 1665 1482 reprehendit.

778 1560 1271 1613 ADMONITIO

727 1645 766 1675 IN
789 1644 1024 1676 OPUSCULUM
1055 1642 1317 1679 SUBSEQUENS.

212 1751 330 1780 Librum
338 1752 373 1780 de
382 1751 510 1780 Utilitate
524 1752 660 1780 credendi
669 1753 799 1780 recenset
813 1751 995 1787 Augustinus
1008 1751 1137 1787 primum
1148 1757 1250 1778 eorum
1267 1757 1340 1785 quos
1350 1748 1440 1776 edidit
1449 1749 1578 1783 tempore
1589 1746 1634 1774 sui
1646 1746 1873 1782 presbyteratus.

175 1795 254 1824 Hanc
270 1805 336 1824 vero
349 1796 521 1833 dignitatem
534 1796 664 1833 Hippone
679 1796 806 1832 suscepit
821 1796 875 1823 sub
888 1796 1004 1823 initium
1020 1795 1088 1822 anni
1099 1795 1167 1828 391;
1182 1794 1259 1830 quod
1272 1794 1335 1828 jam
1348 1792 1420 1820 alias
1430 1790 1696 1820 demonstravimus
1708 1790 1737 1818 in
1753 1789 1874 1817 secundi

176 1840 248 1868 tomi
264 1841 443 1876 praefatione,
460 1841 495 1869 ad
513 1841 669 1878 Augustini
685 1840 823 1877 epistolas
835 1842 861 1875 8,
878 1840 906 1873 9,
921 1842 975 1868 etc.

212 1885 293 1921 Opus
303 1886 439 1913 Honorati
452 1894 540 1914 causa
555 1886 681 1922 scripsit,
698 1888 755 1913 uta
769 1885 994 1913 Manichaaorum
1001 1892 1097 1912 errore
1112 1883 1240 1911 amicum
1253 1883 1408 1915 revocaret,
1422 1888 1509 1917 quem
1517 1879 1587 1908 olim
1598 1879 1627 1907 in
1643 1887 1743 1907 eorum
1755 1878 1878 1914 laqueos

177 1930 240 1966 ipse
255 1930 429 1964 conjecerat,
441 1930 526 1957 sicuti
538 1930 665 1957 sublibri
677 1930 827 1957 exordium
835 1930 997 1957 conﬁtetur.
1010 1931 1152 1964 Deceptus
1159 1928 1252 1955 fuerat
1260 1928 1422 1955 Honoratus
1437 1924 1643 1961 speciosisillis
1653 1923 1878 1951 Manichaeorum

178 1973 447 2010 pollicitationibus,
466 1974 573 2010 quibus
588 1983 619 2001 se
634 1974 706 2001 nihil
723 1974 779 2001 nisi
793 1974 869 2009 quod
878 1972 1113 2001 rationeevidens
1124 1974 1153 1999 et
1167 1974 1301 2008 apertum
1313 1971 1403 2004 ﬁeret,
1421 1970 1557 1997 docturos
1566 1968 1793 2005 promittebant:
1811 1966 1879 1994 irri—

181 2019 323 2054 debatque
339 2018 386 2046 ille
401 2019 429 2046 in
446 2018 593 2047 catholicas
608 2018 740 2046 Ecclesiae
754 2018 918 2054 disciplina,
935 2017 1011 2053 quod
1029 2017 1101 2044 ﬁdes
1116 2016 1285 2044 hominibus
1300 2016 1502 2051 imperaretur,
1519 2022 1571 2041 nec
1586 2020 1685 2040 verum
1703 2012 1745 2040 eis
1769 2010 1882 2039 ratione

181 2064 441 2091 demonstraretur.
455 2065 525 2091 Cum
541 2063 631 2099 igitur
643 2062 715 2091 falsa
729 2062 858 2090 veritatis
870 2062 965 2098 specie
980 2061 1096 2096 illusus,
1115 2069 1172 2088 non
1184 2058 1353 2095 temporalis
1368 2058 1514 2086 commodi
1530 2057 1624 2093 gratia
1634 2057 1773 2084 inductus
1787 2054 1885 2082 adhin-

181 2110 256 2135 reret
271 2107 372 2142 errori,
389 2108 487 2144 sicque
503 2108 597 2144 magis
612 2108 750 2144 deceptus
765 2107 801 2134 ab
816 2106 1067 2141 hmreticis,quam
1079 2104 1232 2132 haereticus
1244 2105 1337 2137 esset;
1347 2103 1473 2138 speravit
1484 2101 1660 2136 Augustinus
1675 2101 1735 2128 fore
1751 2102 1783 2126 ut
1796 2099 1883 2126 illum

184 2153 219 2180 ad
238 2160 335 2180 veram
351 2152 521 2188 religionem
538 2143 703 2186 adduceret,
721 2152 745 2179 si
762 2152 848 2179 modo
863 2152 1040 2182 ostenderet.
1056 2147 1415 2183 Maniobaaossacrilegeao
1426 2149 1534 2174 temere
1551 2146 1638 2174 ineos
1648 2144 1756 2178 invehi,
1768 2143 1818 2179 qui
1835 2151 1883 2171 ca-

183 2196 297 2224 tholicae
313 2197 378 2224 ﬁdei
395 2197 595 2224 auctoritatem
611 2198 776 2231 sequentes,
793 2193 1030 2230 antequamillud
1038 2202 1149 2228 verum,
1161 2193 1237 2229 quod
1255 2200 1328 2228 pura
1342 2193 1438 2219 mente
1453 2188 1749 2226 conspicitur,intueri
1760 2188 1883 2223 queant,

184 2241 326 2269 credendo
342 2242 586 2277 prmmuniuntur,
602 2243 630 2268 et
645 2240 845 2268 illuminaturo
859 2241 1058 2275 praeparantur
1066 2239 1135 2266 Deo.
1151 2238 1182 2265 Id
1198 2239 1296 2265 autem
1312 2236 1354 2264 sic
1369 2238 1484 2272 praestat
1499 2235 1553 2262 hoc
1566 2235 1594 2262 in
1616 2241 1712 2269 opere,
1729 2235 1762 2260 ut
1771 2231 1885 2259 Veteris

188 2293 301 2321 quoque
315 2285 502 2319 Testamenti,
517 2286 602 2320 cujus
618 2285 659 2312 illi
675 2284 800 2312 maxime
816 2283 1040 2319 reprehensione
1051 2282 1272 2310 commovebant
1287 2280 1448 2316 imperitos,
1461 2278 1657 2315 patrocinium
1679 2276 1832 2321 suscipiat.

164 2323 167 2327 ’
196 2320 205 2321 7
222 2320 376 2366 Augustini
392 2329 484 2357 labori
497 2330 651 2365 studioque
666 2331 783 2365 optatus
794 2336 862 2364 erga
879 2328 1055 2355 Honoratum
1073 2326 1223 2362 respondit
1237 2327 1374 2356 eventus;
1391 2324 1414 2352 si
1431 2327 1529 2351 tamen
1544 2323 1568 2350 is
1584 2324 1638 2355 est,
1652 2323 1685 2349 ut
1696 2320 1795 2348 Rivius
1808 2320 1886 2347 arbi-

187 2377 291 2407 tratur,
308 2374 357 2410 qui
374 2374 410 2402 ab
427 2374 498 2402 urbe
512 2374 684 2410 Carthagine
698 2373 845 2401 scribebat
857 2373 893 2400 ad
909 2372 1105 2408 Augustinum
1121 2372 1198 2399 circa
1213 2378 1324 2398 annum
1334 2369 1396 2401 412,
1413 2370 1442 2396 et
1454 2367 1549 2395 varias
1563 2366 1606 2394 illi
1619 2366 1794 2402 questiones
1818 2373 1888 2410 eno-

189 2419 301 2447 dandas
317 2409 504 2454 proponebat.
521 2418 658 2450 Quamvis
673 2418 750 2445 enim
766 2418 929 2444 Honoratus
947 2418 1001 2444 iste
1017 2414 1325 2451 necdumBaptismum
1342 2412 1529 2449 percepisset,
1545 2411 1600 2439 illa:
1612 2413 1711 2438 tamen
1723 2418 1786 2444 qua:
1802 2409 1837 2454 ab
1854 2417 1889 2454 eo

188 2452 394 2501 proponuntur
409 2463 584 2498 quaestiones
600 2462 721 2490 minime
737 2461 866 2489 redolent
882 2461 1086 2494 manichmum,
1098 2468 1150 2487 nec
1161 2459 1196 2486 de
1212 2457 1378 2486 Manichais
1394 2457 1451 2485 nisi
1467 2465 1501 2485 ex
1516 2455 1667 2501 occasione
1681 2454 1811 2501 loquitur
1827 2452 1885 2501 ipsi

187 2496 371 2545 Augustinus
386 2496 568 2542 et-tanquam
584 2506 664 2534 deiis
680 2504 1125 2542 quosipsecenserethzereticos.
1137 2505 1227 2531 letum
1238 2502 1336 2538 ipsum
1345 2502 1533 2533 Honoratum,
1549 2499 1594 2527 cui
1612 2496 1887 2545 Augustinusepi's-

188 2541 278 2581 tolnm
291 2553 342 2580 140
356 2551 467 2585 scribit,
480 2541 680 2587 presbyterum
690 2541 885 2578 Cassiodorus
901 2551 1065 2584 nuncupat:
1083 2548 1133 2584 qui
1143 2548 1215 2575 forte
1231 2547 1265 2574 ad
1273 2546 1505 2582 presbyteratum
1515 2547 1666 2580 provectus
1676 2543 1777 2578 postea
1788 2541 1889 2569 fuerit.

190 2597 330 2632 Loquitur
344 2597 526 2633 Augustinus
538 2596 567 2623 in
583 2595 706 2631 epistola
715 2596 760 2630 83,
774 2595 809 2621 de
823 2596 915 2622 morte
928 2593 1047 2621 alterius
1063 2592 1217 2628 cujusdam
1238 2590 1375 2618 Honorati
1404 2588 1576 2626 presbyteri.
1596 2587 1655 2614 Sub
1671 2587 1758 2614 ﬁnem
1775 2592 1892 2621 quoque

192 2641 255 2669 vitae
272 2649 330 2668 suas
348 2642 466 2678 scripsit
481 2639 634 2677 epistolam
650 2640 747 2667 228ad
763 2638 1006 2666 Thabennensem
1018 2636 1188 2671 episcopum
1204 2635 1335 2670 ejusdem
1351 2633 1489 2662 nominis.

233 2704 278 2734 De
308 2703 381 2733 libro
407 2704 594 2743 subsequente
621 2701 686 2732 vide
714 2700 762 2731 lib.
795 2701 823 2736 1,
853 2709 919 2740 cap.
951 2700 997 2729 ιι.
1028 2697 1308 2734 Retractationnm,
1340 2701 1410 2727 tom.
1431 2696 1461 2733 1,
1477 2694 1532 2726 col.
1563 2694 1633 2730 605,
1649 2702 1680 2743 n7.
1699 2693 1728 2729 l,
1758 2701 1777 2722 α
1799 2689 1893 2721 verbis

194 2752 264 2785 Jam
280 2761 364 2788 vero,
381 2762 471 2792 usque
485 2742 527 2782 nd
539 2751 585 2782 col
597 2751 668 2788 608,
684 2760 715 2780 η.
731 2751 763 2787 6,
779 2748 885 2786 verbis,
899 2748 982 2778 idem
997 2746 1155 2777 videretur
1169 2755 1246 2776 esse.
1645 2742 1690 2781 Μ.

845 2833 1247 2858 w-
