4058 6180
243 306 3595 359 W

928 448 1051 550 S.
1139 447 1842 548 AURBLII
1928 443 2866 548 AUGUSTINI

1476 624 1946 682 HIPPONENSIS
2004 623 2320 681 EPISCOPI

322 773 618 938 DE
747 769 2119 938 UTILITATE
2241 762 3494 935 CREDENDI

1337 1013 1497 1104 AD
1584 1009 2475 1100 HONORATUM

1549 1163 1836 1236 LIBER
1888 1161 2136 1235 UNUS
2165 1161 2275 1233 (α).

311 1387 482 1436 Contra
512 1385 838 1434 Manichaaos
859 1384 1430 1448 disputat,,probatque
1449 1385 1589 1447 ipsos
1605 1385 1860 1448 sacrilege
1883 1399 1950 1448 ac
1967 1388 2168 1432 temere
2190 1383 2244 1431 in
2268 1396 2358 1431 eos
2380 1383 2574 1448 invehi,
2599 1383 2687 1444 qui
2706 1383 2979 1448 catholicas
3003 1383 3121 1432 ﬁdei
3145 1388 3511 1438 auctoritatem
3534 1404 3613 1439 se-

252 1455 457 1513 quentes,
489 1449 559 1497 ad
588 1445 966 1513 mysteriorum
997 1445 1401 1513 intelligentiam
1434 1445 1556 1513 sese;
1581 1447 1721 1495 illius
1752 1445 1991 1495 subsidio
2022 1447 2499 1513 comparaqthdum
2531 1459 2592 1513 ea
2624 1445 2847 1513 credunt
2880 1460 2997 1507 quae
3024 1448 3266 1513 nondum
3297 1451 3476 1500 valent
3497 1454 3611 1501 ani-

251 1507 317 1562 nio
342 1513 616 1574 percipere.
647 1507 757 1560 Sed
788 1511 1050 1572 imprimis
1079 1507 1313 1559 ostendit
1338 1514 1491 1560 vetus
1520 1511 1917 1559 Testamentum
1951 1522 2227 1570 perperam
2259 1509 2326 1556 ab
2357 1508 2544 1556 iisdem
2577 1507 2834 1556 haereticis
2865 1510 3202 1570 reprehendi.

308 1707 517 1766 CAPUT
549 1705 859 1761 PRIMUM.
892 1736 960 1746 -—
985 1706 1025 1760 Ι.
1053 1705 1164 1773 Quo
1183 1706 1411 1761 consitio
1432 1707 1544 1760 haec
1593 1708 1866 1762 Honorato

251 1797 436 1852 sm'bat.
470 1797 786 1851 Hareticus
829 1798 880 1848 et
932 1795 1206 1851 haereticis
1251 1794 1492 1860 credens,
1543 1811 1653 1850 non
1701 1796 1864 1849 idem.

257 1894 412 1964 Operi:
441 1901 857 1964 argumentum.
891 1891 1165 1961 Quomodo
1185 1907 1284 1963 per
1307 1892 1641 1948 Manichaeos
1664 1893 1872 1960 Augus-

259 1984 376 2038 tinus
398 1982 651 2052 deceptus
678 1983 932 2036 evaserit.
967 1979 1386 2037 Manichaeorum
1416 1980 1625 2035 dictum
1656 1982 1715 2034 in
1754 1994 1873 2035 sua?

2047 1711 2102 1763 2.
2137 1707 2234 1759 Est
2263 1703 2441 1776 igitur
2473 1703 2612 1756 mihi
2648 1704 3028 1774 propositum,
3064 1709 3128 1758 ut
3159 1707 3393 1776 probem
3421 1708 3544 1776 tibi,
3571 1710 3621 1764 si

1982 1794 2223 1866 possim,
2256 1793 2410 1863 quod
2444 1792 2742 1846 Mauiehaai
2779 1792 3053 1864 sacrilege
3089 1811 3154 1849 ac
3206 1799 3421 1851 temere
3472 1797 3624 1853 inve-

1981 1881 2279 1936 hanturin
2314 1897 2412 1935 eos
2446 1881 2544 1951 qui
2577 1880 2870 1935 catholica:
2903 1881 3035 1935 fidei
3068 1885 3475 1940 auctoritatem
3529 1903 3625 1941 se-

1982 1975 2248 2042 quentes,
2282 1976 2594 2038 antequam
2632 1969 2778 2023 illud
2807 1985 3030 2037 verum,
3065 1972 3217 2041 quod
3255 1991 3401 2043 pura
3431 1979 3628 2030 mente

1982 2058 2362 2129 conspicitur,
2405 2058 2616 2112 intueri
2651 2063 2885 2128 queant,
2921 2059 3206 2115 credendo
3231 2064 3629 2132 przemuniun-

1982 2151 2099 2215 tur,
2123 2151 2181 2201 et
2208 2146 2612 2201 illuminaturo
2654 2151 3054 2217 praeparantur
3089 2152 3217 2203 Deo.
3253 2150 3413 2205 Nosti
3447 2152 3624 2223 enim,

1984 2241 2294 2303 Honorate,
2329 2251 2440 2289 non
2475 2235 2649 2290 aliam
2683 2236 2754 2289 ob
2786 2251 3022 2290 causam
3060 2254 3162 2292 nos
3193 2238 3250 2292 in
3275 2241 3420 2296 tales
3445 2241 3631 2298 homi-

1985 2341 2089 2380 nes
2121 2324 2416 2388 incidisse,
2453 2324 2734 2394 nisiquod
2757 2341 2815 2378 se
2847 2324 3135 2392 dicebant,
3161 2329 3403 2383 terribili
3429 2335 3629 2386 aucto-

1986 2414 2158 2468 ritate
2188 2414 2684 2484 separata,mera’
2719 2417 2774 2466 et
2805 2413 3057 2483 simplici
3089 2416 3422 2474 rationeeos
3453 2420 3632 2491 quise

1987 2501 2188 2557 audire
2215 2501 2429 2555 vellent
2447 2501 2883 2556 introducturos
2901 2503 2968 2555 ad
2982 2508 3245 2570 Deum,et
3262 2524 3453 2563 errore
3474 2511 3634 2564 omni

259 2081 386 2127 sectae
403 2071 720 2127 desertores.
743 2071 805 2125 Si
827 2069 993 2138 mihi,
1008 2069 1511 2138 Honorate,unum
1525 2074 1701 2140 atque
1719 2067 1871 2122 idem

260 2170 524 2224 videretur
544 2185 693 2233 esse,
725 2166 1055 2234 haereticus,
1088 2170 1146 2221 et
1192 2166 1431 2222 credens
1463 2165 1746 2222 haereticis
1769 2165 1872 2220 ho-

261 2275 354 2322 mo,
380 2262 494 2312 tam
529 2256 736 2328 lingua
766 2273 942 2327 quam
975 2254 1109 2310 stilo
1140 2254 1200 2309 iu
1227 2254 1336 2309 hac
1367 2271 1546 2310 causa
1566 2254 1874 2326 conquies-

261 2348 471 2401 cendum
505 2346 655 2401 mihi
689 2362 818 2401 esse
840 2345 1199 2400 arbitratrer.
1231 2343 1394 2398 Nunc
1408 2361 1542 2400 vero
1568 2360 1703 2399 cum
1727 2342 1879 2397 inter

259 2445 354 2499 haec
381 2445 487 2499 duo
533 2443 861 2514 plurimum
895 2442 1126 2497 intersit
1154 2458 1167 2507 ;
1194 2441 1670 2512 quandoquidem
1694 2441 1876 2495 haere-

259 2533 380 2588 ticus
409 2539 514 2598 est,
558 2537 622 2586 ut
653 2548 782 2587 mea
812 2533 920 2586 fert
949 2530 1166 2601 opinio,
1202 2529 1300 2600 qui
1354 2529 1605 2601 alicujus
1652 2534 1877 2600 tempo-

259 2621 369 2676 ralis
397 2620 716 2686 commodi,
751 2625 807 2675 et
859 2619 1109 2675 maxime
1156 2615 1350 2688 gloriae
1401 2620 1881 2690 principatusque

262 2711 333 2764 sui
360 2711 561 2779 gratia,
627 2709 804 2763 falsas
866 2725 931 2764 ac
980 2726 1160 2766 novas
1213 2709 1517 2779 opiniones
1565 2707 1650 2762 vel
1697 2705 1883 2778 gignit

264 2806 332 2860 vel
379 2806 689 2878 sequitur;
768 2804 865 2860 ille
924 2811 1118 2861 autem
1183 2807 1282 2879 qui
1361 2803 1702 2876 bujusmodi
1781 2802 1886 2856 ho-

267 2896 497 2949 minibus
549 2893 753 2961 credit,
808 2893 980 2949 homo
1033 2899 1122 2950 est
1168 2894 1586 2966 imaginatione
1635 2891 1889 2964 quadam

268 2984 496 3037 veritatis
567 3000 633 3037 ac
684 2982 916 3054 pietatis
963 2982 1210 3039 illusus»:
1264 3000 1396 3038 cum
1445 2981 1566 3037 hac
1618 2997 1754 3053 ergo
1813 2979 1894 3033 ita

271 3072 385 3137 sint,
417 3090 527 3127 non
573 3071 770 3143 putavi
805 3073 958 3143 apud
992 3076 1045 3127 te
1076 3073 1372 3128 silendum
1403 3087 1550 3137 esse,
1585 3070 1724 3142 quid
1751 3066 1894 3123 mihi

271 3160 328 3215 de
357 3160 704 3215 invenienda
723 3176 788 3216 ac
807 3162 1110 3217 retinenda
1131 3162 1375 3216 veritate
1394 3160 1697 3215 videatur:
1727 3159 1897 3228 cujus

267 3261 320 3310 ut
347 3257 470 3324 scis,
499 3259 583 3312 ab
615 3259 851 3312 ineunte
883 3258 1272 3314 adolescentia
1300 3275 1511 3330 magno
1557 3273 1752 3312 amore
1797 3257 1897 3310 lla-

265 3347 569 3416 gravimus-
609 3345 720 3400 Sed
756 3362 848 3401 res
880 3352 968 3402 est
999 3348 1168 3419 longe
1199 3351 1424 3402 remota
1444 3362 1774 3402 avanorum
1796 3344 1898 3399 ho-

270 3433 469 3488 minum
504 3434 840 3500 mentibus,
873 3435 969 3505 qui
1005 3434 1180 3490 nimis
1206 3436 1263 3490 in
1288 3435 1408 3490 haec
1431 3433 1751 3505 corporalia
1775 3449 1903 3504 pro-

271 3524 426 3592 gressi
443 3529 624 3594 atque
642 3521 814 3593 lapsi,
832 3523 951 3576 nihi
972 3523 1127 3578 aliud
1145 3528 1354 3595 putant
1375 3540 1521 3588 esse,
1549 3539 1724 3594 quam
1746 3521 1899 3593 quod

272 3612 378 3665 istis
409 3613 683 3684 quinque
714 3611 1042 3667 notissimis
1074 3612 1298 3667 nuntiis
1328 3611 1588 3683 corporis
1611 3610 1899 3676 sentiunt;

271 3705 315 3752 et
341 3716 479 3770 quas
511 3701 587 3754 ab
621 3699 721 3753 his
750 3699 951 3771 plagas
983 3705 1156 3772 atque
1194 3700 1481 3772 imagines
1529 3702 1901 3771 acceperunt,

269 3812 350 3851 eas
377 3813 577 3852 secum
612 3795 877 3864 volvunt,
909 3795 1082 3851 etiam
1116 3813 1250 3851 cum
1282 3802 1570 3852 conantur
1591 3801 1907 3852 recederea

273 3886 566 3953 sensibus;
614 3889 677 3939 et
707 3900 776 3939 ex
825 3901 1026 3939 earum
1077 3884 1378 3941 mortifera
1426 3890 1483 3940 et
1529 3885 1910 3940 fallacissima

271 3975 453 4045 regula
482 3973 817 4030 ineﬂ'abilia
850 3973 1169 4044 penetralia
1200 3974 1457 4030 veritatis
1492 3973 1818 4030 rectissime
1850 3991 1911 4029 se

275 4064 439 4118 metiri
463 4067 704 4134 putant.
723 4061 980 4116 Nihilest
1001 4062 1336 4131 facilius,mi
1359 4062 1911 4135 charissime,quam

274 4177 368 4214 non
400 4161 600 4216 solum
640 4176 708 4214 se
737 4160 946 4227 dicere,
980 4161 1078 4215 sed
1111 4160 1284 4215 etiam
1318 4159 1540 4231 opinari
1581 4176 1782 4215 verum
1826 4161 1915 4215 in-

275 4252 499 4305 venisse:
519 4249 632 4304 sed
658 4265 836 4318 quam
863 4248 1484 4319 reipsadifﬁcillimum
1509 4249 1913 4320 sit,agnosces,

276 4351 326 4399 ut
353 4348 608 4412 confido,
639 4344 735 4399 his
759 4343 966 4399 litteris
992 4346 1155 4400 meis.
1181 4346 1317 4408 Quae
1341 4349 1402 4399 ut
1423 4345 1526 4399 tibi
1552 4345 1797 4416 prosint,
1820 4351 1920 4402 aut

278 4441 407 4489 certe
439 4435 593 4489 nihil
630 4434 853 4502 obsint,
886 4434 1278 4504 omnibusque
1308 4432 1544 4488 omnino
1578 4451 1828 4505 quorum
1860 4435 1920 4490 in

278 4538 469 4579 manus
505 4526 665 4578 forte
697 4523 1050 4593 devenerint,
1079 4527 1136 4577 et
1174 4521 1369 4593 rogavi
1404 4527 1604 4590 Deum,
1638 4528 1694 4576 et
1743 4541 1920 4595 rogo;

279 4625 322 4673 et
349 4638 514 4689 spero
548 4621 639 4675 ita
677 4621 816 4684 fore,
851 4620 899 4675 si
933 4621 1077 4675 bene
1101 4619 1246 4674 mihi
1277 4619 1546 4675 conscius
1580 4637 1736 4688 sum,
1770 4623 1924 4692 quod

280 4717 339 4772 ad
367 4718 523 4773 hunc
558 4718 777 4774 stilum
809 4718 903 4790 pio
935 4723 992 4772 et
1015 4718 1273 4773 officioso
1297 4716 1494 4774 animo
1517 4717 1648 4771 vani
1672 4719 1927 4775 nominis

283 4808 632 4878 appetitione
669 4823 738 4862 ac
770 4807 1076 4878 negatoria:
1107 4804 1514 4862 ostentationis
1535 4808 1775 4862 accessi.

1990 2590 2515 2653 liberaturos.Quid
2548 2590 2700 2644 enim
2737 2607 2864 2644 mea
2889 2590 3008 2646 liud
3025 2595 3286 2664 Cogebat,
3315 2615 3497 2652 annos
3521 2598 3636 2653 fere

1992 2695 2221 2744 novem,
2248 2682 2443 2749 spreta
2473 2676 2752 2748 religione
2781 2694 2905 2747 qua:
2930 2679 3070 2731 mihi
3101 2684 3339 2749 puerulo
3371 2702 3403 2739 a
3426 2702 3638 2755 paren-

1996 2765 2350 2822 tibusinsita
2379 2771 2522 2829 erat,
2559 2765 2824 2820 homines
2857 2765 2988 2821 illos
3028 2770 3192 2839 sequi
3235 2787 3300 2824 ac
3328 2772 3640 2845 diligenter

1999 2855 2200 2910 audire
2238 2855 2351 2925 (b);
2406 2853 2516 2908 nisi
2566 2855 2719 2924 quod
2752 2870 2854 2909 nos
2889 2858 3302 2926 superstitione
3350 2865 3551 2917 terreri
3585 2867 3642 2919 et

2004 2946 2177 3000 {idem
2212 2943 2382 2998 nobis
2413 2949 2544 2998 ante
2597 2943 2876 2998 rationem
2929 2945 3198 3015 imperari
3250 2948 3526 3022 dicerent,
3577 2967 3641 3008 se

2005 3037 2201 3087 autem
2237 3031 2466 3087 nullum
2503 3048 2761 3103 premere
2792 3033 2862 3087 ad
2907 3034 3101 3101 ﬁdem,
3155 3037 3265 3090 nisi
3311 3040 3474 3109 prius
3524 3041 3648 3096 dis-

2007 3138 2182 3176 cussa
2209 3127 2266 3176 et
2294 3122 2542 3176 enodata
2578 3121 2866 3176 veritate?
2905 3122 3044 3185 Quis
3075 3140 3186 3179 non
3221 3125 3312 3181 his
3363 3129 3651 3198 pollicita-

2008 3210 2263 3266 tionibus
2321 3209 2658 3275 illiceretur,
2714 3211 3035 3282 praesertim
3081 3213 3468 3271 adolescentis
3526 3219 3650 3272 ani-

2011 3316 2143 3355 mus
2173 3299 2423 3370 cupidus
2457 3299 2593 3369 veri,
2645 3299 2821 3354 etiam
2870 3301 3282 3358 nonnullorum
3333 3305 3391 3358 in
3453 3307 3652 3363 schola

2010 3389 2312 3444 doctorum
2359 3388 2663 3444 hominum
2708 3389 3204 3460 disputationibus
3255 3395 3541 3464 superbus
3591 3401 3649 3451 et

2011 3478 2254 3549 garulus
2281 3493 2292 3531 :
2327 3476 2558 3548 qualem
2586 3493 2677 3531 me
2708 3484 2846 3532 tunc
2877 3479 2958 3532 illi
2980 3480 3341 3548 invenerunt,
3368 3500 3649 3554 spernen-

2015 3571 2131 3620 tem
2164 3565 2384 3621 scilicet
2405 3566 2558 3636 quod
2592 3566 2773 3621 aniles
2803 3567 3052 3637 fabulas,
3087 3573 3142 3622 et
3171 3570 3241 3623 ab
3282 3571 3364 3624 eis
3398 3573 3649 3641 promis-

2018 3672 2172 3723 sum,
2205 3658 2471 3726 apertum
2528 3658 2584 3709 et
2643 3655 2933 3709 sincerum
2980 3672 3174 3711 verum
3243 3663 3435 3714 tenere
3481 3665 3652 3730 atque

2020 3743 2252 3799 haurire
2283 3742 2649 3814 cupientem?
2680 3744 2789 3798 Sed
2834 3761 2960 3815 quae
3015 3762 3248 3801 rursum
3307 3750 3451 3803 ratio
3502 3766 3658 3805 revo-

2021 3833 2210 3900 cabat,
2255 3848 2324 3886 ne
2355 3833 2506 3902 apud
2540 3848 2636 3886 eos
2671 3833 2901 3904 penitus
2934 3833 3228 3900 haererem,
3265 3841 3326 3890 ut
3358 3854 3448 3892 me
3476 3838 3535 3893 in
3563 3839 3660 3894 illo

2021 3921 2203 3992 gradu
2237 3936 2407 3989 quem
2434 3927 2641 3974 vocant
2675 3921 3019 3976 Auditorum
3050 3927 3331 3995 tenerem,
3377 3932 3438 3981 ut
3486 3927 3664 3997 hujus

2026 4010 2226 4065 mundi
2259 4025 2420 4079 spem
2456 4013 2629 4080 atque
2663 4011 2888 4082 negotia
2943 4029 3054 4065 non
3107 4012 3501 4085 dimitterem;
3551 4017 3662 4072 nisi

2027 4099 2179 4170 quod
2212 4098 2365 4169 ipsos
2399 4115 2629 4169 quoque
2663 4099 3195 4155 animadvertebam
3233 4101 3363 4173 plus
3396 4104 3453 4157 in
3501 4104 3667 4160 refel-

2027 4187 2216 4242 lendis
2247 4187 2375 4241 aliis
2405 4187 2653 4242 disertos
2685 4191 2740 4242 et
2769 4189 3035 4260 cupiosos
3067 4206 3215 4256 esse,
3249 4209 3423 4263 quam
3460 4193 3515 4247 in
3542 4194 3666 4248 suis

2029 4276 2345 4348 probandis
2378 4276 2578 4329 ﬁrmos
2625 4281 2680 4329 et
2726 4282 2914 4330 certos
2964 4279 3243 4332 manere?
3297 4281 3405 4335 Sed
3456 4283 3526 4336 de
3575 4296 3670 4336 me

2029 4365 2164 4435 quid
2199 4365 2411 4431 dicam,
2445 4363 2545 4434 qui
2570 4365 2691 4434 jam
2722 4365 3042 4420 catholicus
3073 4366 3430 4424 christianus
3466 4387 3625 4425 eram
3648 4370 3676 4424 ?

2031 4471 2157 4524 quae
2189 4469 2344 4507 nunc
2392 4453 2571 4506 ubera
2595 4453 2642 4519 ³,
2699 4458 2831 4522 post
2869 4453 3270 4522 longissimam
3323 4458 3483 4513 sitim
3534 4475 3680 4530 pene

2034 4542 2353 4597 exhaustus
2385 4546 2558 4610 atque
2606 4540 2806 4596 aridus
2828 4542 2868 4610 3,
2924 4546 3045 4597 tota
3095 4544 3368 4601 aviditate
3417 4547 3678 4619 repetivi,

2035 4648 2218 4701 eaque
2248 4629 2423 4684 altius
2454 4631 2599 4683 ﬂens
2630 4636 2687 4684 et
2718 4647 2956 4701 gemens
2991 4635 3257 4689 concussi
3293 4641 3349 4690 et
3397 4636 3677 4708 expressi,

2037 4727 2102 4774 ut
2137 4721 2191 4773 id
2227 4724 2488 4774 manaret
2518 4719 2672 4789 quod
2709 4719 2852 4773 mihi
2885 4720 2967 4774 sic
3007 4722 3209 4778 atl'ecto
3259 4725 3328 4778 ad
3380 4724 3681 4780 recreatio-

2038 4825 2172 4864 nem
2204 4808 2347 4863 satis
2378 4823 2505 4862 esse
2539 4812 2752 4878 posset,
2783 4813 2840 4863 et
2861 4810 2928 4863 ad
2956 4826 3116 4881 spem
3144 4813 3529 4869 reducendam
3554 4814 3680 4868 vitae

1492 4929 1802 4970 ADMONITIO
1832 4932 1921 4972 PP.
1979 4931 2476 4970 BENEDICTINORUM

335 5002 404 5051 Ad
435 5001 854 5071 emendandum
887 5000 1092 5071 librum.
1117 5001 1183 5050 de
1213 5001 1445 5071 Utilitate
1479 5000 1732 5071 credendi
1762 5005 1842 5053 usi
1873 5003 2362 5071 sumusgcodicibus
2386 5003 2817 5071 ⁸ιιιειιη-νιῃιίεξιηῇε
2848 5005 3106 5071 quinque,
3154 5009 3433 5057 Gallicanis
3463 5013 3686 5071 septem,

286 5063 571 5132 Xictorinio,
595 5065 952 5132 Germanensi
979 5061 1650 5132 CorbeeusiLMichaeiino,
1682 5066 2032 5132 Cisterciensi,
2066 5066 2647 5132 Laudunensimajoris
2665 5061 2928 5132 Ecclesiae.
2963 5061 3015 5118 et
3039 5061 3322 5132 exemplari
3375 5061 3575 5119 domini
3624 5061 3690 5121 de

288 5127 450 5193 hiat-an
479 5129 781 5193 Tolosatis,
813 5128 975 5193 variis
1005 5128 1160 5177 etiam
1191 5127 1513 5177 lectionibus
1549 5127 1709 5176 trium
1743 5129 2070 5193 Belgicorum
2102 5145 2196 5193 per
2226 5129 2587 5178 Lovanieuses
2614 5130 2859 5191 vulgatis,
2893 5145 2954 5180 ac
2986 5127 3208 5181 tandem
3232 5133 3558 5183 editionibus
3600 5148 3696 5184 au-

289 5191 433 5253 tiquis
461 5207 526 5242 ac
565 5190 876 5254 praecipuis.

483 5273 997 5351 Comparavimus
1022 5282 1313 5352 praterea
1341 5290 1436 5330 eas
1465 5277 1660 5332 omnes
1687 5269 1963 5333 editiones
1994 5273 2161 5333 initio
2195 5275 2361 5332 Retr.
2396 5279 2454 5330 et
2501 5271 2777 5332 Confess.
2831 5281 2870 5333 t.
2911 5277 2962 5332 1.
3001 5282 3372 5336 memoratas.
3412 5278 3491 5337 M.

349 5373 360 5401 ‘
394 5369 551 5425 Editi,
586 5369 736 5433 mira
765 5369 950 5419 Melius
976 5370 1176 5433 aliquot
1205 5369 1352 5433 3188.,
1381 5382 1543 5433 mera.

344 5435 362 5465 ¹
391 5433 446 5480 lu
478 5432 723 5492 excusis,
753 5433 841 5494 qui
868 5447 1003 5481 nunc
1031 5429 1184 5480 u'bera
1215 5430 1460 5495 Ecctesie.
1499 5432 1566 5482 At
1594 5430 1648 5479 in
1675 5431 1821 5491 Mss.,
1853 5446 1963 5495 quae
1989 5447 2126 5484 nunc
2155 5432 2311 5482 ubera
2344 5445 2356 5492 ;
2393 5430 2590 5480 omissa
2619 5443 2765 5490 voce,
2805 5429 3052 5480 Ecclesia.

345 5495 365 5530 ⁸
390 5495 551 5554 Editi,
582 5493 797 5543 avidus.
834 5495 1202 5544 Emendantur
1227 5509 1257 5542 a
1286 5493 1407 5542 Mss.

367 5561 418 5621 ᾳ)
447 5559 712 5621 Scriptus
739 5558 945 5608 circiter
973 5571 1176 5608 annum
1206 5559 1314 5607 391.

367 5567 418 5618 α)
447 5567 712 5621 Scriptus
739 5567 945 5608 circiter
973 5571 1176 5608 annum
1206 5567 1314 5607 391.

348 5567 414 5685 ib)
446 5621 570 5673 Vid.
602 5620 710 5671 lib.
748 5623 769 5670 1
799 5621 1042 5674 Contess.
1072 5635 1187 5687 cap.
1219 5623 1298 5684 lt,
1327 5621 1380 5670 et
1404 5617 1495 5669 lib.
1526 5620 1572 5680 5,
1604 5631 1726 5682 cap.
1759 5619 1835 5670 ιι.
