4058 6180
445 357 525 417 67
1343 350 1446 411 DE
1488 346 1913 412 UTILITATE
1956 346 2371 421 CREDENDI,
2421 348 2487 410 S.
2534 347 2989 410 AUGUSTINI.
3770 352 3847 413 68

448 504 514 543 ac
546 487 771 543 salutis.
806 486 950 550 Quid
982 500 1117 556 ergo
1150 484 1219 538 de
1251 499 1343 537 me
1372 483 1499 554 ipso
1530 482 1717 537 dicam
1740 480 1767 534 ?
1795 481 1878 534 Tu
1931 494 2081 533 non-

449 578 589 632 dum
638 575 1011 639 Christianus,
1046 572 1146 645 qui
1176 573 1410 629 hortatu
1437 589 1586 637 meo,
1610 587 1743 626 cum
1778 586 1877 624 eos
1907 567 2079 623 vehe-

449 670 672 720 menter
692 663 1096 731 exsecrareris,
1134 663 1226 716 vix
1268 661 1555 716 adductus
1600 677 1661 714 es
1704 663 1768 714 ut
1805 654 2080 712 audiendi

447 753 550 808 tibi
573 759 744 823 atque
761 750 1095 823 explorandi
1122 751 1474 816 viderentur,
1502 767 1637 821 qua,
1662 764 1858 819 quaaso
1885 746 1998 801 alia
2021 759 2081 797 re

444 840 761 896 delectatus
779 856 859 906 es,
884 839 1447 909 recordarc,obsecro
1469 842 1546 904 te,
1567 837 1677 891 nisi
1700 852 1914 907 magna
1931 850 2076 904 qua-

437 930 570 983 dam
605 926 1058 999 praesumptione
1081 944 1144 982 ac
1166 926 1580 999 pollicitatione
1604 924 1936 979 rationum?
1958 921 2070 977 Sed

435 1016 574 1086 quia
594 1016 693 1070 diu
712 1014 1079 1085 multumque
1102 1016 1171 1070 de
1192 1014 1595 1086 imperitorum
1611 1010 2076 1069 erroribuslatis-

432 1103 579 1159 sime
593 1122 657 1159 ac
670 1104 1175 1159 vehementissime
1189 1103 1744 1174 disputabant,quod
1760 1100 1945 1156 cuivis
1960 1116 2073 1155 me-

399 1192 937 1248 ‘diocritererudito
956 1210 1082 1249 esse
1108 1192 1473 1257 facillimum,
1491 1207 1618 1246 sero
1633 1189 1838 1245 didici:
1863 1188 1910 1244 si
1934 1187 2073 1257 quid

426 1281 603 1337 etiam
625 1298 866 1337 suorum
890 1281 1058 1336 nobis
1074 1281 1427 1348 inserebant,
1454 1278 1797 1335 necessitate
1819 1278 2070 1333 retinen-

427 1369 589 1437 dum,
617 1386 747 1424 cum
773 1368 885 1424 alia
908 1386 1022 1424 non
1044 1371 1383 1424 occurerent
1409 1368 1467 1422 in
1494 1366 1713 1438 quibus
1736 1365 2066 1435 acquiesce-

426 1474 645 1525 remus,
682 1458 1132 1513 arbitrabamur.
1164 1462 1363 1528 Itaque
1387 1457 1556 1512 nobis
1594 1454 1884 1510 faciebant
1911 1452 2065 1523 quod

427 1546 696 1601 insidiosi
721 1562 979 1618 aucupes
1004 1545 1189 1601 solent
1216 1545 1315 1616 qui
1336 1545 1590 1600 viscatos
1613 1542 1878 1599 surculos
1894 1557 2065 1613 prop-

426 1638 514 1690 ter
545 1652 753 1705 aquam
777 1636 1105 1705 deﬁgunt‘,
1150 1643 1211 1689 ut
1253 1634 1517 1689 sitientes
1575 1649 1708 1688 aves
1751 1630 2060 1702 decipiant.

427 1720 695 1776 Obruunt
712 1721 951 1787 enim,et
966 1738 1199 1792 quoquo
1222 1722 1393 1775 modo
1412 1719 1750 1791 cooperiunt
1771 1719 1915 1775 alias
1937 1734 2063 1789 quae

420 1809 575 1864 circa
606 1815 745 1865 sunt
776 1828 977 1881 aquas,
1009 1809 1093 1865 vel
1131 1809 1265 1863 inde
1296 1810 1473 1864 etiam
1506 1806 1904 1863 formidolosis
1937 1824 2060 1862 mo-

418 1896 721 1954 litionibus
750 1900 1059 1966 deterrent,
1092 1903 1158 1953 ut
1190 1898 1247 1953 in
1280 1914 1481 1953 eorum
1513 1896 1699 1965 dolos,
1751 1914 1867 1952 non
1910 1895 2065 1952 elec-

419 1987 595 2057 tione,
631 1988 731 2042 sed
764 1987 962 2059 inopia
985 1988 1277 2043 decidant.

488 2077 538 2130 3.
574 2077 682 2131 Sed
707 2094 810 2131 cur
840 2094 952 2132 non
985 2076 1110 2148 ipse
1141 2076 1287 2131 mihi
1342 2075 1686 2147 respondeo,
1730 2074 1883 2146 quod
1936 2075 2060 2130 ista;

416 2163 588 2219 lautas
603 2182 667 2220 ac
680 2165 884 2237 lepida:
899 2165 1314 2221 similitudines
1330 2168 1501 2235 atque
1516 2163 1615 2233 huj
1627 2164 1857 2219 usmodi
1872 2178 2064 2235 repre-

419 2252 753 2319 hensiones,
787 2254 844 2307 in
878 2268 1081 2308 omnes
1112 2253 1209 2323 qui
1259 2251 1479 2323 aliquid
1529 2251 1757 2319 docent,
1791 2267 1825 2305 a
1855 2248 2060 2321 quovis

418 2340 745 2397 adversario
773 2342 989 2396 effundi
1022 2341 1413 2396 urbanissime
1445 2357 1511 2395 ac
1542 2340 1910 2397 dicacissime
1927 2356 2060 2410 pos-

415 2430 596 2485 sunt?
615 2430 724 2485 Sed
749 2431 819 2485 ob
842 2431 951 2485 hoc
978 2430 1171 2501 putavi
1198 2430 1415 2501 aliquid
1442 2429 1945 2487 taleinserendum
1964 2428 2058 2483 lit-

412 2518 551 2573 teris
566 2519 733 2589 meis,
760 2523 933 2574 uteos
956 2519 1325 2584 admoneam,
1343 2520 1616 2575 desinant
1629 2519 1844 2574 talibus
1858 2532 2055 2589 agere:

413 2611 478 2661 ut
502 2608 999 2677 quemadmodum
1025 2607 1122 2662 ille
1154 2608 1254 2677 ait,
1287 2592 1570 2679 separatis
1605 2606 2057 2679 nugislocorum

411 2696 838 2763 communium,
855 2713 946 2752 res
961 2713 1093 2751 cum
1117 2713 1196 2763 re,
1217 2714 1395 2762 causa
1408 2714 1539 2752 cum
1560 2696 1908 2766 causa,ratio
1924 2712 2057 2750 cum

414 2784 637 2840 ratione
650 2784 1374 2857 conﬂigat(Cieero).Quare
1395 2786 1667 2841 desinant
1680 2785 1869 2841 dicere
1887 2784 2055 2850 illud,

414 2874 571 2944 quod
603 2873 661 2927 in
693 2890 790 2928 ore
820 2874 1037 2929 habent
1082 2874 1252 2944 quasi
1306 2875 1727 2941 necessarium,
1776 2891 1909 2929 cum
1959 2890 2057 2929 eos

416 2962 668 3033 quisque
699 2962 1020 3017 deseruerit
1042 2963 1141 3032 qui
1164 2963 1386 3017 diutius
1410 2963 1690 3025 audisset,
1722 2964 1929 3018 Lumen
1954 2980 2058 3033 per

412 3052 574 3105 illum
605 3053 901 3106 transitum
928 3052 1083 3121 fecit.
1119 3050 1290 3106 Vides
1321 3051 1476 3105 enim
1507 3056 1593 3117 tu,
1628 3068 1757 3106 mea
1801 3052 2056 3106 maxima

411 3156 553 3194 cura
575 3140 736 3211 (nam
760 3142 830 3193 de
847 3139 965 3194 illis
978 3156 1091 3193 non
1117 3138 1295 3194 nimis
1318 3144 1541 3210 aestuo),
1567 3157 1741 3211 quam
1764 3139 2055 3195 hocinane

410 3226 823 3282 etfacillimum
842 3228 911 3282 ad
928 3227 1471 3298 reprehendendum
1489 3229 1673 3283 cuivis
1696 3245 1823 3283 esse
1847 3228 2051 3300 possit.

408 3320 609 3386 Itaque
622 3315 731 3370 hoc
753 3315 1185 3371 discutiendum
1208 3316 1441 3371 dimitto
1457 3317 1773 3387 prudentia:
1787 3318 2052 3372 tuae.Non

411 3403 566 3459 enim
586 3420 786 3460 vereor
809 3421 880 3459 ne
911 3421 1004 3459 me
1035 3404 1332 3460 arbitreris
1364 3404 1754 3461 inhabitatum
1809 3405 2051 3474 lumine,

412 3508 547 3547 cum
565 3493 691 3547 vitis
714 3492 891 3564 hujus
911 3493 1112 3547 mundi
1131 3508 1289 3548 eram
1311 3493 1661 3565 implicatus,
1680 3494 2052 3550 tenebrosam

415 3598 580 3654 spem
607 3598 835 3654 gerens,
864 3582 933 3637 de
952 3581 1384 3653 pulchritudine
1408 3584 1622 3651 uxoris,
1652 3584 1721 3638 de
1744 3582 2052 3655 pompadi-

409 3670 705 3742 vitiarum,
730 3671 800 3726 de
820 3671 1101 3727 inanitate
1124 3672 1411 3727 honorum
1436 3672 1773 3743 ueterisque
1797 3672 1980 3727 noxiis
1994 3675 2051 3727 et

409 3759 752 3831 perniciosis
778 3760 1200 3831 voluptatibus.
1238 3761 1364 3816 Haec
1394 3762 1549 3816 enim
1573 3761 1791 3831 omnia,
1817 3761 1969 3832 quod
1996 3766 2049 3816 te

405 3864 519 3902 non
543 3848 704 3915 latet,
732 3864 862 3902 cum
882 3848 1287 3904 studioseillos
1310 3849 1594 3917 audirem,
1609 3867 1817 3921 cupere
1838 3855 1895 3906 et
1913 3867 2047 3921 spe-

403 3952 531 3991 rare
562 3953 676 3990 non
710 3936 1086 3992 desistebam.
1121 3937 1314 4007 Neque
1361 3938 1469 3993 hoc
1518 3956 1717 3994 eorum
1770 3939 2047 3994 doctrinae

402 4023 597 4079 tribuo
624 4040 636 4079 :
672 4025 852 4079 fateor
883 4025 1039 4079 enim
1065 4029 1122 4080 et
1162 4024 1290 4081 illos
1326 4026 1529 4082 sedulo
1555 4043 1809 4095 monere,
1842 4033 1905 4082 ut
1934 4028 2047 4083 ista

404 4114 853 4169 caveantur.Sed
870 4115 1040 4169 modo
1057 4113 1339 4170 medicere
1352 4116 1644 4171 desertum
1662 4115 2042 4185 lumine,cum

408 4202 480 4256 ab
501 4202 591 4256 his
614 4203 888 4257 omnibus
904 4202 1129 4257 umbris
1145 4220 1336 4258 rerum
1356 4220 1446 4258 me
1470 4203 2043 4275 averterim,soloque

402 4291 559 4346 victu
591 4291 661 4346 ad
694 4290 1088 4346 valetudinem
1109 4292 1368 4362 corporis
1390 4293 1713 4349 necessario
1736 4300 2044 4349 contentus

404 4395 532 4435 esse
545 4379 1289 4446 decreverim,illustratum
1312 4386 1508 4436 autem
1529 4387 1700 4453 atque
1725 4382 2039 4454 fulgentem

400 4468 604 4533 fuisse,
630 4486 762 4523 cum
798 4469 912 4524 ista
941 4469 1241 4541 diligerem
1276 4474 1330 4525 et
1351 4470 1443 4525 his
1467 4471 1762 4527 involutus
1790 4476 2039 4539 tenerer,

400 4556 658 4612 hominis
678 4560 785 4625 est,
810 4561 874 4611 ut
900 4557 1211 4613 mitissime
1234 4558 1448 4626 dicam,
1474 4560 1670 4615 minus
1692 4565 1857 4615 acute
1899 4577 2042 4615 con-

400 4645 713 4702 siderantis
744 4662 857 4713 res,
890 4646 962 4701 de
994 4647 1208 4718 quibus
1238 4647 1393 4719 loqui
1427 4647 1677 4703 multum
1704 4652 1883 4704 amat.
1929 4649 2040 4705 Sed

400 4733 707 4789 veniamus
734 4735 805 4789 ad
839 4750 1099 4803 causam,
1133 4737 1180 4791 si
1214 4736 1422 4808 placet.

474 4821 705 4879 CAPUT
736 4823 804 4878 Il.
840 4852 906 4863 -—
934 4824 984 4877 4.
1008 4823 1301 4881 Manio/ieci
1338 4827 1491 4881 Vetus
1524 4826 1915 4882 Testamentum
1944 4846 2038 4883 re-

396 4912 747 4987 prehendunt
774 4911 921 4981 apud
944 4913 1242 4982 imperitos.
1268 4914 1411 4968 Nam
1436 4914 1581 4968 bene
1604 4916 1757 4969 nosti
1782 4918 1933 4986 quod
1958 4934 2041 4973 re-

399 5001 827 5075 prehendentes
841 5000 989 5056 Mani
998 5000 1138 5056 chaei
1157 5001 1501 5058 catholicam
1518 5003 1776 5072 ﬁdem,et
1790 5006 2038 5062 maxime

394 5091 1017 5148 VetusTestamentum
1037 5090 1429 5164 discerpentes
1442 5097 1499 5146 et
1512 5092 2040 5159 diladiantes,com-

408 5188 642 5236 movent
670 5179 972 5252 imperitos
998 5195 1010 5234 :
1047 5180 1145 5251 qui
1180 5180 1432 5252 profecto
1455 5183 1723 5237 nesciunt
1748 5187 2039 5254 quatenus

401 5267 1061 5340 sintaccipiendailla,et
1081 5286 1187 5339 que
1200 5270 1329 5325 mad
1342 5271 1577 5325 modum
1596 5270 1808 5327 hausta
1824 5272 2041 5329 utiliter

397 5356 457 5411 in
481 5372 657 5413 venas
680 5358 845 5429 quasi
869 5359 1223 5431 vagientium
1249 5359 1437 5414 adhuc
1462 5360 1791 5416 animarum
1814 5363 1940 5417 med
1953 5362 2039 5417 ul-

396 5445 603 5517 lasque
634 5446 1005 5503 descendant.
1036 5448 1105 5503 Et
1136 5448 1275 5520 quia
1303 5454 1443 5504 sunt
1481 5449 1559 5503 ibi
1593 5451 1858 5521 quaedam
1908 5468 2038 5523 quae

396 5603 667 5721 “linguai,
693 5617 854 5667 pmpe
883 5620 1088 5669 aquam.
1120 5608 1183 5660 At
1205 5610 1348 5671 Mss.,
1367 5612 1577 5675 propter
1593 5623 1779 5674 aquam
1799 5623 1818 5660 :
1850 5612 2037 5664 eodem

2208 480 2617 535 subotl'endant
2638 479 2864 535 animos
2888 480 3119 549 ignaros
3141 483 3195 534 et
3217 479 3577 551 negligentes
3600 480 3842 550 sui,quze

2204 567 2458 625 maxima
2478 570 2649 624 turba
2669 573 2775 639 est,
2801 566 3157 639 populariter
3169 568 3427 623 accusari
3442 574 3715 639 possunt:
3743 570 3841 623 de-

2203 656 2357 711 fendi
2391 664 2583 712 autem
2616 657 2993 730 populariter,
3029 660 3261 727 propter
3292 657 3567 728 mysteria
3598 674 3726 727 quae
3751 658 3845 713 his

2202 745 2595 813 continentur,
2630 763 2747 801 non
2779 763 2812 801 a
2844 745 3045 800 multis
3081 746 3399 800 admodum
3434 751 3699 815 possunt.
3735 747 3842 811 Qui

2201 850 2333 889 vero
2366 835 2532 905 pauci
2566 834 2674 890 hoc
2706 835 2890 890 facere
2922 838 3223 901 noverunt,
3260 850 3374 887 non
3403 838 3604 888 amant
3633 851 3842 905 propa-

2200 921 2387 977 tulaet
2403 923 2745 995 famigerula
2758 924 3023 995 quaedam
3038 923 3095 977 in
3112 921 3507 993 disputatione
3522 923 3844 978 certamina

2197 1014 2253 1063 et
2269 1011 2338 1065 ob
2364 1010 2470 1066 hoc
2490 1011 2729 1067 minime
2756 1012 2877 1066 noti
2901 1015 3058 1076 sunt,
3092 1011 3202 1065 nisi
3233 1011 3326 1066 his
3357 1011 3456 1081 qui
3482 1027 3580 1066 eos
3616 1012 3844 1066 instan—

2194 1097 2423 1155 tissime
2449 1100 2859 1171 requirunt.De
2880 1100 2986 1155 hac
3006 1100 3185 1170 igitur
3202 1098 3643 1154 Manichaeorum
3664 1103 3843 1155 teme-

2197 1185 2387 1255 ritate,
2418 1205 2535 1259 qua
2556 1189 2733 1244 Vetus
2760 1189 3198 1245 Testamentum
3225 1188 3639 1244 etcatholicam
3664 1189 3839 1244 ﬁdem

2193 1277 2650 1347 reprehendunt,
2678 1278 2891 1349 accipe,
2921 1279 3180 1347 obsecro,
3226 1293 3351 1347 quis
3408 1293 3499 1332 me
3544 1282 3832 1333 moveant.

2192 1365 2336 1437 Opto
2359 1371 2554 1423 autem
2585 1382 2651 1423 ac
2681 1383 2847 1437 spero
2878 1371 2932 1422 te
2954 1366 3063 1421 hoc
3080 1366 3276 1421 animo
3305 1370 3835 1438 accepturum,quo

2191 1471 2225 1510 a
2251 1471 2343 1510 me
2364 1455 2657 1510 dicuntur.
2680 1455 2799 1511 Scit
2818 1459 3013 1510 autem
3027 1454 3301 1524 Deus,cui
3319 1458 3453 1510 nota
3468 1458 3607 1509 sunt
3618 1472 3837 1510 arcana

2189 1542 2555 1599 conscientia:
2576 1559 2739 1609 meae,
2764 1542 2906 1598 nihil
2930 1560 3023 1598 me
3044 1543 3102 1597 in
3121 1543 3228 1597 hoc
3247 1559 3516 1598 sermone
3540 1543 3832 1599 malitiose

2188 1647 2357 1703 agere
2381 1650 2393 1687 :
2421 1632 2521 1687 sed
2547 1635 2611 1685 ut
2628 1631 2894 1687 existimo
2928 1630 3328 1702 accipiendum
3364 1647 3514 1697 esse,
3538 1631 3653 1686 veri
3692 1648 3831 1702 pro-

2186 1720 2362 1775 bandi
2395 1737 2573 1775 causa
2597 1738 2610 1776 :
2637 1722 2727 1775 cui
2764 1719 2864 1774 uni
2896 1720 2977 1775 rei
3006 1720 3333 1790 viverejam
3360 1720 3457 1774 diu
3485 1720 3830 1786 statuimus,

2186 1812 2242 1863 et
2261 1808 2587 1864 incredibili
2604 1808 3023 1876 sollicitudine;
3051 1826 3121 1864 ne
3145 1808 3286 1863 mihi
3315 1825 3507 1864 errare
3529 1810 3829 1865 vobiscum

2185 1896 2533 1953 facillimum
2550 1897 2859 1967 fuerit,iter
2869 1902 3062 1953 autem
3079 1902 3300 1953 rectum
3315 1902 3509 1953 tenere
3524 1898 3826 1954 vobiscum

2186 1986 2283 2051 sit,
2316 2003 2389 2041 ne
2418 1986 2624 2042 durius
2654 1986 2862 2058 loquar
2885 1986 3322 2041 difficillimum.
3371 1988 3480 2041 Sed
3536 2004 3827 2058 praesumo

2185 2075 2337 2146 quod
2372 2080 2429 2130 et
2451 2075 2511 2130 in
2544 2075 2650 2130 hac
2681 2092 2803 2147 spe,
2837 2092 2953 2146 qua
2981 2092 3149 2146 spero
3182 2092 3282 2130 vos
3313 2075 3467 2130 viam
3523 2075 3824 2146 sapientiae

2184 2180 2412 2219 mecum
2447 2165 2808 2229 obtenturos,
2840 2180 2955 2219 non
2988 2180 3081 2219 me
3110 2165 3337 2220 deseret
3370 2164 3464 2219 ille
3496 2164 3589 2219 cui
3633 2182 3829 2221 sacra-

2186 2259 2280 2308 tus
2303 2270 2641 2324 sumzquem
2659 2252 2783 2309 dies
2805 2256 3001 2308 noctes
3018 2270 3128 2323 que
3150 2252 3359 2307 intueri
3383 2270 3581 2319 conor;
3602 2258 3657 2308 et
3681 2271 3827 2324 quo-

2186 2341 2345 2397 niam
2382 2346 2615 2413 propter
2648 2348 2886 2413 peccata
2908 2357 3036 2396 mea
3054 2346 3403 2413 propterque
3456 2342 3832 2397 consuetudi-

2184 2447 2317 2485 nem
2338 2430 2523 2502 plagis
2538 2434 2973 2486 veternosarum
2999 2429 3337 2501 opinionum
3355 2431 3680 2485 sauciatum
3705 2448 3841 2486 ocu-

2186 2519 2307 2574 lum
2330 2520 2537 2574 animae
2560 2536 2789 2592 gerens,
2816 2518 3139 2573 invalidum
3166 2536 3257 2573 me
3275 2536 3401 2574 esse
3416 2536 3831 2590 cognosco,sa3-

2184 2624 2253 2679 pe
2275 2623 2413 2680 rogo
2441 2626 2571 2663 cum
2600 2608 2892 2680 lacrymis.
2917 2608 2987 2662 Et
3010 2608 3507 2679 quemadmodum
3532 2612 3664 2678 post
3708 2608 3829 2663 lon-

2183 2713 2316 2768 gam
2341 2697 2655 2751 caecitatem
2679 2713 2744 2752 ac
2770 2698 3037 2751 tenebras
3062 2696 3385 2751 luminibus
3410 2697 3503 2751 vix
3522 2698 3824 2767 apertis,et

2182 2786 2372 2841 adhuc
2403 2785 2587 2841 lucem
2613 2785 2948 2858 palpitando
2967 2791 3141 2857 atque
3164 2788 3501 2851 aversando,
3527 2802 3702 2856 quam
3739 2791 3823 2840 ta-

2182 2890 2314 2929 men
2327 2874 3447 2945 desiderant,recusantibus,praesertim
3464 2877 3511 2928 si
3528 2874 3610 2929 eis
3634 2874 3817 2929 solem

2179 2963 2358 3019 istum
2379 2964 2672 3035 quispiam
2703 2969 2945 3018 conetur
2984 2962 3313 3018 ostendere:
3358 2963 3435 3017 ita
3478 2962 3621 3017 mihi
3661 2979 3815 3017 nunc

2178 3052 2385 3123 evenit,
2418 3070 2531 3106 non
2567 3052 2800 3124 neganti
2823 3069 2949 3107 esse
2972 3050 3263 3106 inell‘abile
3285 3051 3565 3123 quiddam
3609 3055 3665 3106 et
3697 3050 3816 3106 sin-

2177 3140 2376 3214 gulare
2401 3141 2610 3195 animae
2632 3141 2849 3195 bonum
2878 3140 3031 3211 quod
3061 3144 3253 3195 mente
3274 3139 3574 3207 videatur;
3619 3145 3674 3194 et
3723 3155 3817 3194 me

2177 3231 2248 3285 ad
2263 3229 2777 3301 contemplandum
2796 3229 3054 3283 nondum
3078 3228 3492 3283 esseidoneum
3515 3244 3646 3282 cum
3671 3227 3812 3282 ﬂetu

2177 3322 2233 3372 et
2265 3318 2484 3390 gemitu
2516 3317 2835 3373 confitenti.
2870 3317 2994 3371 Non
3028 3334 3118 3371 me
3141 3333 3275 3388 ergo
3308 3317 3551 3383 deseret,
3589 3316 3636 3370 si
3665 3315 3815 3370 nihil

2176 3406 2351 3477 ﬁngo,
2387 3406 2435 3460 si
2467 3405 2656 3460 ofﬁcio
2697 3406 2897 3469 ducor,
2930 3405 2978 3460 si
3012 3404 3311 3459 veritatem
3344 3420 3497 3471 amo,
3530 3404 3576 3458 si
3612 3402 3814 3458 amici-

2175 3494 2319 3549 tiam
2350 3493 2549 3565 diligo,
2580 3494 2629 3548 si
2663 3492 2914 3547 multum
2948 3498 3141 3548 metuo
3172 3509 3243 3548 ne
3279 3491 3523 3547 fallaris.

2244 3619 2473 3674 CAPUT
2506 3618 2601 3672 IlI.
2626 3650 2691 3657 —
2720 3619 2771 3671 5.
2795 3618 3148 3686 Quadruplex
3166 3620 3469 3688 scripturas
3496 3618 3688 3673 Veteris
3716 3619 3809 3672 Te-

2171 3710 2429 3763 stamentz’
2447 3706 2728 3763 tractandi
2751 3709 2921 3761 ratio.
2957 3708 3195 3761 Historia
3224 3712 3280 3761 et
3293 3707 3567 3777 aetiologia
3584 3707 3639 3761 in
3661 3707 3811 3761 Scri-

2166 3796 2663 3867 pturis.Anatogia.
2689 3796 2986 3867 Attegoria.
3022 3796 3130 3850 Lex
3153 3812 3263 3849 non
3284 3798 3589 3851 necessaria
3608 3796 3721 3849 nisi
3740 3797 3809 3850 iis

2167 3886 2361 3956 quibus
2394 3887 2543 3940 utilis
2571 3894 2647 3939 est
2675 3886 2907 3940 servitus
2937 3901 3000 3939 ac
3032 3886 3215 3939 timor.
3250 3885 3506 3954 Mysteria
3536 3886 3596 3937 in
3637 3886 3811 3938 veteri

2170 3975 2302 4044 Lege
2324 3974 2515 4029 vetata.
2551 3974 2754 4028 (Jmnis
2782 3973 2960 4043 igitur
2979 3973 3296 4045 Scriptura,
3320 3990 3446 4044 quis
3462 3973 3806 4027 Testamen-

2164 4071 2290 4118 tum
2313 4063 2489 4118 Vetus
2507 4061 3074 4132 vocatur,diligenter
3095 4078 3220 4117 eam
3247 4078 3419 4117 nosse
3433 4062 3804 4133 cupientibus

2167 4150 3799 4224 quadrifariatraditur;secundumhistoriam,secundun

2165 4240 2534 4312 aetiologiam,
2550 4240 2872 4295 secdndum
2891 4238 3567 4310 analogiam,secundum
3591 4238 3808 4309 allego-

2166 4331 2421 4385 riam.Ne
2438 4346 2525 4384 me
2550 4330 2809 4399 ineptum
2829 4332 3017 4398 putes,
3045 4328 3246 4399 graecis
3272 4329 3609 4382 nominibus
3634 4332 3803 4381 uten-

2165 4422 2304 4473 tem.
2340 4419 2595 4472 Primum
2630 4415 2767 4488 quia
2798 4416 2880 4471 sic
2931 4416 3143 4487 accepi,
3195 4433 3298 4471 nec
3348 4416 3452 4471 tibi
3498 4416 3605 4470 hoc
3636 4415 3805 4470 aliter

2165 4508 2347 4563 audeo
2372 4506 2641 4561 intimare
2664 4522 2841 4576 quam
2864 4506 3079 4577 accepi.
3104 4504 3324 4561 Deinde
3344 4509 3408 4560 tu
3432 4521 3661 4577 quoque
3686 4504 3804 4559 ani-

2166 4595 2500 4661 madvertis,
2534 4612 2646 4650 non
2671 4610 2798 4649 esse
2822 4593 3031 4648 harum
3057 4610 3249 4649 rerum
3277 4595 3427 4665 apud
3458 4610 3563 4647 nos
3586 4592 3808 4648 usitata

2166 4686 2441 4741 nomina:
2471 4701 2595 4756 qua:
2628 4683 2676 4738 si
2712 4682 3087 4738 fabricassem
3120 4682 3575 4754 interpretando,
3613 4699 3805 4738 essem

2164 4775 2417 4849 profecto
2440 4772 2715 4844 ineptior;
2737 4772 2786 4825 si
2835 4776 3030 4827 autem
3058 4771 3579 4844 .circumloquerer,
3606 4771 3804 4825 minus

2163 4880 2351 4920 essem
2376 4863 2432 4915 in
2454 4861 2791 4916 disserendo
2809 4861 3197 4931 expeditus.ld
3216 4865 3445 4916 tantum
3466 4877 3563 4915 oro
3578 4862 3803 4927 credas,

2160 4966 2391 5025 quoquo
2414 4950 2584 5004 modo
2615 4965 2824 5016 errem,
2856 4948 3000 5003 nihil
3032 4966 3065 5004 a
3108 4966 3199 5004 me
3249 4949 3449 5005 inﬂato
3483 4966 3548 5004 ac
3577 4948 3806 5004 tumido

2165 5039 2643 5097 ﬁeri.Secundum
2659 5037 2962 5092 historiam
2980 5054 3114 5109 ergo
3127 5038 3398 5107 traditur,
3414 5055 3546 5093 cum
3562 5040 3805 5093 docetur

2165 5131 2301 5203 quid
2317 5129 2623 5200 scriptum,
2640 5132 2739 5182 aut
2753 5127 2893 5197 quid
2909 5133 3135 5198 gestum
3158 5127 3397 5199 sit;quid
3420 5145 3535 5182 non
3549 5132 3803 5199 gestum,

2164 5220 2260 5276 sed
2295 5216 2699 5274 tantummodo
2717 5215 2999 5288 scriptum
3025 5218 3190 5287 quasi
3213 5222 3442 5287 gestum
3469 5216 3565 5271 sit.
3595 5222 3807 5271 Socun-

2164 5310 2306 5363 dum
2335 5304 2700 5377 aatiologiam,
2725 5321 2857 5359 cum
2881 5305 3208 5360 ostenditur
3231 5305 3369 5375 quid
3395 5322 3511 5375 qua
3532 5305 3602 5358 de
3624 5321 3803 5360 causa

2164 5398 2251 5453 vel
2280 5399 2493 5452 factum
2515 5392 2832 5447 veldictum
2857 5394 3289 5449 sit'.Secundum
3308 5393 3799 5465 anﬂlogiam,cum

2164 5487 2600 5542 demonstratur
2625 5498 2738 5536 non
2769 5481 2877 5537 sibi
2909 5482 3201 5537 adversari
3234 5483 3349 5537 duo
3405 5484 3802 5548 Testamenta,

2165 5579 2345 5631 Vetus
2368 5578 2423 5629 et
2441 5572 3029 5628 Novum.Secundum
3047 5572 3545 5645 allegoriam.cum
3562 5573 3803 5627 docetur

2166 5680 2281 5724 non
2303 5664 2374 5723 ad
2396 5662 2652 5722 litteram
2674 5676 2800 5720 esse
2819 5660 3427 5735 aocipiendaqueedam
3445 5678 3568 5734 quae
3582 5660 3801 5732 scripta
