  <div class='ocr_page' id='page_1' title='image "/cluster/home/n/w/nwhite01/storage/ocr_20150623/42/hvd.32044096580642/040.png"; bbox 0 0 4084 6194; ppageno 0'>
   <div class='ocr_carea' id='block_1_1' title="bbox 255 362 1915 433">
    <p class='ocr_par' dir='ltr' id='par_1_1' title="bbox 255 362 1910 431">
     <span class='ocr_line' id='line_1_1' title="bbox 255 362 1910 431; baseline -0.005 0"><span class='ocrx_word' id='word_1_1' title='bbox 255 370 327 431; x_wconf 82' lang='grc'><strong>69</strong></span> <span class='ocrx_word' id='word_1_2' title='bbox 1586 400 1591 409; x_wconf 87' lang='lat'><em>-</em></span> <span class='ocrx_word' id='word_1_3' title='bbox 1676 362 1910 424; x_wconf 81' lang='lat' dir='ltr'><strong>LIBER</strong></span> 
     </span>
    </p>
   </div>
   <div class='ocr_carea' id='block_1_2' title="bbox 2022 362 3652 433">
    <p class='ocr_par' dir='ltr' id='par_1_2' title="bbox 2024 363 3652 433">
     <span class='ocr_line' id='line_1_2' title="bbox 2024 363 3652 433; baseline 0.005 -10"><span class='ocrx_word' id='word_1_4' title='bbox 2024 363 2205 426; x_wconf 85' lang='lat' dir='ltr'><strong>NUS.</strong></span> <span class='ocrx_word' id='word_1_5' title='bbox 3569 373 3652 433; x_wconf 80' lang='lat'><strong>70</strong></span> 
     </span>
    </p>
   </div>
   <div class='ocr_carea' id='block_1_3' title="bbox 257 500 1246 573">
    <p class='ocr_par' dir='ltr' id='par_1_3' title="bbox 257 500 1246 573">
     <span class='ocr_line' id='line_1_3' title="bbox 257 500 1246 573; baseline 0 -17"><span class='ocrx_word' id='word_1_6' title='bbox 257 505 404 567; x_wconf 88' lang='lat' dir='ltr'><strong>sunt,</strong></span> <span class='ocrx_word' id='word_1_7' title='bbox 435 501 538 555; x_wconf 90' lang='lat' dir='ltr'><strong>sed</strong></span> <span class='ocrx_word' id='word_1_8' title='bbox 578 501 819 573; x_wconf 85' lang='lat' dir='ltr'><strong>ﬁgurate</strong></span> <span class='ocrx_word' id='word_1_9' title='bbox 848 500 1246 573; x_wconf 88' lang='lat' dir='ltr'><strong>intelligenda.</strong></span> 
     </span>
    </p>
   </div>
   <div class='ocr_carea' id='block_1_4' title="bbox 319 585 1890 646">
    <p class='ocr_par' dir='ltr' id='par_1_4' title="bbox 319 585 1890 646">
     <span class='ocr_line' id='line_1_4' title="bbox 319 585 1890 646; baseline -0.003 -2"><span class='ocrx_word' id='word_1_10' title='bbox 319 592 369 644; x_wconf 91' lang='lat'><strong>6.</strong></span> <span class='ocrx_word' id='word_1_11' title='bbox 394 589 495 646; x_wconf 91' lang='lat' dir='ltr'><strong>His</strong></span> <span class='ocrx_word' id='word_1_12' title='bbox 518 590 789 646; x_wconf 89' lang='lat' dir='ltr'><strong>omnibus</strong></span> <span class='ocrx_word' id='word_1_13' title='bbox 814 590 1001 646; x_wconf 92' lang='lat' dir='ltr'><strong>modis</strong></span> <span class='ocrx_word' id='word_1_14' title='bbox 1024 591 1305 646; x_wconf 86' lang='lat' dir='ltr'><strong>Dominus</strong></span> <span class='ocrx_word' id='word_1_15' title='bbox 1328 592 1526 646; x_wconf 82' lang='lat' dir='ltr'><strong>noster</strong></span> <span class='ocrx_word' id='word_1_16' title='bbox 1541 590 1714 646; x_wconf 86' lang='lat' dir='ltr'>Jesus</span> <span class='ocrx_word' id='word_1_17' title='bbox 1732 585 1890 643; x_wconf 90' lang='lat' dir='ltr'><strong>Chri-</strong></span> 
     </span>
    </p>
   </div>
   <div class='ocr_carea' id='block_1_5' title="bbox 259 678 1891 751">
    <p class='ocr_par' dir='ltr' id='par_1_5' title="bbox 259 678 1891 751">
     <span class='ocr_line' id='line_1_5' title="bbox 259 678 1891 751; baseline -0.003 -16"><span class='ocrx_word' id='word_1_18' title='bbox 259 686 374 735; x_wconf 90' lang='lat' dir='ltr'><strong>stus</strong></span> <span class='ocrx_word' id='word_1_19' title='bbox 391 685 446 734; x_wconf 89' lang='lat' dir='ltr'><strong>et</strong></span> <span class='ocrx_word' id='word_1_20' title='bbox 466 680 725 751; x_wconf 88' lang='lat' dir='ltr'><strong>Apostoli</strong></span> <span class='ocrx_word' id='word_1_21' title='bbox 750 680 839 735; x_wconf 91' lang='lat' dir='ltr'><strong>usi</strong></span> <span class='ocrx_word' id='word_1_22' title='bbox 863 684 1019 736; x_wconf 90' lang='lat' dir='ltr'><strong>sunt.</strong></span> <span class='ocrx_word' id='word_1_23' title='bbox 1044 681 1190 737; x_wconf 89' lang='lat' dir='ltr'><strong>Nam</strong></span> <span class='ocrx_word' id='word_1_24' title='bbox 1216 682 1285 737; x_wconf 90' lang='lat' dir='ltr'><strong>de</strong></span> <span class='ocrx_word' id='word_1_25' title='bbox 1302 680 1547 737; x_wconf 76' lang='lat' dir='ltr'><strong>historia</strong></span> <span class='ocrx_word' id='word_1_26' title='bbox 1563 678 1708 733; x_wconf 90' lang='lat' dir='ltr'><strong>illud</strong></span> <span class='ocrx_word' id='word_1_27' title='bbox 1732 694 1797 733; x_wconf 91' lang='lat' dir='ltr'><strong>su</strong></span> <span class='ocrx_word' id='word_1_28' title='bbox 1808 692 1891 729; x_wconf 85' lang='lat' dir='ltr'><strong>m-</strong></span> 
     </span>
    </p>
   </div>
   <div class='ocr_carea' id='block_1_6' title="bbox 260 762 1891 840">
    <p class='ocr_par' dir='ltr' id='par_1_6' title="bbox 260 762 1891 840">
     <span class='ocr_line' id='line_1_6' title="bbox 260 762 1891 840; baseline -0.002 -19"><span class='ocrx_word' id='word_1_29' title='bbox 260 770 411 838; x_wconf 90' lang='lat' dir='ltr'><strong>ptum</strong></span> <span class='ocrx_word' id='word_1_30' title='bbox 445 770 555 832; x_wconf 89' lang='lat' dir='ltr'><strong>est,</strong></span> <span class='ocrx_word' id='word_1_31' title='bbox 608 782 740 821; x_wconf 93' lang='lat' dir='ltr'><strong>cum</strong></span> <span class='ocrx_word' id='word_1_32' title='bbox 792 767 1088 837; x_wconf 90' lang='lat' dir='ltr'><strong>objectum</strong></span> <span class='ocrx_word' id='word_1_33' title='bbox 1139 773 1311 837; x_wconf 87' lang='lat' dir='ltr'><strong>esset,</strong></span> <span class='ocrx_word' id='word_1_34' title='bbox 1356 770 1510 840; x_wconf 91' lang='lat' dir='ltr'><strong>quod</strong></span> <span class='ocrx_word' id='word_1_35' title='bbox 1542 768 1634 823; x_wconf 91' lang='lat' dir='ltr'><strong>die</strong></span> <span class='ocrx_word' id='word_1_36' title='bbox 1664 762 1891 823; x_wconf 81' lang='lat' dir='ltr'><strong>sabbati</strong></span> 
     </span>
    </p>
   </div>
   <div class='ocr_carea' id='block_1_7' title="bbox 262 854 1893 929">
    <p class='ocr_par' dir='ltr' id='par_1_7' title="bbox 262 854 1893 929">
     <span class='ocr_line' id='line_1_7' title="bbox 262 854 1893 929; baseline 0 -21"><span class='ocrx_word' id='word_1_37' title='bbox 262 854 521 926; x_wconf 83' lang='lat' dir='ltr'>discipuli</span> <span class='ocrx_word' id='word_1_38' title='bbox 543 856 595 926; x_wconf 89' lang='lat' dir='ltr'><strong>ej</strong></span> <span class='ocrx_word' id='word_1_39' title='bbox 605 872 673 911; x_wconf 92' lang='lat' dir='ltr'><strong>us</strong></span> <span class='ocrx_word' id='word_1_40' title='bbox 690 856 881 927; x_wconf 90' lang='lat' dir='ltr'><strong>spicas</strong></span> <span class='ocrx_word' id='word_1_41' title='bbox 899 856 1249 913; x_wconf 90' lang='lat' dir='ltr'><strong>evulsissent</strong></span> <span class='ocrx_word' id='word_1_42' title='bbox 1264 874 1276 912; x_wconf 92' lang='lat'><strong>:</strong></span> <span class='ocrx_word' id='word_1_43' title='bbox 1292 859 1407 914; x_wconf 85' lang='lat' dir='ltr'><strong>Non</strong></span> <span class='ocrx_word' id='word_1_44' title='bbox 1425 858 1655 929; x_wconf 87' lang='lat' dir='ltr'><strong>legistis,</strong></span> <span class='ocrx_word' id='word_1_45' title='bbox 1678 856 1893 927; x_wconf 85' lang='lat' dir='ltr'><strong>inquit,</strong></span> 
     </span>
    </p>
   </div>
   <div class='ocr_carea' id='block_1_8' title="bbox 261 943 1894 1017">
    <p class='ocr_par' dir='ltr' id='par_1_8' title="bbox 261 943 1894 1017">
     <span class='ocr_line' id='line_1_8' title="bbox 261 943 1894 1017; baseline -0.001 -19"><span class='ocrx_word' id='word_1_46' title='bbox 261 944 399 1015; x_wconf 86' lang='lat' dir='ltr'><strong>quod</strong></span> <span class='ocrx_word' id='word_1_47' title='bbox 424 944 559 1014; x_wconf 80' lang='lat' dir='ltr'><strong>fecit</strong></span> <span class='ocrx_word' id='word_1_48' title='bbox 592 943 781 1010; x_wconf 82' lang='lat' dir='ltr'><strong>David,</strong></span> <span class='ocrx_word' id='word_1_49' title='bbox 812 960 935 1000; x_wconf 88' lang='lat' dir='ltr'><strong>cum</strong></span> <span class='ocrx_word' id='word_1_50' title='bbox 964 946 1213 1015; x_wconf 88' lang='lat' dir='ltr'><strong>esuriret,</strong></span> <span class='ocrx_word' id='word_1_51' title='bbox 1245 951 1297 1001; x_wconf 86' lang='lat' dir='ltr'><strong>et</strong></span> <span class='ocrx_word' id='word_1_52' title='bbox 1325 948 1424 1017; x_wconf 90' lang='lat' dir='ltr'><strong>qui</strong></span> <span class='ocrx_word' id='word_1_53' title='bbox 1453 963 1577 1002; x_wconf 91' lang='lat' dir='ltr'><strong>cum</strong></span> <span class='ocrx_word' id='word_1_54' title='bbox 1608 960 1668 1001; x_wconf 90' lang='lat' dir='ltr'><strong>eo</strong></span> <span class='ocrx_word' id='word_1_55' title='bbox 1696 951 1894 1009; x_wconf 83' lang='lat' dir='ltr'><strong>erant;</strong></span> 
     </span>
    </p>
   </div>
   <div class='ocr_carea' id='block_1_9' title="bbox 264 1031 1897 1106">
    <p class='ocr_par' dir='ltr' id='par_1_9' title="bbox 264 1031 1897 1106">
     <span class='ocr_line' id='line_1_9' title="bbox 264 1031 1897 1106; baseline 0 -20"><span class='ocrx_word' id='word_1_56' title='bbox 264 1032 517 1103; x_wconf 86' lang='lat' dir='ltr'><strong>quomodo</strong></span> <span class='ocrx_word' id='word_1_57' title='bbox 539 1033 777 1087; x_wconf 86' lang='lat' dir='ltr'><strong>intravit</strong></span> <span class='ocrx_word' id='word_1_58' title='bbox 795 1034 855 1087; x_wconf 90' lang='lat' dir='ltr'><strong>in</strong></span> <span class='ocrx_word' id='word_1_59' title='bbox 877 1031 1099 1088; x_wconf 89' lang='lat' dir='ltr'><strong>domum</strong></span> <span class='ocrx_word' id='word_1_60' title='bbox 1119 1034 1237 1103; x_wconf 87' lang='lat' dir='ltr'><strong>Dei,</strong></span> <span class='ocrx_word' id='word_1_61' title='bbox 1263 1042 1494 1106; x_wconf 81' lang='lat' dir='ltr'><strong>ctpanes</strong></span> <span class='ocrx_word' id='word_1_62' title='bbox 1509 1034 1897 1105; x_wconf 87' lang='lat' dir='ltr'><strong>prapositionis</strong></span> 
     </span>
    </p>
   </div>
   <div class='ocr_carea' id='block_1_10' title="bbox 263 1120 1897 1193">
    <p class='ocr_par' dir='ltr' id='par_1_10' title="bbox 263 1120 1897 1193">
     <span class='ocr_line' id='line_1_10' title="bbox 263 1120 1897 1193; baseline 0 -17"><span class='ocrx_word' id='word_1_63' title='bbox 263 1121 623 1191; x_wconf 81' lang='lat' dir='ltr'><strong>manducavit,</strong></span> <span class='ocrx_word' id='word_1_64' title='bbox 648 1137 779 1193; x_wconf 90' lang='lat' dir='ltr'><strong>quos</strong></span> <span class='ocrx_word' id='word_1_65' title='bbox 799 1137 911 1177; x_wconf 84' lang='lat' dir='ltr'><strong>non</strong></span> <span class='ocrx_word' id='word_1_66' title='bbox 936 1120 1134 1178; x_wconf 76' lang='lat' dir='ltr'><strong>licebat</strong></span> <span class='ocrx_word' id='word_1_67' title='bbox 1161 1125 1215 1178; x_wconf 90' lang='lat' dir='ltr'><strong>ei</strong></span> <span class='ocrx_word' id='word_1_68' title='bbox 1244 1125 1595 1191; x_wconf 84' lang='lat' dir='ltr'><strong>manducare,</strong></span> <span class='ocrx_word' id='word_1_69' title='bbox 1627 1138 1799 1193; x_wconf 88' lang='lat' dir='ltr'><strong>neque</strong></span> <span class='ocrx_word' id='word_1_70' title='bbox 1819 1122 1897 1176; x_wconf 87' lang='lat' dir='ltr'><strong>eis</strong></span> 
     </span>
    </p>
   </div>
   <div class='ocr_carea' id='block_1_11' title="bbox 263 1212 1896 1285">
    <p class='ocr_par' dir='ltr' id='par_1_11' title="bbox 263 1212 1896 1285">
     <span class='ocr_line' id='line_1_11' title="bbox 263 1212 1896 1285; baseline -0.001 -19"><span class='ocrx_word' id='word_1_71' title='bbox 263 1212 354 1281; x_wconf 90' lang='lat' dir='ltr'><strong>qui</strong></span> <span class='ocrx_word' id='word_1_72' title='bbox 382 1227 506 1266; x_wconf 84' lang='lat' dir='ltr'><strong>cum</strong></span> <span class='ocrx_word' id='word_1_73' title='bbox 535 1226 596 1266; x_wconf 86' lang='lat' dir='ltr'><strong>eo</strong></span> <span class='ocrx_word' id='word_1_74' title='bbox 636 1215 813 1275; x_wconf 87' lang='lat' dir='ltr'><strong>erant,</strong></span> <span class='ocrx_word' id='word_1_75' title='bbox 847 1212 959 1266; x_wconf 88' lang='lat' dir='ltr'><strong>nisi</strong></span> <span class='ocrx_word' id='word_1_76' title='bbox 987 1212 1120 1267; x_wconf 90' lang='lat' dir='ltr'><strong>solis</strong></span> <span class='ocrx_word' id='word_1_77' title='bbox 1147 1213 1511 1269; x_wconf 76' lang='lat' dir='ltr'><strong>sacerdotibus</strong></span> <span class='ocrx_word' id='word_1_78' title='bbox 1542 1213 1760 1285; x_wconf 84' lang='lat' dir='ltr'><strong>(Matth.</strong></span> <span class='ocrx_word' id='word_1_79' title='bbox 1795 1227 1896 1281; x_wconf 82' lang='lat' dir='ltr'><strong>xu,</strong></span> 
     </span>
    </p>
   </div>
   <div class='ocr_carea' id='block_1_12' title="bbox 263 1298 1898 1374">
    <p class='ocr_par' dir='ltr' id='par_1_12' title="bbox 263 1298 1898 1374">
     <span class='ocr_line' id='line_1_12' title="bbox 263 1298 1898 1374; baseline 0.002 -22"><span class='ocrx_word' id='word_1_80' title='bbox 263 1299 309 1365; x_wconf 88' lang='lat'><strong><em>3,</em></strong></span> <span class='ocrx_word' id='word_1_81' title='bbox 333 1298 421 1369; x_wconf 66' lang='lat' dir='ltr'><strong>l)?</strong></span> <span class='ocrx_word' id='word_1_82' title='bbox 446 1298 530 1352; x_wconf 82' lang='lat' dir='ltr'><strong>Ad</strong></span> <span class='ocrx_word' id='word_1_83' title='bbox 556 1298 907 1371; x_wconf 69' lang='lat' dir='ltr'><strong>aetiologiam</strong></span> <span class='ocrx_word' id='word_1_84' title='bbox 926 1317 1061 1356; x_wconf 92' lang='lat' dir='ltr'><strong>vero</strong></span> <span class='ocrx_word' id='word_1_85' title='bbox 1091 1300 1233 1356; x_wconf 91' lang='lat' dir='ltr'><strong>illud</strong></span> <span class='ocrx_word' id='word_1_86' title='bbox 1275 1302 1543 1374; x_wconf 80' lang='lat' dir='ltr'><strong>pertinet,</strong></span> <span class='ocrx_word' id='word_1_87' title='bbox 1576 1302 1731 1373; x_wconf 91' lang='lat' dir='ltr'><strong>quod</strong></span> <span class='ocrx_word' id='word_1_88' title='bbox 1764 1316 1898 1355; x_wconf 90' lang='lat' dir='ltr'><strong>cum</strong></span> 
     </span>
    </p>
   </div>
   <div class='ocr_carea' id='block_1_13' title="bbox 263 1387 1899 1462">
    <p class='ocr_par' dir='ltr' id='par_1_13' title="bbox 263 1387 1899 1462">
     <span class='ocr_line' id='line_1_13' title="bbox 263 1387 1899 1462; baseline 0.001 -20"><span class='ocrx_word' id='word_1_89' title='bbox 263 1387 520 1443; x_wconf 80' lang='lat' dir='ltr'><strong>Christus</strong></span> <span class='ocrx_word' id='word_1_90' title='bbox 543 1387 947 1460; x_wconf 79' lang='lat' dir='ltr'><strong>prohibuisset</strong></span> <span class='ocrx_word' id='word_1_91' title='bbox 964 1406 1201 1446; x_wconf 85' lang='lat' dir='ltr'><strong>uxorem</strong></span> <span class='ocrx_word' id='word_1_92' title='bbox 1224 1391 1417 1462; x_wconf 90' lang='lat' dir='ltr'><strong>abjici,</strong></span> <span class='ocrx_word' id='word_1_93' title='bbox 1434 1391 1549 1447; x_wconf 83' lang='lat' dir='ltr'><strong>nisi</strong></span> <span class='ocrx_word' id='word_1_94' title='bbox 1566 1390 1899 1446; x_wconf 87' lang='lat' dir='ltr'><strong>fornicatio-</strong></span> 
     </span>
    </p>
   </div>
   <div class='ocr_carea' id='block_1_14' title="bbox 266 1477 1900 1553">
    <p class='ocr_par' dir='ltr' id='par_1_14' title="bbox 266 1477 1900 1553">
     <span class='ocr_line' id='line_1_14' title="bbox 266 1477 1900 1553; baseline 0.002 -22"><span class='ocrx_word' id='word_1_95' title='bbox 266 1477 348 1531; x_wconf 87' lang='lat' dir='ltr'>nis</span> <span class='ocrx_word' id='word_1_96' title='bbox 370 1493 570 1542; x_wconf 87' lang='lat' dir='ltr'><strong>causa,</strong></span> <span class='ocrx_word' id='word_1_97' title='bbox 592 1478 959 1549; x_wconf 83' lang='lat' dir='ltr'><strong>relatumque</strong></span> <span class='ocrx_word' id='word_1_98' title='bbox 976 1484 1132 1535; x_wconf 87' lang='lat' dir='ltr'><strong>esset</strong></span> <span class='ocrx_word' id='word_1_99' title='bbox 1148 1480 1220 1535; x_wconf 93' lang='lat' dir='ltr'><strong>ab</strong></span> <span class='ocrx_word' id='word_1_100' title='bbox 1238 1479 1754 1553; x_wconf 84' lang='lat' dir='ltr'><strong>interrogantibus,</strong></span> <span class='ocrx_word' id='word_1_101' title='bbox 1780 1480 1900 1534; x_wconf 90' lang='lat' dir='ltr'><strong>Mo-</strong></span> 
     </span>
    </p>
   </div>
   <div class='ocr_carea' id='block_1_15' title="bbox 267 1564 1901 1639">
    <p class='ocr_par' dir='ltr' id='par_1_15' title="bbox 267 1564 1901 1639">
     <span class='ocr_line' id='line_1_15' title="bbox 267 1564 1901 1639; baseline 0.001 -18"><span class='ocrx_word' id='word_1_102' title='bbox 267 1583 394 1639; x_wconf 75' lang='lat' dir='ltr'><strong>ysen</strong></span> <span class='ocrx_word' id='word_1_103' title='bbox 418 1564 618 1621; x_wconf 89' lang='lat' dir='ltr'><strong>libello</strong></span> <span class='ocrx_word' id='word_1_104' title='bbox 640 1567 778 1622; x_wconf 90' lang='lat' dir='ltr'><strong>dato</strong></span> <span class='ocrx_word' id='word_1_105' title='bbox 802 1568 1027 1639; x_wconf 89' lang='lat' dir='ltr'><strong>repudii</strong></span> <span class='ocrx_word' id='word_1_106' title='bbox 1052 1568 1389 1639; x_wconf 88' lang='lat' dir='ltr'><strong>permisisse</strong></span> <span class='ocrx_word' id='word_1_107' title='bbox 1411 1568 1736 1624; x_wconf 88' lang='lat' dir='ltr'><strong>licentiam:</strong></span> <span class='ocrx_word' id='word_1_108' title='bbox 1763 1568 1901 1637; x_wconf 85' lang='lat' dir='ltr'><strong>Hoc,</strong></span> 
     </span>
    </p>
   </div>
   <div class='ocr_carea' id='block_1_16' title="bbox 271 1655 1907 1728">
    <p class='ocr_par' dir='ltr' id='par_1_16' title="bbox 271 1655 1907 1728">
     <span class='ocr_line' id='line_1_16' title="bbox 271 1655 1907 1728; baseline 0.002 -20"><span class='ocrx_word' id='word_1_109' title='bbox 271 1655 465 1725; x_wconf 89' lang='lat' dir='ltr'><strong>inquit,</strong></span> <span class='ocrx_word' id='word_1_110' title='bbox 520 1655 727 1726; x_wconf 72' lang='lat' dir='ltr'><strong>Moyses</strong></span> <span class='ocrx_word' id='word_1_111' title='bbox 769 1658 897 1727; x_wconf 84' lang='lat' dir='ltr'><strong>fecit</strong></span> <span class='ocrx_word' id='word_1_112' title='bbox 943 1660 1162 1728; x_wconf 84' lang='lat' dir='ltr'><strong>propter</strong></span> <span class='ocrx_word' id='word_1_113' title='bbox 1207 1657 1470 1713; x_wconf 87' lang='lat' dir='ltr'><strong>dusitiam</strong></span> <span class='ocrx_word' id='word_1_114' title='bbox 1520 1659 1695 1715; x_wconf 79' lang='lat' dir='ltr'><strong>cordis</strong></span> <span class='ocrx_word' id='word_1_115' title='bbox 1732 1659 1907 1713; x_wconf 86' lang='lat' dir='ltr'><strong>vestri</strong></span> 
     </span>
    </p>
   </div>
   <div class='ocr_carea' id='block_1_17' title="bbox 271 1744 1902 1813">
    <p class='ocr_par' dir='ltr' id='par_1_17' title="bbox 271 1744 1902 1813">
     <span class='ocr_line' id='line_1_17' title="bbox 271 1744 1902 1813; baseline 0.001 -14"><span class='ocrx_word' id='word_1_116' title='bbox 271 1744 502 1813; x_wconf 79' lang='lat' dir='ltr'><strong>(ld.x1x,</strong></span> <span class='ocrx_word' id='word_1_117' title='bbox 536 1744 617 1811; x_wconf 90' lang='lat'><strong>8).</strong></span> <span class='ocrx_word' id='word_1_118' title='bbox 670 1745 774 1800; x_wconf 89' lang='lat' dir='ltr'><strong>Hic</strong></span> <span class='ocrx_word' id='word_1_119' title='bbox 822 1745 977 1801; x_wconf 90' lang='lat' dir='ltr'><strong>enim</strong></span> <span class='ocrx_word' id='word_1_120' title='bbox 1024 1762 1203 1802; x_wconf 87' lang='lat' dir='ltr'><strong>causa</strong></span> <span class='ocrx_word' id='word_1_121' title='bbox 1253 1748 1477 1803; x_wconf 87' lang='lat' dir='ltr'><strong>reddita</strong></span> <span class='ocrx_word' id='word_1_122' title='bbox 1506 1752 1595 1804; x_wconf 92' lang='lat' dir='ltr'><strong>est</strong></span> <span class='ocrx_word' id='word_1_123' title='bbox 1627 1764 1730 1802; x_wconf 91' lang='lat' dir='ltr'><strong>cur</strong></span> <span class='ocrx_word' id='word_1_124' title='bbox 1759 1746 1902 1801; x_wconf 93' lang='lat' dir='ltr'><strong>illud</strong></span> 
     </span>
    </p>
   </div>
   <div class='ocr_carea' id='block_1_18' title="bbox 271 1833 1904 1907">
    <p class='ocr_par' dir='ltr' id='par_1_18' title="bbox 271 1833 1904 1907">
     <span class='ocr_line' id='line_1_18' title="bbox 271 1833 1904 1907; baseline 0.001 -20"><span class='ocrx_word' id='word_1_125' title='bbox 271 1850 299 1887; x_wconf 84' lang='lat' dir='ltr'><strong>a</strong></span> <span class='ocrx_word' id='word_1_126' title='bbox 328 1833 515 1903; x_wconf 80' lang='lat' dir='ltr'>Moyse</span> <span class='ocrx_word' id='word_1_127' title='bbox 548 1850 656 1904; x_wconf 91' lang='lat' dir='ltr'><strong>pro</strong></span> <span class='ocrx_word' id='word_1_128' title='bbox 686 1838 945 1905; x_wconf 90' lang='lat' dir='ltr'><strong>tempore</strong></span> <span class='ocrx_word' id='word_1_129' title='bbox 975 1835 1119 1890; x_wconf 90' lang='lat' dir='ltr'><strong>bene</strong></span> <span class='ocrx_word' id='word_1_130' title='bbox 1170 1836 1522 1907; x_wconf 89' lang='lat' dir='ltr'><strong>permissum</strong></span> <span class='ocrx_word' id='word_1_131' title='bbox 1555 1836 1631 1892; x_wconf 88' lang='lat' dir='ltr'><strong>sit</strong></span> <span class='ocrx_word' id='word_1_132' title='bbox 1658 1854 1670 1903; x_wconf 91' lang='lat'><strong>;</strong></span> <span class='ocrx_word' id='word_1_133' title='bbox 1706 1840 1769 1890; x_wconf 91' lang='lat' dir='ltr'><strong>ut</strong></span> <span class='ocrx_word' id='word_1_134' title='bbox 1798 1836 1904 1889; x_wconf 89' lang='lat' dir='ltr'><strong>hoc</strong></span> 
     </span>
    </p>
   </div>
   <div class='ocr_carea' id='block_1_19' title="bbox 273 1921 1907 1997">
    <p class='ocr_par' dir='ltr' id='par_1_19' title="bbox 273 1921 1907 1997">
     <span class='ocr_line' id='line_1_19' title="bbox 273 1921 1907 1997; baseline 0.002 -21"><span class='ocrx_word' id='word_1_135' title='bbox 273 1921 410 1994; x_wconf 90' lang='lat' dir='ltr'><strong>quod</strong></span> <span class='ocrx_word' id='word_1_136' title='bbox 436 1921 708 1977; x_wconf 86' lang='lat' dir='ltr'><strong>Christus</strong></span> <span class='ocrx_word' id='word_1_137' title='bbox 728 1922 1118 1995; x_wconf 62' lang='lat' dir='ltr'><strong>precipiebat,</strong></span> <span class='ocrx_word' id='word_1_138' title='bbox 1134 1924 1247 1980; x_wconf 89' lang='lat' dir='ltr'><strong>alia</strong></span> <span class='ocrx_word' id='word_1_139' title='bbox 1252 1926 1378 1997; x_wconf 89' lang='lat' dir='ltr'><strong>jam</strong></span> <span class='ocrx_word' id='word_1_140' title='bbox 1394 1930 1661 1997; x_wconf 86' lang='lat' dir='ltr'><strong>tempora</strong></span> <span class='ocrx_word' id='word_1_141' title='bbox 1674 1926 1907 1979; x_wconf 90' lang='lat' dir='ltr'><strong>demon-</strong></span> 
     </span>
    </p>
   </div>
   <div class='ocr_carea' id='block_1_20' title="bbox 273 2009 1907 2087">
    <p class='ocr_par' dir='ltr' id='par_1_20' title="bbox 273 2009 1907 2087">
     <span class='ocr_line' id='line_1_20' title="bbox 273 2009 1907 2087; baseline 0.004 -25"><span class='ocrx_word' id='word_1_142' title='bbox 273 2014 440 2063; x_wconf 84' lang='lat' dir='ltr'><strong>strare</strong></span> <span class='ocrx_word' id='word_1_143' title='bbox 469 2009 790 2066; x_wconf 86' lang='lat' dir='ltr'><strong>videretur.</strong></span> <span class='ocrx_word' id='word_1_144' title='bbox 842 2016 1060 2068; x_wconf 85' lang='lat' dir='ltr'><strong>Horum</strong></span> <span class='ocrx_word' id='word_1_145' title='bbox 1116 2018 1309 2069; x_wconf 90' lang='lat' dir='ltr'><strong>autem</strong></span> <span class='ocrx_word' id='word_1_146' title='bbox 1357 2019 1686 2087; x_wconf 89' lang='lat' dir='ltr'><strong>temporum</strong></span> <span class='ocrx_word' id='word_1_147' title='bbox 1731 2013 1907 2082; x_wconf 88' lang='lat' dir='ltr'><strong>vices,</strong></span> 
     </span>
    </p>
   </div>
   <div class='ocr_carea' id='block_1_21' title="bbox 273 2098 1909 2175">
    <p class='ocr_par' dir='ltr' id='par_1_21' title="bbox 273 2098 1909 2175">
     <span class='ocr_line' id='line_1_21' title="bbox 273 2098 1909 2175; baseline 0.001 -23"><span class='ocrx_word' id='word_1_148' title='bbox 273 2102 435 2169; x_wconf 85' lang='lat' dir='ltr'><strong>atque</strong></span> <span class='ocrx_word' id='word_1_149' title='bbox 481 2098 755 2154; x_wconf 90' lang='lat' dir='ltr'><strong>ordinem</strong></span> <span class='ocrx_word' id='word_1_150' title='bbox 806 2099 957 2155; x_wconf 90' lang='lat' dir='ltr'><strong>mira</strong></span> <span class='ocrx_word' id='word_1_151' title='bbox 1002 2103 1254 2171; x_wconf 88' lang='lat' dir='ltr'><strong>quadam</strong></span> <span class='ocrx_word' id='word_1_152' title='bbox 1304 2102 1508 2158; x_wconf 61' lang='lat' dir='ltr'><strong>divinae</strong></span> <span class='ocrx_word' id='word_1_153' title='bbox 1538 2100 1909 2175; x_wconf 76' lang='lat' dir='ltr'><strong>providentiae</strong></span> 
     </span>
    </p>
   </div>
   <div class='ocr_carea' id='block_1_22' title="bbox 277 2185 1909 2264">
    <p class='ocr_par' dir='ltr' id='par_1_22' title="bbox 277 2185 1909 2264">
     <span class='ocr_line' id='line_1_22' title="bbox 277 2185 1909 2264; baseline 0.002 -25"><span class='ocrx_word' id='word_1_154' title='bbox 277 2185 649 2257; x_wconf 86' lang='lat' dir='ltr'><strong>dispositione</strong></span> <span class='ocrx_word' id='word_1_155' title='bbox 680 2188 973 2259; x_wconf 86' lang='lat' dir='ltr'><strong>digestum</strong></span> <span class='ocrx_word' id='word_1_156' title='bbox 1007 2194 1180 2263; x_wconf 91' lang='lat' dir='ltr'><strong>atque</strong></span> <span class='ocrx_word' id='word_1_157' title='bbox 1219 2192 1633 2264; x_wconf 89' lang='lat' dir='ltr'><strong>compositum,</strong></span> <span class='ocrx_word' id='word_1_158' title='bbox 1668 2190 1909 2262; x_wconf 91' lang='lat' dir='ltr'><strong>longum</strong></span> 
     </span>
    </p>
   </div>
   <div class='ocr_carea' id='block_1_23' title="bbox 276 2275 717 2345">
    <p class='ocr_par' dir='ltr' id='par_1_23' title="bbox 276 2275 717 2345">
     <span class='ocr_line' id='line_1_23' title="bbox 276 2275 717 2345; baseline 0.007 -16"><span class='ocrx_word' id='word_1_159' title='bbox 276 2280 354 2329; x_wconf 88' lang='lat' dir='ltr'><strong>est</strong></span> <span class='ocrx_word' id='word_1_160' title='bbox 381 2275 717 2345; x_wconf 85' lang='lat' dir='ltr'><strong>explanare.</strong></span> 
     </span>
    </p>
   </div>
   <div class='ocr_carea' id='block_1_24' title="bbox 338 2364 1910 2441">
    <p class='ocr_par' dir='ltr' id='par_1_24' title="bbox 338 2364 1910 2441">
     <span class='ocr_line' id='line_1_24' title="bbox 338 2364 1910 2441; baseline 0.006 -24"><span class='ocrx_word' id='word_1_161' title='bbox 338 2364 389 2417; x_wconf 90' lang='lat'><strong>7.</strong></span> <span class='ocrx_word' id='word_1_162' title='bbox 419 2364 551 2419; x_wconf 86' lang='lat' dir='ltr'><strong>Jam</strong></span> <span class='ocrx_word' id='word_1_163' title='bbox 591 2381 762 2435; x_wconf 90' lang='lat' dir='ltr'><strong>porro</strong></span> <span class='ocrx_word' id='word_1_164' title='bbox 794 2364 1177 2438; x_wconf 74' lang='lat' dir='ltr'><strong>analogiam‘,</strong></span> <span class='ocrx_word' id='word_1_165' title='bbox 1222 2384 1339 2440; x_wconf 88' lang='lat' dir='ltr'><strong>qua</strong></span> <span class='ocrx_word' id='word_1_166' title='bbox 1371 2368 1677 2441; x_wconf 91' lang='lat' dir='ltr'><strong>utriusque</strong></span> <span class='ocrx_word' id='word_1_167' title='bbox 1709 2371 1910 2425; x_wconf 87' lang='lat' dir='ltr'><strong>Testa-</strong></span> 
     </span>
    </p>
   </div>
   <div class='ocr_carea' id='block_1_25' title="bbox 281 2454 1913 2530">
    <p class='ocr_par' dir='ltr' id='par_1_25' title="bbox 281 2454 1913 2530">
     <span class='ocr_line' id='line_1_25' title="bbox 281 2454 1913 2530; baseline 0.004 -23"><span class='ocrx_word' id='word_1_168' title='bbox 281 2454 445 2508; x_wconf 88' lang='lat' dir='ltr'><strong>menti</strong></span> <span class='ocrx_word' id='word_1_169' title='bbox 464 2454 857 2525; x_wconf 84' lang='lat' dir='ltr'><strong>congruentia</strong></span> <span class='ocrx_word' id='word_1_170' title='bbox 878 2456 1248 2528; x_wconf 85' lang='lat' dir='ltr'><strong>perspicitur,</strong></span> <span class='ocrx_word' id='word_1_171' title='bbox 1271 2458 1409 2529; x_wconf 90' lang='lat' dir='ltr'><strong>quid</strong></span> <span class='ocrx_word' id='word_1_172' title='bbox 1440 2474 1546 2530; x_wconf 87' lang='lat' dir='ltr'><strong>ego</strong></span> <span class='ocrx_word' id='word_1_173' title='bbox 1562 2459 1753 2515; x_wconf 88' lang='lat' dir='ltr'><strong>dicam</strong></span> <span class='ocrx_word' id='word_1_174' title='bbox 1773 2474 1913 2514; x_wconf 92' lang='lat' dir='ltr'><strong>usos</strong></span> 
     </span>
    </p>
   </div>
   <div class='ocr_carea' id='block_1_26' title="bbox 280 2541 1914 2615">
    <p class='ocr_par' dir='ltr' id='par_1_26' title="bbox 280 2541 1914 2615">
     <span class='ocr_line' id='line_1_26' title="bbox 280 2541 1914 2615; baseline 0.004 -20"><span class='ocrx_word' id='word_1_175' title='bbox 280 2541 445 2597; x_wconf 86' lang='lat' dir='ltr'><strong>fuisse</strong></span> <span class='ocrx_word' id='word_1_176' title='bbox 476 2559 692 2599; x_wconf 82' lang='lat' dir='ltr'><strong>omnes</strong></span> <span class='ocrx_word' id='word_1_177' title='bbox 724 2560 974 2615; x_wconf 93' lang='lat' dir='ltr'><strong>quorum</strong></span> <span class='ocrx_word' id='word_1_178' title='bbox 1008 2546 1340 2602; x_wconf 86' lang='lat' dir='ltr'><strong>auctoritati</strong></span> <span class='ocrx_word' id='word_1_179' title='bbox 1380 2546 1462 2601; x_wconf 90' lang='lat' dir='ltr'><strong>illi</strong></span> <span class='ocrx_word' id='word_1_180' title='bbox 1495 2549 1745 2614; x_wconf 87' lang='lat' dir='ltr'><strong>cedunt;</strong></span> <span class='ocrx_word' id='word_1_181' title='bbox 1780 2564 1914 2603; x_wconf 90' lang='lat' dir='ltr'><strong>cum</strong></span> 
     </span>
    </p>
   </div>
   <div class='ocr_carea' id='block_1_27' title="bbox 281 2631 1918 2707">
    <p class='ocr_par' dir='ltr' id='par_1_27' title="bbox 281 2631 1918 2707">
     <span class='ocr_line' id='line_1_27' title="bbox 281 2631 1918 2707; baseline 0.003 -22"><span class='ocrx_word' id='word_1_182' title='bbox 281 2647 460 2685; x_wconf 84' lang='lat' dir='ltr'><strong>secum</strong></span> <span class='ocrx_word' id='word_1_183' title='bbox 479 2631 601 2703; x_wconf 77' lang='lat' dir='ltr'><strong>ipsi</strong></span> <span class='ocrx_word' id='word_1_184' title='bbox 625 2632 992 2689; x_wconf 88' lang='lat' dir='ltr'><strong>considerare</strong></span> <span class='ocrx_word' id='word_1_185' title='bbox 1014 2635 1259 2706; x_wconf 91' lang='lat' dir='ltr'><strong>possint,</strong></span> <span class='ocrx_word' id='word_1_186' title='bbox 1287 2653 1463 2707; x_wconf 90' lang='lat' dir='ltr'><strong>quam</strong></span> <span class='ocrx_word' id='word_1_187' title='bbox 1487 2637 1674 2693; x_wconf 90' lang='lat' dir='ltr'><strong>multa</strong></span> <span class='ocrx_word' id='word_1_188' title='bbox 1691 2636 1918 2692; x_wconf 87' lang='lat' dir='ltr'><strong>soleant</strong></span> 
     </span>
    </p>
   </div>
   <div class='ocr_carea' id='block_1_28' title="bbox 281 2718 1919 2796">
    <p class='ocr_par' dir='ltr' id='par_1_28' title="bbox 281 2718 1919 2796">
     <span class='ocr_line' id='line_1_28' title="bbox 281 2718 1919 2796; baseline 0.004 -23"><span class='ocrx_word' id='word_1_189' title='bbox 281 2718 454 2775; x_wconf 86' lang='lat' dir='ltr'><strong>dicere</strong></span> <span class='ocrx_word' id='word_1_190' title='bbox 478 2720 759 2776; x_wconf 89' lang='lat' dir='ltr'><strong>immissa</strong></span> <span class='ocrx_word' id='word_1_191' title='bbox 781 2737 908 2777; x_wconf 90' lang='lat' dir='ltr'><strong>esse</strong></span> <span class='ocrx_word' id='word_1_192' title='bbox 931 2722 1247 2794; x_wconf 77' lang='lat' dir='ltr'><strong>Scripturis</strong></span> <span class='ocrx_word' id='word_1_193' title='bbox 1286 2724 1499 2780; x_wconf 82' lang='lat' dir='ltr'><strong>divinis</strong></span> <span class='ocrx_word' id='word_1_194' title='bbox 1523 2743 1556 2780; x_wconf 89' lang='lat' dir='ltr'><strong>a</strong></span> <span class='ocrx_word' id='word_1_195' title='bbox 1575 2725 1768 2781; x_wconf 91' lang='lat' dir='ltr'><strong>nescio</strong></span> <span class='ocrx_word' id='word_1_196' title='bbox 1792 2724 1919 2796; x_wconf 89' lang='lat' dir='ltr'><strong>qui-</strong></span> 
     </span>
    </p>
   </div>
   <div class='ocr_carea' id='block_1_29' title="bbox 280 2808 1921 2887">
    <p class='ocr_par' dir='ltr' id='par_1_29' title="bbox 280 2808 1921 2887">
     <span class='ocr_line' id='line_1_29' title="bbox 280 2808 1921 2887; baseline 0.005 -25"><span class='ocrx_word' id='word_1_197' title='bbox 280 2808 380 2863; x_wconf 89' lang='lat' dir='ltr'><strong>bus</strong></span> <span class='ocrx_word' id='word_1_198' title='bbox 409 2809 860 2881; x_wconf 85' lang='lat' dir='ltr'><strong>corruptoribus</strong></span> <span class='ocrx_word' id='word_1_199' title='bbox 890 2812 1146 2867; x_wconf 83' lang='lat' dir='ltr'><strong>veritatis</strong></span> <span class='ocrx_word' id='word_1_200' title='bbox 1165 2812 1193 2866; x_wconf 82' lang='lat'><strong>?</strong></span> <span class='ocrx_word' id='word_1_201' title='bbox 1222 2814 1355 2879; x_wconf 71' lang='lat' dir='ltr'><strong>Quae</strong></span> <span class='ocrx_word' id='word_1_202' title='bbox 1384 2830 1493 2870; x_wconf 83' lang='lat' dir='ltr'><strong>vox</strong></span> <span class='ocrx_word' id='word_1_203' title='bbox 1522 2814 1665 2869; x_wconf 88' lang='lat' dir='ltr'><strong>mihi</strong></span> <span class='ocrx_word' id='word_1_204' title='bbox 1689 2831 1921 2887; x_wconf 89' lang='lat' dir='ltr'><strong>semper</strong></span> 
     </span>
    </p>
   </div>
   <div class='ocr_carea' id='block_1_30' title="bbox 282 2897 1922 2970">
    <p class='ocr_par' dir='ltr' id='par_1_30' title="bbox 282 2897 1922 2970">
     <span class='ocr_line' id='line_1_30' title="bbox 282 2897 1922 2970; baseline 0.005 -19"><span class='ocrx_word' id='word_1_205' title='bbox 282 2897 527 2967; x_wconf 86' lang='lat' dir='ltr'><strong>quidem,</strong></span> <span class='ocrx_word' id='word_1_206' title='bbox 553 2898 735 2953; x_wconf 89' lang='lat' dir='ltr'><strong>etiam</strong></span> <span class='ocrx_word' id='word_1_207' title='bbox 758 2914 891 2954; x_wconf 91' lang='lat' dir='ltr'><strong>cum</strong></span> <span class='ocrx_word' id='word_1_208' title='bbox 916 2916 1015 2956; x_wconf 93' lang='lat' dir='ltr'><strong>eos</strong></span> <span class='ocrx_word' id='word_1_209' title='bbox 1040 2900 1328 2970; x_wconf 89' lang='lat' dir='ltr'><strong>audirem,</strong></span> <span class='ocrx_word' id='word_1_210' title='bbox 1349 2901 1774 2959; x_wconf 89' lang='lat' dir='ltr'><strong>invalidissima</strong></span> <span class='ocrx_word' id='word_1_211' title='bbox 1795 2904 1922 2959; x_wconf 88' lang='lat' dir='ltr'><strong>visa</strong></span> 
     </span>
    </p>
   </div>
   <div class='ocr_carea' id='block_1_31' title="bbox 283 2987 1920 3064">
    <p class='ocr_par' dir='ltr' id='par_1_31' title="bbox 283 2987 1920 3064">
     <span class='ocr_line' id='line_1_31' title="bbox 283 2987 1920 3064; baseline 0.004 -25"><span class='ocrx_word' id='word_1_212' title='bbox 283 2992 391 3042; x_wconf 87' lang='lat' dir='ltr'><strong>est:</strong></span> <span class='ocrx_word' id='word_1_213' title='bbox 415 3004 519 3043; x_wconf 89' lang='lat' dir='ltr'><strong>nec</strong></span> <span class='ocrx_word' id='word_1_214' title='bbox 541 2987 694 3042; x_wconf 87' lang='lat' dir='ltr'><strong>mihi</strong></span> <span class='ocrx_word' id='word_1_215' title='bbox 714 2988 845 3058; x_wconf 89' lang='lat' dir='ltr'><strong>soli,</strong></span> <span class='ocrx_word' id='word_1_216' title='bbox 867 2990 967 3045; x_wconf 91' lang='lat' dir='ltr'><strong>sed</strong></span> <span class='ocrx_word' id='word_1_217' title='bbox 988 2990 1164 3045; x_wconf 87' lang='lat' dir='ltr'><strong>etiam</strong></span> <span class='ocrx_word' id='word_1_218' title='bbox 1182 2990 1287 3046; x_wconf 91' lang='lat' dir='ltr'><strong>tibi</strong></span> <span class='ocrx_word' id='word_1_219' title='bbox 1308 2992 1465 3063; x_wconf 76' lang='lat' dir='ltr'><strong>(nam</strong></span> <span class='ocrx_word' id='word_1_220' title='bbox 1483 2992 1633 3048; x_wconf 90' lang='lat' dir='ltr'><strong>bene</strong></span> <span class='ocrx_word' id='word_1_221' title='bbox 1656 2992 1920 3064; x_wconf 87' lang='lat' dir='ltr'><strong>memini)</strong></span> 
     </span>
    </p>
   </div>
   <div class='ocr_carea' id='block_1_32' title="bbox 284 3076 1920 3155">
    <p class='ocr_par' dir='ltr' id='par_1_32' title="bbox 284 3076 1920 3155">
     <span class='ocr_line' id='line_1_32' title="bbox 284 3076 1920 3155; baseline 0.004 -26"><span class='ocrx_word' id='word_1_222' title='bbox 284 3078 332 3129; x_wconf 87' lang='lat' dir='ltr'><strong>et</strong></span> <span class='ocrx_word' id='word_1_223' title='bbox 352 3076 516 3132; x_wconf 89' lang='lat' dir='ltr'><strong>nobis</strong></span> <span class='ocrx_word' id='word_1_224' title='bbox 538 3077 846 3144; x_wconf 90' lang='lat' dir='ltr'><strong>omnibus,</strong></span> <span class='ocrx_word' id='word_1_225' title='bbox 872 3078 971 3151; x_wconf 85' lang='lat' dir='ltr'>qui</span> <span class='ocrx_word' id='word_1_226' title='bbox 991 3078 1164 3151; x_wconf 90' lang='lat' dir='ltr'><strong>paulo</strong></span> <span class='ocrx_word' id='word_1_227' title='bbox 1184 3080 1464 3151; x_wconf 87' lang='lat' dir='ltr'><strong>majorem</strong></span> <span class='ocrx_word' id='word_1_228' title='bbox 1483 3081 1846 3155; x_wconf 87' lang='lat' dir='ltr'><strong>diligentiam</strong></span> <span class='ocrx_word' id='word_1_229' title='bbox 1864 3082 1920 3136; x_wconf 92' lang='lat' dir='ltr'><strong>in</strong></span> 
     </span>
    </p>
   </div>
   <div class='ocr_carea' id='block_1_33' title="bbox 280 3164 1923 3242">
    <p class='ocr_par' dir='ltr' id='par_1_33' title="bbox 280 3164 1923 3242">
     <span class='ocr_line' id='line_1_33' title="bbox 280 3164 1923 3242; baseline 0.004 -25"><span class='ocrx_word' id='word_1_230' title='bbox 280 3165 594 3235; x_wconf 89' lang='lat' dir='ltr'><strong>judicando</strong></span> <span class='ocrx_word' id='word_1_231' title='bbox 624 3164 837 3222; x_wconf 90' lang='lat' dir='ltr'><strong>habere</strong></span> <span class='ocrx_word' id='word_1_232' title='bbox 867 3168 1247 3234; x_wconf 87' lang='lat' dir='ltr'><strong>conabamur,</strong></span> <span class='ocrx_word' id='word_1_233' title='bbox 1279 3186 1456 3242; x_wconf 90' lang='lat' dir='ltr'><strong>quam</strong></span> <span class='ocrx_word' id='word_1_234' title='bbox 1488 3171 1661 3226; x_wconf 90' lang='lat' dir='ltr'><strong>turba</strong></span> <span class='ocrx_word' id='word_1_235' title='bbox 1691 3171 1923 3227; x_wconf 90' lang='lat' dir='ltr'><strong>creden-</strong></span> 
     </span>
    </p>
   </div>
   <div class='ocr_carea' id='block_1_34' title="bbox 286 3251 1924 3331">
    <p class='ocr_par' dir='ltr' id='par_1_34' title="bbox 286 3251 1924 3331">
     <span class='ocr_line' id='line_1_34' title="bbox 286 3251 1924 3331; baseline 0.005 -26"><span class='ocrx_word' id='word_1_236' title='bbox 286 3251 443 3307; x_wconf 88' lang='lat' dir='ltr'><strong>tium.</strong></span> <span class='ocrx_word' id='word_1_237' title='bbox 474 3254 650 3308; x_wconf 86' lang='lat' dir='ltr'><strong>Nunc</strong></span> <span class='ocrx_word' id='word_1_238' title='bbox 672 3270 803 3309; x_wconf 90' lang='lat' dir='ltr'><strong>vero</strong></span> <span class='ocrx_word' id='word_1_239' title='bbox 826 3261 1208 3328; x_wconf 88' lang='lat' dir='ltr'><strong>posteaquam</strong></span> <span class='ocrx_word' id='word_1_240' title='bbox 1232 3258 1376 3312; x_wconf 92' lang='lat' dir='ltr'><strong>mihi</strong></span> <span class='ocrx_word' id='word_1_241' title='bbox 1399 3262 1539 3314; x_wconf 89' lang='lat' dir='ltr'><strong>sunt</strong></span> <span class='ocrx_word' id='word_1_242' title='bbox 1558 3259 1817 3331; x_wconf 82' lang='lat' dir='ltr'><strong>exposita</strong></span> <span class='ocrx_word' id='word_1_243' title='bbox 1839 3264 1924 3313; x_wconf 88' lang='lat' dir='ltr'><strong>at-</strong></span> 
     </span>
    </p>
   </div>
   <div class='ocr_carea' id='block_1_35' title="bbox 289 3344 1926 3416">
    <p class='ocr_par' dir='ltr' id='par_1_35' title="bbox 289 3344 1926 3416">
     <span class='ocr_line' id='line_1_35' title="bbox 289 3344 1926 3416; baseline 0.005 -20"><span class='ocrx_word' id='word_1_244' title='bbox 289 3356 389 3411; x_wconf 85' lang='lat' dir='ltr'><strong>que</strong></span> <span class='ocrx_word' id='word_1_245' title='bbox 417 3344 673 3398; x_wconf 87' lang='lat' dir='ltr'><strong>enodata</strong></span> <span class='ocrx_word' id='word_1_246' title='bbox 705 3344 908 3414; x_wconf 87' lang='lat' dir='ltr'><strong>multa,</strong></span> <span class='ocrx_word' id='word_1_247' title='bbox 942 3362 1069 3416; x_wconf 71' lang='lat' dir='ltr'><strong>quae</strong></span> <span class='ocrx_word' id='word_1_248' title='bbox 1102 3362 1195 3401; x_wconf 89' lang='lat' dir='ltr'><strong>me</strong></span> <span class='ocrx_word' id='word_1_249' title='bbox 1224 3347 1477 3403; x_wconf 83' lang='lat' dir='ltr'><strong>maxime</strong></span> <span class='ocrx_word' id='word_1_250' title='bbox 1507 3349 1833 3415; x_wconf 90' lang='lat' dir='ltr'><strong>movebant,</strong></span> <span class='ocrx_word' id='word_1_251' title='bbox 1858 3365 1926 3405; x_wconf 84' lang='lat' dir='ltr'><strong>ea</strong></span> 
     </span>
    </p>
   </div>
   <div class='ocr_carea' id='block_1_36' title="bbox 289 3429 1925 3509">
    <p class='ocr_par' dir='ltr' id='par_1_36' title="bbox 289 3429 1925 3509">
     <span class='ocr_line' id='line_1_36' title="bbox 289 3429 1925 3509; baseline 0.006 -27"><span class='ocrx_word' id='word_1_252' title='bbox 289 3429 499 3485; x_wconf 87' lang='lat' dir='ltr'><strong>scilicet</strong></span> <span class='ocrx_word' id='word_1_253' title='bbox 519 3432 588 3486; x_wconf 84' lang='lat' dir='ltr'><strong>in</strong></span> <span class='ocrx_word' id='word_1_254' title='bbox 612 3432 829 3502; x_wconf 89' lang='lat' dir='ltr'><strong>quibus</strong></span> <span class='ocrx_word' id='word_1_255' title='bbox 844 3432 1075 3489; x_wconf 92' lang='lat' dir='ltr'><strong>illorum</strong></span> <span class='ocrx_word' id='word_1_256' title='bbox 1091 3435 1434 3507; x_wconf 89' lang='lat' dir='ltr'><strong>plerumque</strong></span> <span class='ocrx_word' id='word_1_257' title='bbox 1451 3438 1716 3507; x_wconf 89' lang='lat' dir='ltr'><strong>sejactat,</strong></span> <span class='ocrx_word' id='word_1_258' title='bbox 1737 3444 1793 3492; x_wconf 86' lang='lat' dir='ltr'><strong>et</strong></span> <span class='ocrx_word' id='word_1_259' title='bbox 1811 3454 1925 3509; x_wconf 90' lang='lat' dir='ltr'><strong>quo</strong></span> 
     </span>
    </p>
   </div>
   <div class='ocr_carea' id='block_1_37' title="bbox 290 3520 1922 3594">
    <p class='ocr_par' dir='ltr' id='par_1_37' title="bbox 290 3520 1922 3594">
     <span class='ocr_line' id='line_1_37' title="bbox 290 3520 1922 3594; baseline 0.005 -21"><span class='ocrx_word' id='word_1_260' title='bbox 290 3520 540 3575; x_wconf 87' lang='lat' dir='ltr'><strong>securius</strong></span> <span class='ocrx_word' id='word_1_261' title='bbox 573 3520 698 3576; x_wconf 87' lang='lat' dir='ltr'><strong>sine</strong></span> <span class='ocrx_word' id='word_1_262' title='bbox 720 3522 1071 3593; x_wconf 88' lang='lat' dir='ltr'><strong>adversario,</strong></span> <span class='ocrx_word' id='word_1_263' title='bbox 1095 3540 1160 3579; x_wconf 92' lang='lat' dir='ltr'><strong>eo</strong></span> <span class='ocrx_word' id='word_1_264' title='bbox 1178 3524 1420 3580; x_wconf 78' lang='lat' dir='ltr'><strong>eti‘usius</strong></span> <span class='ocrx_word' id='word_1_265' title='bbox 1442 3524 1689 3581; x_wconf 86' lang='lat' dir='ltr'><strong>exsultat</strong></span> <span class='ocrx_word' id='word_1_266' title='bbox 1706 3526 1922 3594; x_wconf 89' lang='lat' dir='ltr'><strong>oratio;</strong></span> 
     </span>
    </p>
   </div>
   <div class='ocr_carea' id='block_1_38' title="bbox 290 3608 1923 3684">
    <p class='ocr_par' dir='ltr' id='par_1_38' title="bbox 290 3608 1923 3684">
     <span class='ocr_line' id='line_1_38' title="bbox 290 3608 1923 3684; baseline 0.005 -23"><span class='ocrx_word' id='word_1_267' title='bbox 290 3608 583 3665; x_wconf 89' lang='lat' dir='ltr'><strong>nihilmihi</strong></span> <span class='ocrx_word' id='word_1_268' title='bbox 598 3608 831 3665; x_wconf 90' lang='lat' dir='ltr'><strong>videtur</strong></span> <span class='ocrx_word' id='word_1_269' title='bbox 851 3611 1018 3667; x_wconf 88' lang='lat' dir='ltr'><strong>abeis</strong></span> <span class='ocrx_word' id='word_1_270' title='bbox 1033 3612 1435 3684; x_wconf 89' lang='lat' dir='ltr'><strong>impudentius</strong></span> <span class='ocrx_word' id='word_1_271' title='bbox 1456 3614 1592 3680; x_wconf 90' lang='lat' dir='ltr'><strong>dici,</strong></span> <span class='ocrx_word' id='word_1_272' title='bbox 1614 3613 1699 3669; x_wconf 91' lang='lat' dir='ltr'><strong>vel</strong></span> <span class='ocrx_word' id='word_1_273' title='bbox 1726 3619 1789 3669; x_wconf 91' lang='lat' dir='ltr'><strong>ut</strong></span> <span class='ocrx_word' id='word_1_274' title='bbox 1814 3615 1923 3669; x_wconf 91' lang='lat' dir='ltr'><strong>mi-</strong></span> 
     </span>
    </p>
   </div>
   <div class='ocr_carea' id='block_1_39' title="bbox 288 3696 1921 3775">
    <p class='ocr_par' dir='ltr' id='par_1_39' title="bbox 288 3696 1921 3775">
     <span class='ocr_line' id='line_1_39' title="bbox 288 3696 1921 3775; baseline 0.004 -24"><span class='ocrx_word' id='word_1_275' title='bbox 288 3696 395 3753; x_wconf 90' lang='lat' dir='ltr'><strong>tius</strong></span> <span class='ocrx_word' id='word_1_276' title='bbox 420 3698 653 3771; x_wconf 86' lang='lat' dir='ltr'><strong>loquar,</strong></span> <span class='ocrx_word' id='word_1_277' title='bbox 677 3699 1028 3756; x_wconf 90' lang='lat' dir='ltr'><strong>incuriosius</strong></span> <span class='ocrx_word' id='word_1_278' title='bbox 1054 3705 1111 3756; x_wconf 92' lang='lat' dir='ltr'><strong>et</strong></span> <span class='ocrx_word' id='word_1_279' title='bbox 1133 3701 1506 3769; x_wconf 87' lang='lat' dir='ltr'><strong>imbecillius,</strong></span> <span class='ocrx_word' id='word_1_280' title='bbox 1531 3720 1707 3774; x_wconf 88' lang='lat' dir='ltr'><strong>quam</strong></span> <span class='ocrx_word' id='word_1_281' title='bbox 1729 3702 1921 3775; x_wconf 88' lang='lat' dir='ltr'><strong>Scrip-</strong></span> 
     </span>
    </p>
   </div>
   <div class='ocr_carea' id='block_1_40' title="bbox 289 3788 1923 3859">
    <p class='ocr_par' dir='ltr' id='par_1_40' title="bbox 289 3788 1923 3859">
     <span class='ocr_line' id='line_1_40' title="bbox 289 3788 1923 3859; baseline 0.004 -19"><span class='ocrx_word' id='word_1_282' title='bbox 289 3790 439 3841; x_wconf 89' lang='lat' dir='ltr'><strong>turas</strong></span> <span class='ocrx_word' id='word_1_283' title='bbox 460 3788 695 3843; x_wconf 85' lang='lat' dir='ltr'><strong>divinas</strong></span> <span class='ocrx_word' id='word_1_284' title='bbox 726 3804 854 3843; x_wconf 90' lang='lat' dir='ltr'><strong>esse</strong></span> <span class='ocrx_word' id='word_1_285' title='bbox 884 3795 1184 3859; x_wconf 89' lang='lat' dir='ltr'><strong>corruptas</strong></span> <span class='ocrx_word' id='word_1_286' title='bbox 1210 3806 1222 3843; x_wconf 91' lang='lat'><strong>:</strong></span> <span class='ocrx_word' id='word_1_287' title='bbox 1257 3807 1390 3845; x_wconf 92' lang='lat' dir='ltr'><strong>cum</strong></span> <span class='ocrx_word' id='word_1_288' title='bbox 1424 3791 1480 3845; x_wconf 92' lang='lat' dir='ltr'><strong>id</strong></span> <span class='ocrx_word' id='word_1_289' title='bbox 1511 3789 1689 3846; x_wconf 92' lang='lat' dir='ltr'><strong>nullis</strong></span> <span class='ocrx_word' id='word_1_290' title='bbox 1720 3792 1776 3846; x_wconf 91' lang='lat' dir='ltr'>in</span> <span class='ocrx_word' id='word_1_291' title='bbox 1800 3796 1923 3847; x_wconf 92' lang='lat' dir='ltr'><strong>tam</strong></span> 
     </span>
    </p>
   </div>
   <div class='ocr_carea' id='block_1_41' title="bbox 290 3876 1926 3952">
    <p class='ocr_par' dir='ltr' id='par_1_41' title="bbox 290 3876 1926 3952">
     <span class='ocr_line' id='line_1_41' title="bbox 290 3876 1926 3952; baseline 0.002 -21"><span class='ocrx_word' id='word_1_292' title='bbox 290 3876 490 3931; x_wconf 84' lang='lat' dir='ltr'><strong>recenti</strong></span> <span class='ocrx_word' id='word_1_293' title='bbox 526 3877 813 3932; x_wconf 88' lang='lat' dir='ltr'><strong>memoria</strong></span> <span class='ocrx_word' id='word_1_294' title='bbox 846 3877 1209 3933; x_wconf 84' lang='lat' dir='ltr'><strong>exstantibus</strong></span> <span class='ocrx_word' id='word_1_295' title='bbox 1238 3878 1667 3951; x_wconf 85' lang='lat' dir='ltr'><strong>exemplaribus</strong></span> <span class='ocrx_word' id='word_1_296' title='bbox 1698 3880 1926 3952; x_wconf 88' lang='lat' dir='ltr'><strong>possint</strong></span> 
     </span>
    </p>
   </div>
   <div class='ocr_carea' id='block_1_42' title="bbox 290 3964 1923 4040">
    <p class='ocr_par' dir='ltr' id='par_1_42' title="bbox 290 3964 1923 4040">
     <span class='ocr_line' id='line_1_42' title="bbox 290 3964 1923 4040; baseline 0.003 -22"><span class='ocrx_word' id='word_1_297' title='bbox 290 3965 641 4021; x_wconf 88' lang='lat' dir='ltr'><strong>convincere.</strong></span> <span class='ocrx_word' id='word_1_298' title='bbox 678 3964 736 4021; x_wconf 92' lang='lat' dir='ltr'>Si</span> <span class='ocrx_word' id='word_1_299' title='bbox 765 3965 919 4022; x_wconf 90' lang='lat' dir='ltr'><strong>enim</strong></span> <span class='ocrx_word' id='word_1_300' title='bbox 951 3966 1211 4022; x_wconf 85' lang='lat' dir='ltr'><strong>dicerent</strong></span> <span class='ocrx_word' id='word_1_301' title='bbox 1239 3983 1338 4022; x_wconf 91' lang='lat' dir='ltr'><strong>eas</strong></span> <span class='ocrx_word' id='word_1_302' title='bbox 1370 3967 1480 4022; x_wconf 92' lang='lat' dir='ltr'><strong>sibi</strong></span> <span class='ocrx_word' id='word_1_303' title='bbox 1512 3968 1743 4040; x_wconf 91' lang='lat' dir='ltr'><strong>penitus</strong></span> <span class='ocrx_word' id='word_1_304' title='bbox 1774 3968 1923 4025; x_wconf 80' lang='lat' dir='ltr'><strong>acci-</strong></span> 
     </span>
    </p>
   </div>
   <div class='ocr_carea' id='block_1_43' title="bbox 291 4052 1921 4129">
    <p class='ocr_par' dir='ltr' id='par_1_43' title="bbox 291 4052 1921 4129">
     <span class='ocr_line' id='line_1_43' title="bbox 291 4052 1921 4129; baseline 0.004 -23"><span class='ocrx_word' id='word_1_305' title='bbox 291 4052 521 4123; x_wconf 88' lang='lat' dir='ltr'><strong>piendas</strong></span> <span class='ocrx_word' id='word_1_306' title='bbox 544 4070 663 4109; x_wconf 91' lang='lat' dir='ltr'><strong>non</strong></span> <span class='ocrx_word' id='word_1_307' title='bbox 690 4060 948 4126; x_wconf 87' lang='lat' dir='ltr'><strong>putasse,</strong></span> <span class='ocrx_word' id='word_1_308' title='bbox 974 4056 1128 4126; x_wconf 92' lang='lat' dir='ltr'><strong>quod</strong></span> <span class='ocrx_word' id='word_1_309' title='bbox 1147 4056 1218 4110; x_wconf 92' lang='lat' dir='ltr'><strong>ab</strong></span> <span class='ocrx_word' id='word_1_310' title='bbox 1236 4054 1328 4111; x_wconf 91' lang='lat' dir='ltr'><strong>his</strong></span> <span class='ocrx_word' id='word_1_311' title='bbox 1345 4061 1541 4111; x_wconf 90' lang='lat' dir='ltr'><strong>essent</strong></span> <span class='ocrx_word' id='word_1_312' title='bbox 1557 4057 1921 4129; x_wconf 64' lang='lat' dir='ltr'><strong>conscriptas,</strong></span> 
     </span>
    </p>
   </div>
   <div class='ocr_carea' id='block_1_44' title="bbox 292 4143 1925 4215">
    <p class='ocr_par' dir='ltr' id='par_1_44' title="bbox 292 4143 1925 4215">
     <span class='ocr_line' id='line_1_44' title="bbox 292 4143 1925 4215; baseline 0.004 -19"><span class='ocrx_word' id='word_1_313' title='bbox 292 4157 425 4211; x_wconf 88' lang='lat' dir='ltr'><strong>quos</strong></span> <span class='ocrx_word' id='word_1_314' title='bbox 446 4160 652 4198; x_wconf 90' lang='lat' dir='ltr'><strong>verum</strong></span> <span class='ocrx_word' id='word_1_315' title='bbox 668 4143 941 4215; x_wconf 91' lang='lat' dir='ltr'><strong>scripisse</strong></span> <span class='ocrx_word' id='word_1_316' title='bbox 952 4160 1067 4199; x_wconf 92' lang='lat' dir='ltr'><strong>non</strong></span> <span class='ocrx_word' id='word_1_317' title='bbox 1084 4143 1533 4212; x_wconf 87' lang='lat' dir='ltr'><strong>arbitrarentur;</strong></span> <span class='ocrx_word' id='word_1_318' title='bbox 1554 4151 1925 4204; x_wconf 87' lang='lat' dir='ltr'><strong>essetutcun-</strong></span> 
     </span>
    </p>
   </div>
   <div class='ocr_carea' id='block_1_45' title="bbox 294 4232 1921 4303">
    <p class='ocr_par' dir='ltr' id='par_1_45' title="bbox 294 4232 1921 4303">
     <span class='ocr_line' id='line_1_45' title="bbox 294 4232 1921 4303; baseline 0.007 -20"><span class='ocrx_word' id='word_1_319' title='bbox 294 4244 393 4299; x_wconf 89' lang='lat' dir='ltr'><strong>que</strong></span> <span class='ocrx_word' id='word_1_320' title='bbox 413 4232 815 4303; x_wconf 87' lang='lat' dir='ltr'><strong>tergiversatio</strong></span> <span class='ocrx_word' id='word_1_321' title='bbox 832 4249 1032 4288; x_wconf 92' lang='lat' dir='ltr'><strong>eorum</strong></span> <span class='ocrx_word' id='word_1_322' title='bbox 1057 4236 1285 4303; x_wconf 89' lang='lat' dir='ltr'><strong>rectior,</strong></span> <span class='ocrx_word' id='word_1_323' title='bbox 1308 4234 1395 4289; x_wconf 90' lang='lat' dir='ltr'><strong>vel</strong></span> <span class='ocrx_word' id='word_1_324' title='bbox 1413 4250 1573 4290; x_wconf 92' lang='lat' dir='ltr'><strong>error</strong></span> <span class='ocrx_word' id='word_1_325' title='bbox 1588 4235 1921 4295; x_wconf 87' lang='lat' dir='ltr'><strong>humanior.</strong></span> 
     </span>
    </p>
   </div>
   <div class='ocr_carea' id='block_1_46' title="bbox 292 4316 1923 4397">
    <p class='ocr_par' dir='ltr' id='par_1_46' title="bbox 292 4316 1923 4397">
     <span class='ocr_line' id='line_1_46' title="bbox 292 4316 1923 4397; baseline 0.006 -25"><span class='ocrx_word' id='word_1_326' title='bbox 292 4316 397 4374; x_wconf 86' lang='lat' dir='ltr'><strong>Hoc</strong></span> <span class='ocrx_word' id='word_1_327' title='bbox 418 4321 573 4375; x_wconf 90' lang='lat' dir='ltr'><strong>enim</strong></span> <span class='ocrx_word' id='word_1_328' title='bbox 600 4322 672 4375; x_wconf 92' lang='lat' dir='ltr'><strong>de</strong></span> <span class='ocrx_word' id='word_1_329' title='bbox 695 4320 791 4376; x_wconf 94' lang='lat' dir='ltr'><strong>illo</strong></span> <span class='ocrx_word' id='word_1_330' title='bbox 818 4320 966 4377; x_wconf 90' lang='lat' dir='ltr'><strong>libro</strong></span> <span class='ocrx_word' id='word_1_331' title='bbox 988 4322 1267 4390; x_wconf 85' lang='lat' dir='ltr'><strong>fecerunt,</strong></span> <span class='ocrx_word' id='word_1_332' title='bbox 1296 4323 1393 4395; x_wconf 91' lang='lat' dir='ltr'>qui</span> <span class='ocrx_word' id='word_1_333' title='bbox 1418 4328 1597 4380; x_wconf 84' lang='lat' dir='ltr'><strong>Actus</strong></span> <span class='ocrx_word' id='word_1_334' title='bbox 1620 4327 1923 4397; x_wconf 85' lang='lat' dir='ltr'><strong>Apostolo-</strong></span> 
     </span>
    </p>
   </div>
   <div class='ocr_carea' id='block_1_47' title="bbox 291 4408 1923 4478">
    <p class='ocr_par' dir='ltr' id='par_1_47' title="bbox 291 4408 1923 4478">
     <span class='ocr_line' id='line_1_47' title="bbox 291 4408 1923 4478; baseline 0.006 -17"><span class='ocrx_word' id='word_1_335' title='bbox 291 4422 411 4462; x_wconf 89' lang='lat' dir='ltr'><strong>rum</strong></span> <span class='ocrx_word' id='word_1_336' title='bbox 426 4408 958 4473; x_wconf 90' lang='lat' dir='ltr'><strong>inscribitur.Quod</strong></span> <span class='ocrx_word' id='word_1_337' title='bbox 974 4427 1174 4466; x_wconf 89' lang='lat' dir='ltr'><strong>eorum</strong></span> <span class='ocrx_word' id='word_1_338' title='bbox 1190 4411 1524 4478; x_wconf 91' lang='lat' dir='ltr'><strong>consilium,</strong></span> <span class='ocrx_word' id='word_1_339' title='bbox 1544 4430 1674 4468; x_wconf 90' lang='lat' dir='ltr'><strong>cum</strong></span> <span class='ocrx_word' id='word_1_340' title='bbox 1693 4430 1923 4472; x_wconf 91' lang='lat' dir='ltr'><strong>mecum</strong></span> 
     </span>
    </p>
   </div>
   <div class='ocr_carea' id='block_1_48' title="bbox 288 4494 1929 4575">
    <p class='ocr_par' dir='ltr' id='par_1_48' title="bbox 288 4494 1929 4575">
     <span class='ocr_line' id='line_1_48' title="bbox 288 4494 1929 4575; baseline 0.007 -27"><span class='ocrx_word' id='word_1_341' title='bbox 288 4494 402 4565; x_wconf 88' lang='lat' dir='ltr'><strong>ipse</strong></span> <span class='ocrx_word' id='word_1_342' title='bbox 424 4502 736 4569; x_wconf 87' lang='lat' dir='ltr'><strong>pertracto,</strong></span> <span class='ocrx_word' id='word_1_343' title='bbox 754 4514 977 4571; x_wconf 87' lang='lat' dir='ltr'><strong>nequeo</strong></span> <span class='ocrx_word' id='word_1_344' title='bbox 1001 4500 1143 4556; x_wconf 89' lang='lat' dir='ltr'><strong>satis</strong></span> <span class='ocrx_word' id='word_1_345' title='bbox 1157 4500 1376 4556; x_wconf 87' lang='lat' dir='ltr'><strong>mirari.</strong></span> <span class='ocrx_word' id='word_1_346' title='bbox 1392 4501 1516 4556; x_wconf 91' lang='lat' dir='ltr'><strong>Non</strong></span> <span class='ocrx_word' id='word_1_347' title='bbox 1532 4502 1684 4558; x_wconf 92' lang='lat' dir='ltr'><strong>enim</strong></span> <span class='ocrx_word' id='word_1_348' title='bbox 1700 4503 1929 4575; x_wconf 85' lang='lat' dir='ltr'><strong>sapien-</strong></span> 
     </span>
    </p>
   </div>
   <div class='ocr_carea' id='block_1_49' title="bbox 287 4581 1921 4655">
    <p class='ocr_par' dir='ltr' id='par_1_49' title="bbox 287 4581 1921 4655">
     <span class='ocr_line' id='line_1_49' title="bbox 287 4581 1921 4655; baseline 0.006 -18"><span class='ocrx_word' id='word_1_349' title='bbox 287 4581 418 4639; x_wconf 87' lang='lat' dir='ltr'><strong>tiam</strong></span> <span class='ocrx_word' id='word_1_350' title='bbox 441 4585 751 4642; x_wconf 86' lang='lat' dir='ltr'><strong>hominum</strong></span> <span class='ocrx_word' id='word_1_351' title='bbox 775 4588 833 4642; x_wconf 93' lang='lat' dir='ltr'><strong>in</strong></span> <span class='ocrx_word' id='word_1_352' title='bbox 856 4588 963 4643; x_wconf 92' lang='lat' dir='ltr'><strong>hac</strong></span> <span class='ocrx_word' id='word_1_353' title='bbox 987 4604 1069 4655; x_wconf 90' lang='lat' dir='ltr'><strong>re,</strong></span> <span class='ocrx_word' id='word_1_354' title='bbox 1090 4589 1189 4644; x_wconf 91' lang='lat' dir='ltr'><strong>sed</strong></span> <span class='ocrx_word' id='word_1_355' title='bbox 1214 4605 1312 4643; x_wconf 91' lang='lat' dir='ltr'><strong>cor</strong></span> <span class='ocrx_word' id='word_1_356' title='bbox 1329 4589 1618 4645; x_wconf 88' lang='lat' dir='ltr'><strong>mediocre</strong></span> <span class='ocrx_word' id='word_1_357' title='bbox 1637 4590 1921 4647; x_wconf 88' lang='lat' dir='ltr'><strong>desidero.</strong></span> 
     </span>
    </p>
   </div>
   <div class='ocr_carea' id='block_1_50' title="bbox 289 4672 1924 4752">
    <p class='ocr_par' dir='ltr' id='par_1_50' title="bbox 289 4672 1924 4752">
     <span class='ocr_line' id='line_1_50' title="bbox 289 4672 1924 4752; baseline 0.005 -25"><span class='ocrx_word' id='word_1_358' title='bbox 289 4672 463 4730; x_wconf 85' lang='lat' dir='ltr'><strong>Tanta</strong></span> <span class='ocrx_word' id='word_1_359' title='bbox 482 4675 641 4731; x_wconf 90' lang='lat' dir='ltr'><strong>enim</strong></span> <span class='ocrx_word' id='word_1_360' title='bbox 662 4676 810 4732; x_wconf 90' lang='lat' dir='ltr'><strong>liber</strong></span> <span class='ocrx_word' id='word_1_361' title='bbox 825 4678 934 4733; x_wconf 90' lang='lat' dir='ltr'><strong>iste</strong></span> <span class='ocrx_word' id='word_1_362' title='bbox 958 4678 1156 4745; x_wconf 90' lang='lat' dir='ltr'><strong>habet,</strong></span> <span class='ocrx_word' id='word_1_363' title='bbox 1172 4696 1299 4751; x_wconf 65' lang='lat' dir='ltr'><strong>quas</strong></span> <span class='ocrx_word' id='word_1_364' title='bbox 1320 4678 1535 4734; x_wconf 86' lang='lat' dir='ltr'><strong>similia</strong></span> <span class='ocrx_word' id='word_1_365' title='bbox 1554 4680 1777 4735; x_wconf 84' lang='lat' dir='ltr'><strong>sinthis</strong></span> <span class='ocrx_word' id='word_1_366' title='bbox 1797 4698 1924 4752; x_wconf 67' lang='lat' dir='ltr'><strong>quas</strong></span> 
     </span>
    </p>
   </div>
   <div class='ocr_carea' id='block_1_51' title="bbox 291 4762 1927 4839">
    <p class='ocr_par' dir='ltr' id='par_1_51' title="bbox 291 4762 1927 4839">
     <span class='ocr_line' id='line_1_51' title="bbox 291 4762 1927 4839; baseline 0.007 -25"><span class='ocrx_word' id='word_1_367' title='bbox 291 4762 595 4835; x_wconf 88' lang='lat' dir='ltr'><strong>accipiunt,</strong></span> <span class='ocrx_word' id='word_1_368' title='bbox 631 4771 695 4820; x_wconf 89' lang='lat' dir='ltr'><strong>ut</strong></span> <span class='ocrx_word' id='word_1_369' title='bbox 726 4782 949 4839; x_wconf 70' lang='lat' dir='ltr'><strong>magnae</strong></span> <span class='ocrx_word' id='word_1_370' title='bbox 970 4767 1232 4823; x_wconf 67' lang='lat' dir='ltr'><strong>stultitiae</strong></span> <span class='ocrx_word' id='word_1_371' title='bbox 1256 4768 1400 4823; x_wconf 91' lang='lat' dir='ltr'><strong>mihi</strong></span> <span class='ocrx_word' id='word_1_372' title='bbox 1422 4767 1705 4835; x_wconf 74' lang='lat' dir='ltr'><strong>videatur,</strong></span> <span class='ocrx_word' id='word_1_373' title='bbox 1732 4786 1846 4825; x_wconf 93' lang='lat' dir='ltr'><strong>non</strong></span> <span class='ocrx_word' id='word_1_374' title='bbox 1869 4775 1927 4826; x_wconf 88' lang='lat' dir='ltr'><strong>et</strong></span> 
     </span>
    </p>
   </div>
   <div class='ocr_carea' id='block_1_52' title="bbox 292 4848 1926 4928">
    <p class='ocr_par' dir='ltr' id='par_1_52' title="bbox 292 4848 1926 4928">
     <span class='ocr_line' id='line_1_52' title="bbox 292 4848 1926 4928; baseline 0.007 -25"><span class='ocrx_word' id='word_1_375' title='bbox 292 4848 439 4907; x_wconf 89' lang='lat' dir='ltr'><strong>hunc</strong></span> <span class='ocrx_word' id='word_1_376' title='bbox 463 4854 742 4926; x_wconf 85' lang='lat' dir='ltr'><strong>accipere,</strong></span> <span class='ocrx_word' id='word_1_377' title='bbox 770 4861 828 4910; x_wconf 90' lang='lat' dir='ltr'><strong>et</strong></span> <span class='ocrx_word' id='word_1_378' title='bbox 849 4856 897 4910; x_wconf 93' lang='lat' dir='ltr'><strong>si</strong></span> <span class='ocrx_word' id='word_1_379' title='bbox 924 4856 1064 4927; x_wconf 91' lang='lat' dir='ltr'><strong>quid</strong></span> <span class='ocrx_word' id='word_1_380' title='bbox 1090 4856 1172 4911; x_wconf 91' lang='lat' dir='ltr'><strong>ibi</strong></span> <span class='ocrx_word' id='word_1_381' title='bbox 1194 4872 1291 4912; x_wconf 89' lang='lat' dir='ltr'><strong>eos</strong></span> <span class='ocrx_word' id='word_1_382' title='bbox 1312 4857 1572 4928; x_wconf 77' lang='lat' dir='ltr'><strong>offendit,</strong></span> <span class='ocrx_word' id='word_1_383' title='bbox 1598 4858 1812 4913; x_wconf 84' lang='lat' dir='ltr'><strong>falsum</strong></span> <span class='ocrx_word' id='word_1_384' title='bbox 1838 4862 1926 4914; x_wconf 90' lang='lat' dir='ltr'><strong>at-</strong></span> 
     </span>
    </p>
   </div>
   <div class='ocr_carea' id='block_1_53' title="bbox 293 4941 1925 5020">
    <p class='ocr_par' dir='ltr' id='par_1_53' title="bbox 293 4941 1925 5020">
     <span class='ocr_line' id='line_1_53' title="bbox 293 4941 1925 5020; baseline 0.007 -27"><span class='ocrx_word' id='word_1_385' title='bbox 293 4954 396 5009; x_wconf 91' lang='lat' dir='ltr'><strong>que</strong></span> <span class='ocrx_word' id='word_1_386' title='bbox 428 4941 763 4999; x_wconf 91' lang='lat' dir='ltr'><strong>immissum</strong></span> <span class='ocrx_word' id='word_1_387' title='bbox 796 4944 1007 5000; x_wconf 91' lang='lat' dir='ltr'><strong>dicere.</strong></span> <span class='ocrx_word' id='word_1_388' title='bbox 1041 4951 1157 5000; x_wconf 85' lang='lat' dir='ltr'><strong>Aut</strong></span> <span class='ocrx_word' id='word_1_389' title='bbox 1179 4946 1227 5000; x_wconf 91' lang='lat' dir='ltr'><strong>si</strong></span> <span class='ocrx_word' id='word_1_390' title='bbox 1251 4946 1385 5001; x_wconf 90' lang='lat' dir='ltr'><strong>talis</strong></span> <span class='ocrx_word' id='word_1_391' title='bbox 1408 4947 1591 5002; x_wconf 88' lang='lat' dir='ltr'><strong>oratio</strong></span> <span class='ocrx_word' id='word_1_392' title='bbox 1613 4947 1925 5020; x_wconf 90' lang='lat' dir='ltr'><strong>impudens</strong></span> 
     </span>
    </p>
   </div>
   <div class='ocr_carea' id='block_1_54' title="bbox 296 5029 1927 5108">
    <p class='ocr_par' dir='ltr' id='par_1_54' title="bbox 296 5029 1927 5108">
     <span class='ocr_line' id='line_1_54' title="bbox 296 5029 1927 5108; baseline 0.007 -25"><span class='ocrx_word' id='word_1_393' title='bbox 296 5033 395 5095; x_wconf 87' lang='lat' dir='ltr'><strong>est,</strong></span> <span class='ocrx_word' id='word_1_394' title='bbox 421 5029 589 5085; x_wconf 89' lang='lat' dir='ltr'><strong>sicuti</strong></span> <span class='ocrx_word' id='word_1_395' title='bbox 613 5036 722 5098; x_wconf 88' lang='lat' dir='ltr'><strong>est,</strong></span> <span class='ocrx_word' id='word_1_396' title='bbox 747 5049 850 5089; x_wconf 91' lang='lat' dir='ltr'><strong>cur</strong></span> <span class='ocrx_word' id='word_1_397' title='bbox 869 5032 928 5088; x_wconf 90' lang='lat' dir='ltr'><strong>in</strong></span> <span class='ocrx_word' id='word_1_398' title='bbox 954 5032 1117 5089; x_wconf 91' lang='lat' dir='ltr'><strong>Pauli</strong></span> <span class='ocrx_word' id='word_1_399' title='bbox 1140 5034 1435 5106; x_wconf 89' lang='lat' dir='ltr'><strong>Epistolis,</strong></span> <span class='ocrx_word' id='word_1_400' title='bbox 1465 5051 1568 5091; x_wconf 90' lang='lat' dir='ltr'><strong>cur</strong></span> <span class='ocrx_word' id='word_1_401' title='bbox 1588 5037 1647 5091; x_wconf 92' lang='lat' dir='ltr'><strong>in</strong></span> <span class='ocrx_word' id='word_1_402' title='bbox 1676 5042 1927 5108; x_wconf 87' lang='lat' dir='ltr'><strong>quatuor</strong></span> 
     </span>
    </p>
   </div>
   <div class='ocr_carea' id='block_1_55' title="bbox 298 5116 1927 5199">
    <p class='ocr_par' dir='ltr' id='par_1_55' title="bbox 298 5116 1927 5199">
     <span class='ocr_line' id='line_1_55' title="bbox 298 5116 1927 5199; baseline 0.009 -29"><span class='ocrx_word' id='word_1_403' title='bbox 298 5116 576 5192; x_wconf 87' lang='lat' dir='ltr'><strong>Evangelii</strong></span> <span class='ocrx_word' id='word_1_404' title='bbox 602 5121 766 5178; x_wconf 91' lang='lat' dir='ltr'><strong>libris</strong></span> <span class='ocrx_word' id='word_1_405' title='bbox 794 5138 861 5178; x_wconf 88' lang='lat' dir='ltr'><strong>ea</strong></span> <span class='ocrx_word' id='word_1_406' title='bbox 890 5122 1078 5179; x_wconf 90' lang='lat' dir='ltr'><strong>valere</strong></span> <span class='ocrx_word' id='word_1_407' title='bbox 1109 5123 1328 5195; x_wconf 89' lang='lat' dir='ltr'><strong>aliquid</strong></span> <span class='ocrx_word' id='word_1_408' title='bbox 1358 5129 1585 5195; x_wconf 89' lang='lat' dir='ltr'><strong>putant,</strong></span> <span class='ocrx_word' id='word_1_409' title='bbox 1619 5126 1678 5181; x_wconf 92' lang='lat' dir='ltr'><strong>in</strong></span> <span class='ocrx_word' id='word_1_410' title='bbox 1711 5128 1927 5199; x_wconf 90' lang='lat' dir='ltr'><strong>quibus</strong></span> 
     </span>
    </p>
   </div>
   <div class='ocr_carea' id='block_1_56' title="bbox 295 5203 1925 5287">
    <p class='ocr_par' dir='ltr' id='par_1_56' title="bbox 295 5203 1925 5287">
     <span class='ocr_line' id='line_1_56' title="bbox 295 5203 1925 5287; baseline 0.007 -27"><span class='ocrx_word' id='word_1_411' title='bbox 295 5203 439 5263; x_wconf 87' lang='lat' dir='ltr'><strong>haud</strong></span> <span class='ocrx_word' id='word_1_412' title='bbox 464 5210 582 5266; x_wconf 84' lang='lat' dir='ltr'><strong>scio</strong></span> <span class='ocrx_word' id='word_1_413' title='bbox 604 5228 676 5266; x_wconf 89' lang='lat' dir='ltr'><strong>an</strong></span> <span class='ocrx_word' id='word_1_414' title='bbox 704 5211 891 5268; x_wconf 89' lang='lat' dir='ltr'><strong>multo</strong></span> <span class='ocrx_word' id='word_1_415' title='bbox 914 5211 1083 5284; x_wconf 91' lang='lat' dir='ltr'><strong>plura</strong></span> <span class='ocrx_word' id='word_1_416' title='bbox 1106 5211 1223 5268; x_wconf 91' lang='lat' dir='ltr'><strong>sint</strong></span> <span class='ocrx_word' id='word_1_417' title='bbox 1245 5216 1635 5285; x_wconf 84' lang='lat' dir='ltr'><strong>proportione,</strong></span> <span class='ocrx_word' id='word_1_418' title='bbox 1667 5232 1840 5287; x_wconf 89' lang='lat' dir='ltr'><strong>quam</strong></span> <span class='ocrx_word' id='word_1_419' title='bbox 1866 5216 1925 5273; x_wconf 92' lang='lat' dir='ltr'><strong>in</strong></span> 
     </span>
    </p>
   </div>
   <div class='ocr_carea' id='block_1_57' title="bbox 296 5292 1930 5374">
    <p class='ocr_par' dir='ltr' id='par_1_57' title="bbox 296 5292 1930 5374">
     <span class='ocr_line' id='line_1_57' title="bbox 296 5292 1930 5374; baseline 0.007 -27"><span class='ocrx_word' id='word_1_420' title='bbox 296 5292 386 5349; x_wconf 93' lang='lat' dir='ltr'><strong>illo</strong></span> <span class='ocrx_word' id='word_1_421' title='bbox 406 5296 551 5354; x_wconf 91' lang='lat' dir='ltr'><strong>libro</strong></span> <span class='ocrx_word' id='word_1_422' title='bbox 578 5316 705 5356; x_wconf 88' lang='lat' dir='ltr'><strong>esse</strong></span> <span class='ocrx_word' id='word_1_423' title='bbox 728 5305 1063 5372; x_wconf 88' lang='lat' dir='ltr'><strong>potuerunt,</strong></span> <span class='ocrx_word' id='word_1_424' title='bbox 1088 5318 1214 5373; x_wconf 69' lang='lat' dir='ltr'><strong>quae</strong></span> <span class='ocrx_word' id='word_1_425' title='bbox 1237 5318 1270 5356; x_wconf 88' lang='lat' dir='ltr'><strong>a</strong></span> <span class='ocrx_word' id='word_1_426' title='bbox 1292 5303 1728 5374; x_wconf 88' lang='lat' dir='ltr'><strong>corruptoribus</strong></span> <span class='ocrx_word' id='word_1_427' title='bbox 1755 5305 1930 5361; x_wconf 88' lang='lat' dir='ltr'><strong>inter-</strong></span> 
     </span>
    </p>
   </div>
   <div class='ocr_carea' id='block_1_58' title="bbox 291 5381 1927 5465">
    <p class='ocr_par' dir='ltr' id='par_1_58' title="bbox 291 5381 1927 5465">
     <span class='ocr_line' id='line_1_58' title="bbox 291 5381 1927 5465; baseline 0.007 -29"><span class='ocrx_word' id='word_1_428' title='bbox 291 5381 434 5451; x_wconf 87' lang='lat' dir='ltr'><strong>jecta</strong></span> <span class='ocrx_word' id='word_1_429' title='bbox 454 5388 858 5445; x_wconf 84' lang='lat' dir='ltr'><strong>credivolunt?</strong></span> <span class='ocrx_word' id='word_1_430' title='bbox 882 5390 990 5446; x_wconf 91' lang='lat' dir='ltr'><strong>Sed</strong></span> <span class='ocrx_word' id='word_1_431' title='bbox 1017 5390 1298 5446; x_wconf 89' lang='lat' dir='ltr'><strong>nimirum</strong></span> <span class='ocrx_word' id='word_1_432' title='bbox 1320 5390 1464 5446; x_wconf 91' lang='lat' dir='ltr'><strong>illud</strong></span> <span class='ocrx_word' id='word_1_433' title='bbox 1488 5396 1578 5447; x_wconf 88' lang='lat' dir='ltr'><strong>est</strong></span> <span class='ocrx_word' id='word_1_434' title='bbox 1606 5396 1757 5465; x_wconf 90' lang='lat' dir='ltr'><strong>quod</strong></span> <span class='ocrx_word' id='word_1_435' title='bbox 1781 5393 1927 5449; x_wconf 90' lang='lat' dir='ltr'><strong>mihi</strong></span> 
     </span>
    </p>
   </div>
   <div class='ocr_carea' id='block_1_59' title="bbox 296 5471 1928 5554">
    <p class='ocr_par' dir='ltr' id='par_1_59' title="bbox 296 5471 1928 5554">
     <span class='ocr_line' id='line_1_59' title="bbox 296 5471 1928 5554; baseline 0.008 -28"><span class='ocrx_word' id='word_1_436' title='bbox 296 5471 679 5547; x_wconf 87' lang='lat' dir='ltr'><strong>videtur,quod</strong></span> <span class='ocrx_word' id='word_1_437' title='bbox 695 5484 826 5550; x_wconf 92' lang='lat' dir='ltr'><strong>peto</strong></span> <span class='ocrx_word' id='word_1_438' title='bbox 840 5477 1240 5550; x_wconf 90' lang='lat' dir='ltr'><strong>placidissimo</strong></span> <span class='ocrx_word' id='word_1_439' title='bbox 1254 5485 1309 5535; x_wconf 87' lang='lat' dir='ltr'><strong>et</strong></span> <span class='ocrx_word' id='word_1_440' title='bbox 1324 5480 1725 5554; x_wconf 89' lang='lat' dir='ltr'><strong>serenissimoj</strong></span> <span class='ocrx_word' id='word_1_441' title='bbox 1738 5483 1928 5540; x_wconf 92' lang='lat' dir='ltr'><strong>udicio</strong></span> 
     </span>
    </p>
   </div>
   <div class='ocr_carea' id='block_1_60' title="bbox 356 5582 1931 5650">
    <p class='ocr_par' dir='ltr' id='par_1_60' title="bbox 356 5582 1931 5650">
     <span class='ocr_line' id='line_1_60' title="bbox 356 5582 1931 5650; baseline 0.007 -22"><span class='ocrx_word' id='word_1_442' title='bbox 356 5585 366 5616; x_wconf 77' lang='grc' dir='ltr'><strong>ι</strong></span> <span class='ocrx_word' id='word_1_443' title='bbox 390 5582 443 5630; x_wconf 88' lang='lat' dir='ltr'><strong>lu</strong></span> <span class='ocrx_word' id='word_1_444' title='bbox 461 5586 665 5650; x_wconf 76' lang='lat' dir='ltr'><strong>excusis</strong></span> <span class='ocrx_word' id='word_1_445' title='bbox 685 5584 949 5650; x_wconf 82' lang='lat' dir='ltr'><strong><em>analogia.</em></strong></span> <span class='ocrx_word' id='word_1_446' title='bbox 976 5588 1035 5636; x_wconf 83' lang='lat' dir='ltr'><strong>In</strong></span> <span class='ocrx_word' id='word_1_447' title='bbox 1060 5588 1183 5637; x_wconf 83' lang='lat' dir='ltr'><strong>Mss.</strong></span> <span class='ocrx_word' id='word_1_448' title='bbox 1206 5586 1931 5650; x_wconf 68' lang='lat' dir='ltr'><strong>vero,analogiam.ltefertur</strong></span> 
     </span>
    </p>
   </div>
   <div class='ocr_carea' id='block_1_61' title="bbox 304 5640 1925 5762">
    <p class='ocr_par' dir='ltr' id='par_1_61' title="bbox 304 5640 1925 5762">
     <span class='ocr_line' id='line_1_61' title="bbox 304 5640 1925 5720; baseline 0.007 -29"><span class='ocrx_word' id='word_1_449' title='bbox 304 5640 358 5688; x_wconf 72' lang='lat' dir='ltr'><strong>ad</strong></span> <span class='ocrx_word' id='word_1_450' title='bbox 374 5645 739 5713; x_wconf 68' lang='lat' dir='ltr'><strong>verbum,usos,</strong></span> <span class='ocrx_word' id='word_1_451' title='bbox 793 5640 897 5698; x_wconf 71' lang='lat' dir='ltr'><strong>uod</strong></span> <span class='ocrx_word' id='word_1_452' title='bbox 920 5664 1039 5699; x_wconf 92' lang='lat' dir='ltr'><strong>cum</strong></span> <span class='ocrx_word' id='word_1_453' title='bbox 1063 5640 1355 5700; x_wconf 83' lang='lat' dir='ltr'><strong>accusandi</strong></span> <span class='ocrx_word' id='word_1_454' title='bbox 1372 5664 1497 5699; x_wconf 85' lang='lat' dir='ltr'><strong>casu</strong></span> <span class='ocrx_word' id='word_1_455' title='bbox 1516 5640 1631 5701; x_wconf 66' lang='lat' dir='ltr'><strong>non</strong></span> <span class='ocrx_word' id='word_1_456' title='bbox 1647 5653 1925 5720; x_wconf 81' lang='lat' dir='ltr'><strong>inelegan-</strong></span> 
     </span>
     <span class='ocr_line' id='line_1_62' title="bbox 308 5662 1925 5762; baseline 0 0"><span class='ocrx_word' id='word_1_457' title='bbox 308 5705 376 5753; x_wconf 70' lang='grc' dir='ltr'><strong>ῑεῒ</strong></span> <span class='ocrx_word' id='word_1_458' title='bbox 389 5708 638 5762; x_wconf 80' lang='lat' dir='ltr'><strong>Junaitur.</strong></span> <span class='ocrx_word' id='word_1_459' title='bbox 654 5711 740 5762; x_wconf 82' lang='lat' dir='ltr'><strong>Sic</strong></span> <span class='ocrx_word' id='word_1_460' title='bbox 754 5662 919 5762; x_wconf 48' lang='lat' dir='ltr'><strong>(intra.</strong></span> <span class='ocrx_word' id='word_1_461' title='bbox 932 5726 1049 5762; x_wconf 81' lang='lat' dir='ltr'><strong>can.</strong></span> <span class='ocrx_word' id='word_1_462' title='bbox 1062 5714 1113 5762; x_wconf 88' lang='lat'><strong>8.</strong></span> <span class='ocrx_word' id='word_1_463' title='bbox 1131 5712 1420 5762; x_wconf 71' lang='lat' dir='ltr'><strong>cuiusmodi</strong></span> <span class='ocrx_word' id='word_1_464' title='bbox 1432 5714 1569 5762; x_wconf 86' lang='lat' dir='ltr'><strong>viam</strong></span> <span class='ocrx_word' id='word_1_465' title='bbox 1582 5728 1702 5762; x_wconf 87' lang='lat' dir='ltr'><strong>usus</strong></span> <span class='ocrx_word' id='word_1_466' title='bbox 1716 5717 1925 5762; x_wconf 78' lang='lat' dir='ltr'><strong>luerim.</strong></span> 
     </span>
    </p>
   </div>
   <div class='ocr_carea' id='block_1_62' title="bbox 308 5686 1928 5781">
    <p class='ocr_par' dir='ltr' id='par_1_62' title="bbox 308 5686 1928 5781">
     <span class='ocr_line' id='line_1_63' title="bbox 308 5686 1928 5781; baseline 0.01 -30"><span class='ocrx_word' id='word_1_467' title='bbox 308 5686 376 5753; x_wconf 71' lang='grc' dir='ltr'><strong>ιέτ</strong></span> <span class='ocrx_word' id='word_1_468' title='bbox 386 5686 740 5772; x_wconf 56' lang='grc' dir='ltr'><strong>άῖιῐεῖῐῐιὲῗέῐὲ</strong></span> <span class='ocrx_word' id='word_1_469' title='bbox 754 5686 1049 5778; x_wconf 60' lang='grc' dir='ltr'><strong>ῗιῖιῐῖιξὲῐῖ.</strong></span> <span class='ocrx_word' id='word_1_470' title='bbox 1062 5686 1928 5781; x_wconf 49' lang='grc' dir='ltr'><strong>ἓζὲιῖῗᾶἔιῖιόἇὶῗῖαἵὲεὲἱεῗῒῧῗᾶξ</strong></span> 
     </span>
    </p>
   </div>
   <div class='ocr_carea' id='block_1_63' title="bbox 2003 496 3648 571">
    <p class='ocr_par' dir='ltr' id='par_1_63' title="bbox 2003 496 3648 571">
     <span class='ocr_line' id='line_1_64' title="bbox 2003 496 3648 571; baseline 0.007 -22"><span class='ocrx_word' id='word_1_471' title='bbox 2003 511 2233 551; x_wconf 89' lang='lat' dir='ltr'><strong>mecum</strong></span> <span class='ocrx_word' id='word_1_472' title='bbox 2268 496 2621 553; x_wconf 90' lang='lat' dir='ltr'><strong>consideres.</strong></span> <span class='ocrx_word' id='word_1_473' title='bbox 2655 498 2820 554; x_wconf 88' lang='lat' dir='ltr'><strong>Nosti</strong></span> <span class='ocrx_word' id='word_1_474' title='bbox 2853 498 3007 554; x_wconf 92' lang='lat' dir='ltr'><strong>enim</strong></span> <span class='ocrx_word' id='word_1_475' title='bbox 3042 503 3192 571; x_wconf 87' lang='lat' dir='ltr'><strong>quod</strong></span> <span class='ocrx_word' id='word_1_476' title='bbox 3240 504 3491 560; x_wconf 88' lang='lat' dir='ltr'><strong>auctoris</strong></span> <span class='ocrx_word' id='word_1_477' title='bbox 3524 505 3648 561; x_wconf 89' lang='lat' dir='ltr'><strong>suis</strong></span> 
     </span>
    </p>
   </div>
   <div class='ocr_carea' id='block_1_64' title="bbox 2002 583 3649 659">
    <p class='ocr_par' dir='ltr' id='par_1_64' title="bbox 2002 583 3649 659">
     <span class='ocr_line' id='line_1_65' title="bbox 2002 583 3649 659; baseline 0.005 -19"><span class='ocrx_word' id='word_1_478' title='bbox 2002 583 2307 640; x_wconf 68' lang='lat' dir='ltr'><strong>Manichasi</strong></span> <span class='ocrx_word' id='word_1_479' title='bbox 2320 601 2629 657; x_wconf 89' lang='lat' dir='ltr'><strong>personam</strong></span> <span class='ocrx_word' id='word_1_480' title='bbox 2646 587 2705 642; x_wconf 92' lang='lat' dir='ltr'><strong>in</strong></span> <span class='ocrx_word' id='word_1_481' title='bbox 2724 588 3132 659; x_wconf 79' lang='lat' dir='ltr'><strong>Apostolorum</strong></span> <span class='ocrx_word' id='word_1_482' title='bbox 3149 608 3459 647; x_wconf 83' lang='lat' dir='ltr'><strong>numerum</strong></span> <span class='ocrx_word' id='word_1_483' title='bbox 3473 593 3613 649; x_wconf 91' lang='lat' dir='ltr'><strong>indu</strong></span> <span class='ocrx_word' id='word_1_484' title='bbox 3626 625 3649 635; x_wconf 93' lang='lat'><strong><em>-</em></strong></span> 
     </span>
    </p>
   </div>
   <div class='ocr_carea' id='block_1_65' title="bbox 2004 673 3648 753">
    <p class='ocr_par' dir='ltr' id='par_1_65' title="bbox 2004 673 3648 753">
     <span class='ocr_line' id='line_1_66' title="bbox 2004 673 3648 753; baseline 0.007 -26"><span class='ocrx_word' id='word_1_485' title='bbox 2004 689 2133 728; x_wconf 90' lang='lat' dir='ltr'><strong>cere</strong></span> <span class='ocrx_word' id='word_1_486' title='bbox 2156 673 2484 739; x_wconf 89' lang='lat' dir='ltr'><strong>molientes,</strong></span> <span class='ocrx_word' id='word_1_487' title='bbox 2510 675 2711 730; x_wconf 89' lang='lat' dir='ltr'><strong>dicunt</strong></span> <span class='ocrx_word' id='word_1_488' title='bbox 2727 677 3007 747; x_wconf 88' lang='lat' dir='ltr'><strong>Spiritum</strong></span> <span class='ocrx_word' id='word_1_489' title='bbox 3032 684 3322 751; x_wconf 87' lang='lat' dir='ltr'><strong>sanctum,</strong></span> <span class='ocrx_word' id='word_1_490' title='bbox 3343 698 3517 753; x_wconf 89' lang='lat' dir='ltr'><strong>quem</strong></span> <span class='ocrx_word' id='word_1_491' title='bbox 3540 685 3648 739; x_wconf 88' lang='lat' dir='ltr'><strong>Do-</strong></span> 
     </span>
    </p>
   </div>
   <div class='ocr_carea' id='block_1_66' title="bbox 2005 762 3652 845">
    <p class='ocr_par' dir='ltr' id='par_1_66' title="bbox 2005 762 3652 845">
     <span class='ocr_line' id='line_1_67' title="bbox 2005 762 3652 845; baseline 0.007 -29"><span class='ocrx_word' id='word_1_492' title='bbox 2005 762 2205 817; x_wconf 88' lang='lat' dir='ltr'><strong>minus</strong></span> <span class='ocrx_word' id='word_1_493' title='bbox 2235 762 2541 833; x_wconf 87' lang='lat' dir='ltr'><strong>discipulis</strong></span> <span class='ocrx_word' id='word_1_494' title='bbox 2592 779 2654 818; x_wconf 92' lang='lat' dir='ltr'><strong>se</strong></span> <span class='ocrx_word' id='word_1_495' title='bbox 2705 765 3022 822; x_wconf 89' lang='lat' dir='ltr'><strong>missurum</strong></span> <span class='ocrx_word' id='word_1_496' title='bbox 3070 784 3199 823; x_wconf 89' lang='lat' dir='ltr'><strong>esse</strong></span> <span class='ocrx_word' id='word_1_497' title='bbox 3225 771 3513 843; x_wconf 89' lang='lat' dir='ltr'><strong>promisit,</strong></span> <span class='ocrx_word' id='word_1_498' title='bbox 3547 789 3652 845; x_wconf 89' lang='lat' dir='ltr'><strong>per</strong></span> 
     </span>
    </p>
   </div>
   <div class='ocr_carea' id='block_1_67' title="bbox 2005 851 3655 931">
    <p class='ocr_par' dir='ltr' id='par_1_67' title="bbox 2005 851 3655 931">
     <span class='ocr_line' id='line_1_68' title="bbox 2005 851 3655 931; baseline 0.007 -26"><span class='ocrx_word' id='word_1_499' title='bbox 2005 851 2202 923; x_wconf 91' lang='lat' dir='ltr'><strong>ipsum</strong></span> <span class='ocrx_word' id='word_1_500' title='bbox 2226 852 2297 906; x_wconf 90' lang='lat' dir='ltr'><strong>ad</strong></span> <span class='ocrx_word' id='word_1_501' title='bbox 2322 869 2429 907; x_wconf 93' lang='lat' dir='ltr'><strong>nos</strong></span> <span class='ocrx_word' id='word_1_502' title='bbox 2445 852 2698 908; x_wconf 87' lang='lat' dir='ltr'><strong>venisse.</strong></span> <span class='ocrx_word' id='word_1_503' title='bbox 2730 854 2928 924; x_wconf 88' lang='lat' dir='ltr'><strong>Itaque</strong></span> <span class='ocrx_word' id='word_1_504' title='bbox 2952 856 2999 911; x_wconf 89' lang='lat' dir='ltr'><strong>si</strong></span> <span class='ocrx_word' id='word_1_505' title='bbox 3018 856 3149 913; x_wconf 92' lang='lat' dir='ltr'><strong>illos</strong></span> <span class='ocrx_word' id='word_1_506' title='bbox 3163 859 3341 914; x_wconf 90' lang='lat' dir='ltr'><strong>Actus</strong></span> <span class='ocrx_word' id='word_1_507' title='bbox 3359 861 3655 931; x_wconf 85' lang='lat' dir='ltr'><strong>Apostolo-</strong></span> 
     </span>
    </p>
   </div>
   <div class='ocr_carea' id='block_1_68' title="bbox 2006 940 3650 1013">
    <p class='ocr_par' dir='ltr' id='par_1_68' title="bbox 2006 940 3650 1013">
     <span class='ocr_line' id='line_1_69' title="bbox 2006 940 3650 1013; baseline 0.007 -19"><span class='ocrx_word' id='word_1_508' title='bbox 2006 957 2134 995; x_wconf 91' lang='lat' dir='ltr'><strong>rum</strong></span> <span class='ocrx_word' id='word_1_509' title='bbox 2159 940 2506 1013; x_wconf 88' lang='lat' dir='ltr'><strong>acciperent,</strong></span> <span class='ocrx_word' id='word_1_510' title='bbox 2527 942 2587 996; x_wconf 91' lang='lat' dir='ltr'><strong>in</strong></span> <span class='ocrx_word' id='word_1_511' title='bbox 2608 942 2824 1013; x_wconf 92' lang='lat' dir='ltr'><strong>quibus</strong></span> <span class='ocrx_word' id='word_1_512' title='bbox 2839 944 3135 1001; x_wconf 89' lang='lat' dir='ltr'><strong>evidenter</strong></span> <span class='ocrx_word' id='word_1_513' title='bbox 3149 948 3433 1003; x_wconf 89' lang='lat' dir='ltr'><strong>adventus</strong></span> <span class='ocrx_word' id='word_1_514' title='bbox 3464 951 3650 1007; x_wconf 89' lang='lat' dir='ltr'><strong>sancti</strong></span> 
     </span>
    </p>
   </div>
   <div class='ocr_carea' id='block_1_69' title="bbox 2006 1028 3652 1109">
    <p class='ocr_par' dir='ltr' id='par_1_69' title="bbox 2006 1028 3652 1109">
     <span class='ocr_line' id='line_1_70' title="bbox 2006 1028 3652 1109; baseline 0.005 -25"><span class='ocrx_word' id='word_1_515' title='bbox 2006 1028 2260 1101; x_wconf 88' lang='lat' dir='ltr'><strong>Spiritus</strong></span> <span class='ocrx_word' id='word_1_516' title='bbox 2277 1030 2626 1102; x_wconf 69' lang='lat' dir='ltr'><strong>praedicatur</strong></span> <span class='ocrx_word' id='word_1_517' title='bbox 2646 1032 2779 1103; x_wconf 85' lang='lat' dir='ltr'><strong>(Act.</strong></span> <span class='ocrx_word' id='word_1_518' title='bbox 2802 1050 2860 1103; x_wconf 80' lang='lat' dir='ltr'><strong>II,</strong></span> <span class='ocrx_word' id='word_1_519' title='bbox 2881 1034 3021 1104; x_wconf 81' lang='grc'>2-4),</span> <span class='ocrx_word' id='word_1_520' title='bbox 3043 1052 3156 1089; x_wconf 92' lang='lat' dir='ltr'><strong>non</strong></span> <span class='ocrx_word' id='word_1_521' title='bbox 3175 1036 3652 1109; x_wconf 89' lang='lat' dir='ltr'><strong>invenirentquo-</strong></span> 
     </span>
    </p>
   </div>
   <div class='ocr_carea' id='block_1_70' title="bbox 2007 1118 3651 1183">
    <p class='ocr_par' dir='ltr' id='par_1_70' title="bbox 2007 1118 3651 1183">
     <span class='ocr_line' id='line_1_71' title="bbox 2007 1118 3651 1183; baseline 0.007 -11"><span class='ocrx_word' id='word_1_522' title='bbox 2007 1118 2180 1174; x_wconf 93' lang='lat' dir='ltr'><strong>modo</strong></span> <span class='ocrx_word' id='word_1_523' title='bbox 2196 1118 2251 1172; x_wconf 90' lang='lat' dir='ltr'><strong>id</strong></span> <span class='ocrx_word' id='word_1_524' title='bbox 2272 1118 2607 1175; x_wconf 87' lang='lat' dir='ltr'><strong>immissum</strong></span> <span class='ocrx_word' id='word_1_525' title='bbox 2624 1136 2751 1176; x_wconf 87' lang='lat' dir='ltr'><strong>esse</strong></span> <span class='ocrx_word' id='word_1_526' title='bbox 2765 1121 3040 1177; x_wconf 88' lang='lat' dir='ltr'><strong>dicerent.</strong></span> <span class='ocrx_word' id='word_1_527' title='bbox 3056 1122 3439 1180; x_wconf 89' lang='lat' dir='ltr'><strong>Voluntenim</strong></span> <span class='ocrx_word' id='word_1_528' title='bbox 3456 1128 3651 1183; x_wconf 89' lang='lat' dir='ltr'><strong>nescio</strong></span> 
     </span>
    </p>
   </div>
   <div class='ocr_carea' id='block_1_71' title="bbox 2008 1209 3653 1286">
    <p class='ocr_par' dir='ltr' id='par_1_71' title="bbox 2008 1209 3653 1286">
     <span class='ocr_line' id='line_1_72' title="bbox 2008 1209 3653 1286; baseline 0.007 -25"><span class='ocrx_word' id='word_1_529' title='bbox 2008 1224 2155 1278; x_wconf 91' lang='lat' dir='ltr'>quos</span> <span class='ocrx_word' id='word_1_530' title='bbox 2178 1212 2549 1279; x_wconf 89' lang='lat' dir='ltr'><strong>corruptores</strong></span> <span class='ocrx_word' id='word_1_531' title='bbox 2571 1209 2902 1265; x_wconf 90' lang='lat' dir='ltr'><strong>divinorum</strong></span> <span class='ocrx_word' id='word_1_532' title='bbox 2950 1211 3250 1267; x_wconf 89' lang='lat' dir='ltr'><strong>Librorum</strong></span> <span class='ocrx_word' id='word_1_533' title='bbox 3296 1218 3429 1271; x_wconf 86' lang='lat' dir='ltr'><strong>ante</strong></span> <span class='ocrx_word' id='word_1_534' title='bbox 3466 1215 3653 1286; x_wconf 88' lang='lat' dir='ltr'><strong>ipsius</strong></span> 
     </span>
    </p>
   </div>
   <div class='ocr_carea' id='block_1_72' title="bbox 2007 1295 3653 1374">
    <p class='ocr_par' dir='ltr' id='par_1_72' title="bbox 2007 1295 3653 1374">
     <span class='ocr_line' id='line_1_73' title="bbox 2007 1295 3653 1374; baseline 0.005 -24"><span class='ocrx_word' id='word_1_535' title='bbox 2007 1295 2311 1351; x_wconf 71' lang='lat' dir='ltr'><strong>Manichaai</strong></span> <span class='ocrx_word' id='word_1_536' title='bbox 2331 1299 2596 1369; x_wconf 90' lang='lat' dir='ltr'><strong>tempora</strong></span> <span class='ocrx_word' id='word_1_537' title='bbox 2613 1297 2827 1366; x_wconf 87' lang='lat' dir='ltr'><strong>fuisse;</strong></span> <span class='ocrx_word' id='word_1_538' title='bbox 2850 1301 3179 1371; x_wconf 82' lang='lat' dir='ltr'><strong>corrupisse</strong></span> <span class='ocrx_word' id='word_1_539' title='bbox 3195 1307 3390 1358; x_wconf 89' lang='lat' dir='ltr'><strong>autem</strong></span> <span class='ocrx_word' id='word_1_540' title='bbox 3410 1304 3540 1359; x_wconf 91' lang='lat' dir='ltr'><strong>illos</strong></span> <span class='ocrx_word' id='word_1_541' title='bbox 3553 1305 3653 1374; x_wconf 90' lang='lat' dir='ltr'><strong>qui</strong></span> 
     </span>
    </p>
   </div>
   <div class='ocr_carea' id='block_1_73' title="bbox 2006 1385 3655 1463">
    <p class='ocr_par' dir='ltr' id='par_1_73' title="bbox 2006 1385 3655 1463">
     <span class='ocr_line' id='line_1_74' title="bbox 2006 1385 3655 1463; baseline 0.005 -23"><span class='ocrx_word' id='word_1_542' title='bbox 2006 1385 2337 1441; x_wconf 68' lang='lat' dir='ltr'><strong>Judaaorum</strong></span> <span class='ocrx_word' id='word_1_543' title='bbox 2360 1385 2545 1457; x_wconf 90' lang='lat' dir='ltr'><strong>legem</strong></span> <span class='ocrx_word' id='word_1_544' title='bbox 2573 1388 2878 1460; x_wconf 89' lang='lat' dir='ltr'><strong>Evangelio</strong></span> <span class='ocrx_word' id='word_1_545' title='bbox 2904 1391 3149 1445; x_wconf 91' lang='lat' dir='ltr'><strong>miscere</strong></span> <span class='ocrx_word' id='word_1_546' title='bbox 3182 1391 3514 1463; x_wconf 89' lang='lat' dir='ltr'><strong>cupiebant.</strong></span> <span class='ocrx_word' id='word_1_547' title='bbox 3538 1393 3655 1448; x_wconf 88' lang='lat' dir='ltr'><strong>Hoc</strong></span> 
     </span>
    </p>
   </div>
   <div class='ocr_carea' id='block_1_74' title="bbox 2009 1474 3655 1549">
    <p class='ocr_par' dir='ltr' id='par_1_74' title="bbox 2009 1474 3655 1549">
     <span class='ocr_line' id='line_1_75' title="bbox 2009 1474 3655 1549; baseline 0.005 -21"><span class='ocrx_word' id='word_1_548' title='bbox 2009 1478 2203 1529; x_wconf 86' lang='lat' dir='ltr'><strong>autem</strong></span> <span class='ocrx_word' id='word_1_549' title='bbox 2242 1474 2311 1529; x_wconf 92' lang='lat' dir='ltr'><strong>de</strong></span> <span class='ocrx_word' id='word_1_550' title='bbox 2344 1475 2562 1545; x_wconf 86' lang='lat' dir='ltr'><strong>Spiritu</strong></span> <span class='ocrx_word' id='word_1_551' title='bbox 2588 1481 2788 1531; x_wconf 89' lang='lat' dir='ltr'><strong>sancto</strong></span> <span class='ocrx_word' id='word_1_552' title='bbox 2812 1477 3003 1532; x_wconf 90' lang='lat' dir='ltr'><strong>dicere</strong></span> <span class='ocrx_word' id='word_1_553' title='bbox 3024 1486 3342 1549; x_wconf 89' lang='lat' dir='ltr'><strong>nequeunt,</strong></span> <span class='ocrx_word' id='word_1_554' title='bbox 3369 1481 3482 1536; x_wconf 91' lang='lat' dir='ltr'><strong>nisi</strong></span> <span class='ocrx_word' id='word_1_555' title='bbox 3508 1482 3655 1537; x_wconf 86' lang='lat' dir='ltr'><strong>forte</strong></span> 
     </span>
    </p>
   </div>
   <div class='ocr_carea' id='block_1_75' title="bbox 2011 1562 3655 1636">
    <p class='ocr_par' dir='ltr' id='par_1_75' title="bbox 2011 1562 3655 1636">
     <span class='ocr_line' id='line_1_76' title="bbox 2011 1562 3655 1636; baseline 0.006 -20"><span class='ocrx_word' id='word_1_556' title='bbox 2011 1562 2304 1617; x_wconf 87' lang='lat' dir='ltr'><strong>divinasse</strong></span> <span class='ocrx_word' id='word_1_557' title='bbox 2335 1562 2467 1618; x_wconf 91' lang='lat' dir='ltr'><strong>illos</strong></span> <span class='ocrx_word' id='word_1_558' title='bbox 2519 1568 2805 1630; x_wconf 90' lang='lat' dir='ltr'><strong>asserant,</strong></span> <span class='ocrx_word' id='word_1_559' title='bbox 2838 1570 2895 1619; x_wconf 87' lang='lat' dir='ltr'><strong>et</strong></span> <span class='ocrx_word' id='word_1_560' title='bbox 2927 1568 3195 1636; x_wconf 87' lang='lat' dir='ltr'><strong>posuisse</strong></span> <span class='ocrx_word' id='word_1_561' title='bbox 3242 1568 3299 1623; x_wconf 91' lang='lat' dir='ltr'><strong>in</strong></span> <span class='ocrx_word' id='word_1_562' title='bbox 3334 1569 3457 1625; x_wconf 82' lang='lat' dir='ltr'><strong>suis</strong></span> <span class='ocrx_word' id='word_1_563' title='bbox 3489 1569 3655 1628; x_wconf 90' lang='lat' dir='ltr'><strong>libris</strong></span> 
     </span>
    </p>
   </div>
   <div class='ocr_carea' id='block_1_76' title="bbox 2012 1653 3657 1731">
    <p class='ocr_par' dir='ltr' id='par_1_76' title="bbox 2012 1653 3657 1731">
     <span class='ocr_line' id='line_1_77' title="bbox 2012 1653 3657 1731; baseline 0.004 -25"><span class='ocrx_word' id='word_1_564' title='bbox 2012 1653 2164 1723; x_wconf 89' lang='lat' dir='ltr'><strong>quod</strong></span> <span class='ocrx_word' id='word_1_565' title='bbox 2183 1656 2384 1707; x_wconf 85' lang='lat' dir='ltr'><strong>contra</strong></span> <span class='ocrx_word' id='word_1_566' title='bbox 2397 1653 2660 1708; x_wconf 81' lang='lat' dir='ltr'><strong>futurum</strong></span> <span class='ocrx_word' id='word_1_567' title='bbox 2676 1654 2993 1725; x_wconf 88' lang='lat' dir='ltr'><strong>aliquando</strong></span> <span class='ocrx_word' id='word_1_568' title='bbox 3006 1657 3517 1729; x_wconf 69' lang='lat' dir='ltr'><strong>Manichazum,qui</strong></span> <span class='ocrx_word' id='word_1_569' title='bbox 3535 1660 3657 1731; x_wconf 86' lang='lat' dir='ltr'><strong>Spi-</strong></span> 
     </span>
    </p>
   </div>
   <div class='ocr_carea' id='block_1_77' title="bbox 2014 1741 3658 1818">
    <p class='ocr_par' dir='ltr' id='par_1_77' title="bbox 2014 1741 3658 1818">
     <span class='ocr_line' id='line_1_78' title="bbox 2014 1741 3658 1818; baseline 0.006 -24"><span class='ocrx_word' id='word_1_570' title='bbox 2014 1741 2193 1795; x_wconf 89' lang='lat' dir='ltr'><strong>ritum</strong></span> <span class='ocrx_word' id='word_1_571' title='bbox 2217 1745 2484 1795; x_wconf 90' lang='lat' dir='ltr'><strong>sanctum</strong></span> <span class='ocrx_word' id='word_1_572' title='bbox 2509 1759 2611 1812; x_wconf 87' lang='lat' dir='ltr'><strong>per</strong></span> <span class='ocrx_word' id='word_1_573' title='bbox 2624 1759 2683 1796; x_wconf 85' lang='lat' dir='ltr'><strong>se</strong></span> <span class='ocrx_word' id='word_1_574' title='bbox 2704 1741 2950 1797; x_wconf 89' lang='lat' dir='ltr'><strong>missum</strong></span> <span class='ocrx_word' id='word_1_575' title='bbox 2967 1761 3095 1799; x_wconf 88' lang='lat' dir='ltr'><strong>esse</strong></span> <span class='ocrx_word' id='word_1_576' title='bbox 3117 1744 3354 1816; x_wconf 88' lang='lat' dir='ltr'><strong>diceret,</strong></span> <span class='ocrx_word' id='word_1_577' title='bbox 3373 1749 3658 1818; x_wconf 82' lang='lat' dir='ltr'><strong>proferre-</strong></span> 
     </span>
    </p>
   </div>
   <div class='ocr_carea' id='block_1_78' title="bbox 2013 1831 3659 1909">
    <p class='ocr_par' dir='ltr' id='par_1_78' title="bbox 2013 1831 3659 1909">
     <span class='ocr_line' id='line_1_79' title="bbox 2013 1831 3659 1909; baseline 0.005 -26"><span class='ocrx_word' id='word_1_578' title='bbox 2013 1834 2128 1884; x_wconf 88' lang='lat' dir='ltr'><strong>tur.</strong></span> <span class='ocrx_word' id='word_1_579' title='bbox 2164 1834 2378 1885; x_wconf 87' lang='lat' dir='ltr'><strong>Verum</strong></span> <span class='ocrx_word' id='word_1_580' title='bbox 2413 1832 2483 1885; x_wconf 92' lang='lat' dir='ltr'><strong>de</strong></span> <span class='ocrx_word' id='word_1_581' title='bbox 2513 1831 2731 1901; x_wconf 91' lang='lat' dir='ltr'><strong>Spiritu</strong></span> <span class='ocrx_word' id='word_1_582' title='bbox 2766 1838 2967 1887; x_wconf 85' lang='lat' dir='ltr'><strong>sancto</strong></span> <span class='ocrx_word' id='word_1_583' title='bbox 3010 1833 3155 1889; x_wconf 86' lang='lat' dir='ltr'><strong>alias</strong></span> <span class='ocrx_word' id='word_1_584' title='bbox 3184 1835 3414 1904; x_wconf 89' lang='lat' dir='ltr'><strong>planius</strong></span> <span class='ocrx_word' id='word_1_585' title='bbox 3437 1836 3659 1909; x_wconf 89' lang='lat' dir='ltr'><strong>aliquid</strong></span> 
     </span>
    </p>
   </div>
   <div class='ocr_carea' id='block_1_79' title="bbox 2013 1917 3659 1991">
    <p class='ocr_par' dir='ltr' id='par_1_79' title="bbox 2013 1917 3659 1991">
     <span class='ocr_line' id='line_1_80' title="bbox 2013 1917 3659 1991; baseline 0.005 -18"><span class='ocrx_word' id='word_1_586' title='bbox 2013 1917 2375 1989; x_wconf 90' lang='lat' dir='ltr'><strong>eloquemur.</strong></span> <span class='ocrx_word' id='word_1_587' title='bbox 2392 1922 2557 1974; x_wconf 85' lang='lat' dir='ltr'><strong>Nunc</strong></span> <span class='ocrx_word' id='word_1_588' title='bbox 2570 1920 2639 1974; x_wconf 87' lang='lat' dir='ltr'><strong>ad</strong></span> <span class='ocrx_word' id='word_1_589' title='bbox 2659 1920 2766 1975; x_wconf 92' lang='lat' dir='ltr'><strong>hoc</strong></span> <span class='ocrx_word' id='word_1_590' title='bbox 2780 1923 2933 1991; x_wconf 93' lang='lat' dir='ltr'><strong>quod</strong></span> <span class='ocrx_word' id='word_1_591' title='bbox 2950 1922 3310 1978; x_wconf 89' lang='lat' dir='ltr'><strong>intenderam</strong></span> <span class='ocrx_word' id='word_1_592' title='bbox 3328 1927 3659 1982; x_wconf 90' lang='lat' dir='ltr'><strong>redeamus.</strong></span> 
     </span>
    </p>
   </div>
   <div class='ocr_carea' id='block_1_80' title="bbox 2085 2007 3664 2081">
    <p class='ocr_par' dir='ltr' id='par_1_80' title="bbox 2085 2007 3664 2081">
     <span class='ocr_line' id='line_1_81' title="bbox 2085 2007 3664 2081; baseline 0.006 -20"><span class='ocrx_word' id='word_1_593' title='bbox 2085 2008 2138 2061; x_wconf 93' lang='lat'><strong>8.</strong></span> <span class='ocrx_word' id='word_1_594' title='bbox 2175 2007 2321 2064; x_wconf 85' lang='lat' dir='ltr'><strong>Nam</strong></span> <span class='ocrx_word' id='word_1_595' title='bbox 2354 2012 2410 2063; x_wconf 89' lang='lat' dir='ltr'><strong>et</strong></span> <span class='ocrx_word' id='word_1_596' title='bbox 2440 2007 2746 2063; x_wconf 89' lang='lat' dir='ltr'><strong>historiam</strong></span> <span class='ocrx_word' id='word_1_597' title='bbox 2778 2010 3003 2065; x_wconf 84' lang='lat' dir='ltr'><strong>Veteris</strong></span> <span class='ocrx_word' id='word_1_598' title='bbox 3027 2012 3408 2081; x_wconf 86' lang='lat' dir='ltr'><strong>Testamenti,</strong></span> <span class='ocrx_word' id='word_1_599' title='bbox 3432 2020 3489 2070; x_wconf 89' lang='lat' dir='ltr'><strong>et</strong></span> <span class='ocrx_word' id='word_1_600' title='bbox 3511 2016 3664 2071; x_wconf 68' lang='lat' dir='ltr'><strong>aelio-</strong></span> 
     </span>
    </p>
   </div>
   <div class='ocr_carea' id='block_1_81' title="bbox 2015 2096 3660 2175">
    <p class='ocr_par' dir='ltr' id='par_1_81' title="bbox 2015 2096 3660 2175">
     <span class='ocr_line' id='line_1_82' title="bbox 2015 2096 3660 2175; baseline 0.005 -24"><span class='ocrx_word' id='word_1_601' title='bbox 2015 2096 2252 2169; x_wconf 90' lang='lat' dir='ltr'><strong>logiam,</strong></span> <span class='ocrx_word' id='word_1_602' title='bbox 2286 2102 2342 2152; x_wconf 90' lang='lat' dir='ltr'><strong>et</strong></span> <span class='ocrx_word' id='word_1_603' title='bbox 2371 2096 2698 2168; x_wconf 86' lang='lat' dir='ltr'><strong>analogiam</strong></span> <span class='ocrx_word' id='word_1_604' title='bbox 2732 2098 2787 2153; x_wconf 88' lang='lat' dir='ltr'><strong>in</strong></span> <span class='ocrx_word' id='word_1_605' title='bbox 2818 2102 2975 2153; x_wconf 92' lang='lat' dir='ltr'><strong>Novo</strong></span> <span class='ocrx_word' id='word_1_606' title='bbox 2999 2100 3369 2157; x_wconf 84' lang='lat' dir='ltr'><strong>Testamento</strong></span> <span class='ocrx_word' id='word_1_607' title='bbox 3393 2103 3660 2175; x_wconf 89' lang='lat' dir='ltr'><strong>inveniri,</strong></span> 
     </span>
    </p>
   </div>
   <div class='ocr_carea' id='block_1_82' title="bbox 2018 2185 3666 2263">
    <p class='ocr_par' dir='ltr' id='par_1_82' title="bbox 2018 2185 3666 2263">
     <span class='ocr_line' id='line_1_83' title="bbox 2018 2185 3666 2263; baseline 0.004 -21"><span class='ocrx_word' id='word_1_608' title='bbox 2018 2185 2180 2253; x_wconf 87' lang='lat' dir='ltr'><strong>satis,</strong></span> <span class='ocrx_word' id='word_1_609' title='bbox 2206 2190 2270 2240; x_wconf 89' lang='lat' dir='ltr'><strong>ut</strong></span> <span class='ocrx_word' id='word_1_610' title='bbox 2294 2190 2454 2257; x_wconf 89' lang='lat' dir='ltr'><strong>puto,</strong></span> <span class='ocrx_word' id='word_1_611' title='bbox 2476 2190 2563 2241; x_wconf 88' lang='lat' dir='ltr'><strong>est</strong></span> <span class='ocrx_word' id='word_1_612' title='bbox 2585 2187 3051 2243; x_wconf 86' lang='lat' dir='ltr'><strong>demonstratum</strong></span> <span class='ocrx_word' id='word_1_613' title='bbox 3072 2207 3083 2243; x_wconf 87' lang='lat'>:</span> <span class='ocrx_word' id='word_1_614' title='bbox 3101 2190 3171 2244; x_wconf 91' lang='lat' dir='ltr'><strong>de</strong></span> <span class='ocrx_word' id='word_1_615' title='bbox 3192 2189 3464 2263; x_wconf 86' lang='lat' dir='ltr'><strong>allegoria</strong></span> <span class='ocrx_word' id='word_1_616' title='bbox 3486 2196 3666 2249; x_wconf 89' lang='lat' dir='ltr'><strong>restat</strong></span> 
     </span>
    </p>
   </div>
   <div class='ocr_carea' id='block_1_83' title="bbox 2018 2274 3661 2351">
    <p class='ocr_par' dir='ltr' id='par_1_83' title="bbox 2018 2274 3661 2351">
     <span class='ocr_line' id='line_1_84' title="bbox 2018 2274 3661 2351; baseline 0.005 -21"><span class='ocrx_word' id='word_1_617' title='bbox 2018 2275 2345 2330; x_wconf 90' lang='lat' dir='ltr'><strong>ostendere.</strong></span> <span class='ocrx_word' id='word_1_618' title='bbox 2372 2278 2503 2346; x_wconf 90' lang='lat' dir='ltr'><strong>Ipse</strong></span> <span class='ocrx_word' id='word_1_619' title='bbox 2547 2274 2843 2330; x_wconf 87' lang='lat' dir='ltr'><strong>Liberator</strong></span> <span class='ocrx_word' id='word_1_620' title='bbox 2881 2277 3156 2332; x_wconf 85' lang='lat' dir='ltr'><strong>nosterin</strong></span> <span class='ocrx_word' id='word_1_621' title='bbox 3181 2278 3489 2351; x_wconf 82' lang='lat' dir='ltr'><strong>Evangelio</strong></span> <span class='ocrx_word' id='word_1_622' title='bbox 3520 2282 3661 2338; x_wconf 88' lang='lat' dir='ltr'><strong>alle-</strong></span> 
     </span>
    </p>
   </div>
   <div class='ocr_carea' id='block_1_84' title="bbox 2019 2362 3661 2442">
    <p class='ocr_par' dir='ltr' id='par_1_84' title="bbox 2019 2362 3661 2442">
     <span class='ocr_line' id='line_1_85' title="bbox 2019 2362 3661 2442; baseline 0.006 -25"><span class='ocrx_word' id='word_1_623' title='bbox 2019 2363 2181 2436; x_wconf 90' lang='lat' dir='ltr'><strong>goria</strong></span> <span class='ocrx_word' id='word_1_624' title='bbox 2203 2364 2386 2417; x_wconf 90' lang='lat' dir='ltr'><strong>utitur</strong></span> <span class='ocrx_word' id='word_1_625' title='bbox 2406 2378 2474 2417; x_wconf 82' lang='lat' dir='ltr'><strong>ex</strong></span> <span class='ocrx_word' id='word_1_626' title='bbox 2494 2362 2693 2419; x_wconf 87' lang='lat' dir='ltr'><strong>Vetere</strong></span> <span class='ocrx_word' id='word_1_627' title='bbox 2714 2365 3115 2421; x_wconf 86' lang='lat' dir='ltr'><strong>Testamento:</strong></span> <span class='ocrx_word' id='word_1_628' title='bbox 3135 2366 3436 2435; x_wconf 86' lang='lat' dir='ltr'><strong>Generatio,</strong></span> <span class='ocrx_word' id='word_1_629' title='bbox 3452 2370 3661 2442; x_wconf 89' lang='lat' dir='ltr'><strong>inquit,</strong></span> 
     </span>
    </p>
   </div>
   <div class='ocr_carea' id='block_1_85' title="bbox 2020 2451 3666 2529">
    <p class='ocr_par' dir='ltr' id='par_1_85' title="bbox 2020 2451 3666 2529">
     <span class='ocr_line' id='line_1_86' title="bbox 2020 2451 3666 2529; baseline 0.005 -21"><span class='ocrx_word' id='word_1_630' title='bbox 2020 2451 2139 2508; x_wconf 52' lang='lat' dir='ltr'><strong>hac</strong></span> <span class='ocrx_word' id='word_1_631' title='bbox 2156 2454 2377 2523; x_wconf 87' lang='lat' dir='ltr'><strong>signum</strong></span> <span class='ocrx_word' id='word_1_632' title='bbox 2400 2454 2603 2522; x_wconf 64' lang='lat' dir='ltr'><strong>quzrit</strong></span> <span class='ocrx_word' id='word_1_633' title='bbox 2620 2469 2641 2513; x_wconf 88' lang='lat'><em>;</em></span> <span class='ocrx_word' id='word_1_634' title='bbox 2676 2468 2785 2507; x_wconf 82' lang='lat' dir='ltr'><strong>non</strong></span> <span class='ocrx_word' id='word_1_635' title='bbox 2805 2454 3028 2509; x_wconf 81' lang='lat' dir='ltr'><strong>dabitur</strong></span> <span class='ocrx_word' id='word_1_636' title='bbox 3046 2457 3102 2510; x_wconf 90' lang='lat' dir='ltr'><strong>ei</strong></span> <span class='ocrx_word' id='word_1_637' title='bbox 3136 2458 3252 2512; x_wconf 89' lang='lat' dir='ltr'><strong>nisi</strong></span> <span class='ocrx_word' id='word_1_638' title='bbox 3268 2459 3487 2529; x_wconf 85' lang='lat' dir='ltr'><strong>signum</strong></span> <span class='ocrx_word' id='word_1_639' title='bbox 3510 2462 3666 2519; x_wconf 66' lang='lat' dir='ltr'><strong>Jonas</strong></span> 
     </span>
    </p>
   </div>
   <div class='ocr_carea' id='block_1_86' title="bbox 2019 2540 3666 2612">
    <p class='ocr_par' dir='ltr' id='par_1_86' title="bbox 2019 2540 3666 2612">
     <span class='ocr_line' id='line_1_87' title="bbox 2019 2540 3666 2612; baseline 0.007 -18"><span class='ocrx_word' id='word_1_640' title='bbox 2019 2541 2314 2612; x_wconf 50' lang='lat' dir='ltr'><strong>propheta.</strong></span> <span class='ocrx_word' id='word_1_641' title='bbox 2339 2540 2492 2595; x_wconf 97' lang='lat' dir='ltr'><strong>Sicut</strong></span> <span class='ocrx_word' id='word_1_642' title='bbox 2510 2542 2657 2596; x_wconf 85' lang='lat' dir='ltr'><strong>enim</strong></span> <span class='ocrx_word' id='word_1_643' title='bbox 2676 2546 2847 2598; x_wconf 82' lang='lat' dir='ltr'><strong>Jonas</strong></span> <span class='ocrx_word' id='word_1_644' title='bbox 2870 2544 2924 2597; x_wconf 89' lang='lat' dir='ltr'><strong>in</strong></span> <span class='ocrx_word' id='word_1_645' title='bbox 2948 2551 3134 2599; x_wconf 79' lang='lat' dir='ltr'><strong>ventre</strong></span> <span class='ocrx_word' id='word_1_646' title='bbox 3152 2548 3259 2601; x_wconf 85' lang='lat' dir='ltr'><strong>ceti</strong></span> <span class='ocrx_word' id='word_1_647' title='bbox 3280 2548 3457 2603; x_wconf 84' lang='lat' dir='ltr'><strong>tribus</strong></span> <span class='ocrx_word' id='word_1_648' title='bbox 3477 2549 3666 2605; x_wconf 84' lang='lat' dir='ltr'><strong>diebus</strong></span> 
     </span>
    </p>
   </div>
   <div class='ocr_carea' id='block_1_87' title="bbox 2022 2628 3769 2701">
    <p class='ocr_par' dir='ltr' id='par_1_87' title="bbox 2022 2628 3769 2701">
     <span class='ocr_line' id='line_1_88' title="bbox 2022 2628 3769 2701; baseline 0.006 -16"><span class='ocrx_word' id='word_1_649' title='bbox 2022 2634 2075 2685; x_wconf 86' lang='lat' dir='ltr'><strong>et</strong></span> <span class='ocrx_word' id='word_1_650' title='bbox 2099 2630 2273 2685; x_wconf 87' lang='lat' dir='ltr'><strong>tribus</strong></span> <span class='ocrx_word' id='word_1_651' title='bbox 2300 2630 2546 2685; x_wconf 89' lang='lat' dir='ltr'><strong>noctibus</strong></span> <span class='ocrx_word' id='word_1_652' title='bbox 2572 2632 2707 2701; x_wconf 81' lang='lat' dir='ltr'><strong>fuit,</strong></span> <span class='ocrx_word' id='word_1_653' title='bbox 2729 2634 2807 2686; x_wconf 89' lang='lat' dir='ltr'><strong>sic</strong></span> <span class='ocrx_word' id='word_1_654' title='bbox 2826 2637 2878 2687; x_wconf 88' lang='lat' dir='ltr'><strong>et</strong></span> <span class='ocrx_word' id='word_1_655' title='bbox 2901 2634 3075 2688; x_wconf 73' lang='lat' dir='ltr'><strong>Filius</strong></span> <span class='ocrx_word' id='word_1_656' title='bbox 3095 2635 3334 2690; x_wconf 86' lang='lat' dir='ltr'><strong>hominis</strong></span> <span class='ocrx_word' id='word_1_657' title='bbox 3353 2638 3529 2694; x_wconf 86' lang='lat' dir='ltr'><strong>tribus</strong></span> <span class='ocrx_word' id='word_1_658' title='bbox 3549 2640 3662 2695; x_wconf 89' lang='lat' dir='ltr'><strong>die-</strong></span> <span class='ocrx_word' id='word_1_659' title='bbox 3762 2628 3769 2631; x_wconf 57' lang='grc'><em>’</em></span> 
     </span>
    </p>
   </div>
   <div class='ocr_carea' id='block_1_88' title="bbox 2026 2719 3661 2795">
    <p class='ocr_par' dir='ltr' id='par_1_88' title="bbox 2026 2719 3661 2795">
     <span class='ocr_line' id='line_1_89' title="bbox 2026 2719 3661 2795; baseline 0.006 -22"><span class='ocrx_word' id='word_1_660' title='bbox 2026 2719 2121 2773; x_wconf 88' lang='lat' dir='ltr'><strong>bus</strong></span> <span class='ocrx_word' id='word_1_661' title='bbox 2150 2722 2200 2775; x_wconf 90' lang='lat' dir='ltr'><strong>et</strong></span> <span class='ocrx_word' id='word_1_662' title='bbox 2231 2719 2407 2774; x_wconf 88' lang='lat' dir='ltr'><strong>tribus</strong></span> <span class='ocrx_word' id='word_1_663' title='bbox 2440 2720 2686 2774; x_wconf 82' lang='lat' dir='ltr'><strong>noctibus</strong></span> <span class='ocrx_word' id='word_1_664' title='bbox 2714 2722 2821 2775; x_wconf 84' lang='lat' dir='ltr'><strong>erit</strong></span> <span class='ocrx_word' id='word_1_665' title='bbox 2849 2723 2907 2775; x_wconf 88' lang='lat' dir='ltr'><strong>in</strong></span> <span class='ocrx_word' id='word_1_666' title='bbox 2938 2722 3098 2777; x_wconf 83' lang='lat' dir='ltr'><strong>corde</strong></span> <span class='ocrx_word' id='word_1_667' title='bbox 3123 2727 3291 2780; x_wconf 68' lang='lat' dir='ltr'><strong>terra?</strong></span> <span class='ocrx_word' id='word_1_668' title='bbox 3320 2726 3527 2794; x_wconf 83' lang='lat' dir='ltr'><strong>(Matth.</strong></span> <span class='ocrx_word' id='word_1_669' title='bbox 3561 2744 3661 2795; x_wconf 81' lang='lat' dir='ltr'><strong>xu,</strong></span> 
     </span>
    </p>
   </div>
   <div class='ocr_carea' id='block_1_89' title="bbox 2023 2808 3664 2887">
    <p class='ocr_par' dir='ltr' id='par_1_89' title="bbox 2023 2808 3664 2887">
     <span class='ocr_line' id='line_1_90' title="bbox 2023 2808 3664 2887; baseline 0.004 -24"><span class='ocrx_word' id='word_1_670' title='bbox 2023 2809 2112 2878; x_wconf 88' lang='lat'><strong>39,</strong></span> <span class='ocrx_word' id='word_1_671' title='bbox 2137 2808 2245 2879; x_wconf 85' lang='grc'><strong>40).</strong></span> <span class='ocrx_word' id='word_1_672' title='bbox 2274 2808 2416 2865; x_wconf 88' lang='lat' dir='ltr'><strong>Nam</strong></span> <span class='ocrx_word' id='word_1_673' title='bbox 2440 2808 2580 2879; x_wconf 88' lang='lat' dir='ltr'><strong>quid</strong></span> <span class='ocrx_word' id='word_1_674' title='bbox 2608 2824 2713 2880; x_wconf 85' lang='lat' dir='ltr'><strong>ego</strong></span> <span class='ocrx_word' id='word_1_675' title='bbox 2738 2811 2810 2864; x_wconf 91' lang='lat' dir='ltr'><strong>de</strong></span> <span class='ocrx_word' id='word_1_676' title='bbox 2832 2810 3091 2881; x_wconf 87' lang='lat' dir='ltr'><strong>apostolo</strong></span> <span class='ocrx_word' id='word_1_677' title='bbox 3126 2813 3304 2868; x_wconf 89' lang='lat' dir='ltr'><strong>Paulo</strong></span> <span class='ocrx_word' id='word_1_678' title='bbox 3327 2814 3538 2884; x_wconf 90' lang='lat' dir='ltr'><strong>dicam,</strong></span> <span class='ocrx_word' id='word_1_679' title='bbox 3566 2815 3664 2887; x_wconf 91' lang='lat' dir='ltr'><strong>qui</strong></span> 
     </span>
    </p>
   </div>
   <div class='ocr_carea' id='block_1_90' title="bbox 2026 2897 3666 2976">
    <p class='ocr_par' dir='ltr' id='par_1_90' title="bbox 2026 2897 3666 2976">
     <span class='ocr_line' id='line_1_91' title="bbox 2026 2897 3666 2976; baseline 0.005 -25"><span class='ocrx_word' id='word_1_680' title='bbox 2026 2897 2200 2952; x_wconf 89' lang='lat' dir='ltr'><strong>etiam</strong></span> <span class='ocrx_word' id='word_1_681' title='bbox 2215 2897 2588 2967; x_wconf 83' lang='lat' dir='ltr'><strong>ipsamExodi</strong></span> <span class='ocrx_word' id='word_1_682' title='bbox 2604 2897 2907 2954; x_wconf 90' lang='lat' dir='ltr'><strong>historiam</strong></span> <span class='ocrx_word' id='word_1_683' title='bbox 2925 2900 3207 2956; x_wconf 74' lang='lat' dir='ltr'><strong>futuraech</strong></span> <span class='ocrx_word' id='word_1_684' title='bbox 3218 2902 3666 2976; x_wconf 67' lang='lat' dir='ltr'><strong>ristianaaplebis</strong></span> 
     </span>
    </p>
   </div>
   <div class='ocr_carea' id='block_1_91' title="bbox 2025 2984 3669 3064">
    <p class='ocr_par' dir='ltr' id='par_1_91' title="bbox 2025 2984 3669 3064">
     <span class='ocr_line' id='line_1_92' title="bbox 2025 2984 3669 3064; baseline 0.006 -24"><span class='ocrx_word' id='word_1_685' title='bbox 2025 2984 2361 3057; x_wconf 85' lang='lat' dir='ltr'><strong>allegoriam</strong></span> <span class='ocrx_word' id='word_1_686' title='bbox 2396 2986 2579 3041; x_wconf 89' lang='lat' dir='ltr'><strong>fuisse</strong></span> <span class='ocrx_word' id='word_1_687' title='bbox 2611 2985 2902 3059; x_wconf 76' lang='lat' dir='ltr'><strong>significat</strong></span> <span class='ocrx_word' id='word_1_688' title='bbox 2930 2990 3001 3043; x_wconf 90' lang='lat' dir='ltr'><strong>ad</strong></span> <span class='ocrx_word' id='word_1_689' title='bbox 3054 2989 3381 3047; x_wconf 90' lang='lat' dir='ltr'><strong>Corinthios</strong></span> <span class='ocrx_word' id='word_1_690' title='bbox 3411 2993 3669 3064; x_wconf 88' lang='lat' dir='ltr'><strong>Epistola</strong></span> 
     </span>
    </p>
   </div>
   <div class='ocr_carea' id='block_1_92' title="bbox 2029 3075 3673 3153">
    <p class='ocr_par' dir='ltr' id='par_1_92' title="bbox 2029 3075 3673 3153">
     <span class='ocr_line' id='line_1_93' title="bbox 2029 3075 3673 3153; baseline 0.006 -24"><span class='ocrx_word' id='word_1_691' title='bbox 2029 3075 2219 3147; x_wconf 89' lang='lat' dir='ltr'><strong>prima</strong></span> <span class='ocrx_word' id='word_1_692' title='bbox 2242 3078 2267 3131; x_wconf 71' lang='grc' dir='ltr'><strong>ἲ</strong></span> <span class='ocrx_word' id='word_1_693' title='bbox 2295 3076 2425 3131; x_wconf 86' lang='lat' dir='ltr'><strong>Nolo</strong></span> <span class='ocrx_word' id='word_1_694' title='bbox 2456 3081 2643 3130; x_wconf 88' lang='lat' dir='ltr'><strong>autem</strong></span> <span class='ocrx_word' id='word_1_695' title='bbox 2670 3092 2759 3131; x_wconf 80' lang='lat' dir='ltr'><strong>vos</strong></span> <span class='ocrx_word' id='word_1_696' title='bbox 2790 3078 3067 3145; x_wconf 82' lang='lat' dir='ltr'><strong>ignorare,</strong></span> <span class='ocrx_word' id='word_1_697' title='bbox 3089 3080 3315 3149; x_wconf 75' lang='lat' dir='ltr'><strong>fratres,</strong></span> <span class='ocrx_word' id='word_1_698' title='bbox 3341 3085 3470 3152; x_wconf 85' lang='lat' dir='ltr'><strong>quia</strong></span> <span class='ocrx_word' id='word_1_699' title='bbox 3490 3088 3673 3153; x_wconf 89' lang='lat' dir='ltr'><strong>patres</strong></span> 
     </span>
    </p>
   </div>
   <div class='ocr_carea' id='block_1_93' title="bbox 2026 3165 3673 3237">
    <p class='ocr_par' dir='ltr' id='par_1_93' title="bbox 2026 3165 3673 3237">
     <span class='ocr_line' id='line_1_94' title="bbox 2026 3165 3673 3237; baseline 0.005 -18"><span class='ocrx_word' id='word_1_700' title='bbox 2026 3166 2209 3219; x_wconf 78' lang='lat' dir='ltr'><strong>nostri</strong></span> <span class='ocrx_word' id='word_1_701' title='bbox 2219 3180 2339 3219; x_wconf 84' lang='lat' dir='ltr'><strong>omn</strong></span> <span class='ocrx_word' id='word_1_702' title='bbox 2349 3180 2403 3219; x_wconf 91' lang='lat' dir='ltr'><strong>es</strong></span> <span class='ocrx_word' id='word_1_703' title='bbox 2418 3165 2518 3220; x_wconf 88' lang='lat' dir='ltr'><strong>sub</strong></span> <span class='ocrx_word' id='word_1_704' title='bbox 2534 3165 2677 3220; x_wconf 88' lang='lat' dir='ltr'><strong>nube</strong></span> <span class='ocrx_word' id='word_1_705' title='bbox 2690 3165 2941 3237; x_wconf 83' lang='lat' dir='ltr'><strong>fuerunt,</strong></span> <span class='ocrx_word' id='word_1_706' title='bbox 2961 3175 3012 3222; x_wconf 90' lang='lat' dir='ltr'><strong>et</strong></span> <span class='ocrx_word' id='word_1_707' title='bbox 3023 3184 3203 3224; x_wconf 88' lang='lat' dir='ltr'><strong>omnes</strong></span> <span class='ocrx_word' id='word_1_708' title='bbox 3220 3185 3318 3237; x_wconf 84' lang='lat' dir='ltr'><strong>per</strong></span> <span class='ocrx_word' id='word_1_709' title='bbox 3331 3186 3485 3227; x_wconf 89' lang='lat' dir='ltr'><strong>mare</strong></span> <span class='ocrx_word' id='word_1_710' title='bbox 3500 3176 3673 3227; x_wconf 89' lang='lat' dir='ltr'><strong>trans-</strong></span> 
     </span>
    </p>
   </div>
   <div class='ocr_carea' id='block_1_94' title="bbox 2028 3254 3675 3327">
    <p class='ocr_par' dir='ltr' id='par_1_94' title="bbox 2028 3254 3675 3327">
     <span class='ocr_line' id='line_1_95' title="bbox 2028 3254 3675 3327; baseline 0.005 -19"><span class='ocrx_word' id='word_1_711' title='bbox 2028 3256 2231 3323; x_wconf 86' lang='lat' dir='ltr'><strong>ierunt,</strong></span> <span class='ocrx_word' id='word_1_712' title='bbox 2264 3256 2318 3308; x_wconf 86' lang='lat' dir='ltr'><strong>et</strong></span> <span class='ocrx_word' id='word_1_713' title='bbox 2342 3268 2525 3309; x_wconf 87' lang='lat' dir='ltr'><strong>omnes</strong></span> <span class='ocrx_word' id='word_1_714' title='bbox 2551 3256 2609 3309; x_wconf 89' lang='lat' dir='ltr'><strong>in</strong></span> <span class='ocrx_word' id='word_1_715' title='bbox 2642 3254 2895 3326; x_wconf 70' lang='lat' dir='ltr'><strong>Hoysen‘</strong></span> <span class='ocrx_word' id='word_1_716' title='bbox 2950 3256 3217 3327; x_wconf 72' lang='lat' dir='ltr'><strong>baptizati</strong></span> <span class='ocrx_word' id='word_1_717' title='bbox 3261 3263 3408 3325; x_wconf 86' lang='lat' dir='ltr'><strong>sunt,</strong></span> <span class='ocrx_word' id='word_1_718' title='bbox 3441 3262 3497 3315; x_wconf 89' lang='lat' dir='ltr'><strong>in</strong></span> <span class='ocrx_word' id='word_1_719' title='bbox 3530 3262 3675 3317; x_wconf 87' lang='lat' dir='ltr'><strong>nube</strong></span> 
     </span>
    </p>
   </div>
   <div class='ocr_carea' id='block_1_95' title="bbox 2028 3344 3675 3418">
    <p class='ocr_par' dir='ltr' id='par_1_95' title="bbox 2028 3344 3675 3418">
     <span class='ocr_line' id='line_1_96' title="bbox 2028 3344 3675 3418; baseline 0.004 -20"><span class='ocrx_word' id='word_1_720' title='bbox 2028 3350 2082 3398; x_wconf 83' lang='lat' dir='ltr'><strong>et</strong></span> <span class='ocrx_word' id='word_1_721' title='bbox 2108 3344 2168 3397; x_wconf 92' lang='lat' dir='ltr'><strong>in</strong></span> <span class='ocrx_word' id='word_1_722' title='bbox 2187 3344 2370 3397; x_wconf 88' lang='lat' dir='ltr'><strong>mari:</strong></span> <span class='ocrx_word' id='word_1_723' title='bbox 2390 3346 2444 3398; x_wconf 86' lang='lat' dir='ltr'><strong>et</strong></span> <span class='ocrx_word' id='word_1_724' title='bbox 2463 3358 2652 3398; x_wconf 87' lang='lat' dir='ltr'><strong>omnes</strong></span> <span class='ocrx_word' id='word_1_725' title='bbox 2672 3344 2921 3399; x_wconf 85' lang='lat' dir='ltr'><strong>eumdem</strong></span> <span class='ocrx_word' id='word_1_726' title='bbox 2944 3345 3129 3400; x_wconf 86' lang='lat' dir='ltr'><strong>cibum</strong></span> <span class='ocrx_word' id='word_1_727' title='bbox 3148 3348 3495 3418; x_wconf 86' lang='lat' dir='ltr'><strong>spiritualem</strong></span> <span class='ocrx_word' id='word_1_728' title='bbox 3517 3367 3675 3405; x_wconf 87' lang='lat' dir='ltr'><strong>man-</strong></span> 
     </span>
    </p>
   </div>
   <div class='ocr_carea' id='block_1_96' title="bbox 2028 3431 3676 3504">
    <p class='ocr_par' dir='ltr' id='par_1_96' title="bbox 2028 3431 3676 3504">
     <span class='ocr_line' id='line_1_97' title="bbox 2028 3431 3676 3504; baseline 0.005 -19"><span class='ocrx_word' id='word_1_729' title='bbox 2028 3431 2379 3497; x_wconf 86' lang='lat' dir='ltr'><strong>ducaverunt,</strong></span> <span class='ocrx_word' id='word_1_730' title='bbox 2406 3435 2457 3486; x_wconf 88' lang='lat' dir='ltr'><strong>et</strong></span> <span class='ocrx_word' id='word_1_731' title='bbox 2476 3447 2663 3487; x_wconf 86' lang='lat' dir='ltr'><strong>omnes</strong></span> <span class='ocrx_word' id='word_1_732' title='bbox 2677 3432 2927 3488; x_wconf 89' lang='lat' dir='ltr'><strong>eumdem</strong></span> <span class='ocrx_word' id='word_1_733' title='bbox 2949 3438 3133 3503; x_wconf 87' lang='lat' dir='ltr'><strong>potum</strong></span> <span class='ocrx_word' id='word_1_734' title='bbox 3156 3438 3506 3504; x_wconf 84' lang='lat' dir='ltr'><strong>spiritualem</strong></span> <span class='ocrx_word' id='word_1_735' title='bbox 3531 3438 3676 3494; x_wconf 84' lang='lat' dir='ltr'><strong>bibe-</strong></span> 
     </span>
    </p>
   </div>
   <div class='ocr_carea' id='block_1_97' title="bbox 2028 3519 3676 3598">
    <p class='ocr_par' dir='ltr' id='par_1_97' title="bbox 2028 3519 3676 3598">
     <span class='ocr_line' id='line_1_98' title="bbox 2028 3519 3676 3598; baseline 0.005 -25"><span class='ocrx_word' id='word_1_736' title='bbox 2028 3519 2448 3575; x_wconf 84' lang='lat' dir='ltr'><strong>runt.Bibcbant</strong></span> <span class='ocrx_word' id='word_1_737' title='bbox 2464 3521 2610 3575; x_wconf 85' lang='lat' dir='ltr'><strong>enim</strong></span> <span class='ocrx_word' id='word_1_738' title='bbox 2622 3520 2685 3575; x_wconf 89' lang='lat' dir='ltr'><strong>de</strong></span> <span class='ocrx_word' id='word_1_739' title='bbox 2712 3522 2998 3590; x_wconf 86' lang='lat' dir='ltr'><strong>spirituali</strong></span> <span class='ocrx_word' id='word_1_740' title='bbox 3008 3528 3362 3593; x_wconf 79' lang='lat' dir='ltr'><strong>consequente</strong></span> <span class='ocrx_word' id='word_1_741' title='bbox 3379 3542 3466 3580; x_wconf 90' lang='lat' dir='ltr'><strong>eos</strong></span> <span class='ocrx_word' id='word_1_742' title='bbox 3475 3530 3633 3598; x_wconf 78' lang='lat' dir='ltr'><strong>petra</strong></span> <span class='ocrx_word' id='word_1_743' title='bbox 3655 3527 3676 3561; x_wconf 89' lang='grc'>²</span> 
     </span>
    </p>
   </div>
   <div class='ocr_carea' id='block_1_98' title="bbox 2024 3608 3680 3682">
    <p class='ocr_par' dir='ltr' id='par_1_98' title="bbox 2024 3608 3680 3682">
     <span class='ocr_line' id='line_1_99' title="bbox 2024 3608 3680 3682; baseline 0.005 -20"><span class='ocrx_word' id='word_1_744' title='bbox 2024 3617 2181 3679; x_wconf 81' lang='lat' dir='ltr'><strong>petra</strong></span> <span class='ocrx_word' id='word_1_745' title='bbox 2204 3617 2389 3663; x_wconf 89' lang='lat' dir='ltr'><strong>autem</strong></span> <span class='ocrx_word' id='word_1_746' title='bbox 2409 3617 2529 3664; x_wconf 89' lang='lat' dir='ltr'><strong>erat</strong></span> <span class='ocrx_word' id='word_1_747' title='bbox 2553 3608 2824 3664; x_wconf 83' lang='lat' dir='ltr'><strong>Christus.</strong></span> <span class='ocrx_word' id='word_1_748' title='bbox 2862 3609 2962 3664; x_wconf 84' lang='lat' dir='ltr'><strong>Sed</strong></span> <span class='ocrx_word' id='word_1_749' title='bbox 2990 3627 3099 3665; x_wconf 88' lang='lat' dir='ltr'><strong>non</strong></span> <span class='ocrx_word' id='word_1_750' title='bbox 3132 3613 3190 3666; x_wconf 89' lang='lat' dir='ltr'><strong>in</strong></span> <span class='ocrx_word' id='word_1_751' title='bbox 3216 3613 3460 3682; x_wconf 86' lang='lat' dir='ltr'><strong>pleribus</strong></span> <span class='ocrx_word' id='word_1_752' title='bbox 3486 3632 3680 3671; x_wconf 84' lang='lat' dir='ltr'><strong>eorum</strong></span> 
     </span>
    </p>
   </div>
   <div class='ocr_carea' id='block_1_99' title="bbox 2027 3697 3679 3769">
    <p class='ocr_par' dir='ltr' id='par_1_99' title="bbox 2027 3697 3679 3769">
     <span class='ocr_line' id='line_1_100' title="bbox 2027 3697 3679 3769; baseline 0.004 -16"><span class='ocrx_word' id='word_1_753' title='bbox 2027 3699 2355 3769; x_wconf 86' lang='lat' dir='ltr'><strong>complacuit</strong></span> <span class='ocrx_word' id='word_1_754' title='bbox 2376 3699 2482 3753; x_wconf 89' lang='lat' dir='ltr'><strong>Deo</strong></span> <span class='ocrx_word' id='word_1_755' title='bbox 2502 3697 2525 3733; x_wconf 82' lang='grc'><strong>⁸</strong></span> <span class='ocrx_word' id='word_1_756' title='bbox 2545 3716 2564 3751; x_wconf 88' lang='lat'><strong><em>:</em></strong></span> <span class='ocrx_word' id='word_1_757' title='bbox 2585 3699 2853 3769; x_wconf 85' lang='lat' dir='ltr'><strong>prostrati</strong></span> <span class='ocrx_word' id='word_1_758' title='bbox 2884 3700 3037 3754; x_wconf 85' lang='lat' dir='ltr'><strong>enim</strong></span> <span class='ocrx_word' id='word_1_759' title='bbox 3064 3704 3193 3754; x_wconf 89' lang='lat' dir='ltr'><strong>sunt</strong></span> <span class='ocrx_word' id='word_1_760' title='bbox 3216 3703 3276 3755; x_wconf 90' lang='lat' dir='ltr'><strong>in</strong></span> <span class='ocrx_word' id='word_1_761' title='bbox 3299 3701 3523 3757; x_wconf 84' lang='lat' dir='ltr'><strong>deserto.</strong></span> <span class='ocrx_word' id='word_1_762' title='bbox 3549 3705 3679 3760; x_wconf 72' lang='lat' dir='ltr'><strong>Haec</strong></span> 
     </span>
    </p>
   </div>
   <div class='ocr_carea' id='block_1_100' title="bbox 2029 3786 3677 3859">
    <p class='ocr_par' dir='ltr' id='par_1_100' title="bbox 2029 3786 3677 3859">
     <span class='ocr_line' id='line_1_101' title="bbox 2029 3786 3677 3859; baseline 0.003 -16"><span class='ocrx_word' id='word_1_763' title='bbox 2029 3795 2209 3843; x_wconf 88' lang='lat' dir='ltr'><strong>autem</strong></span> <span class='ocrx_word' id='word_1_764' title='bbox 2228 3786 2427 3859; x_wconf 72' lang='lat' dir='ltr'><strong>ﬁgura:</strong></span> <span class='ocrx_word' id='word_1_765' title='bbox 2445 3795 2654 3843; x_wconf 74' lang='lat' dir='ltr'><strong>nostrae</strong></span> <span class='ocrx_word' id='word_1_766' title='bbox 2672 3790 2921 3858; x_wconf 79' lang='lat' dir='ltr'><strong>fuerunt,</strong></span> <span class='ocrx_word' id='word_1_767' title='bbox 2944 3796 3004 3843; x_wconf 89' lang='lat' dir='ltr'><strong>ut</strong></span> <span class='ocrx_word' id='word_1_768' title='bbox 3024 3805 3133 3844; x_wconf 85' lang='lat' dir='ltr'><strong>non</strong></span> <span class='ocrx_word' id='word_1_769' title='bbox 3154 3791 3330 3845; x_wconf 90' lang='lat' dir='ltr'><strong>simus</strong></span> <span class='ocrx_word' id='word_1_770' title='bbox 3348 3792 3539 3857; x_wconf 82' lang='lat' dir='ltr'><strong>cupidi</strong></span> <span class='ocrx_word' id='word_1_771' title='bbox 3557 3809 3677 3847; x_wconf 87' lang='lat' dir='ltr'><strong>ma-</strong></span> 
     </span>
    </p>
   </div>
   <div class='ocr_carea' id='block_1_101' title="bbox 2029 3876 3674 3949">
    <p class='ocr_par' dir='ltr' id='par_1_101' title="bbox 2029 3876 3674 3949">
     <span class='ocr_line' id='line_1_102' title="bbox 2029 3876 3674 3949; baseline 0.004 -18"><span class='ocrx_word' id='word_1_772' title='bbox 2029 3877 2226 3942; x_wconf 86' lang='lat' dir='ltr'><strong>lorum,</strong></span> <span class='ocrx_word' id='word_1_773' title='bbox 2258 3878 2400 3931; x_wconf 80' lang='lat' dir='ltr'><strong>sicut</strong></span> <span class='ocrx_word' id='word_1_774' title='bbox 2418 3880 2471 3931; x_wconf 89' lang='lat' dir='ltr'><strong>et</strong></span> <span class='ocrx_word' id='word_1_775' title='bbox 2491 3876 2581 3930; x_wconf 84' lang='lat' dir='ltr'><strong>illi</strong></span> <span class='ocrx_word' id='word_1_776' title='bbox 2600 3879 3013 3947; x_wconf 85' lang='lat' dir='ltr'><strong>concupierunt.</strong></span> <span class='ocrx_word' id='word_1_777' title='bbox 3038 3882 3219 3949; x_wconf 87' lang='lat' dir='ltr'><strong>Neque</strong></span> <span class='ocrx_word' id='word_1_778' title='bbox 3240 3879 3385 3935; x_wconf 87' lang='lat' dir='ltr'><strong>idola</strong></span> <span class='ocrx_word' id='word_1_779' title='bbox 3407 3882 3674 3937; x_wconf 90' lang='lat' dir='ltr'><strong>colamus.</strong></span> 
     </span>
    </p>
   </div>
   <div class='ocr_carea' id='block_1_102' title="bbox 2027 3964 3679 4042">
    <p class='ocr_par' dir='ltr' id='par_1_102' title="bbox 2027 3964 3679 4042">
     <span class='ocr_line' id='line_1_103' title="bbox 2027 3964 3679 4042; baseline 0.004 -22"><span class='ocrx_word' id='word_1_780' title='bbox 2027 3967 2169 4020; x_wconf 85' lang='lat' dir='ltr'><strong>sicut</strong></span> <span class='ocrx_word' id='word_1_781' title='bbox 2189 3964 2420 4036; x_wconf 86' lang='lat' dir='ltr'><strong>quidam</strong></span> <span class='ocrx_word' id='word_1_782' title='bbox 2436 3981 2507 4021; x_wconf 78' lang='lat' dir='ltr'><strong>ea:</strong></span> <span class='ocrx_word' id='word_1_783' title='bbox 2528 3964 2668 4035; x_wconf 81' lang='lat' dir='ltr'><strong>illis,</strong></span> <span class='ocrx_word' id='word_1_784' title='bbox 2690 3968 2830 4021; x_wconf 79' lang='lat' dir='ltr'><strong>sicut</strong></span> <span class='ocrx_word' id='word_1_785' title='bbox 2848 3969 3117 4037; x_wconf 84' lang='lat' dir='ltr'><strong>scriptum</strong></span> <span class='ocrx_word' id='word_1_786' title='bbox 3141 3973 3253 4023; x_wconf 86' lang='lat' dir='ltr'><strong>est:</strong></span> <span class='ocrx_word' id='word_1_787' title='bbox 3274 3968 3426 4024; x_wconf 85' lang='lat' dir='ltr'><strong>Sedit</strong></span> <span class='ocrx_word' id='word_1_788' title='bbox 3441 3971 3679 4042; x_wconf 78' lang='lat' dir='ltr'><strong>papulas</strong></span> 
     </span>
    </p>
   </div>
   <div class='ocr_carea' id='block_1_103' title="bbox 2025 4054 3679 4131">
    <p class='ocr_par' dir='ltr' id='par_1_103' title="bbox 2025 4054 3679 4131">
     <span class='ocr_line' id='line_1_104' title="bbox 2025 4054 3679 4131; baseline 0.005 -23"><span class='ocrx_word' id='word_1_789' title='bbox 2025 4055 2365 4109; x_wconf 83' lang='lat' dir='ltr'><strong>manducare</strong></span> <span class='ocrx_word' id='word_1_790' title='bbox 2393 4063 2446 4109; x_wconf 91' lang='lat' dir='ltr'><strong>et</strong></span> <span class='ocrx_word' id='word_1_791' title='bbox 2478 4054 2684 4119; x_wconf 85' lang='lat' dir='ltr'><strong>bibere,</strong></span> <span class='ocrx_word' id='word_1_792' title='bbox 2736 4058 2789 4109; x_wconf 87' lang='lat' dir='ltr'><strong>et</strong></span> <span class='ocrx_word' id='word_1_793' title='bbox 2849 4066 3212 4112; x_wconf 75' lang='lat' dir='ltr'><strong>surrexerunt</strong></span> <span class='ocrx_word' id='word_1_794' title='bbox 3253 4058 3458 4113; x_wconf 84' lang='lat' dir='ltr'><strong>ludere.</strong></span> <span class='ocrx_word' id='word_1_795' title='bbox 3492 4064 3679 4131; x_wconf 86' lang='lat' dir='ltr'><strong>Neque</strong></span> 
     </span>
    </p>
   </div>
   <div class='ocr_carea' id='block_1_104' title="bbox 2024 4142 3671 4217">
    <p class='ocr_par' dir='ltr' id='par_1_104' title="bbox 2024 4142 3671 4217">
     <span class='ocr_line' id='line_1_105' title="bbox 2024 4142 3671 4217; baseline 0.005 -20"><span class='ocrx_word' id='word_1_796' title='bbox 2024 4145 2386 4215; x_wconf 82' lang='lat' dir='ltr'><strong>fornicemur,</strong></span> <span class='ocrx_word' id='word_1_797' title='bbox 2414 4145 2551 4198; x_wconf 87' lang='lat' dir='ltr'><strong>sicut</strong></span> <span class='ocrx_word' id='word_1_798' title='bbox 2574 4142 2797 4215; x_wconf 82' lang='lat' dir='ltr'><strong>quidam</strong></span> <span class='ocrx_word' id='word_1_799' title='bbox 2825 4158 2897 4199; x_wconf 78' lang='lat' dir='ltr'><strong>ea:</strong></span> <span class='ocrx_word' id='word_1_800' title='bbox 2923 4145 3040 4201; x_wconf 86' lang='lat' dir='ltr'><strong>illis</strong></span> <span class='ocrx_word' id='word_1_801' title='bbox 3066 4147 3330 4216; x_wconf 82' lang='lat' dir='ltr'><strong>fomicati</strong></span> <span class='ocrx_word' id='word_1_802' title='bbox 3346 4152 3493 4217; x_wconf 88' lang='lat' dir='ltr'><strong>sunt,</strong></span> <span class='ocrx_word' id='word_1_803' title='bbox 3517 4157 3567 4203; x_wconf 89' lang='lat' dir='ltr'><strong>et</strong></span> <span class='ocrx_word' id='word_1_804' title='bbox 3585 4164 3671 4205; x_wconf 85' lang='lat' dir='ltr'><strong>ce-</strong></span> 
     </span>
    </p>
   </div>
   <div class='ocr_carea' id='block_1_105' title="bbox 2025 4232 3667 4308">
    <p class='ocr_par' dir='ltr' id='par_1_105' title="bbox 2025 4232 3667 4308">
     <span class='ocr_line' id='line_1_106' title="bbox 2025 4232 3667 4308; baseline 0.003 -21"><span class='ocrx_word' id='word_1_805' title='bbox 2025 4232 2275 4287; x_wconf 88' lang='lat' dir='ltr'><strong>ciderunt</strong></span> <span class='ocrx_word' id='word_1_806' title='bbox 2306 4249 2416 4286; x_wconf 88' lang='lat' dir='ltr'><strong>una</strong></span> <span class='ocrx_word' id='word_1_807' title='bbox 2446 4232 2535 4286; x_wconf 88' lang='lat' dir='ltr'><strong>die</strong></span> <span class='ocrx_word' id='word_1_808' title='bbox 2566 4234 2760 4302; x_wconf 85' lang='lat' dir='ltr'><strong>viginti</strong></span> <span class='ocrx_word' id='word_1_809' title='bbox 2786 4235 2895 4288; x_wconf 89' lang='lat' dir='ltr'><strong>tria</strong></span> <span class='ocrx_word' id='word_1_810' title='bbox 2925 4234 3109 4289; x_wconf 86' lang='lat' dir='ltr'><strong>millia</strong></span> <span class='ocrx_word' id='word_1_811' title='bbox 3153 4234 3454 4291; x_wconf 87' lang='lat' dir='ltr'><strong>hominum.</strong></span> <span class='ocrx_word' id='word_1_812' title='bbox 3487 4237 3667 4308; x_wconf 84' lang='lat' dir='ltr'><strong>Neque</strong></span> 
     </span>
    </p>
   </div>
   <div class='ocr_carea' id='block_1_106' title="bbox 2027 4320 3663 4394">
    <p class='ocr_par' dir='ltr' id='par_1_106' title="bbox 2027 4320 3663 4394">
     <span class='ocr_line' id='line_1_107' title="bbox 2027 4320 3663 4394; baseline 0.002 -17"><span class='ocrx_word' id='word_1_813' title='bbox 2027 4328 2291 4377; x_wconf 84' lang='lat' dir='ltr'><strong>tentemus</strong></span> <span class='ocrx_word' id='word_1_814' title='bbox 2324 4320 2623 4387; x_wconf 85' lang='lat' dir='ltr'><strong>Christum,</strong></span> <span class='ocrx_word' id='word_1_815' title='bbox 2654 4324 2794 4377; x_wconf 90' lang='lat' dir='ltr'><strong>sicut</strong></span> <span class='ocrx_word' id='word_1_816' title='bbox 2822 4323 3052 4393; x_wconf 86' lang='lat' dir='ltr'><strong>quidam</strong></span> <span class='ocrx_word' id='word_1_817' title='bbox 3081 4340 3269 4379; x_wconf 83' lang='lat' dir='ltr'><strong>eorum</strong></span> <span class='ocrx_word' id='word_1_818' title='bbox 3299 4328 3663 4394; x_wconf 85' lang='lat' dir='ltr'><strong>tentaverunt,</strong></span> 
     </span>
    </p>
   </div>
   <div class='ocr_carea' id='block_1_107' title="bbox 2026 4411 3669 4485">
    <p class='ocr_par' dir='ltr' id='par_1_107' title="bbox 2026 4411 3669 4485">
     <span class='ocr_line' id='line_1_108' title="bbox 2026 4411 3669 4485; baseline 0.002 -19"><span class='ocrx_word' id='word_1_819' title='bbox 2026 4414 2078 4466; x_wconf 87' lang='lat' dir='ltr'><strong>et</strong></span> <span class='ocrx_word' id='word_1_820' title='bbox 2098 4429 2130 4465; x_wconf 88' lang='lat' dir='ltr'><strong><em>a</em></strong></span> <span class='ocrx_word' id='word_1_821' title='bbox 2149 4411 2485 4481; x_wconf 84' lang='lat' dir='ltr'><strong>serpentibus</strong></span> <span class='ocrx_word' id='word_1_822' title='bbox 2505 4412 2849 4466; x_wconf 85' lang='lat' dir='ltr'><strong>interierunt.</strong></span> <span class='ocrx_word' id='word_1_823' title='bbox 2876 4413 3057 4485; x_wconf 86' lang='lat' dir='ltr'><strong>Neque</strong></span> <span class='ocrx_word' id='word_1_824' title='bbox 3075 4430 3506 4481; x_wconf 89' lang='lat' dir='ltr'><strong>murmuremus,</strong></span> <span class='ocrx_word' id='word_1_825' title='bbox 3528 4417 3669 4470; x_wconf 87' lang='lat' dir='ltr'><strong>sicut</strong></span> 
     </span>
    </p>
   </div>
   <div class='ocr_carea' id='block_1_108' title="bbox 2028 4498 3669 4573">
    <p class='ocr_par' dir='ltr' id='par_1_108' title="bbox 2028 4498 3669 4573">
     <span class='ocr_line' id='line_1_109' title="bbox 2028 4498 3669 4573; baseline 0.005 -21"><span class='ocrx_word' id='word_1_826' title='bbox 2028 4498 2250 4570; x_wconf 89' lang='lat' dir='ltr'><strong>quidam</strong></span> <span class='ocrx_word' id='word_1_827' title='bbox 2274 4515 2343 4553; x_wconf 76' lang='lat' dir='ltr'><strong>ea:</strong></span> <span class='ocrx_word' id='word_1_828' title='bbox 2362 4498 2484 4554; x_wconf 88' lang='lat' dir='ltr'><strong>illis</strong></span> <span class='ocrx_word' id='word_1_829' title='bbox 2503 4510 3009 4565; x_wconf 87' lang='lat' dir='ltr'><strong>murmuraverunt,</strong></span> <span class='ocrx_word' id='word_1_830' title='bbox 3033 4510 3085 4557; x_wconf 88' lang='lat' dir='ltr'><strong>et</strong></span> <span class='ocrx_word' id='word_1_831' title='bbox 3098 4504 3385 4573; x_wconf 87' lang='lat' dir='ltr'><strong>perierunt</strong></span> <span class='ocrx_word' id='word_1_832' title='bbox 3406 4505 3473 4558; x_wconf 89' lang='lat' dir='ltr'><strong>ab</strong></span> <span class='ocrx_word' id='word_1_833' title='bbox 3494 4512 3669 4561; x_wconf 74' lang='lat' dir='ltr'><strong>exter-</strong></span> 
     </span>
    </p>
   </div>
   <div class='ocr_carea' id='block_1_109' title="bbox 2030 4588 3667 4661">
    <p class='ocr_par' dir='ltr' id='par_1_109' title="bbox 2030 4588 3667 4661">
     <span class='ocr_line' id='line_1_110' title="bbox 2030 4588 3667 4661; baseline 0.005 -20"><span class='ocrx_word' id='word_1_834' title='bbox 2030 4588 2532 4644; x_wconf 71' lang='lat' dir='ltr'><strong>minatore.0nznia</strong></span> <span class='ocrx_word' id='word_1_835' title='bbox 2545 4596 2730 4643; x_wconf 88' lang='lat' dir='ltr'><strong>autem</strong></span> <span class='ocrx_word' id='word_1_836' title='bbox 2742 4590 2846 4644; x_wconf 86' lang='lat' dir='ltr'><strong>ista</strong></span> <span class='ocrx_word' id='word_1_837' title='bbox 2863 4590 2918 4643; x_wconf 91' lang='lat' dir='ltr'><strong>in</strong></span> <span class='ocrx_word' id='word_1_838' title='bbox 2935 4592 3116 4659; x_wconf 81' lang='lat' dir='ltr'><strong>ﬁgura</strong></span> <span class='ocrx_word' id='word_1_839' title='bbox 3135 4593 3518 4661; x_wconf 81' lang='lat' dir='ltr'><strong>contingebant</strong></span> <span class='ocrx_word' id='word_1_840' title='bbox 3533 4595 3667 4651; x_wconf 86' lang='lat' dir='ltr'><strong>illis.</strong></span> 
     </span>
    </p>
   </div>
   <div class='ocr_carea' id='block_1_110' title="bbox 2028 4676 3671 4755">
    <p class='ocr_par' dir='ltr' id='par_1_110' title="bbox 2028 4676 3671 4755">
     <span class='ocr_line' id='line_1_111' title="bbox 2028 4676 3671 4755; baseline 0.005 -24"><span class='ocrx_word' id='word_1_841' title='bbox 2028 4676 2241 4747; x_wconf 84' lang='lat' dir='ltr'><strong>Scripta</strong></span> <span class='ocrx_word' id='word_1_842' title='bbox 2270 4682 2451 4731; x_wconf 89' lang='lat' dir='ltr'><strong>autem.</strong></span> <span class='ocrx_word' id='word_1_843' title='bbox 2478 4685 2605 4731; x_wconf 70' lang='lat' dir='ltr'><strong>sunt</strong></span> <span class='ocrx_word' id='word_1_844' title='bbox 2632 4677 2709 4732; x_wconf 86' lang='lat' dir='ltr'><strong>ad</strong></span> <span class='ocrx_word' id='word_1_845' title='bbox 2737 4682 3135 4749; x_wconf 85' lang='lat' dir='ltr'><strong>correptionem</strong></span> <span class='ocrx_word' id='word_1_846' title='bbox 3164 4685 3433 4750; x_wconf 89' lang='lat' dir='ltr'><strong>nostram,</strong></span> <span class='ocrx_word' id='word_1_847' title='bbox 3457 4685 3516 4738; x_wconf 89' lang='lat' dir='ltr'><strong>in</strong></span> <span class='ocrx_word' id='word_1_848' title='bbox 3540 4699 3671 4755; x_wconf 87' lang='lat' dir='ltr'><strong>quos</strong></span> 
     </span>
    </p>
   </div>
   <div class='ocr_carea' id='block_1_111' title="bbox 2026 4764 3669 4843">
    <p class='ocr_par' dir='ltr' id='par_1_111' title="bbox 2026 4764 3669 4843">
     <span class='ocr_line' id='line_1_112' title="bbox 2026 4764 3669 4843; baseline 0.005 -24"><span class='ocrx_word' id='word_1_849' title='bbox 2026 4766 2162 4835; x_wconf 85' lang='lat' dir='ltr'><strong>ﬁnes</strong></span> <span class='ocrx_word' id='word_1_850' title='bbox 2180 4764 2513 4821; x_wconf 71' lang='lat' dir='ltr'><strong>saeculorum</strong></span> <span class='ocrx_word' id='word_1_851' title='bbox 2556 4765 2886 4822; x_wconf 84' lang='lat' dir='ltr'><strong>devenerunt</strong></span> <span class='ocrx_word' id='word_1_852' title='bbox 2909 4768 2950 4839; x_wconf 91' lang='grc' dir='ltr'><strong>(Ι</strong></span> <span class='ocrx_word' id='word_1_853' title='bbox 2992 4768 3173 4837; x_wconf 81' lang='lat' dir='ltr'><strong>Cor.x,</strong></span> <span class='ocrx_word' id='word_1_854' title='bbox 3208 4770 3382 4843; x_wconf 87' lang='grc'><strong>1-11).</strong></span> <span class='ocrx_word' id='word_1_855' title='bbox 3412 4771 3507 4827; x_wconf 86' lang='lat' dir='ltr'><strong>Est</strong></span> <span class='ocrx_word' id='word_1_856' title='bbox 3528 4773 3669 4828; x_wconf 88' lang='lat' dir='ltr'><strong>item</strong></span> 
     </span>
    </p>
   </div>
   <div class='ocr_carea' id='block_1_112' title="bbox 2028 4853 3668 4928">
    <p class='ocr_par' dir='ltr' id='par_1_112' title="bbox 2028 4853 3668 4928">
     <span class='ocr_line' id='line_1_113' title="bbox 2028 4853 3668 4928; baseline 0.004 -19"><span class='ocrx_word' id='word_1_857' title='bbox 2028 4854 2182 4926; x_wconf 89' lang='lat' dir='ltr'><strong>apud</strong></span> <span class='ocrx_word' id='word_1_858' title='bbox 2208 4853 2548 4925; x_wconf 80' lang='lat' dir='ltr'><strong>Apostolum</strong></span> <span class='ocrx_word' id='word_1_859' title='bbox 2574 4854 2850 4928; x_wconf 81' lang='lat' dir='ltr'><strong>allegoria</strong></span> <span class='ocrx_word' id='word_1_860' title='bbox 2868 4858 3155 4928; x_wconf 55' lang='lat' dir='ltr'><strong>quadam,</strong></span> <span class='ocrx_word' id='word_1_861' title='bbox 3181 4876 3321 4914; x_wconf 90' lang='lat' dir='ltr'><strong>sane</strong></span> <span class='ocrx_word' id='word_1_862' title='bbox 3340 4862 3407 4915; x_wconf 86' lang='lat' dir='ltr'><strong>ad</strong></span> <span class='ocrx_word' id='word_1_863' title='bbox 3428 4876 3668 4916; x_wconf 88' lang='lat' dir='ltr'><strong>causam</strong></span> 
     </span>
    </p>
   </div>
   <div class='ocr_carea' id='block_1_113' title="bbox 2030 4944 3669 5020">
    <p class='ocr_par' dir='ltr' id='par_1_113' title="bbox 2030 4944 3669 5020">
     <span class='ocr_line' id='line_1_114' title="bbox 2030 4944 3669 5020; baseline 0.004 -22"><span class='ocrx_word' id='word_1_864' title='bbox 2030 4944 2279 4998; x_wconf 84' lang='lat' dir='ltr'><strong>maxime</strong></span> <span class='ocrx_word' id='word_1_865' title='bbox 2304 4944 2627 5014; x_wconf 91' lang='lat' dir='ltr'><strong>pertinens,</strong></span> <span class='ocrx_word' id='word_1_866' title='bbox 2650 4944 2779 4998; x_wconf 90' lang='lat' dir='ltr'><strong>ideo</strong></span> <span class='ocrx_word' id='word_1_867' title='bbox 2796 4946 2949 5016; x_wconf 91' lang='lat' dir='ltr'><strong>quod</strong></span> <span class='ocrx_word' id='word_1_868' title='bbox 2970 4946 3082 5017; x_wconf 91' lang='lat' dir='ltr'><strong>ipsi</strong></span> <span class='ocrx_word' id='word_1_869' title='bbox 3100 4964 3227 5003; x_wconf 86' lang='lat' dir='ltr'><strong>eam</strong></span> <span class='ocrx_word' id='word_1_870' title='bbox 3243 4948 3299 5003; x_wconf 92' lang='lat' dir='ltr'><strong>in</strong></span> <span class='ocrx_word' id='word_1_871' title='bbox 3317 4950 3669 5020; x_wconf 87' lang='lat' dir='ltr'><strong>disputando</strong></span> 
     </span>
    </p>
   </div>
   <div class='ocr_carea' id='block_1_114' title="bbox 2030 5034 3676 5104">
    <p class='ocr_par' dir='ltr' id='par_1_114' title="bbox 2030 5034 3676 5104">
     <span class='ocr_line' id='line_1_115' title="bbox 2030 5034 3676 5104; baseline 0.003 -16"><span class='ocrx_word' id='word_1_872' title='bbox 2030 5034 2285 5104; x_wconf 88' lang='lat' dir='ltr'><strong>proferre</strong></span> <span class='ocrx_word' id='word_1_873' title='bbox 2301 5038 2476 5104; x_wconf 88' lang='lat' dir='ltr'><strong>atque</strong></span> <span class='ocrx_word' id='word_1_874' title='bbox 2491 5036 2781 5088; x_wconf 89' lang='lat' dir='ltr'><strong>ostentare</strong></span> <span class='ocrx_word' id='word_1_875' title='bbox 2797 5041 3173 5090; x_wconf 87' lang='lat' dir='ltr'><strong>consuerunt.</strong></span> <span class='ocrx_word' id='word_1_876' title='bbox 3196 5038 3346 5091; x_wconf 87' lang='lat' dir='ltr'><strong>Idem</strong></span> <span class='ocrx_word' id='word_1_877' title='bbox 3362 5037 3516 5092; x_wconf 90' lang='lat' dir='ltr'><strong>enim</strong></span> <span class='ocrx_word' id='word_1_878' title='bbox 3532 5042 3676 5093; x_wconf 88' lang='lat' dir='ltr'><strong>Pau-</strong></span> 
     </span>
    </p>
   </div>
   <div class='ocr_carea' id='block_1_115' title="bbox 2027 5120 3674 5196">
    <p class='ocr_par' dir='ltr' id='par_1_115' title="bbox 2027 5120 3674 5196">
     <span class='ocr_line' id='line_1_116' title="bbox 2027 5120 3674 5196; baseline 0.004 -20"><span class='ocrx_word' id='word_1_879' title='bbox 2027 5121 2120 5177; x_wconf 91' lang='lat' dir='ltr'><strong>lus</strong></span> <span class='ocrx_word' id='word_1_880' title='bbox 2153 5121 2291 5177; x_wconf 91' lang='lat' dir='ltr'><strong>dicit</strong></span> <span class='ocrx_word' id='word_1_881' title='bbox 2323 5122 2393 5175; x_wconf 88' lang='lat' dir='ltr'><strong>ad</strong></span> <span class='ocrx_word' id='word_1_882' title='bbox 2423 5120 2657 5177; x_wconf 86' lang='lat' dir='ltr'><strong>Galatas</strong></span> <span class='ocrx_word' id='word_1_883' title='bbox 2683 5139 2695 5177; x_wconf 91' lang='lat'>:</span> <span class='ocrx_word' id='word_1_884' title='bbox 2740 5123 3014 5196; x_wconf 86' lang='lat' dir='ltr'><strong>Scriptum</strong></span> <span class='ocrx_word' id='word_1_885' title='bbox 3043 5134 3120 5181; x_wconf 89' lang='lat' dir='ltr'><strong>est</strong></span> <span class='ocrx_word' id='word_1_886' title='bbox 3148 5128 3300 5181; x_wconf 89' lang='lat' dir='ltr'><strong>enim</strong></span> <span class='ocrx_word' id='word_1_887' title='bbox 3330 5126 3467 5196; x_wconf 89' lang='lat' dir='ltr'><strong>quod</strong></span> <span class='ocrx_word' id='word_1_888' title='bbox 3496 5127 3674 5183; x_wconf 86' lang='lat' dir='ltr'><strong>Abra—</strong></span> 
     </span>
    </p>
   </div>
   <div class='ocr_carea' id='block_1_116' title="bbox 2030 5211 3677 5283">
    <p class='ocr_par' dir='ltr' id='par_1_116' title="bbox 2030 5211 3677 5283">
     <span class='ocr_line' id='line_1_117' title="bbox 2030 5211 3677 5283; baseline 0.004 -16"><span class='ocrx_word' id='word_1_889' title='bbox 2030 5212 2162 5267; x_wconf 85' lang='lat' dir='ltr'><strong>ham</strong></span> <span class='ocrx_word' id='word_1_890' title='bbox 2191 5212 2329 5266; x_wconf 86' lang='lat' dir='ltr'><strong>duos</strong></span> <span class='ocrx_word' id='word_1_891' title='bbox 2361 5211 2503 5281; x_wconf 81' lang='lat' dir='ltr'><strong>ﬁlios</strong></span> <span class='ocrx_word' id='word_1_892' title='bbox 2534 5211 2766 5275; x_wconf 85' lang='lat' dir='ltr'><strong>habuit;</strong></span> <span class='ocrx_word' id='word_1_893' title='bbox 2799 5230 2969 5270; x_wconf 88' lang='lat' dir='ltr'><strong>unum</strong></span> <span class='ocrx_word' id='word_1_894' title='bbox 3001 5216 3067 5270; x_wconf 86' lang='lat' dir='ltr'><strong>de</strong></span> <span class='ocrx_word' id='word_1_895' title='bbox 3092 5215 3318 5283; x_wconf 88' lang='lat' dir='ltr'><strong>ancilla,</strong></span> <span class='ocrx_word' id='word_1_896' title='bbox 3342 5223 3396 5269; x_wconf 89' lang='lat' dir='ltr'><strong>et</strong></span> <span class='ocrx_word' id='word_1_897' title='bbox 3417 5232 3593 5271; x_wconf 87' lang='lat' dir='ltr'><strong>unum</strong></span> <span class='ocrx_word' id='word_1_898' title='bbox 3612 5218 3677 5274; x_wconf 85' lang='lat' dir='ltr'><strong>de</strong></span> 
     </span>
    </p>
   </div>
   <div class='ocr_carea' id='block_1_117' title="bbox 2031 5299 3676 5374">
    <p class='ocr_par' dir='ltr' id='par_1_117' title="bbox 2031 5299 3676 5374">
     <span class='ocr_line' id='line_1_118' title="bbox 2031 5299 3676 5374; baseline 0.004 -18"><span class='ocrx_word' id='word_1_899' title='bbox 2031 5302 2209 5357; x_wconf 88' lang='lat' dir='ltr'><strong>libera</strong></span> <span class='ocrx_word' id='word_1_900' title='bbox 2231 5319 2249 5355; x_wconf 90' lang='lat'><strong><em>:</em></strong></span> <span class='ocrx_word' id='word_1_901' title='bbox 2270 5299 2361 5356; x_wconf 90' lang='lat' dir='ltr'><strong>sed</strong></span> <span class='ocrx_word' id='word_1_902' title='bbox 2383 5302 2429 5355; x_wconf 90' lang='lat' dir='ltr'><strong>is</strong></span> <span class='ocrx_word' id='word_1_903' title='bbox 2450 5300 2667 5373; x_wconf 88' lang='lat' dir='ltr'><strong>quidem</strong></span> <span class='ocrx_word' id='word_1_904' title='bbox 2693 5305 2788 5374; x_wconf 90' lang='lat' dir='ltr'><strong>qui</strong></span> <span class='ocrx_word' id='word_1_905' title='bbox 2807 5305 2871 5360; x_wconf 87' lang='lat' dir='ltr'><strong>de</strong></span> <span class='ocrx_word' id='word_1_906' title='bbox 2891 5305 3115 5372; x_wconf 86' lang='lat' dir='ltr'><strong>ancilla,</strong></span> <span class='ocrx_word' id='word_1_907' title='bbox 3136 5308 3436 5359; x_wconf 82' lang='lat' dir='ltr'><strong>secundum</strong></span> <span class='ocrx_word' id='word_1_908' title='bbox 3452 5322 3676 5363; x_wconf 82' lang='lat' dir='ltr'><strong>carnem</strong></span> 
     </span>
    </p>
   </div>
   <div class='ocr_carea' id='block_1_118' title="bbox 2096 5461 3675 5527">
    <p class='ocr_par' dir='ltr' id='par_1_118' title="bbox 2096 5461 3675 5527">
     <span class='ocr_line' id='line_1_119' title="bbox 2096 5461 3675 5527; baseline 0.004 -17"><span class='ocrx_word' id='word_1_909' title='bbox 2096 5465 2109 5497; x_wconf 76' lang='grc'><strong>1</strong></span> <span class='ocrx_word' id='word_1_910' title='bbox 2144 5461 2281 5527; x_wconf 82' lang='lat' dir='ltr'><strong>Editi</strong></span> <span class='ocrx_word' id='word_1_911' title='bbox 2311 5462 2362 5509; x_wconf 89' lang='lat' dir='ltr'><strong>in</strong></span> <span class='ocrx_word' id='word_1_912' title='bbox 2389 5462 2576 5527; x_wconf 85' lang='lat' dir='ltr'><strong>Moyse.</strong></span> <span class='ocrx_word' id='word_1_913' title='bbox 2611 5464 2677 5513; x_wconf 79' lang='lat' dir='ltr'><strong>At</strong></span> <span class='ocrx_word' id='word_1_914' title='bbox 2718 5464 2840 5513; x_wconf 86' lang='lat' dir='ltr'><strong>Mss.</strong></span> <span class='ocrx_word' id='word_1_915' title='bbox 2898 5464 3052 5527; x_wconf 83' lang='lat' dir='ltr'><strong>juxta</strong></span> <span class='ocrx_word' id='word_1_916' title='bbox 3084 5478 3334 5527; x_wconf 55' lang='lat' dir='ltr'><strong>graecum,</strong></span> <span class='ocrx_word' id='word_1_917' title='bbox 3366 5465 3422 5514; x_wconf 85' lang='lat' dir='ltr'><strong>in</strong></span> <span class='ocrx_word' id='word_1_918' title='bbox 3451 5466 3675 5527; x_wconf 78' lang='lat' dir='ltr'><strong>Moysen.</strong></span> 
     </span>
    </p>
   </div>
   <div class='ocr_carea' id='block_1_119' title="bbox 2031 5524 3672 5599">
    <p class='ocr_par' dir='ltr' id='par_1_119' title="bbox 2031 5524 3672 5599">
     <span class='ocr_line' id='line_1_120' title="bbox 2031 5524 3672 5599; baseline 0.004 -26"><span class='ocrx_word' id='word_1_919' title='bbox 2031 5525 2116 5599; x_wconf 74' lang='lat' dir='ltr'><strong>Sic</strong></span> <span class='ocrx_word' id='word_1_920' title='bbox 2145 5524 2283 5599; x_wconf 80' lang='lat' dir='ltr'><strong>infra</strong></span> <span class='ocrx_word' id='word_1_921' title='bbox 2312 5524 3115 5599; x_wconf 51' lang='lat' dir='ltr'><strong>consentienteshgrzeciveteres</strong></span> <span class='ocrx_word' id='word_1_922' title='bbox 3144 5527 3263 5577; x_wconf 83' lang='lat' dir='ltr'><strong>libri</strong></span> <span class='ocrx_word' id='word_1_923' title='bbox 3286 5528 3504 5590; x_wconf 90' lang='lat' dir='ltr'><strong>habent,</strong></span> <span class='ocrx_word' id='word_1_924' title='bbox 3527 5524 3672 5579; x_wconf 83' lang='lat' dir='ltr'><strong>Bibe-</strong></span> 
     </span>
    </p>
   </div>
   <div class='ocr_carea' id='block_1_120' title="bbox 2032 5587 3164 5648">
    <p class='ocr_par' dir='ltr' id='par_1_120' title="bbox 2032 5587 3164 5648">
     <span class='ocr_line' id='line_1_121' title="bbox 2032 5587 3164 5648; baseline 0.003 -12"><span class='ocrx_word' id='word_1_925' title='bbox 2032 5587 2158 5636; x_wconf 88' lang='lat' dir='ltr'><strong>bant</strong></span> <span class='ocrx_word' id='word_1_926' title='bbox 2191 5588 2325 5635; x_wconf 83' lang='lat' dir='ltr'><strong>enim</strong></span> <span class='ocrx_word' id='word_1_927' title='bbox 2351 5624 2363 5648; x_wconf 92' lang='lat'><strong>,</strong></span> <span class='ocrx_word' id='word_1_928' title='bbox 2396 5588 2487 5636; x_wconf 92' lang='lat' dir='ltr'>ubi</span> <span class='ocrx_word' id='word_1_929' title='bbox 2518 5588 2664 5646; x_wconf 87' lang='lat' dir='ltr'><strong>editi,</strong></span> <span class='ocrx_word' id='word_1_930' title='bbox 2699 5587 2943 5637; x_wconf 86' lang='lat' dir='ltr'><strong>Bibebant</strong></span> <span class='ocrx_word' id='word_1_931' title='bbox 2972 5592 3164 5639; x_wconf 84' lang='lat' dir='ltr'><strong>autem.</strong></span> 
     </span>
    </p>
   </div>
   <div class='ocr_carea' id='block_1_121' title="bbox 2094 5651 3051 5715">
    <p class='ocr_par' dir='ltr' id='par_1_121' title="bbox 2094 5651 3051 5715">
     <span class='ocr_line' id='line_1_122' title="bbox 2094 5651 3051 5715; baseline -0.005 -10"><span class='ocrx_word' id='word_1_932' title='bbox 2094 5651 2115 5715; x_wconf 52' lang='grc' dir='ltr'><strong><em>ἕ</em></strong></span> <span class='ocrx_word' id='word_1_933' title='bbox 2144 5652 2214 5715; x_wconf 57' lang='lat' dir='ltr'><strong>lu</strong></span> <span class='ocrx_word' id='word_1_934' title='bbox 2226 5651 2385 5715; x_wconf 52' lang='grc' dir='ltr'>Μῦες,</span> <span class='ocrx_word' id='word_1_935' title='bbox 2412 5652 2743 5715; x_wconf 67' lang='lat' dir='ltr'><strong>prosequente</strong></span> <span class='ocrx_word' id='word_1_936' title='bbox 2776 5665 2858 5699; x_wconf 88' lang='lat' dir='ltr'><strong>eos</strong></span> <span class='ocrx_word' id='word_1_937' title='bbox 2883 5660 3051 5715; x_wconf 85' lang='lat' dir='ltr'><strong>petra.</strong></span> 
     </span>
    </p>
   </div>
   <div class='ocr_carea' id='block_1_122' title="bbox 2096 5710 3430 5781">
    <p class='ocr_par' dir='ltr' id='par_1_122' title="bbox 2096 5710 3430 5781">
     <span class='ocr_line' id='line_1_123' title="bbox 2096 5710 3430 5781; baseline 0.002 -18"><span class='ocrx_word' id='word_1_938' title='bbox 2096 5714 2117 5751; x_wconf 77' lang='grc'>³</span> <span class='ocrx_word' id='word_1_939' title='bbox 2142 5711 2301 5775; x_wconf 87' lang='lat' dir='ltr'><strong>Editi,</strong></span> <span class='ocrx_word' id='word_1_940' title='bbox 2338 5710 2654 5776; x_wconf 69' lang='lat' dir='ltr'><strong>beneplac&#39;uit</strong></span> <span class='ocrx_word' id='word_1_941' title='bbox 2681 5712 2805 5765; x_wconf 84' lang='lat' dir='ltr'><strong>Deo.</strong></span> <span class='ocrx_word' id='word_1_942' title='bbox 2838 5710 2905 5768; x_wconf 76' lang='lat' dir='ltr'><strong>At</strong></span> <span class='ocrx_word' id='word_1_943' title='bbox 2930 5715 3075 5779; x_wconf 87' lang='lat' dir='ltr'><strong>Mss.,</strong></span> <span class='ocrx_word' id='word_1_944' title='bbox 3106 5712 3430 5781; x_wconf 74' lang='lat' dir='ltr'><strong>complacuit.</strong></span> 
     </span>
    </p>
   </div>
  </div>
