4058 6180
418 370 492 426 71
1294 364 1396 422 DE
1439 356 1862 423 UTILITATE
1906 352 2326 426 CREDEND],
2372 353 2437 414 S.
2483 352 2938 414 AUGUSTINI.
3741 355 3816 413 79

416 508 580 556 natus
599 507 713 562 est;
734 501 832 570 qui
849 503 1033 551 autem
1049 500 1116 551 de
1139 498 1330 561 libera,
1355 513 1450 567 per
1467 495 1914 568 promissionem:
1935 505 2060 562 quae

420 595 549 646 sunt
575 606 677 660 per
703 588 1029 655 allegoriam
1057 586 1224 640 dicta.
1274 587 1414 640 Nam
1443 586 1559 642 haec
1587 592 1713 638 sunt
1743 583 1848 638 duo
1880 582 2056 636 Testa-

416 681 632 732 menta:
659 693 831 730 unum
850 676 1072 744 quidem
1094 675 1161 728 de
1181 683 1360 729 monte
1381 675 1518 728 Sina
1549 675 1609 727 in
1632 673 1947 727 servitutem
1966 684 2056 739 ge-

415 782 634 828 nerans,
666 764 803 833 quod
836 772 910 817 est
939 764 1108 831 Agar.
1143 763 1278 818 Sina
1307 765 1450 818 enim
1475 778 1632 816 mons
1655 768 1733 815 est
1753 762 1812 814 in
1833 759 2054 822 Arabia,

417 856 514 925 qui
542 852 772 920 conﬁnis
805 854 856 906 ei
885 867 1008 924 qm
1037 869 1184 906 nunc
1211 857 1289 907 est
1315 853 1635 918 Jerusalem,
1664 859 1716 904 et
1745 850 1909 904 servit
1930 864 2056 901 cum

415 944 549 1012 ﬁliis
566 942 699 997 suis.
725 947 868 1012 Quae
889 945 1072 996 autem
1090 958 1305 996 sursum
1327 951 1405 997 est
1424 940 1742 1004 Jerusalem,
1763 939 1939 992 libera
1955 939 2051 999 est,

412 1045 532 1101 quae
561 1033 640 1084 est
666 1034 844 1083 mater
875 1032 1117 1084 omnium
1146 1036 1393 1085 nostrum
1423 1030 1628 1098 (Galat.
1663 1045 1745 1093 ιν,
1763 1027 1979 1096 22-26).

481 1119 535 1172 9.
561 1117 662 1172 Hic
682 1118 864 1189 igitur
884 1117 966 1172 illi
1008 1119 1275 1174 homines
1299 1119 1551 1173 nimium
1578 1116 1737 1186 mali,
1764 1116 1904 1170 dum
1928 1116 2053 1169 fru-

410 1210 599 1262 strare
614 1208 823 1277 Legem
836 1212 1249 1274 conantur,eas
1260 1208 1490 1277 Scriptu
1500 1225 1592 1261 ras
1605 1205 1925 1277 approbare
1947 1219 2052 1258 nos

406 1300 642 1366 cogunt.
664 1296 1158 1350 Attenduntenim
1175 1296 1327 1367 quod
1347 1296 1565 1350 dictum
1581 1293 1753 1360 est,in
1773 1291 2051 1348 servitute

404 1400 532 1438 esse
554 1401 650 1439 eos
674 1385 773 1455 qui
815 1386 922 1439 sub
961 1385 1106 1456 Lege
1148 1390 1305 1450 sunt,
1339 1389 1393 1439 et
1413 1384 1468 1438 id
1496 1384 1772 1438 ultimum
1797 1399 1911 1452 prae
1943 1397 2048 1435 caa-

403 1473 544 1526 teris
574 1473 859 1527 ventilant
888 1489 900 1526 :
934 1475 1199 1528 Evacuuli
1231 1476 1359 1528 estis
1388 1491 1423 1527 α
1452 1473 1683 1540 Christo,
1716 1473 1811 1543 qui
1842 1473 1899 1525 in
1936 1469 2050 1540 lege

395 1562 788 1632 justiﬁcamini
808 1578 827 1622 ,'
860 1580 892 1616 τι
917 1565 1101 1633 gratia
1131 1563 1410 1618 exridistis
1440 1563 1537 1632 (Id.
1573 1579 1626 1626 v,
1660 1562 1734 1632 4).
1780 1560 1896 1614 Nos
1926 1559 2048 1613 hzec

406 1650 603 1704 omnia
622 1667 756 1704 vera
777 1668 903 1705 esse
926 1653 1326 1714 conoedimUs,
1351 1668 1454 1706 nec
1471 1651 1632 1705 illam
1653 1650 1838 1721 legem
1856 1664 2049 1702 neces-

407 1738 620 1793 sariam
648 1755 774 1793 esse
800 1739 1072 1804 dicimus,
1094 1740 1205 1794 nisi
1230 1741 1314 1794 eis
1339 1741 1551 1811 quibus
1567 1745 1655 1794 est
1676 1738 1865 1793 adhuc
1889 1735 2046 1791 utilis

406 1829 654 1882 servitus
681 1845 692 1884 :
720 1829 964 1899 ideoque
986 1828 1204 1882 utiliter
1229 1845 1356 1884 esse
1379 1828 1578 1893 latam,
1601 1829 1751 1898 quod
1777 1825 2045 1880 homines

405 1915 502 1986 qui
528 1916 782 1971 revocari
805 1935 837 1971 a
862 1917 1114 1987 peccatis
1139 1919 1360 1974 ratione
1377 1935 1487 1972 non
1505 1922 1789 1988 poterant,
1805 1913 2046 1985 talilege

404 2005 704 2060 coercendi
728 2010 913 2073 erant,
944 2022 1246 2076 poenarum
1272 2006 1494 2061 scilicet
1535 2005 1780 2059 istarum
1804 2019 1930 2074 quae
1961 2002 2046 2056 vi-

404 2094 526 2148 deri
551 2095 622 2148 ab
641 2095 837 2149 stultis
861 2099 1124 2165 possunt,
1155 2095 1331 2149 minis
1356 2098 1527 2165 atque
1542 2090 2046 2162 terroribusaqui-

403 2183 516 2238 bus
539 2183 722 2254 gratia
745 2184 954 2237 Christi
981 2199 1113 2237 eum
1141 2182 1369 2247 liberat,
1398 2200 1511 2238 non
1537 2182 1721 2253 legem
1745 2179 1918 2236 allam
1943 2182 2044 2234 da-

403 2277 587 2342 mnat,
604 2273 703 2326 sed
726 2271 1038 2343 aliquando
1061 2289 1166 2326 nos
1189 2272 1586 2341 obtemperare
1610 2287 1727 2324 sum
1751 2268 2040 2331 charitati,

403 2377 518 2415 non
542 2361 753 2415 servire
773 2360 965 2414 timori
995 2361 1174 2432 Legis,
1222 2361 1447 2415 invitat.
1487 2362 1616 2431 Ipsa
1637 2367 1724 2413 est
1745 2357 1952 2427 gratia,
1985 2357 2041 2410 id

400 2455 506 2512 est,
535 2449 882 2503 beneﬁcium
909 2449 1059 2517 quod
1088 2465 1198 2502 non
1223 2448 1558 2520 intelligunt
1578 2447 1689 2502 sibi
1715 2447 1943 2500 venisse
1965 2444 2045 2499 di-

397 2536 638 2605 vinitus,
663 2538 764 2608 qui
786 2537 977 2591 adhuc
1013 2552 1141 2591 esse
1179 2537 1425 2607 cupiunt
1446 2538 1554 2592 sub
1579 2534 1827 2590 vinculis
1851 2533 2040 2604 Legis.

400 2627 554 2691 Quos
578 2625 781 2680 merito
807 2625 1017 2680 Paulus
1030 2623 1890 2696 objurgattanquaminlideles,
1907 2622 2045 2692 quia

404 2730 437 2768 a
460 2715 755 2782 servitute,
781 2713 872 2768 cui
895 2719 1048 2768 certo
1067 2710 2041 2784 temporejustissimaDeidisposi-

401 2803 559 2857 tione
582 2803 833 2872 subjecti
856 2803 1180 2872 erant,jam
1206 2819 1307 2874 per
1332 2803 1640 2856 Dominum
1664 2805 1927 2856 nostrum
1947 2800 2040 2854 Je-

405 2908 539 2946 sum
569 2908 629 2962 se
660 2891 938 2946 liberatos
986 2907 1114 2946 esse
1147 2908 1260 2946 non
1312 2891 1574 2946 credunt.
1605 2890 1749 2944 Hinc
1781 2893 1868 2943 est
1898 2888 2038 2943 illud

401 2982 669 3050 ejusdem
701 2980 944 3051 apostoli
967 2998 978 3034 z
1001 2985 1107 3034 Lex
1125 2982 1274 3036 enim
1294 2981 1618 3050 paedagogus
1638 2988 1822 3034 noster
1840 2983 1959 3032 erat
1982 2979 2041 3031 in

401 3071 614 3125 Christo
648 3068 846 3139 (Id.111,
877 3069 989 3138 24).
1022 3068 1121 3122 Ille
1151 3068 1329 3139 igitur
1354 3069 1730 3138 paedagogum
1752 3067 1910 3120 dedit
1932 3066 2040 3120 ho-

400 3157 660 3211 minibus
674 3173 844 3226 quem
862 3157 1155 3220 timerent,
1171 3156 1267 3226 qui
1286 3157 1631 3227 magistrum
1655 3159 1852 3225 postea
1864 3171 2036 3224 quem

396 3245 724 3317 diligerent.
773 3246 834 3298 In
869 3245 1081 3313 quibus
1113 3251 1307 3299 tamen
1344 3245 1506 3316 Legis
1537 3243 1835 3315 prmoeptis
1863 3248 2038 3313 atque

393 3334 713 3401 mandatis,
750 3333 963 3402 quibus
999 3350 1151 3389 nunc
1182 3333 1545 3388 Christianos
1567 3333 1652 3388 uti
1677 3334 1761 3386 fas
1786 3348 1900 3386 non
1929 3337 2037 3397 est,

398 3421 568 3491 quale
584 3423 666 3476 vel
689 3423 997 3476 sabbatum
1017 3421 1218 3487 est,vel
1234 3421 1714 3487 circumcisio,vel
1729 3421 2034 3490 sacrificia,

400 3516 457 3565 et
479 3512 526 3564 si
549 3511 688 3580 quid
704 3510 1044 3579 hujusmodi
1057 3516 1164 3574 est,
1178 3516 1343 3565 tanta
1357 3510 1631 3581 mysteria
1643 3509 2035 3574 continentur,

401 3604 466 3654 ut
486 3600 677 3654 omnis
696 3600 827 3670 pius
842 3599 1125 3671 intelligat
1142 3600 1284 3654 nihil
1299 3616 1426 3654 esse
1439 3599 1841 3670 perniciosius,
1859 3615 2034 3670 quam

399 3689 685 3760 quidquid
707 3690 786 3743 ibi
809 3694 895 3744 est
917 3689 1095 3760 accipi
1115 3690 1184 3743 ad
1202 3689 1476 3756 litteram,
1493 3690 1546 3743 id
1565 3694 1669 3752 est,
1687 3689 1755 3743 ad
1771 3689 2033 3754 verbum;

394 3779 540 3833 nihil
555 3785 751 3834 autem
766 3779 983 3834 salubri
995 3795 1267 3849 us,quam
1283 3779 1490 3848 spiritu
1510 3777 1767 3833 revelari.
1780 3777 1913 3832 Inde
1927 3781 2032 3831 est:

394 3869 603 3922 Littera
633 3868 844 3936 occulit,
874 3869 1109 3937 spiritus
1141 3873 1326 3922 autem
1358 3867 1598 3936 vivi/icat
1629 3867 1704 3936 (a)
1740 3867 1875 3920 Inde
1907 3869 2030 3920 est:

392 3957 643 4027 Idipsum
670 3956 923 4010 velamen
956 3959 1012 4010 in
1036 3957 1266 4010 lectione
1290 3957 1488 4010 Veteris
1514 3957 1836 4011 Testamenti
1854 3956 2036 4008 manet

393 4046 533 4116 quod
560 4061 666 4099 non
690 4045 1243 4115 re-vclalur,quom'am
1266 4045 1549 4100 inC/zristo
1565 4044 2033 4099 evacuaturEva-

396 4142 602 4188 cualur
623 4150 876 4203 namque
900 4134 954 4186 in
975 4132 1342 4201 Chrislo,non
1369 4137 1546 4188 Vetus
1570 4133 2032 4192 Testamentum.

394 4223 495 4276 sed
530 4221 787 4276 velamen
824 4223 991 4291 ejus;
1028 4225 1088 4275 ut
1122 4239 1221 4292 per
1250 4221 1544 4276 Christum
1579 4220 1955 4291 intelligatur,
1981 4223 2038 4274 et

395 4310 563 4382 quasi
585 4311 1096 4380 denudetur,q-uod
1125 4310 1248 4364 sine
1272 4310 1501 4364 Christo
1524 4310 1838 4364 obscurum
1864 4315 2036 4379 atque

394 4400 737 4471 adopertum
754 4399 1008 4454 est.Stati
1022 4416 1073 4452 m
1091 4400 1307 4470 quippe
1322 4399 1472 4453 idem
1490 4397 1786 4469 apostolus
1801 4397 2038 4467 subjicit

395 4489 537 4544 Cum
558 4493 739 4542 autem
761 4491 1049 4543 transieris
1065 4489 1132 4542 ad
1156 4488 1461 4552 Christum,
1483 4491 1765 4558 auferetur
1783 4487 2037 4541 velamen

394 4577 467 4648 (lI
502 4577 621 4632 Cor.
651 4594 736 4644 111,
760 4579 813 4646 6,
841 4578 926 4647 14,
960 4579 1066 4647 16).
1091 4578 1214 4631 Non
1237 4577 1393 4632 enim
1419 4577 1519 4644 ait,
1559 4576 1859 4630 Auferetur
1886 4575 2035 4642 Lex;

395 4673 497 4722 aut
517 4666 958 4722 Testamentum
984 4666 1316 4721 Vetus.Non
1346 4666 1522 4737 igitur
1543 4664 1881 4735 perDomini
1907 4679 2036 4734 gra-

394 4755 562 4821 tiam,
587 4758 869 4826 tanquam
903 4755 1233 4810 inutiliaibi
1259 4759 1614 4826 tegerentur,
1648 4752 1840 4808 ablata
1862 4758 2036 4821 sunt;

397 4845 499 4900 sed
525 4849 720 4899 tamen
767 4844 979 4914 potius,
1004 4861 1118 4914 quo
1142 4843 1302 4898 utilia
1330 4843 1695 4914 tegebantur.
1720 4841 1837 4895 Hoc
1870 4842 2039 4895 modo

397 4934 592 5006 agitur
616 4949 750 4986 cum
775 4933 972 5002 iis,qui
998 4933 1259 4986 studiose
1282 4947 1347 4984 ac
1371 4930 1603 5001 pie,non
1629 4929 1855 4982 turbide
1869 4934 2041 4998 atque

398 5023 690 5094 improbe,
713 5021 1146 5091 Scripturarum
1187 5020 1417 5075 illarum
1454 5034 1690 5074 sensum
1716 5017 2039 5088 requirunt,

401 5112 951 5181 demonstraturque
1001 5109 1203 5164 sedqu
1251 5114 1307 5163 et
1339 5109 1477 5162 ordo
1510 5123 1724 5172 rerum,
1759 5111 1815 5160 et
1852 5122 2039 5160 causae

401 5199 686 5256 factorum
713 5205 884 5272 atque
907 5199 1216 5267 dictorum,
1251 5203 1306 5253 et
1342 5197 1564 5252 Veteris
1589 5195 1944 5250 Testamenti
1969 5195 2040 5250 ad

401 5286 624 5344 Novum
657 5295 822 5345 tanta
854 5287 1251 5360 congruentia.
1287 5292 1351 5340 ut
1381 5301 1523 5356 apex
1554 5284 1772 5347 nullus,
1805 5282 1904 5353 qui
1928 5299 2042 5336 non

403 5386 702 5448 consonet,
726 5378 1088 5450 relinquatur
1105 5394 1118 5444 ;
1134 5383 1192 5431 et
1215 5377 1329 5447 ligu
1340 5391 1535 5428 rarum
1550 5377 1710 5427 tanta
1725 5376 1964 5437 secreta,
1983 5373 2046 5425 ut

405 5464 602 5520 omnia
623 5482 750 5536 qua
775 5467 1213 5540 interpretando
1228 5469 1537 5534 eruuntur,
1555 5463 1796 5518 miseros
1809 5476 1935 5515 esse
1948 5476 2044 5515 co-

470 5688 541 5751 (a)
571 5689 592 5741 ι
621 5687 768 5742 Retr.
797 5700 914 5752 cap.
945 5690 1020 5754 14,
1051 5704 1106 5744 n.
1142 5693 1190 5744 1.

2173 494 2312 560 gant
2343 489 2529 560 fateri,
2563 489 2663 560 qui
2693 489 2812 544 haec
2834 490 3034 546 volunt
3055 494 3188 545 ante
3211 491 3618 560 condemnare,
3641 508 3816 563 quam

2172 578 2414 633 discere.

2243 668 2476 723 CAPUT
2509 668 2601 723 IV.
2633 698 2704 708 —
2734 671 2818 723 10.
2854 670 3072 739 Triplex
3102 684 3254 724 error
3275 669 3592 736 legentium.
3616 669 3724 723 Sed
3752 673 3818 723 ut

2169 756 2388 812 omissa
2410 757 2640 812 interim
2663 758 2970 812 altitudine
2994 758 3268 824 scientiae,
3296 758 3381 811 sic
3403 774 3571 828 agam
3593 763 3808 822 tecum,

2169 847 2461 915 quomodo
2493 848 2782 918 agendum
2818 847 3066 901 arbitror
3095 863 3230 900 cum
3261 845 3530 900 familiari
3564 863 3725 907 meo;
3752 845 3807 899 id

2167 939 2274 999 est,
2309 934 2461 989 sicut
2493 951 2597 1006 ego
2630 952 2892 1006 possum,
2926 951 3041 989 non
3076 934 3228 988 sicut
3256 935 3627 988 doctissimos
3656 935 3809 989 viros

2166 1039 2338 1093 posse
2361 1023 2608 1078 miratus
2631 1040 2792 1078 sum:
2816 1024 2930 1078 tria
2948 1040 3160 1094 genera
3181 1029 3320 1078 sunt
3342 1024 3575 1091 erroris,
3592 1025 3809 1094 quibus

2165 1111 2432 1166 homines
2453 1117 2667 1182 errant,
2691 1129 2824 1168 cum
2849 1112 3071 1184 aliquid
3095 1112 3318 1183 legunt.
3343 1112 3422 1166 De
3446 1112 3694 1183 singulis
3718 1113 3805 1166 di-

2163 1215 2312 1254 cam.
2341 1201 2598 1255 Primum
2622 1217 2807 1272 genus
2829 1205 2938 1267 est,
2983 1201 3040 1255 in
3063 1217 3177 1271 quo
3201 1200 3259 1254 id
3304 1202 3457 1271 quod
3483 1200 3695 1256 falsum
3719 1206 3809 1256 est

2161 1305 2360 1344 verum
2384 1293 2640 1360 putatur,
2665 1306 2797 1344 cum
2822 1289 2980 1345 aliud
3005 1290 3104 1361 qui
3129 1290 3365 1361 scripsit
3388 1291 3691 1361 putaverit.
3715 1289 3809 1344 Al-

2159 1381 2347 1432 terum
2371 1383 2478 1447 est,
2503 1379 2772 1449 quamvis
2798 1396 2912 1434 non
2936 1383 3055 1433 tam
3080 1379 3196 1433 late
3220 1385 3444 1449 patens,
3469 1395 3583 1433 non
3607 1382 3804 1433 tamen

2162 1467 2358 1522 minus
2380 1467 2638 1534 noxium,
2663 1484 2795 1522 cum
2819 1468 2872 1521 id
2899 1469 3048 1538 quod
3078 1467 3289 1522 falsum
3313 1473 3402 1522 est
3423 1484 3620 1521 verum
3641 1473 3806 1537 puta-

2157 1559 2272 1624 tur,
2287 1555 2341 1609 id
2359 1560 2552 1611 tamen
2578 1560 2818 1626 putatur
2841 1557 2995 1627 quod
3019 1557 3193 1611 etiam
3219 1555 3313 1610 ille
3331 1555 3430 1626 qui
3449 1556 3684 1627 scripsit
3703 1573 3807 1626 pu-

2158 1643 2319 1698 tavit.
2345 1645 2604 1698 Tertium
2631 1650 2738 1709 est,
2763 1661 2895 1699 cum
2918 1661 2987 1698 ex
3005 1645 3192 1699 alieno
3213 1648 3436 1715 scripto
3455 1643 3806 1716 intelligitur

2158 1731 2372 1802 aliquid
2397 1731 2535 1802 veri,
2552 1749 2683 1786 cum
2705 1732 2811 1786 hoc
2826 1732 2921 1787 ille
2935 1733 3035 1802 qui
3050 1733 3284 1802 scripsit
3301 1748 3412 1786 non
3433 1732 3802 1788 intellexerit.

2159 1821 2219 1873 In
2245 1836 2356 1889 quo
2380 1836 2589 1891 genere
2611 1837 2724 1874 non
2752 1837 2955 1890 parum
2989 1827 3078 1876 est
3110 1819 3398 1889 utilitatis,
3433 1821 3550 1875 imo
3583 1822 3630 1875 si
3663 1821 3802 1876 dili-

2154 1909 2388 1979 gentius
2410 1909 2761 1976 consideres,
2792 1914 2947 1964 tot-us
2973 1910 3198 1981 legendi
3216 1910 3437 1964 fructus
3459 1910 3805 1979 estinteger.

2155 1997 2333 2051 Primi
2365 1998 2596 2068 generis
2627 1997 2958 2067 exemplum
2990 2003 3096 2062 est,
3124 1999 3256 2052 utsi
3283 1997 3618 2069 quisquam,
3642 1999 3805 2054 verbi

2157 2086 2364 2157 gratia,
2382 2087 2537 2141 dicat
2558 2091 2617 2141 et
2640 2088 2832 2141 credat
2855 2087 3369 2141 Rhadamanthum
3395 2089 3547 2157 apud
3581 2088 3802 2145 inferos

2155 2174 2354 2229 audire
2387 2192 2451 2230 ac
2484 2175 2809 2244 dijudicare
2858 2192 3067 2229 causas
3125 2180 3515 2241 mortuorum,
3545 2193 3611 2230 eo
3643 2179 3801 2247 quod

2155 2263 2409 2318 Maronis
2442 2267 2498 2318 in
2531 2265 2788 2318 carmine
2818 2264 2875 2318 id
2925 2263 3130 2334 legerit
3161 2265 3395 2333 (xEneid.
3439 2263 3539 2320 lib.
3572 2267 3626 2329 6,
3656 2283 3798 2321 vers.

2151 2353 2439 2423 566-569).
2458 2353 2559 2407 Hic
2583 2353 2741 2407 enim
2765 2358 2916 2407 errat
2943 2353 3170 2407 duobus
3190 2354 3380 2408 modis
3402 2372 3414 2420 ;
3433 2355 3583 2424 quod
3603 2361 3659 2409 et
3673 2373 3798 2410 rem

2152 2458 2265 2495 non
2291 2441 2641 2495 credendam
2659 2442 2860 2508 credit,
2889 2458 3076 2512 neque
3097 2442 3152 2496 id
3181 2445 3476 2513 putandus
3501 2449 3589 2498 est
3613 2445 3801 2498 credi-

2151 2529 2306 2584 disse
2331 2529 2425 2584 ille
2451 2545 2621 2600 quem
2646 2529 2801 2600 legit.
2822 2531 3084 2584 Alterum
3104 2547 3288 2601 genus
3309 2531 3690 2586 animadverti
3709 2534 3796 2588 sic

2151 2621 2337 2689 potest
2355 2636 2366 2673 ε
2384 2619 2430 2673 si
2448 2618 2603 2688 quis,
2621 2619 2757 2689 quia
2772 2619 3070 2673 Lucretius
3086 2619 3343 2674 animam
3359 2638 3424 2674 ex
3439 2622 3648 2677 atomis
3663 2638 3797 2678 esse

2149 2705 2370 2773 scribit,
2393 2722 2638 2776 eamque
2652 2711 3044 2777 postmortem
3062 2707 3120 2760 in
3139 2709 3371 2762 easdem
3397 2713 3622 2765 atomos
3645 2711 3794 2766 solvi

2149 2799 2324 2866 atque
2345 2794 2599 2863 interire,
2625 2796 2680 2849 id
2722 2812 2918 2851 verum
2947 2812 3012 2850 ac
3035 2797 3144 2850 sibi
3169 2798 3520 2852 credendum
3547 2800 3794 2855 arbitre-

2148 2887 2260 2937 tur.
2285 2883 2429 2938 Nam
2452 2888 2510 2939 et
2531 2883 2623 2938 hic
2651 2900 2764 2938 non
2800 2885 2996 2939 minus
3029 2885 3206 2940 miser
3234 2891 3340 2955 est,
3374 2888 3421 2940 si
3453 2888 3522 2941 de
3544 2904 3604 2941 re
3628 2894 3798 2943 tanta

2147 2973 2202 3026 id
2218 2975 2368 3042 quod
2389 2972 2596 3026 falsum
2613 2978 2701 3028 est
2716 2990 2816 3043 pro
2831 2978 2983 3028 certo
2999 2974 3109 3028 sibi
3131 2976 3794 3047 persuasit;quanquam

2147 3061 2201 3114 id
2229 3061 2551 3126 Lucretius,
2577 3063 2746 3130 cujus
2770 3060 2935 3115 libris
2957 3062 3233 3133 deceptus
3256 3068 3362 3129 est,
3392 3065 3662 3134 opinatus
3687 3065 3793 3120 sit.

2146 3149 2289 3214 Quid
2320 3149 2473 3204 enim
2490 3150 2626 3202 huic
2649 3151 2885 3220 prodest
2905 3151 2975 3204 de
2989 3151 3242 3206 auctoris
3257 3152 3545 3206 sententia
3563 3161 3796 3209 certum

2144 3254 2274 3293 esse
2301 3238 2533 3308 quando
2556 3239 2664 3292 sibi
2690 3255 2820 3292 eum
2851 3256 2962 3293 non
2989 3256 3271 3310 perquem
3289 3257 3402 3294 non
3416 3243 3797 3306 erraret‘,sed

2145 3343 2277 3382 cum
2302 3344 2415 3398 quo
2437 3331 2674 3389 erraret,
2699 3327 2968 3394 elegerit?
2987 3328 3180 3382 Tertio
3202 3330 3397 3399 generi
3422 3335 3509 3384 est
3531 3329 3673 3383 illud
3690 3348 3803 3385 ac-

2144 3416 2576 3471 commodatum
2600 3416 2678 3470 :si
2701 3415 2834 3486 quis
2862 3417 3196 3487 Epicurum,
3224 3417 3368 3472 lecto
3391 3420 3518 3486 eius
3541 3417 3600 3472 in
3630 3419 3808 3475 libris

2143 3505 2333 3575 aliquo
2357 3505 2478 3559 loco
2505 3505 2598 3558 ubi
2627 3506 3047 3559 continentiam
3072 3506 3366 3576 laudat,in
3385 3507 3600 3562 virtute
3623 3507 3802 3564 illum

2144 3610 2445 3649 summum
2471 3597 2686 3648 bonum
2711 3597 2976 3664 posuisse
2995 3601 3298 3661 asseveret,
3315 3602 3370 3650 et
3389 3596 3515 3649 ideo
3536 3613 3646 3650 non
3663 3614 3804 3653 esse

2144 3683 2525 3753 culpandum.
2554 3682 2697 3736 Huic
2719 3683 2892 3737 etiam
2917 3683 3052 3751 quid
3082 3686 3247 3738 obest
3269 3701 3428 3738 error
3451 3685 3703 3755 Epicuri,
3737 3688 3798 3741 si

2142 3789 2441 3828 summurn
2475 3773 2691 3826 bonum
2725 3771 2980 3826 hominis
3019 3772 3372 3842 voluptatem
3400 3773 3494 3826 ille
3526 3774 3797 3844 corporis

2141 3861 2352 3927 credit;
2389 3877 2519 3914 cum
2542 3860 2651 3916 iste
2673 3877 2788 3915 non
2813 3877 2872 3915 se
2894 3861 3116 3914 dederit
3151 3866 3264 3915 tam
3289 3862 3445 3932 turpi
3487 3863 3796 3933 noxiisque

2140 3950 2654 4020 sententiaa,neque
2669 3951 2740 4004 ob
2754 3948 2926 4004 aliam
2943 3966 3180 4004 causam
3194 3950 3649 4020 eiplaceatEpicu
3661 3968 3765 4006 rus
3781 3993 3796 4018 ,

2140 4039 2257 4092 nisi
2285 4039 2438 4108 quod
2464 4054 2597 4091 eum
2627 4037 2883 4092 sensisse
2919 4054 3031 4091 non
3057 4042 3239 4108 putat,
3271 4040 3424 4109 quod
3449 4039 3647 4093 sentiri
3673 4057 3799 4096 non

2140 4127 2437 4198 oporteat?
2456 4127 2551 4179 llic
2567 4142 2727 4180 error
2740 4143 2852 4180 non
2871 4127 3040 4180 modo
3068 4126 3365 4182 humanus
3389 4132 3496 4193 est,
3522 4129 3622 4182 sed
3639 4144 3800 4199 saepe

2140 4216 2316 4271 etiam
2346 4214 2575 4269 homine
2594 4214 2999 4286 dignissimus.
3017 4216 3164 4280 Quid
3183 4217 3334 4270 enim
3349 4261 3361 4281 ,
3377 4217 3422 4270 si
3443 4215 3670 4270 mibide
3685 4216 3798 4271 ali-

2141 4322 2254 4376 quo
2273 4320 2442 4373 quem
2463 4302 2766 4373 diligerem
2788 4305 3156 4358 nuntiaretur
3169 4306 3318 4374 quod
3339 4305 3469 4368 sibi,
3489 4321 3619 4359 cum
3635 4312 3800 4361 esset

2141 4393 2439 4458 barbatus,
2466 4391 2777 4458 pueritiam
2800 4397 2974 4461 atque
2988 4393 3297 4447 infantiam
3315 4394 3393 4447 ita
3407 4393 3630 4464 placere
3645 4396 3802 4450 mul-

2139 4482 2217 4537 tis
2235 4480 2612 4535 audientibus
2631 4480 2858 4546 dixerit,
2882 4487 2947 4536 ut
2964 4481 3503 4551 etiamjuraveritse
3518 4483 3798 4539 similiter

2140 4569 2506 4635 vellevivere,
2523 4569 2948 4640 idqueitamihi
2968 4571 3327 4640 probaretur,
3346 4573 3802 4642 utimpudenter

2144 4659 2611 4730 negarem?num
2640 4659 3154 4729 reprehendendus
3181 4660 3424 4728 viderer,
3444 4661 3492 4715 si
3515 4678 3647 4716 eum
3673 4663 3797 4715 exi-

2142 4748 2470 4814 stimarem,
2493 4765 2625 4801 cum
2650 4747 2758 4802 hoc
2775 4749 3011 4814 diceret,
3037 4748 3369 4819 signiﬁcare
3387 4749 3660 4814 voluisse,
3677 4751 3798 4805 sibi

2143 4837 2369 4908 placere
2395 4836 2811 4899 innocentiam,
2845 4842 2900 4890 et
2926 4838 2996 4891 ab
3021 4837 3104 4891 eis
3127 4838 3340 4907 quibus
3364 4837 3668 4893 hominum
3695 4856 3797 4910 ge-

2144 4943 2255 4980 nus
2280 4925 2665 4979 involveretur
2687 4925 3110 4994 cupiditatibus
3132 4927 3392 4980 animum
3423 4927 3702 4993 alienum,
3735 4934 3798 4984 et

2143 5031 2211 5069 ex
2231 5031 2296 5068 eo
2323 5012 2489 5067 illum
2515 5013 2703 5084 magis
2727 5013 3034 5085 magisque
3056 5015 3380 5085 diligerem,
3417 5033 3590 5087 quam
3625 5023 3800 5072 antea

2146 5101 2455 5172 diligebam
2476 5101 2735 5168 ;etiamsi
2754 5104 2998 5157 fortasse
3013 5103 3108 5158 ille
3127 5105 3181 5156 in
3197 5121 3442 5174 pueroru
3455 5123 3507 5158 m
3526 5106 3798 5161 tetatibus

2147 5190 2473 5245 libertatem
2493 5192 2808 5261 quamdam
2829 5193 2884 5246 in
2903 5192 3154 5247 ludendo
3170 5198 3224 5247 et
3248 5194 3496 5248 cibando
3529 5195 3801 5265 atqueig-

2147 5296 2358 5334 navum
2376 5279 2560 5334 otium
2578 5279 2795 5335 stultus
2813 5282 3185 5337 adamasset?
3199 5283 3308 5337 Fac
3331 5283 3486 5337 enim
3509 5301 3641 5339 eum
3667 5300 3799 5340 esse

2147 5369 2486 5424 defunctum
2503 5374 2815 5440 postquam
2831 5371 2938 5425 hoc
2956 5371 3098 5426 mihi
3115 5372 3446 5426 nuntiatum
3461 5378 3571 5438 est,
3587 5389 3690 5427 nec
3705 5373 3797 5426 in-

2147 5457 2429 5528 terrogari
2445 5476 2478 5512 a
2491 5475 2583 5514 me
2599 5459 2860 5529 potuisse
2875 5460 3460 5532 quidquam,utaperi
3471 5466 3556 5516 ret
3569 5467 3800 5517 senten-

2212 5685 2232 5727 ί
2262 5683 2378 5750 Hic,
2405 5682 2462 5738 in
2482 5686 2605 5740 ante
2635 5681 2792 5740 editis
2820 5684 3018 5740 omissa
3047 5688 3162 5741 erat
3187 5686 3454 5753 particula
3481 5699 3700 5753 negans.
