4084 6194
232 319 305 376 73
1688 328 1920 389 LIBER
1965 333 2200 396 UNUS.

230 452 370 505 tiam
396 467 606 518 suam;
633 458 861 509 essetne
902 455 1217 526 quisquam
1261 463 1379 512 tam
1431 459 1736 530 improbus
1769 461 1868 532 qui

225 540 370 594 mihi
406 548 796 612 succenseret,
829 560 962 597 cum
1009 545 1262 600 bominis
1313 545 1613 603 laudarem
1659 566 1865 621 propo-

220 629 404 684 situm
438 634 493 684 et
525 629 880 686 voluntatem
915 649 1017 703 per
1047 633 1145 688 illa
1175 634 1303 704 ipsa
1333 636 1506 691 verba
1537 654 1664 707 quae
1705 655 1862 693 acce-

218 734 421 789 peram
450 719 472 773 ?
505 719 674 783 Quid,
701 722 852 791 quod
879 721 1051 776 etiam
1072 723 1271 792 justus
1294 739 1486 778 rerum
1506 725 1867 782 existimator

219 824 331 862 non
366 808 668 863 dubitaret
697 809 942 865 fortasse
969 811 1206 866 laudare
1226 812 1558 883 opinionem
1583 832 1646 869 ac
1668 814 1866 870 volun-

217 900 398 951 tatem
436 890 651 960 meam,
680 915 813 953 cum
846 903 902 953 et
931 900 1262 955 innocentia
1291 901 1434 955 mihi
1487 902 1760 974 placeret,
1807 909 1865 958 et

212 983 390 1039 homo
424 987 495 1041 de
528 986 765 1042 homine
796 988 855 1042 in
900 1003 960 1042 re
1011 989 1188 1043 dubia
1238 989 1379 1045 bene
1431 992 1625 1063 potius
1669 991 1864 1047 existi-

208 1090 459 1140 marem,
496 1091 632 1129 cum
666 1075 837 1131 etiam
872 1076 1022 1131 male
1053 1076 1248 1132 liceret
1273 1078 1331 1132 "I

273 1162 512 1218 CAPUT
552 1164 618 1218 V.
651 1195 718 1204 —-
759 1166 844 1220 11.
897 1167 1020 1220 Tres
1065 1169 1469 1237 scripturarum
1521 1187 1863 1242 quarumque

205 1251 564 1323 di‘ﬂerentiw.
587 1255 840 1309 Ecclesia
855 1255 1127 1310 catholica
1146 1259 1348 1312 erroris
1363 1260 1657 1314 secundum
1678 1260 1862 1315 ullum

207 1342 436 1395 modum
463 1357 538 1396 ea:
560 1343 842 1413 pradicas
873 1344 1127 1414 redargui
1154 1362 1262 1400 non
1281 1356 1452 1418 potest
1471 1350 1529 1402 in
1559 1351 1755 1404 Veteris
1776 1352 1862 1405 Te-

206 1433 476 1485 uamenti
487 1431 885 1496 tectione.Quae
905 1449 1034 1487 cum
1053 1434 1134 1488 ita
1149 1435 1427 1501 sint,audi
1445 1438 1614 1492 etiam
1633 1454 1860 1494 earum-

206 1519 333 1572 dem
351 1518 789 1590 scripturarum
805 1521 1046 1575 totidem
1061 1522 1421 1578 conditiones
1436 1524 1858 1581 etdill'erentias

202 1607 342 1662 Nam
376 1624 622 1664 necesse
646 1615 734 1663 est
746 1609 987 1664 totidem
1005 1614 1618 1668 occurrant.Autenim
1639 1615 1859 1670 utiliter

203 1697 440 1768 scripsit
461 1699 784 1769 quispiam,
805 1703 861 1752 et
889 1716 1000 1754 non
1026 1699 1245 1754 utiliter
1265 1701 1336 1754 ab
1359 1701 1554 1772 aliquo
1580 1703 1854 1774 intelligi-

201 1791 317 1840 tur:
345 1792 452 1840 aut
478 1791 794 1857 utramque
816 1787 1101 1842 inutiliter
1125 1790 1186 1842 ﬁt
1206 1794 1326 1843 :aut
1349 1790 1855 1864 utiliterintelligit

197 1874 391 1941 lector,
421 1892 562 1930 cum
586 1875 684 1931 ille
705 1877 1040 1946 contra,qui
1067 1877 1850 1951 legitur,scripserit.Horum

194 1964 364 2018 trium
386 1965 655 2035 primum
677 1982 789 2019 non
810 1966 1378 2036 improbo,ultimum
1405 1985 1518 2024 non
1540 1971 1849 2025 curo.Nam

195 2071 379 2124 neque
408 2071 657 2125 possum
687 2054 1106 2124 reprehendere
1129 2055 1426 2111 hominem
1453 2057 1551 2128 qui
1571 2058 1726 2114 nulla
1745 2077 1852 2116 sua

196 2141 362 2211 culpa
381 2140 1018 2208 maleintellectusest;
1046 2159 1148 2196 nec
1163 2143 1405 2199 moleste
1420 2144 1630 2201 habere
1655 2164 1852 2218 quem-

197 2248 365 2300 quam
405 2229 548 2302 legi,
581 2229 681 2300 qui
713 2247 911 2284 verum
946 2248 1058 2285 non
1091 2232 1319 2297 viderit,
1349 2251 1479 2288 cum
1524 2236 1728 2290 obesse
1771 2237 1848 2292 le-

194 2320 472 2391 gentibus
509 2318 658 2372 nihil
688 2317 933 2375 videam.
967 2319 1156 2374 Unum
1191 2320 1372 2391 igitur
1393 2339 1578 2393 genus
1607 2328 1694 2378 est
1720 2329 1849 2396 pre-

195 2409 607 2472 batissimum,
642 2413 696 2460 et
727 2408 894 2478 quasi
929 2410 1434 2480 purgatissimum,
1466 2428 1598 2466 cum
1623 2418 1678 2467 et
1701 2415 1852 2468 bona

197 2497 414 2567 scripta
433 2501 665 2559 sunt,st
680 2497 733 2549 in
753 2497 962 2550 bonam
986 2503 1206 2568 partem
1222 2499 1590 2570 accipiuntur
1605 2519 1636 2556 a
1655 2501 1848 2574 legen-

194 2586 366 2640 tibus.
397 2587 459 2639 ιιι
485 2600 723 2654 quoque
745 2589 938 2638 tamen
972 2585 1162 2640 adhuc
1186 2587 1243 2640 in
1269 2588 1383 2642 duo
1402 2590 1710 2657 dividitur;
1734 2608 1847 2645 non

196 2674 342 2728 enim
370 2673 617 2744 penitus
641 2672 896 2727 excludit
918 2690 1191 2729 errorem.
1217 2676 1360 2730 Nam
1383 2679 1575 2732 evenit
1600 2679 1844 2749 plerum-

193 2779 315 2834 que,
349 2769 419 2817 ut
440 2779 582 2816 cum
610 2762 754 2816 bene
770 2764 1290 2835 senseritscriptor,
1321 2766 1849 2824 beneetiamlector

190 2853 432 2918 sentiat;
462 2851 566 2906 sed
594 2850 752 2904 aliud
777 2851 1080 2922 quamille,
1106 2858 1161 2908 et
1182 2870 1333 2925 saepe
1356 2855 1846 2929 melius,saapein-

185 2939 628 3002 ferius,utiliter
641 2945 990 2994 tamen.Cum
1004 2945 1190 2995 autem
1204 2947 1260 2997 et
1279 2943 1386 2998 hoc
1401 2945 1684 3001 sentimus
1699 2951 1849 3020 quod

190 3028 275 3083 ille
299 3046 491 3102 quem
515 3028 788 3099 legimus,
810 3028 1172 3085 etidestvitaa
1195 3033 1339 3087 bene
1358 3036 1593 3104 agendis
1619 3053 1844 3092 accom-

190 3117 1175 3181 modatissimum,cumulatissime
1187 3137 1313 3175 sese
1327 3122 1502 3177 habet
1517 3126 1730 3181 veritas
1744 3144 1846 3183 nec

181 3207 422 3262 aliunde
446 3208 715 3276 aperitur
733 3206 1005 3262 falsitatis
1026 3208 1207 3263 locus.
1235 3212 1395 3275 Quod
1423 3228 1608 3283 genus
1625 3231 1755 3269 cum
1779 3217 1847 3270 de

181 3299 354 3351 rebus
392 3295 844 3350 obscurissimis
876 3295 1043 3350 lectio
1075 3303 1183 3364 est,
1216 3299 1584 3356 rarissimum
1609 3304 1845 3360 omnino

179 3390 297 3451 est;
327 3399 534 3454 neque
556 3384 637 3451 id,
667 3400 790 3437 mea
814 3385 1121 3449 sententia,
1146 3385 1367 3455 liquido
1392 3389 1550 3455 sciri,
1580 3392 1678 3446 sed
1719 3398 1844 3447 tan-

182 3474 499 3527 tummodo
527 3472 683 3526 credi
712 3478 918 3542 potest.
940 3473 1162 3537 Quibus
1185 3475 1340 3529 enim
1361 3483 1727 3547 argumentis
1748 3484 1844 3537 ab-

181 3564 366 3618 sentis
393 3561 482 3616 vel
501 3561 722 3615 mortui
739 3559 990 3615 hominis
1004 3560 1357 3618 voluntatem
1382 3565 1462 3620 ita
1483 3567 1846 3640 colligam,ut

180 3651 596 3720 deillajurare
622 3649 868 3719 possim;
893 3665 1025 3704 cum
1053 3651 1293 3706 etiamsi
1322 3671 1575 3724 praesens
1597 3657 1841 3714 interro-

178 3737 652 3811 garetur,multa
673 3755 799 3794 esse
824 3744 1236 3811 possent.quae,
1260 3741 1307 3796 si
1325 3741 1515 3799 malus
1539 3762 1650 3800 non
1667 3754 1840 3816 esset,

180 3827 629 3884 ofﬁciosissime
652 3828 1058 3882 absconderet?
1073 3827 1215 3883 lllud
1242 3834 1438 3885 autem
1466 3833 1607 3887 nihil
1627 3835 1694 3889 ad
1722 3853 1842 3891 rem

178 3917 666 3990 cognoscendam
692 3915 877 3971 valere
899 3917 1168 3984 arbitror,
1204 3919 1397 3990 qualis
1429 3921 1600 3976 fuerit
1623 3923 1718 3978 ille
1743 3925 1841 3996 qui

180 4007 457 4079 scripsit:
495 4005 914 4060 honestissime
942 4015 1133 4060 tamen
1169 4009 1358 4063 bonus
1380 4011 1650 4079 creditur,
1672 4016 1843 4084 cujus

178 4096 408 4151 litteris
431 4093 632 4165 generi
651 4093 910 4147 humano
927 4095 1369 4167 posteritatique
1383 4101 1714 4157 consultum
1734 4108 1842 4158 est.

252 4187 344 4240 12,
378 4183 776 4246 Quamobrem
804 4181 1006 4236 vellem
1032 4183 1174 4238 mihi
1198 4184 1293 4239 isti
1317 4186 1594 4256 dicerent,
1626 4191 1684 4244 in
1729 4207 1845 4262 quo

184 4289 407 4344 genere
430 4275 656 4342 ponant
672 4269 936 4324 Ecclesiae
961 4271 1281 4340 catholica,
1309 4291 1480 4344 quem
1508 4283 1733 4347 putant,
1756 4297 1844 4336 er-

185 4379 413 4417 rorem.
441 4360 506 4414 Si
532 4359 588 4412 in
623 4359 829 4429 primo,
851 4375 1021 4430 grave
1045 4360 1282 4416 omnino
1305 4363 1524 4420 crimen
1553 4383 1563 4420 :
1607 4369 1707 4424 sed
1747 4371 1848 4425 de-

185 4452 532 4506 fensionem
563 4448 938 4519 longinquam
974 4466 1086 4503 non
1121 4451 1398 4519 requirit;
1424 4455 1566 4509 satis
1588 4462 1674 4511 est
1693 4458 1846 4515 enim

182 4554 413 4612 negare
448 4539 534 4590 ita
558 4553 664 4590 nos
696 4536 1040 4607 intelligere,
1075 4543 1139 4592 ut
1169 4539 1276 4602 illi,
1310 4558 1441 4596 cum
1469 4542 1846 4616 invehuntur,

181 4630 568 4684 existimant.
594 4627 648 4678 Si
669 4626 725 4678 in
744 4626 1024 4690 secundo,
1049 4644 1161 4682 non
1179 4628 1375 4684 minus
1399 4647 1570 4702 grave
1590 4639 1714 4690 est;
1749 4638 1847 4692 sed

185 4720 405 4773 eadem
431 4730 572 4769 voce
597 4714 955 4769 refellentur.
977 4717 1034 4770 Si
1062 4717 1119 4770 in
1143 4718 1334 4783 tertio,
1377 4719 1602 4776 nullum
1634 4724 1852 4780 crimen

187 4813 295 4862 est.
321 4811 480 4877 Age,
510 4820 573 4858 ac
599 4804 805 4858 deinde
828 4803 1160 4874 Scripturas
1183 4807 1335 4875 ipsas
1357 4810 1680 4866 considera.
1708 4812 1855 4878 Quid

192 4897 363 4950 enim
389 4893 566 4947 libris
588 4892 1284 4965 objiciuntVeteris,quod
1306 4897 1858 4958 diciturTestamen-

188 4985 230 5038 ti
243 4984 325 5040 ?l\'
339 4981 589 5051 umquid
602 4997 735 5035 nam
752 4981 900 5050 quod
926 4981 1061 5036 boni
1075 4985 1342 5051 sunt,sed
1357 4985 1507 5042 male
1522 4987 1858 5063 intelligun-

191 5079 293 5128 tur
320 5090 365 5126 ει
389 5069 603 5125 nobis?
627 5075 698 5123 At
719 5086 817 5124 eos
840 5069 950 5141 ipsi
976 5087 1088 5124 non
1123 5072 1438 5144 accipiunt.
1461 5082 1548 5131 An
1590 5079 1727 5149 quia
1755 5096 1861 5136 nec

197 5163 346 5218 boni
377 5164 536 5221 sunt,
564 5175 666 5213 nec
682 5160 824 5213 bene
848 5158 1254 5231 accipiuntur?
1274 5165 1336 5216 At
1360 5163 1463 5219 hoc
1487 5168 1862 5238 superiorde-

200 5251 401 5307 fensio
424 5247 570 5303 satis
595 5250 911 5318 expugnat.
937 5249 1016 5302 An
1034 5247 1177 5304 illud
1193 5250 1705 5317 dicent:Quamvis
1720 5257 1864 5312 bene

203 5357 236 5394 ι
253 5339 431 5394 vobis
455 5336 841 5407 accipiantur,
869 5336 1005 5390 mali
1031 5342 1171 5392 sunt
1186 5343 1380 5395 tamen
1397 5342 1423 5395 ?
1445 5343 1590 5406 Quid
1607 5349 1694 5399 est
1707 5345 1863 5402 aliud

200 5430 388 5496 vivos,
404 5443 544 5483 cum
561 5424 778 5497 quibus
795 5441 886 5480 res
907 5425 1124 5498 agitur,
1149 5428 1511 5488 adversarios
1546 5434 1864 5493 absolvere.

276 5609 294 5640 ι
335 5606 480 5670 μοι,
513 5599 868 5670 malediceret.
901 5603 1089 5654 Melius
1115 5605 1202 5655 Er.
1233 5611 1286 5657 et
1313 5608 1458 5670 Msa,
1486 5609 1621 5662 male
1668 5613 1867 5665 liceret:

212 5667 429 5732 supple,
459 5665 786 5715 existimare.

541 5783 808 5848 Panos.
852 5781 1031 5846 XLII.

3560 360 3637 416 74

1972 468 2147 535 atque
2171 468 2310 524 olim
2327 479 2622 546 mortuos,
2641 494 2774 532 cum
2791 479 3004 548 quibus
3027 481 3188 538 nulla
3210 487 3499 542 contentio
3524 493 3633 556 est,

1973 569 2246 611 accusare
2260 559 2286 612 ?
2299 561 2416 632 Ego
2431 565 2667 632 quidem
2683 566 2814 622 illos
2828 568 2980 624 viros
3000 573 3264 626 etomnia
3283 573 3636 643 utiliterme-

1970 643 2168 698 moriee
2187 649 2519 716 mandasse,
2538 657 2592 707 et
2611 671 2853 725 magnos
2868 675 2932 712 ac
2947 659 3173 715 divinos
3189 661 3453 732 fuisse,et
3469 665 3629 722 illam

1970 733 2160 802 legem
2194 736 2289 790 Dei
2317 738 2492 808 jussu
2525 759 2587 796 ac
2619 743 2910 800 voluntate
2949 749 3376 821 promulgatam
3409 769 3534 809 esse
3574 761 3632 812 et

1971 824 2261 880 conwliiam
2287 829 2456 884 credo
2484 846 2495 883 :
2524 836 2579 884 et
2604 832 2682 894 id,
2710 851 3050 907 quanquam
3078 857 3364 910 perpauca
3382 843 3510 912 ejus
3533 860 3626 916 ge-

1972 911 2126 966 neris
2149 912 2431 971 librorum
2461 919 2665 987 sciam,
2693 926 3044 990 persuadere
3071 932 3264 984 tamen
3298 930 3466 986 facile
3489 949 3622 1003 pos-

1969 1016 2122 1071 sum,
2159 1002 2204 1058 si
2230 1005 2375 1060 mibi
2400 1024 2604 1072 :equus
2631 1010 2946 1068 etminime
2975 1016 3239 1084 pertinax
3266 1019 3500 1076 animus
3524 1022 3622 1076 ad-

1968 1088 2266 1160 hibeatur;
2288 1098 2459 1164 atque
2484 1097 2539 1152 id
2566 1098 2937 1169 faciam,cum
2959 1104 3122 1174 copia
3137 1105 3304 1161 nobis
3327 1109 3462 1164 data
3487 1110 3610 1166 fue-

1966 1179 2041 1232 rit
2063 1179 2469 1240 benevolarum
2489 1187 2718 1243 aurium
2745 1207 2810 1244 ac
2825 1194 3038 1247 mentis
3061 1197 3172 1248 tuas
3199 1211 3210 1248 :
3234 1196 3331 1250 sed
3353 1197 3459 1252 hoc
3481 1214 3615 1255 cum

1965 1273 2164 1338 potero
2192 1288 2205 1338 ;
2244 1289 2400 1328 nunc
2430 1281 2627 1331 autem
2664 1295 2854 1334 nonne
2886 1281 3028 1334 mihi
3063 1282 3206 1337 satis
3238 1289 3346 1351 est,
3379 1303 3614 1359 quoque

1964 1356 2136 1411 modo
2167 1375 2228 1413 se
2259 1361 2371 1416 ista
2401 1379 2492 1418 res
2523 1364 2753 1434 habeat,
2788 1368 3097 1439 deceptum
3130 1388 3244 1427 non
3277 1356 3456 1429 fuisse
3477 1376 3510 1431 ἲ

2037 1499 2274 1557 CAPUT
2325 1503 2410 1559 Vl.
2445 1538 2513 1546 ——
2546 1508 2628 1561 13.
2663 1510 2737 1563 De
2775 1510 3073 1581 Scrz'pturz's
3116 1532 3226 1570 non
3283 1517 3613 1575 credendum

1961 1592 2358 1658 expositoribus
2389 1610 2579 1651 ear-um
2602 1599 2867 1653 inimicis.
2892 1601 3111 1669 Testor,
3140 1606 3446 1671 llonorate,
3473 1624 3607 1663 con-

1961 1676 2266 1734 scientiam
2319 1699 2532 1747 meam,
2587 1691 2642 1740 et
2705 1689 2866 1757 puris
2916 1691 3128 1747 animis
3182 1693 3608 1753 inbabitantem

1959 1765 2162 1833 Deum,
2186 1769 2330 1824 nihil
2349 1788 2436 1826 me
2451 1773 2783 1831 existimare
2809 1780 3175 1848 prudentius,
3202 1784 3445 1851 castius,
3473 1787 3604 1841 reli-

1956 1855 2337 1929 giosius,quze
2371 1868 2511 1916 sunt
2544 1863 2652 1917 illae
2685 1865 3375 1943 Scripturaomnesquaa
3401 1875 3602 1930 Testa-

1957 1946 2133 1999 menti
2159 1950 2378 2004 Veteris
2404 1952 2635 2008 nomine
2657 1954 2942 2012 catholica
2965 1959 3220 2017 Ecclesia
3243 1963 3466 2018 retinet.
3496 1965 3600 2020 Mi-

1954 2036 2412 2100 raris,novi.Non
2427 2041 2581 2096 enim
2597 2043 2969 2101 dissimulare
2985 2051 3419 2125 possum,longe
3435 2053 3602 2110 aliter

1955 2124 2122 2178 nobis
2145 2126 2325 2182 fuisse
2349 2146 2714 2199 persuasum.
2739 2134 2846 2188 Sed
2872 2136 3012 2189 nihil
3038 2143 3121 2192 est
3145 2124 3394 2209 profecto
3418 2147 3596 2199 teme-

1956 2212 2142 2266 ritatis
2167 2213 2394 2284 plenius
2423 2235 2546 2288 quae
2582 2221 2749 2276 nobis
2781 2227 2919 2278 tunc
2943 2227 3138 2294 pueris
3163 2227 3390 2300 inerat),
3419 2248 3595 2301 quam

1956 2317 2322 2374 quorumque
2344 2305 2626 2362 librorum
2663 2313 3016 2381 expositores
3050 2316 3333 2387 deserere,
3368 2321 3465 2390 qui
3498 2338 3595 2376 eos

1958 2405 2018 2442 se
2049 2395 2244 2446 tenere
2269 2411 2332 2447 ac
2366 2395 2674 2466 discipulis
2705 2402 2932 2455 tradere
2965 2419 3133 2471 posse
3166 2407 3597 2475 proﬁtentur,et

1953 2493 2154 2531 eorum
2179 2482 2524 2535 sententiam
2545 2484 2838 2554 requirere
2861 2487 2932 2540 ab
2954 2487 3042 2543 bis
3069 2491 3168 2560 qui
3192 2494 3596 2551 conditoribus

1951 2563 2183 2620 illorum
2211 2574 2384 2638 atque
2418 2574 2753 2628 auctoribus
2776 2577 3447 2646 acerbissimum,nescio
3479 2601 3596 2656 qua

1952 2661 2191 2724 cogente
2232 2673 2428 2726 causa,
2463 2659 2683 2716 bellum
2719 2663 3072 2722 indixerunt.
3109 2669 3246 2733 Quis
3294 2671 3450 2726 enim
3483 2673 3594 2728 sibi

1953 2759 2210 2813 unquam
2235 2744 2416 2800 libros
2443 2748 2767 2804 Aristotelis
2791 2754 3120 2809 reconditos
3143 2761 3197 2810 et
3221 2758 3503 2816 obscuros
3521 2763 3592 2817 ab

1951 2831 2078 2901 ejus
2104 2831 2340 2888 inimico
2374 2839 2748 2906 exponendos
2783 2841 3002 2906 putavit
3031 2860 3044 2908 ;
3081 2848 3141 2897 ut
3168 2845 3235 2899 de
3266 2845 3358 2901 his
3393 2847 3594 2919 loquar

1950 2921 2299 2992 disciplinis,
2335 2923 2388 2977 in
2414 2927 2627 2996 quibus
2650 2926 2829 2982 lector
2861 2931 3103 2986 fortasse
3128 2933 3255 2988 sine
3288 2937 3591 3009 sacrilegio

1951 3011 2062 3064 labi
2098 3017 2287 3081 potest
2306 3013 2332 3066 ?
2365 3014 2502 3076 Quis
2536 3015 2785 3087 denique
2824 3020 3200 3088 geometricas
3231 3023 3455 3080 litteras
3487 3030 3591 3082 Ar-

1951 3099 2234 3154 chimedis
2267 3099 2475 3170 legere,
2509 3103 2789 3173 magistro
2823 3107 3089 3178 Epicuro,
3118 3118 3218 3164 aut
3250 3113 3471 3170 discere
3501 3133 3593 3171 vo-

1948 3187 2093 3255 luit;
2129 3195 2329 3243 contra
2353 3207 2500 3259 quas
2521 3190 2614 3245 ille
2639 3192 2888 3248 multum
2915 3197 3302 3268 pertinaciter,
3328 3202 3470 3257 nihil
3496 3219 3591 3259 ea-

1951 3294 2100 3342 rum,
2129 3284 2413 3348 quantum
2446 3280 2713 3345 arbitror,
2733 3281 3084 3355 intelligens,
3117 3288 3444 3346 disserebat
3464 3292 3591 3348 ?An

1949 3364 2071 3419 istae
2104 3366 2409 3436 Scriptura
2442 3368 2610 3439 Legis
2640 3369 2998 3440 planissimae
3035 3380 3192 3441 sunt,
3227 3378 3284 3432 in
3317 3395 3462 3449 quas
3495 3381 3591 3436 isti

1949 3454 2115 3525 quasi
2133 3455 2300 3525 vulgo
2315 3456 2607 3526 expositas
2629 3458 2908 3529 impetum
2932 3461 3149 3518 faciunt
3168 3465 3381 3522 frustra
3397 3474 3454 3523 et
3471 3469 3593 3524 ina-

1947 3543 2236 3607 niter?Qui
2255 3545 2397 3598 mihi
2413 3543 2634 3600 similes
2649 3547 3012 3603 videnturilli
3032 3552 3591 3628 mulierculae,quam

1946 3631 2118 3685 iidem
2145 3632 2253 3702 ipsi
2278 3631 2467 3686 solent
2489 3633 2772 3701 deridere,
2801 3653 2927 3706 quae
2952 3637 3098 3693 irata
3120 3643 3271 3711 quod
3299 3644 3347 3696 ei
3375 3644 3458 3699 sol
3481 3646 3591 3701 iste

1945 3717 2302 3785 laudaretur,
2328 3725 2382 3773 et
2400 3737 2432 3773 a
2454 3721 2774 3776 manichesa
2795 3726 3048 3793 quadam
3069 3728 3286 3784 femina
3306 3733 3588 3789 colendus

1946 3809 2472 3878 commendaretur,
2506 3815 2570 3862 ut
2599 3815 2722 3864 erat
2751 3811 3018 3881 religiose
3057 3816 3324 3887 simplex,
3357 3822 3586 3878 concita

1945 3896 2212 3962 exsilivit,
2238 3901 2294 3950 et
2319 3913 2450 3950 eum
2476 3897 2667 3952 locum
2691 3915 2862 3970 quem
2888 3903 2971 3956 sol
2997 3920 3098 3974 per
3114 3905 3425 3964 fenestram
3447 3909 3582 3966 illu-

1947 3990 2247 4051 straverat,
2268 3986 2470 4040 crebro
2493 3987 2636 4056 pede
2663 3989 3156 4060 percutiens,Ecce
3177 3994 3358 4051 solem
3381 3999 3585 4054 deum-

1947 4090 2055 4145 que
2078 4079 2243 4127 tuum
2263 4074 2438 4141 calco,
2464 4074 2715 4131 clamare
2728 4080 2898 4150 coepit
2923 4097 2934 4135 :
2955 4081 3131 4136 stulte
3153 4085 3391 4140 omnino
3414 4092 3587 4158 atque

1949 4162 2345 4230 muliebriter;
2374 4163 2506 4234 quis
2530 4164 2733 4235 negat?
2758 4166 2868 4220 Sed
2895 4171 3198 4226 nonnetibi
3225 4173 3368 4229 tales
3389 4176 3590 4231 viden-

1948 4251 2176 4313 turisti,
2193 4252 2290 4321 qui
2307 4268 2508 4321 eaquae
2524 4269 2637 4306 non
2652 4253 3010 4326 intelligunt,
3026 4264 3126 4314 aut
3143 4277 3262 4328 cur,
3280 4268 3380 4318 aut
3399 4265 3590 4319 omni-

1951 4357 2023 4394 no
2047 4340 2242 4410 qualia
2265 4345 2423 4408 sunt,
2451 4343 2717 4411 quamvis
2739 4345 3071 4413 jacentibus
3095 4349 3330 4418 similia,
3354 4354 3596 4409 subtilia

1951 4433 2148 4483 tamen
2181 4429 2641 4500 intelligentibus
2672 4436 2848 4502 atque
2883 4435 3096 4505 divina,
3132 4455 3344 4510 magno
3371 4443 3596 4513 impetu

1954 4517 2235 4572 orationis
2259 4517 2695 4588 maledictisque
2718 4519 3057 4593 lacerantes,
3080 4526 3216 4596 quia
3245 4527 3328 4582 eis
3360 4528 3598 4600 imperi-

1954 4606 1997 4659 ti
2032 4605 2336 4676 plaudunt,
2371 4606 2591 4677 aliquid
2625 4624 2685 4662 se
2712 4611 2991 4679 proficere
3014 4614 3397 4671 existimant?
3418 4617 3596 4683 Quid-

1958 4694 2097 4765 quid
2127 4699 2232 4762 est,
2264 4695 2617 4762 mihicrede,
2647 4695 2705 4750 in
2721 4699 3036 4769 Scripturis
3056 4701 3190 4768 illis,
3211 4703 3396 4760 altum
3427 4711 3484 4760 et
3511 4706 3601 4762 di-

1957 4783 2155 4837 vinum
2185 4788 2309 4837 est:
2345 4783 2498 4838 inest
2527 4785 2764 4840 omnino
2795 4788 3028 4860 veritas,
3060 4795 3116 4846 et
3152 4793 3480 4849 reficiendis
3512 4795 3604 4850 in-

1961 4873 2414 4942 staurandisque
2437 4872 2648 4928 animis
2681 4879 3227 4935 accomodatissima
3253 4883 3603 4954 disciplina;

1963 4966 2018 5016 et
2049 4959 2216 5031 plane
2247 4959 2328 5014 ita
2359 4961 2714 5032 modificata,
2750 4969 2814 5019 ut
2845 4982 3015 5023 nemo
3048 4969 3183 5024 inde
3226 4970 3459 5027 haurire
3491 4989 3606 5027 non

1965 5049 2150 5122 possit
2181 5050 2333 5119 quod
2367 5051 2475 5104 sibi
2510 5052 2656 5107 satis
2678 5057 2784 5120 est,
2821 5055 2868 5108 si
2903 5057 3075 5112 modo
3115 5059 3182 5113 ad
3217 5058 3607 5115 hauriendum

1966 5139 2165 5192 devote
2197 5154 2260 5192 ac
2290 5138 2400 5207 pie,
2434 5143 2498 5192 ut
2525 5157 2662 5195 vera
2693 5141 2891 5215 religio
2915 5146 3119 5215 poscit,
3153 5149 3408 5202 accedat.
3445 5147 3608 5212 Quod

1969 5231 2033 5280 ut
2060 5225 2165 5279 tibi
2198 5227 2455 5297 probem,
2490 5228 2692 5284 multis
2733 5233 3058 5290 rationibus
3089 5239 3144 5289 et
3190 5234 3449 5306 longiore
3479 5253 3612 5292 ora-

1970 5315 2124 5369 tione
2155 5330 2301 5385 opus
2331 5319 2438 5370 est.
2472 5317 2773 5387 Agendum
2807 5321 2963 5375 enim
2996 5327 3187 5377 tecum
3210 5323 3375 5394 prius
3405 5331 3516 5392 est,
3549 5329 3616 5381 ut

1972 5407 2236 5460 auctores
2267 5403 2424 5475 ipsos
2458 5422 2570 5459 non
2603 5408 2814 5476 oderis,
2853 5409 3062 5464 deinde
3093 5415 3157 5465 ut
3187 5428 3344 5467 ames
3371 5430 3384 5469 :
3419 5419 3475 5469 et
3503 5414 3614 5471 hoc

1973 5492 2264 5563 agendum
2298 5493 2501 5563 quovis
2524 5493 2635 5550 alio
2666 5497 2836 5552 modo
2861 5497 3076 5568 potius,
3108 5515 3286 5571 quam
3319 5517 3619 5576 exponen-

1976 5580 2067 5635 dis
2097 5597 2299 5636 eorum
2331 5584 2640 5640 sententiis
2683 5591 2738 5640 et
2779 5584 3007 5653 litteris,
3060 5595 3368 5662 propterea
3399 5593 3538 5664 quia
3567 5591 3620 5649 si

1977 5668 2287 5741 Virgilium
2320 5671 2670 5742 odissemus,
2704 5672 2822 5729 imo
2853 5674 2901 5730 si
2934 5691 3048 5732 non
3085 5694 3244 5751 eum,
3274 5681 3622 5754 priusquam

3268 5806 3306 5882 3
