4084 6194
475 316 552 374 75

473 447 803 505 intellectus
815 449 986 514 esset,
1002 447 1289 517 majorum
1307 452 1638 503 nostrorum
1660 449 2115 505 commendatio-

472 553 545 593 ne
574 537 973 609 diligeremus,
1006 552 1309 607 nunquam
1342 536 1511 592 nobis
1539 537 1682 591 satis
1717 538 1876 593 fieret
1905 539 1974 593 de
1997 538 2113 594 illis

470 628 598 696 ejus
630 625 1052 697 quaestionibus
1082 624 1631 694 innumerabilibus,
1666 625 1884 697 quibus
1915 642 2111 698 gram-

469 715 665 770 matici
688 714 892 785 agitari
907 718 963 769 et
978 712 1299 785 perturbari
1323 712 1544 781 solent;
1574 730 1676 768 nec
1695 714 2033 770 audiremus
2048 713 2111 768 1i-

464 804 685 870 benter,
706 804 957 874 quicum
980 802 1105 872 ejus
1124 801 1295 857 laude
1315 801 1444 858 illas
1463 801 1792 874 expediret;
1812 804 1911 858 sed
1932 803 1983 859 ei
2023 804 2107 859 fa-

462 908 752 962 veremus,
772 892 872 963 qui
894 908 995 963 per
1009 907 1106 947 eas
1126 890 1291 946 illum
1310 907 1536 947 errasse
1555 908 1620 947 ac
1638 890 1916 947 delirasse
1934 909 2109 948 cona-

462 984 627 1036 retur
645 980 968 1036 ostendere.
993 980 1158 1035 Nunc
1179 994 1310 1035 vero
1332 995 1466 1035 cum
1513 996 1609 1035 eas
1652 979 1821 1035 multi
1861 997 1924 1035 ac
1954 980 2111 1037 varie

463 1084 567 1140 pro
599 1084 707 1124 suo
738 1068 987 1140 quisque
1018 1073 1192 1139 captu
1226 1066 1450 1139 aperire
1480 1073 1785 1133 conentur,
1820 1068 1912 1124 his
1935 1068 2112 1140 potis-

464 1158 682 1215 simum
712 1156 1032 1229 plauditur,
1065 1173 1169 1228 per
1193 1172 1441 1228 quorum
1461 1156 1879 1228 expositionem
1903 1156 2111 1213 melior

464 1246 758 1302 invenitur
786 1251 974 1318 poeta,
1008 1246 1107 1317 qui
1137 1262 1252 1300 non
1284 1245 1475 1301 solum
1505 1245 1652 1300 nihil
1684 1260 1975 1317 peccasse,
2005 1247 2106 1303 sed

465 1334 612 1390 nihil
644 1351 758 1391 non
789 1333 1159 1390 laudabiliter
1186 1333 1490 1401 cecinisse,
1522 1334 1595 1388 ab
1618 1333 1701 1388 eis
1716 1335 1892 1389 etiam
1918 1336 2018 1405 qui
2037 1334 2107 1389 il-

466 1424 586 1478 lum
615 1422 1098 1495 nonintelligunt,
1123 1422 1397 1477 creditur.
1418 1421 1692 1492 Itaquein
1724 1422 2108 1492 queestincula

465 1513 746 1585 magistro
770 1511 1081 1578 deﬁcienti,
1102 1518 1155 1565 et
1181 1512 1319 1582 quid
1335 1512 1681 1582 respondeat
1704 1528 1819 1567 non
1842 1510 2104 1580 habenti,

464 1617 878 1657 succensemus
901 1602 1112 1671 potius,
1136 1598 1493 1671 quamillum
1519 1602 1746 1653 mutum
1771 1599 1909 1653 vitio
1924 1600 2105 1655 Maro-

462 1690 554 1745 nis
577 1694 872 1760 putamus.
894 1690 1021 1745 Jam
1038 1688 1084 1743 si
1101 1689 1168 1742 ad
1195 1688 1591 1742 defensionem
1608 1704 1773 1742 suam
1798 1693 2099 1759 peccatum

463 1780 608 1834 tanti
631 1778 884 1834 auctoris
910 1793 1169 1834 asserere
1192 1775 1458 1838 voluerit,
1480 1776 1575 1831 vix
1596 1776 1745 1845 apud
1768 1792 1901 1830 eum
1924 1777 2100 1831 disci-

461 1868 602 1940 puli,
634 1868 722 1922 vel
756 1867 907 1922 datis
940 1866 1325 1933 mercedibus,
1359 1864 1763 1919 remanebunt.
1803 1863 2099 1927 Quantum

456 1962 577 2011 erat
600 1960 665 2011 ut
685 1954 938 2011 similem
960 1953 1421 2009 benevolentiam
1449 1953 1841 2024 praeberemus
1859 1953 1964 2019 eis,
1996 1970 2100 2024 per

456 2062 602 2117 quos
632 2044 892 2100 locutum
926 2060 1054 2099 esse
1074 2042 1355 2114 Spiritum
1378 2046 1649 2096 sanctum
1678 2047 1794 2096 tam
1820 2042 2098 2096 diuturna

452 2138 737 2190 vetustate
760 2134 1056 2188 ﬁrmatum
1078 2135 1167 2187 est
1181 2131 1323 2186 ?Sed
1339 2130 1559 2186 scilicet
1572 2130 2093 2203 intelligentissimi

453 2223 870 2293 adolescentes,
915 2227 972 2278 et
1009 2220 1141 2275 miri
1185 2220 1475 2275 rationum
1521 2218 1931 2291 exploratores,
1978 2235 2092 2274 non

452 2312 699 2367 evolutis
713 2310 923 2367 saltem
945 2308 1062 2366 illis
1080 2310 1334 2376 Litteris,
1352 2326 1465 2363 non
1489 2308 1751 2380 quzesitis
1769 2308 2090 2380 magistris,

452 2418 568 2456 non
589 2400 954 2472 aliquantum
978 2402 1179 2454 nostra
1194 2398 1467 2453 tarditate
1489 2401 1781 2464 accusata,
1807 2414 1920 2452 non
1935 2396 2092 2451 deni-

450 2506 564 2561 que
593 2490 680 2545 vel
712 2488 988 2544 mediocri
1019 2487 1190 2543 corde
1220 2502 1494 2542 concesso
1525 2486 1609 2541 eis
1648 2486 1747 2556 qui
1797 2484 2086 2556 ejusmodi

450 2578 689 2633 Litteras
719 2594 821 2649 per
848 2581 1035 2633 totum
1064 2577 1264 2632 orbem
1294 2579 1416 2629 tam
1446 2575 1618 2646 longe
1649 2580 1908 2647 tempore
1950 2573 2086 2646 legi,

445 2667 748 2734 custodiri,
780 2664 1134 2737 tractarique
1161 2663 1506 2730 voluerunt;
1559 2662 1705 2717 nihil
1751 2664 1905 2732 apud
1953 2662 2087 2719 illos

444 2755 800 2810 credendum
820 2754 1178 2826 putavimus,
1198 2769 1397 2808 eorum
1417 2752 1517 2823 qui
1543 2752 1671 2807 istis
1695 2752 1916 2807 inimici
1939 2752 2084 2806 infe-

443 2843 637 2916 stique
659 2850 797 2898 sunt
816 2858 950 2898 voce
974 2840 1431 2913 commoti,apud
1458 2856 1605 2913 quos
1628 2839 1773 2895 falsa
1794 2840 2084 2913 pollicita-

440 2932 598 2987 tione
627 2931 870 2987 rationis
901 2930 1163 2986 inaudita
1195 2929 1381 2985 millia
1410 2927 1740 2984 fabularum
1774 2930 2006 2986 credere
2028 2933 2086 2985 et

444 3020 632 3077 colere
663 3035 1025 3093 cogeremur.

514 3163 747 3219 CAPUT
787 3163 907 3219 VII.
941 3192 1011 3203 —-
1042 3162 1127 3217 14.
1162 3161 1476 3229 Quaerenda
1503 3177 1631 3216 vera
1654 3161 1873 3230 religio.
1914 3162 1977 3216 In
2007 3163 2084 3218 eis

444 3253 739 3324 quaerenda
762 3252 855 3323 qui
874 3251 1149 3307 excellunt
1168 3252 1340 3321 fama:
1359 3248 1671 3305 celebritate
1682 3252 1732 3303 el
1745 3266 1868 3305 omn
1878 3252 1992 3304 ium
2004 3266 2084 3307 oc~

442 3341 732 3411 cupatione
756 3339 1104 3410 papulorum.
1139 3336 1411 3408 Objectari
1437 3340 1673 3407 frustra,
1705 3337 1849 3406 apud
1882 3354 2084 3409 paucos

442 3444 557 3484 esse
576 3429 883 3495 veritatem,
906 3426 1375 3498 necquwrendam
1396 3427 1455 3479 in
1475 3425 1830 3481 multitudine
1853 3427 2087 3483 Catholi-

440 3517 867 3572 corum.Temere
886 3516 1064 3570 visum
1087 3518 1387 3582 Honorato,
1410 3514 1645 3569 absurda
1666 3515 1921 3586 quaedam
1939 3515 2087 3571 tradi

440 3607 502 3659 in
523 3605 803 3660 catholica
828 3605 1117 3675 religione.
1150 3603 1475 3672 Areligione
1489 3603 1781 3673 quaerenda
1810 3604 1956 3674 apud
1988 3605 2084 3659 Ca-

437 3695 661 3750 tholicae
680 3694 826 3749 nihil
845 3692 1183 3765 prohibebat.
1210 3694 1342 3747 Cum
1370 3694 1676 3762 inquiritur
1701 3708 1829 3747 vera
1859 3693 2080 3765 religio,

434 3784 761 3838 sumendum
778 3783 1068 3837 exordium
1102 3799 1135 3835 a
1162 3780 1428 3835 catholica
1468 3780 1725 3835 Ecclesia.
1770 3781 1877 3837 Sed
1927 3798 2081 3837 nunc

434 3871 587 3941 quod
603 3869 830 3925 institui
850 3868 1200 3941 peragam,si
1214 3873 1538 3939 possum,et
1553 3868 1635 3923 sic
1649 3869 1801 3939 apud
1818 3873 1872 3924 te
1884 3886 2051 3941 agam
2063 3913 2078 3937 ,

434 3964 499 4013 ut
530 3958 703 4013 fidem
734 3957 1081 4013 catholicam
1114 3973 1226 4011 non
1260 3956 1500 4011 interim
1533 3957 1813 4028 aperiam,
1846 3959 1948 4013 sed
1999 3960 2071 4014 ad

433 4046 751 4102 scrutanda
766 4046 894 4117 ejus
919 4061 1131 4117 magna
1153 4044 1445 4115 mysteria,
1485 4044 1569 4099 eis
1594 4062 1842 4116 quorum
1862 4049 2071 4103 animis

431 4135 544 4189 sibi
562 4151 711 4190 curae
730 4140 886 4200 sunt,
902 4151 1064 4206 spem
1084 4133 1261 4188 divini
1284 4134 1506 4188 fructus
1524 4137 1578 4188 et
1598 4133 1953 4190 invenienda:
1971 4152 2070 4191 ve-

432 4223 621 4279 ritatis
641 4224 967 4279 ostendam.
1000 4223 1178 4278 Nemo
1197 4221 1425 4276 dubitat
1446 4238 1579 4277 eum
1602 4223 1701 4293 qui
1719 4240 1912 4278 veram
1934 4225 2069 4280 reli-

428 4312 660 4383 gionem
684 4312 949 4384 requirit,
980 4314 1079 4366 aut
1096 4311 1221 4381 jam
1264 4310 1497 4365 credere
1520 4309 1909 4368 immortalem
1941 4331 2069 4371 esse

427 4400 687 4455 animam
710 4400 804 4455 cui
826 4400 1010 4472 prosit
1029 4398 1131 4454 illa
1146 4397 1367 4470 religio,
1401 4402 1501 4453 aut
1522 4399 1698 4454 etiam
1725 4400 1983 4472 idipsum
2006 4403 2065 4457 in

425 4489 629 4544 eadem
650 4488 928 4561 religione
956 4487 1103 4544 velle
1134 4487 1412 4543 invenire.
1444 4488 1664 4543 Anima:
1681 4487 1859 4559 igitur
1887 4507 2065 4546 causa

422 4577 614 4633 omnis
637 4578 866 4650 religio:
886 4594 1020 4633 nam
1044 4576 1302 4647 corporis
1328 4580 1535 4630 natura
1557 4593 1788 4647 quoque
1806 4579 1980 4633 modo
2000 4596 2063 4635 se

423 4665 650 4730 habeat,
682 4666 905 4721 nullam
937 4680 1137 4721 curam
1169 4680 1235 4719 ac
1278 4663 1737 4720 sollicitudinem
1774 4666 1956 4721 incuti
1983 4669 2056 4735 ei,

416 4756 740 4825 praesertim
772 4761 902 4827 post
932 4758 1202 4820 mortem,
1235 4754 1405 4823 cujus
1432 4754 1630 4808 anima
1658 4755 1913 4812 tenuerit
1942 4774 2056 4828 quo

416 4842 587 4898 beata
611 4843 708 4899 sit.
740 4844 958 4898 Animae
990 4842 1169 4915 igitur
1189 4858 1368 4896 causa
1390 4840 1476 4895 vel
1500 4840 1681 4897 solius
1704 4842 1789 4897 vel
1808 4845 2056 4903 maxime

417 4947 567 5000 vera,
587 4934 639 4989 si
664 4949 779 5004 qua
807 4938 916 5003 est,
950 4931 1151 4987 relinio
1177 4930 1498 4985 constituta
1526 4935 1632 4986 est.
1680 4931 1805 4986 Haec
1853 4939 2048 4990 autem

414 5022 633 5088 anima,
664 5022 858 5078 videro
890 5038 1064 5093 quam
1098 5021 1170 5075 ob
1202 5035 1463 5084 causam,
1487 5025 1542 5075 et
1564 5020 2049 5078 obscurissimum

411 5126 541 5166 esse
562 5111 857 5179 conﬁteor,
882 5113 1037 5166 errat
1057 5112 1249 5163 tamen
1274 5124 1338 5162 ac
1356 5106 1539 5163 stulta
1554 5112 1737 5178 est,ut
1760 5109 2046 5179 videmus,

410 5199 592 5256 donec
603 5201 963 5273 adipiscatur
980 5197 1369 5271 percipiatque
1386 5197 1819 5269 sapientiam,et
1843 5200 2048 5255 fortas-

408 5301 470 5341 se
492 5287 619 5360 ipsa
634 5296 723 5345 est
753 5307 886 5346 vera
919 5287 1140 5360 religio.
1178 5290 1329 5341 Num
1364 5290 1419 5341 te
1453 5287 1525 5341 ad
1564 5286 1789 5342 fabulas
1825 5288 1993 5344 mitto
2018 5288 2046 5344 ?

404 5388 546 5430 num
569 5378 792 5449 aliquid
813 5394 954 5451 cogo
985 5382 1039 5433 te
1067 5381 1283 5432 temere
1312 5376 1545 5431 credere
1565 5376 1592 5430 ?
1623 5376 1893 5431 Animam
1938 5394 2041 5433 no-

398 5465 582 5519 stram
606 5465 733 5521 dico
754 5484 945 5523 errore
966 5483 1032 5522 ac
1054 5463 1298 5521 stultitia
1317 5462 1599 5518 irretitum
1621 5466 2037 5532 etdemersam,

394 5550 568 5621 viam,
594 5552 782 5625 siqua
800 5561 908 5621 est,
933 5570 1191 5627 quaerere
1219 5550 1498 5608 veritatis.
1523 5552 1579 5606 Si
1601 5552 1709 5609 hoc
1734 5553 1791 5608 in
1816 5558 1872 5609 te
1919 5571 2035 5610 non

392 5642 499 5712 est,
524 5641 598 5706 da
617 5642 868 5717 veniam,
881 5648 939 5699 et
955 5644 1301 5717 participare
1323 5657 1573 5713 mecum,
1593 5657 1789 5713 quaeso
1804 5644 2033 5715 sapien-

1826 5806 1857 5825 δ

1371 315 1475 375 DE
1518 316 1941 378 UTILITA'I‘E
1986 319 2405 394 CHEDENDI,
2452 321 2515 382 S.
2564 321 2995 384 AUGUSTINI

3794 328 3874 389 76

2219 454 2361 507 tiam
2393 456 2553 508 tuam
2583 471 2594 507 :
2630 454 2719 509 sin
2754 454 2809 509 id
2842 454 2996 525 quod
3030 452 3159 510 dico
3183 454 3526 526 agnoscisin
3557 459 3635 525 te,
3670 458 3871 526 simul,

2220 542 2479 609 obsecro,
2513 560 2843 614 quaeramus
2878 560 3102 599 verum.

2291 631 2376 684 15.
2413 630 2556 686 Puta
2586 648 2691 687 nos
2723 632 2913 688 adhuc
2944 633 3239 689 neminem
3272 635 3509 692 audisse
3531 638 3863 710 cujuspiam

2218 717 2513 789 religionis
2540 720 2982 777 insinuatorem.
3017 723 3159 777 Ecce
3190 739 3282 779 res
3314 741 3461 780 nova
3497 731 3586 781 est
3614 744 3648 781 a
3694 729 3865 785 nobis

2220 809 2637 880 negotiumque
2654 815 3017 882 susceptum.
3038 813 3339 875 Qurerendi
3363 818 3520 881 sunt,
3542 816 3734 885 credo,
3761 817 3864 872 hu-

2208 896 2310 967 jus
2328 897 2429 964 rei,
2463 897 2512 953 si
2548 897 2665 954 ulla
2699 902 2846 967 est‘,
2880 900 3258 970 professores.
3298 905 3407 958 Fac
3434 919 3541 959 nos
3574 905 3863 976 reperisse

2216 983 2361 1041 alios
2377 986 2531 1041 aliud
2555 987 2883 1059 opinantes,
2903 993 2962 1043 et
2989 988 3319 1045 diversitate
3343 991 3685 1062 Opinionum
3705 995 3776 1049 ad
3797 1010 3863 1051 se

2215 1090 2507 1147 quemque
2526 1076 2757 1132 trahere
2778 1076 3111 1148 cupientes;
3141 1079 3241 1134 sed
3272 1077 3424 1134 inter
3456 1079 3560 1136 hos
3581 1082 3861 1139 excellere

2214 1163 2381 1218 famae
2414 1164 2645 1220 interim
2676 1164 3005 1222 celebritate
3035 1167 3342 1238 quosdam,
3375 1172 3548 1240 atque
3592 1171 3859 1227 omnium

2215 1268 2361 1324 pene
2387 1254 2764 1325 occupatione
2786 1254 3157 1326 pepulerum.
3191 1255 3397 1312 Utrum
3424 1258 3522 1313 isti
3545 1274 3747 1314 verum
3771 1265 3861 1316 te-

2214 1346 2411 1410 neant,
2437 1359 2650 1415 magna
2669 1343 2914 1414 quaestio
2937 1349 3026 1399 est
3045 1359 3056 1398 :
3083 1345 3184 1399 sed
3210 1360 3400 1400 nonne
3421 1346 3582 1416 prius
3599 1354 3739 1403 sunt
3760 1365 3859 1405 ex-

2214 1430 2503 1501 plorandi,
2537 1436 2601 1487 ut
2631 1432 2911 1503 quamdiu
2944 1448 3231 1499 erramus,
3253 1433 3298 1487 si
3326 1433 3564 1504 quidem
3588 1435 3857 1495 homines

2213 1535 2443 1584 sumus,
2466 1535 2599 1575 cum
2624 1520 2750 1591 ipso
2770 1536 2976 1590 genere
3002 1520 3258 1575 humano
3275 1537 3466 1577 errare
3506 1523 3854 1580 videamur?

2285 1609 2370 1661 16.
2394 1610 2465 1662 At
2481 1608 2635 1663 enim
2659 1610 2814 1680 apud
2839 1625 3053 1680 paucos
3073 1609 3356 1679 quosdam
3380 1615 3469 1665 est
3486 1612 3852 1670 veritas.Scis

2211 1711 2346 1767 ergo
2364 1698 2489 1766 jam
2510 1714 2637 1768 quae
2657 1698 2753 1765 sit,
2775 1697 2825 1751 si
2845 1697 2959 1752 scis
2979 1698 3154 1767 apud,
3175 1714 3321 1769 quos
3340 1698 3435 1753 sit.
3456 1700 3660 1756 Nonne
3689 1702 3852 1757 dixe-

2210 1801 2332 1839 ram
2360 1785 2531 1857 paulo
2554 1790 2706 1852 ante,
2729 1791 2792 1841 ut
2813 1785 2981 1857 quasi
3005 1787 3177 1842 rudes
3200 1804 3597 1858 quaereremus
3618 1792 3640 1844 Ρ
3663 1790 3774 1845 Sed
3799 1791 3850 1846 si

2209 1888 2277 1927 ex
2307 1874 2434 1944 ipsa
2462 1874 2515 1928 vi
2553 1874 2813 1929 veritatis
2856 1890 3075 1945 paucos
3121 1891 3248 1929 eam
3292 1880 3489 1931 tenere
3532 1879 3849 1949 conjectas,

2208 1962 2308 2032 qui
2328 1979 2461 2017 vero
2484 1963 2619 2029 sint,
2650 1964 2875 2027 nescis;
2902 1963 3040 2033 quid
3063 1962 3112 2018 si
3136 1963 3218 2019 ita
3242 1964 3411 2035 pauci
3442 1970 3579 2021 sunt
3616 1968 3713 2038 qui
3749 1985 3850 2024 ve—

2206 2068 2336 2106 rum
2352 2052 2993 2118 sciunt,utauctoritate
3006 2068 3111 2107 sua
3131 2052 3567 2109 multitudinem
3586 2059 3847 2124 teneant,

2204 2140 2359 2195 unde
2375 2140 2505 2195 sein
2521 2141 2619 2196 illa
2641 2145 2863 2196 secreta
2878 2141 3147 2212 expedire
3169 2146 3225 2197 et
3243 2142 3413 2213 quasi
3432 2141 3691 2215 eliquare
3708 2161 3852 2217 pau-

2204 2228 2347 2283 citas
2377 2229 2607 2300 possit?
2638 2229 2840 2285 Nonne
2870 2229 3133 2285 videmus
3162 2246 3339 2300 quam
3365 2232 3849 2301 paucisummam

2201 2316 2591 2389 eloquentiam
2602 2333 2707 2374 con
2716 2323 3190 2390 sequantur,cum
3206 2334 3307 2389 per
3319 2322 3502 2373 totum
3514 2321 3711 2376 orbem
3724 2321 3850 2376 rhea

2200 2411 2394 2462 torum
2415 2406 2624 2462 scholae
2650 2406 3107 2463 adolescentium
3137 2408 3413 2479 gregibus
3443 2410 3849 2481 perstrepant?

2199 2496 2638 2567 Numquidnam
2670 2496 3073 2567 imperitorum
3100 2496 3392 2567 perterriti
3443 2497 3841 2569 multitudine,

2198 2585 2701 2656 quicumqueboni
2728 2590 2985 2641 oratores
3014 2585 3254 2640 evadere
3278 2585 3499 2649 volunt,
3535 2586 3841 2643 Caeciliisi-

2196 2674 2255 2727 bi
2273 2674 2492 2745 potius,
2513 2673 2814 2729 autErucii
2830 2673 3212 2739 orationibus,
3242 2690 3419 2744 quam
3433 2674 3715 2731 Tullianis
3734 2693 3839 2731 na-

2197 2762 2446 2817 vandam
2474 2779 2709 2834 operam
2740 2761 3114 2817 existimant?
3144 2765 3274 2815 Haec
3300 2767 3585 2833 appetunt
3611 2781 3837 2833 omnes,

2194 2867 2320 2921 quae
2335 2853 2624 2922 majorum
2638 2850 2977 2906 auctoritate
2991 2851 3220 2905 firmata
3233 2856 3390 2905 sunt.
3410 2852 3619 2907 Eadem
3647 2853 3834 2925 impe-

2192 2940 2437 2995 ritorum
2456 2941 2637 2995 turbae
2652 2941 2874 2996 discere
2893 2939 3412 3010 moliuntur,quaea
3427 2941 3627 3012 paucis
3646 2942 3838 3000 doctis

2191 3029 2471 3084 discenda
2484 3034 2711 3101 recepta
2728 3033 2869 3084 sunt
2888 3034 3305 3099 :assequuntur
3321 3034 3514 3086 autem
3534 3030 3835 3102 perpauci,

2190 3122 2374 3191 agunt
2400 3118 2724 3188 pauciores,
2744 3117 3075 3172 clarescunt
3092 3117 3633 3188 paucissimi.Quid,
3652 3118 3701 3174 si
3721 3119 3840 3176 tale

2191 3206 2466 3276 quiddam
2494 3211 2582 3261 est
2601 3223 2734 3261 vera
2756 3205 2957 3278 religio
2975 3206 3002 3260 ?
3023 3205 3196 3273 Quid,
3215 3206 3263 3260 si
3309 3205 3624 3262 multitudo
3650 3208 3840 3279 impe-

2192 3297 2436 3351 ritorum
2456 3296 2788 3368 frequentat
2803 3295 3100 3362 ecclesias,
3122 3296 3221 3351 sed
3260 3295 3487 3351 nullum
3519 3314 3838 3369 argumen-

2192 3389 2251 3439 tu
2263 3402 2316 3439 m
2331 3385 2498 3449 est,id
2508 3402 2572 3440 eo
2587 3385 2877 3440 neminem
2898 3383 3015 3439 illis
3029 3384 3322 3456 mysteriis
3334 3386 3551 3439 factum
3564 3402 3691 3440 esse
3704 3402 3840 3456 per-

2192 3474 2526 3529 fectum?Et
2540 3482 2733 3529 tamen
2752 3473 2935 3529 sitam
2952 3473 3122 3544 pauci
3136 3473 3442 3528 studerent
3471 3472 3841 3545 eloquentiae,

2191 3580 2366 3629 quam
2392 3564 2562 3634 pauci
2585 3563 3417 3634 sunteloquentes,nunquam
3437 3579 3541 3617 nos
3564 3567 3842 3633 parentes

2190 3652 2372 3707 nostri
2406 3652 2705 3723 magistris
2734 3650 2950 3706 talibus
2981 3650 3478 3705 commendandos
3528 3656 3832 3720 putarent.

2187 3740 2331 3796 Cum
2354 3741 2535 3812 igitur
2562 3742 2633 3796 ad
2658 3740 2778 3795 haec
2798 3740 2992 3795 studia
3013 3756 3117 3795 nos
3136 3737 3452 3793 multitudo
3478 3738 3831 3808 invitaverit,

2187 3845 2317 3901 quae
2336 3829 2739 3900 imperitorum
2766 3834 2929 3900 parte
2950 3826 3183 3899 copiosa
3199 3831 3307 3896 est,
3328 3831 3393 3880 ut
3411 3826 3467 3880 id
3486 3827 3641 3898 quod
3659 3828 3833 3899 pauci

2185 3918 2427 3989 adipisci
2447 3922 2695 3989 possunt
2712 3917 3121 3972 adamaremus
3144 3934 3157 3982 ;
3181 3932 3285 3971 cur
3302 3914 3472 3970 nobis
3492 3931 3619 3970 esse
3660 3916 3832 3971 simi-

2181 4005 2294 4061 lem
2315 4007 2372 4060 iu
2394 4006 2667 4077 religione
2685 4004 2961 4061 nolumus
2978 4020 3238 4070 causam,
3258 4020 3434 4075 quam
3459 4019 3592 4059 cum
3613 4020 3830 4077 magna

2182 4095 2391 4149 animae
2421 4094 2760 4149 discrimine
2792 4096 3036 4149 fortasse
3071 4092 3549 4148 contemnimus?
3578 4092 3633 4147 Si
3663 4094 3824 4149 enim

2179 4183 2520 4238 verissimus
2548 4188 2605 4237 et
2632 4182 3068 4238 sincerissimus
3095 4182 3191 4237 Dei
3213 4180 3432 4246 cultus,
3454 4181 3719 4252 quamvis
3745 4184 3827 4238 sit

2178 4274 2330 4342 apud
2347 4288 2583 4343 paucos,
2609 4272 2761 4342 apud
2783 4288 2881 4326 eos
2906 4276 3099 4326 tamen
3128 4274 3216 4326 est
3242 4270 3461 4341 quibus
3479 4269 3821 4339 multitudo,

2175 4376 2514 4431 quanquam
2528 4358 2949 4431 cupiditatibus
2970 4359 3233 4415 involuta
3249 4362 3307 4414 et
3328 4376 3363 4413 a
3388 4359 3640 4430 puritate
3656 4358 3825 4415 intel-

2175 4449 2423 4520 ligentiae
2455 4454 2695 4513 remota,
2724 4448 3047 4515 consentit;
3096 4448 3252 4519 quod
3297 4446 3423 4503 fieri
3471 4464 3643 4519 posse
3685 4447 3821 4519 quis

2171 4536 2446 4593 dubitet?
2477 4554 2690 4608 quare,
2716 4538 2764 4593 si
2789 4538 2924 4609 quis
2947 4537 3342 4593 temeritatem
3368 4536 3822 4608 vecordiamque

2169 4631 2427 4681 nostram
2461 4631 2688 4697 arguat,
2708 4627 2861 4697 quod
2886 4642 3000 4681 non
3019 4625 3169 4697 apud
3191 4626 3323 4695 ejus
3353 4624 3667 4695 magistros
3685 4641 3816 4681 eam

2168 4714 3103 4787 diligenterinvestigamus,cujus
3122 4713 3481 4768 inveniendis
3502 4713 3670 4767 nobis
3689 4729 3814 4768 ma-

2164 4820 2280 4875 gna
2308 4820 2449 4859 cura
2478 4803 2647 4869 inest,
2682 4803 2819 4874 quid
2854 4802 3207 4874 respondere
3239 4802 3583 4873 possimus?
3617 4803 3813 4858 Deter-

2163 4890 2714 4948 ruitmemultitudo
2732 4891 2758 4945 ?
2776 4891 2890 4945 Cur
2907 4892 2978 4945 ab
2995 4891 3192 4946 studio
3211 4891 3427 4945 artium
3450 4888 3810 4958 liberalium,

2161 4980 2255 5034 vix
2276 4980 2411 5035 huic
2426 4979 2695 5051 praesenti
2712 4979 2837 5034 vitae
2856 4979 3075 5051 aliquid
3094 4979 3386 5035 commodi
3403 4979 3805 5048 atl‘erentium;

2158 5070 2344 5124 curab
2364 5067 2712 5139 inquirenda
2732 5068 3012 5140 pecunia;
3035 5085 3139 5123 cur
3155 5070 3225 5123 ab
3248 5069 3463 5123 honore
3477 5067 3808 5139 adipiscen-

2156 5159 2263 5225 do;
2297 5174 2401 5213 cur
2431 5158 2683 5230 denique
2716 5174 2749 5213 a
2778 5159 3171 5229 comparanda
3208 5162 3265 5212 et
3299 5155 3602 5212 retinenda
3650 5157 3806 5213 bona

2153 5246 2506 5314 valetudine,
2524 5251 2818 5318 postremo
2838 5264 2942 5302 cur
2972 5248 3043 5301 ab
3074 5246 3204 5318 ipsa
3231 5245 3411 5300 beatae
3435 5244 3561 5298 vita:
3584 5244 3809 5315 appeti-

2150 5338 2339 5403 tione;
2364 5352 2496 5391 cum
2528 5335 2623 5390 his
2654 5352 2857 5390 omnes
2884 5338 3262 5406 occupentur,
3297 5332 3468 5405 pauci
3491 5332 3801 5401 excellant,

2149 5423 2312 5481 nulla
2342 5425 2626 5480 deterruit
2665 5424 2979 5479 multitudo
3002 5424 3029 5478 ?
3086 5461 3093 5467 -

2208 5651 2224 5685 ί
2260 5647 2378 5699 Sola
2406 5646 2568 5697 editio
2597 5646 3030 5711 Lovaniensium,
3060 5646 3106 5697 si
3133 5644 3278 5699 nulla
3307 5646 3401 5699 est.
3428 5644 3705 5699 Mendose.
