4058 6180
164 339 230 397 77
1598 340 1832 402 LIBER
1875 337 2109 401 UNUS.
3474 347 3554 408 τε

223 472 301 525 17.
332 472 405 525 At
432 470 692 526 absurda
724 470 805 527 ibi
840 471 953 528 dici
984 472 1348 530 videbantur.
1383 474 1607 540 Quibus
1637 490 1790 531 asse-

158 560 443 616 rentibus?
471 561 694 631 Nempe
728 562 1003 633 inimicis,
1025 564 1282 634 qualibet
1312 580 1508 630 causa,
1530 563 1792 635 qualibet

155 649 378 716 ratione,
414 666 528 705 non
562 650 724 705 enim
756 650 866 705 hoc
911 668 1065 707 nunc
1115 652 1420 723 quaeritur,
1451 657 1648 708 tamen
1678 651 1789 707 ini-

152 738 312 793 micis.
358 740 503 794 Cum
557 737 837 811 legerem,
889 756 991 811 per
1022 755 1113 795 me
1141 739 1269 813 ipse
1318 741 1582 813 cognovi.
1633 745 1791 796 Itane

152 826 271 881 est?
311 826 488 881 Nulla
538 828 809 883 imbutus
859 829 1082 900 poetica
1131 828 1442 901 disciplina
1486 831 1790 886 Terentia-

151 932 271 970 num
303 916 580 970 Maurum
632 916 761 973 sine
811 918 1093 990 magistro
1124 919 1412 991 attingere
1462 936 1577 974 non
1612 919 1787 974 aude—

150 1019 263 1069 res;
295 1007 503 1075 Asper,
554 1008 869 1073 Cornutus,
901 1006 1161 1063 Donatus
1210 1012 1268 1063 et
1299 1007 1396 1063 alii
1448 1008 1787 1064 innumera-

150 1092 272 1148 biles
302 1094 716 1164 requiruntur,
738 1100 804 1148 ut
834 1094 1082 1165 quilibet
1112 1100 1279 1166 poeta
1301 1096 1489 1168 possit
1517 1095 1785 1168 intelligi,

148 1183 291 1251 cujus
324 1181 597 1236 carmina
620 1188 677 1237 et
698 1183 909 1238 theatri
943 1182 1185 1254 plausus
1220 1185 1493 1240 videntur
1513 1191 1746 1256 captare
1771 1201 1783 1238 :

146 1269 272 1324 tuin
302 1286 406 1325 eos
462 1270 692 1337 Libros,
727 1271 829 1342 qui
884 1289 1121 1344 quoquo
1175 1273 1347 1329 modo
1396 1290 1458 1329 se
1511 1273 1785 1343 habeant,

143 1359 303 1414 sancti
336 1363 542 1414 tamen
570 1360 1025 1433 divinarumque
1056 1377 1251 1417 rerum
1286 1361 1463 1433 pleni,
1490 1379 1667 1435 prope
1698 1367 1784 1418 to-

142 1449 240 1503 tius
266 1448 509 1519 generis
542 1447 787 1504 humani
820 1449 1187 1505 confessione
1220 1450 1624 1519 diﬂ'amantur,
1659 1451 1786 1507 sine

143 1536 260 1592 doce
288 1536 501 1601 irruis,
535 1541 594 1591 et
623 1537 695 1592 de
725 1537 819 1592 bis
849 1538 975 1593 sine
1015 1543 1361 1609 praeceptore
1421 1540 1606 1596 audes
1638 1540 1786 1596 ferre

142 1625 479 1679 sententiam
509 1644 523 1693 ;
562 1641 668 1680 nec
698 1624 744 1681 si
770 1625 873 1680 tibi
906 1625 1102 1698 aliqua
1131 1632 1447 1682 occurrunt
1478 1645 1606 1699 quae
1632 1629 1786 1685 vide-

142 1720 291 1768 antur
341 1715 639 1777 absurda,
689 1715 1020 1769 tarditatem
1070 1719 1233 1771 tuam
1290 1722 1347 1771 et
1390 1718 1782 1788 putrefactum

141 1802 232 1857 tale
260 1803 448 1874 hujus
484 1803 694 1857 mundi
724 1803 1010 1870 animum,
1045 1804 1235 1875 qualis
1275 1806 1541 1861 omnium
1571 1806 1782 1862 stulto-

140 1908 245 1946 rum
278 1896 392 1958 est,
434 1908 686 1947 accusas
734 1893 949 1963 potius,
982 1910 1156 1962 quam
1188 1911 1287 1950 eos
1319 1896 1418 1965 qui
1473 1893 1719 1951 fortasse
1749 1914 1784 1953 a

137 1980 333 2037 talibus
367 1980 627 2053 intelligi
652 1981 983 2053 nequeunt!
1018 1986 1311 2047 Quaereres
1331 1983 1584 2056 aliquem
1618 1986 1780 2056 pium

138 2069 289 2125 simul
323 2078 386 2124 et
414 2070 685 2137 doctum,
716 2069 803 2125 vel
834 2071 935 2141 qui
962 2070 1093 2126 talis
1124 2088 1252 2127 esse
1302 2072 1504 2128 multis
1535 2090 1782 2130 consen-

137 2159 404 2213 tientibus
458 2158 776 2227 diceretur,
811 2160 982 2229 cujus
1030 2162 1089 2215 et
1119 2160 1425 2232 praeceptis
1478 2161 1684 2217 melior
1722 2167 1779 2219 et

134 2248 378 2303 doctrina
431 2247 682 2319 peritior
724 2248 915 2303 ﬁeres.
948 2248 1071 2303 Non
1122 2249 1287 2304 facile
1338 2250 1782 2321 reperiebatur?

134 2339 251 2391 Cum
285 2336 984 2408 laboreinvestigaretur.
1007 2342 1210 2393 Deerat
1240 2338 1299 2393 in
1334 2354 1400 2394 ea
1420 2343 1573 2395 terra
1599 2356 1778 2411 quam

132 2425 413 2480 incolebas
438 2425 468 2479 Ἰ
498 2426 640 2489 Quae
670 2441 847 2479 causa
880 2424 1080 2481 utilius
1112 2432 1342 2497 cogeret
1373 2428 1780 2500 peregrinari?

129 2514 178 2568 lo
206 2514 537 2569 continenti
574 2530 816 2585 prorsus
848 2513 1084 2585 latebat,
1118 2520 1221 2569 aut
1253 2532 1366 2570 non
1401 2521 1522 2572 erat
1547 2516 1575 2570 Ἰ
1607 2518 1776 2573 Navi-

127 2609 363 2671 garetur.
403 2603 465 2657 Si
502 2602 565 2656 in
613 2603 939 2674 propinquo
970 2607 1131 2658 trans
1181 2621 1340 2660 mare
1372 2622 1485 2660 non
1518 2606 1774 2662 invenie-

126 2693 297 2755 batur,
331 2692 784 2765 progredereris
814 2708 1000 2763 usque
1043 2693 1115 2748 ad
1149 2692 1280 2747 illas
1313 2699 1518 2765 terras,
1553 2694 1610 2749 in
1645 2696 1775 2767 qui-

126 2782 218 2837 bus
246 2799 315 2836 ea
343 2798 487 2852 quae
520 2780 638 2835 illis
682 2781 873 2836 Libris
903 2782 1295 2849 continentur,
1329 2789 1493 2854 gesta
1523 2799 1651 2839 esse
1682 2784 1775 2838 di-

126 2878 341 2925 cuntur.
400 2869 560 2935 Quid
618 2868 729 2924 tale
779 2869 1048 2937 fecimus,
1080 2869 1525 2926 IIonorate?Et
1579 2878 1773 2928 tamen

125 2959 461 3029 religionem
529 2958 776 3014 fortasse
845 2958 1279 3015 sanctissimam
1351 2960 1564 3031 (adhuc
1617 2963 1772 3017 enim

127 3049 277 3120 quasi
312 3048 722 3103 dubitandum
756 3047 834 3103 sit
864 3048 1111 3120 loquor),
1146 3050 1312 3120 cujus
1362 3050 1558 3120 opinio
1586 3055 1772 3108 totum

124 3140 227 3208 jam
272 3143 580 3192 terrarum
632 3136 833 3191 orbem
882 3138 1202 3209 occupavit,
1245 3137 1558 3193 miserrimi
1611 3140 1774 3210 pueri

128 3241 213 3295 pro
240 3230 454 3281 nostro
498 3224 741 3280 arbitrio
764 3224 1106 3296 judicioque
1137 3225 1565 3281 damnavimus.
1600 3228 1770 3296 Quid,

124 3314 163 3368 si
192 3315 289 3369 illa
321 3330 461 3385 quae
493 3312 810 3369 nonnullos
839 3310 1141 3385 imperitos
1171 3314 1230 3368 in
1255 3314 1478 3370 eisdem
1509 3315 1773 3386 Scriptu-

123 3403 190 3457 ris
215 3403 502 3457 videntur
551 3401 863 3472 offendere,
895 3418 961 3458 eo
993 3408 1137 3458 sunt
1186 3402 1267 3457 ita
1297 3403 1505 3474 posita,
1540 3407 1605 3458 ut
1635 3419 1770 3460 cum

120 3506 197 3545 res
244 3490 647 3545 abhorrentes
697 3507 731 3545 a
779 3507 953 3546 sensu
1004 3489 1531 3562 qualiumcumque
1578 3490 1768 3547 homi-

120 3594 264 3645 num,
296 3580 529 3634 nedum
587 3578 966 3649 prudentium
997 3585 1171 3651 atque
1219 3583 1578 3646 sanctorum,
1614 3578 1771 3652 lege.

116 3673 318 3733 rentur,
354 3670 654 3723 secretam
709 3666 1192 3737 signiﬁcationem
1228 3665 1415 3722 multo
1445 3666 1771 3724 studiosius

119 3771 511 3825 quereremus
531 3755 562 3808 ?
592 3754 793 3809 Nonne
822 3755 1031 3819 cernis,
1060 3759 1124 3809 ut
1162 3754 1514 3810 Catamitum
1548 3756 1768 3811 Bucoli-

118 3860 303 3900 corum
334 3847 377 3912 ί,
418 3844 515 3899 cui
551 3848 753 3915 pastor
782 3844 965 3898 durus
996 3844 1241 3912 efﬂuxit,
1267 3848 1552 3899 conentur
1580 3844 1768 3900 homi-

118 3949 205 3987 nes
234 3933 649 4004 interpretari,
681 3936 737 3985 et
768 3930 992 3986 Alexim
1030 3948 1308 4003 puerum,
1339 3933 1395 3986 in
1428 3949 1603 4004 quem
1634 3932 1768 3987 Pla-

116 4026 167 4074 to
192 4022 370 4075 etiam
407 4036 654 4075 carmen
688 4018 1036 4075 amatorium
1068 4020 1273 4076 fecisse
1304 4020 1538 4088 dicitur,
1572 4021 1768 4077 nescio

115 4110 243 4179 quid
285 4124 582 4179 magnum
634 4107 981 4179 signiﬁcare,
1024 4107 1124 4163 sed
1160 4109 1564 4180 imperitorum
1605 4110 1767 4180 judi-

115 4197 259 4251 cium
314 4198 524 4268 fugere
572 4196 907 4263 afﬁrment;
960 4213 1090 4251 cum
1139 4196 1263 4252 sine
1294 4196 1409 4252 ullo
1464 4197 1766 4271 sacrilegio

115 4290 273 4354 meta
302 4286 651 4340 uberrimus
681 4284 859 4341 videri
892 4284 1075 4357 possit
1122 4284 1468 4341 libidinosas
1497 4285 1767 4341 cantiun-

112 4373 267 4428 culas
292 4374 565 4429 edidisse
589 4373 616 4427 ?

176 4463 266 4516 13.
296 4463 413 4517 Sed
446 4477 649 4517 revera
680 4460 985 4517 revocabat
1015 4477 1120 4517 nos
1151 4465 1325 4532 atque
1354 4461 1701 4532 prohibebat
1733 4479 1768 4517 a

110 4551 443 4619 quaerendo,
468 4554 577 4604 aut
606 4549 859 4620 alicujus
891 4549 1035 4622 legis
1059 4549 1303 4616 sanctio,
1329 4553 1429 4604 aut
1460 4551 1769 4605 adversan-

108 4640 249 4693 tium
285 4638 584 4710 potentia,
618 4643 719 4691 aut
749 4642 1109 4692 sacratorum
1140 4638 1161 4671 ²
1205 4653 1453 4708 persona
1483 4637 1635 4704 vilis,
1669 4641 1770 4692 aut

109 4726 255 4781 fama
289 4727 520 4798 turpis,
556 4730 657 4780 aut
687 4725 1078 4781 institutionis
1109 4726 1357 4791 novitas,
1390 4729 1492 4781 aut
1540 4726 1771 4781 occulta

112 4816 398 4883 professio
421 4815 450 4868 ‘2
478 4812 638 4868 Nihil
689 4813 901 4869 horum
932 4818 1038 4870 est.
1092 4814 1303 4871 Omnia
1331 4814 1525 4869 divina
1574 4820 1630 4870 et
1659 4815 1767 4870 hu-

112 4919 279 4959 mana
304 4907 455 4974 jura
486 4902 839 4974 permittunt
870 4920 1126 4976 quaerere
1174 4902 1521 4960 catholicam
1552 4903 1728 4960 ﬁdem
1754 4921 1767 4972 ;

113 4998 300 5047 tenere
332 4998 545 5048 autem
574 4997 632 5046 et
661 4992 867 5064 colere,
901 5009 1001 5064 per
1030 4991 1358 5048 humanum
1391 4998 1543 5048 certe
1566 4994 1669 5064 jus
1699 4992 1769 5047 li-

114 5088 215 5145 cet,
248 5082 299 5136 si
334 5081 416 5136 de
446 5081 651 5135 divino
680 5081 963 5151 quamdiu
995 5097 1280 5150 erramus,
1314 5082 1601 5137 incertum
1633 5085 1723 5138 est
1755 5098 1767 5138 :

116 5184 277 5224 nemo
310 5167 787 5224 imbecillitatem
808 5172 1067 5224 nostram
1092 5168 1775 5241 terretinimicus(quan-

116 5272 284 5325 quam
317 5257 549 5312 veritas
581 5260 753 5326 atque
776 5257 984 5311 anima:
1012 5255 1172 5312 salus
1205 5257 1255 5312 si
1283 5256 1594 5328 diligenter
1625 5273 1776 5328 quie-

118 5346 241 5411 sita,
280 5346 389 5402 ubi
443 5346 749 5401 tutissime
800 5346 953 5412 licet,
987 5346 1219 5401 inventa
1248 5361 1362 5401 non
1413 5346 1607 5414 fuerit,
1639 5361 1775 5401 cum

116 5436 309 5503 quovis
344 5434 702 5490 discrimine
754 5436 934 5505 quaeri
966 5434 1231 5506 debeat);
1283 5434 1547 5489 omnium
1581 5434 1776 5507 digni-

116 5528 294 5578 tatum
328 5530 393 5579 et
424 5528 787 5596 potestatum
819 5523 1059 5594 gradus,
1084 5522 1218 5577 huic
1252 5523 1446 5579 divino
1477 5522 1662 5579 cultui
1685 5525 1779 5579 de-

176 5632 193 5663 ¹
228 5629 388 5687 Editj,
441 5628 761 5677 Catamilum
812 5626 1116 5685 Bucolicum.
1150 5628 1215 5678 At
1261 5630 1405 5686 Μαι,
1462 5629 1778 5679 Catamitum

122 5688 494 5741 Bucolicorum.
546 5692 839 5742 Catamitus
869 5690 970 5748 hic,
1005 5705 1109 5753 quo
1150 5692 1365 5741 nomine
1408 5704 1541 5753 puer
1569 5694 1781 5743 merito-

118 5756 223 5819 ria:
261 5759 529 5819 vocatur,
580 5754 964 5819 intelligepdus
1010 5754 1123 5819 ipse
1155 5753 1334 5805 Alexis
1380 5767 1530 5817 puer,
1563 5756 1627 5806 de
1670 5769 1778 5819 quo

124 5815 377 5879 Virgilius
404 5819 461 5867 in
493 5815 779 5876 Bucolicis,
804 5815 987 5879 Eclog.
1018 5815 1065 5865 2.

179 5878 387 5933 ’Ynna
420 5880 780 5933 Michaelinus
817 5878 1005 5940 codex,
1034 5880 1356 5931 sectatorum.

1899 471 2199 527 votissime
2221 472 2551 529 inserviunt
2575 493 2588 542 ;
2620 474 3110 532 honestissimum
3134 481 3223 532 est
3252 476 3555 551 religionis

1902 577 2137 627 nomen,
2170 566 2228 616 et
2257 562 2801 631 praeclarissimum.
2837 565 2985 629 Quid
3043 566 3288 637 impedit
3317 568 3554 623 tandem

1904 650 2256 719 perscrutari
2291 652 2466 721 atque
2488 651 2777 707 discutere
2807 654 2902 724 pia
2933 659 2989 708 et
3010 654 3212 709 sedula
3238 652 3554 727 investiga-

1902 736 2079 807 tione,
2116 741 2312 793 utrum
2346 739 2440 793 hic
2470 740 2545 795 sit
2576 739 2720 795 illud
2756 742 2908 811 quod
2953 742 3349 798 sincerissime
3379 760 3554 801 nosse

1902 828 1958 880 et
1988 827 2282 883 custodire
2314 845 2529 900 paucos
2582 845 2817 885 necesse
2864 835 2972 899 est,
3004 830 3234 886 etiamsi
3283 832 3549 891 omnium

1900 912 1960 969 in
1991 914 2046 969 id
2082 916 2346 987 gentium
2376 916 2642 973 voluntas
2676 918 2949 990 favorque
2981 920 3326 990 conspiret?

1975 1004 2059 1058 19.
2095 1007 2229 1070 Quae
2261 1022 2393 1060 cum
2428 1006 2509 1061 ita
2541 1008 2681 1073 sint,
2716 1007 2804 1062 fac
2836 1024 2964 1071 nos,
2988 1012 3051 1062 ut
3083 1007 3396 1074 dixi,nunc
3426 1009 3544 1080 pri-

1899 1107 2065 1146 mum
2124 1110 2380 1163 quaerere
2429 1096 2663 1150 cuinam
2716 1095 2979 1167 religioni
3034 1096 3264 1151 animas
3312 1104 3541 1153 nostras

1899 1182 2236 1252 purgandae
2267 1184 2799 1255 instaurandasque
2827 1184 3130 1239 tradamus
3158 1200 3171 1238 :
3204 1184 3399 1256 procul
3433 1187 3541 1241 du-

1898 1268 1991 1324 bio
2024 1286 2058 1325 a
2086 1269 2367 1326 catholica
2396 1271 2654 1328 Ecclesia
2674 1273 3026 1327 sumendum
3057 1272 3383 1327 exordium.
3410 1273 3541 1328 Plu-

1898 1374 1990 1413 res
2032 1359 2189 1413 euim
2215 1360 2341 1429 jam
2374 1360 2691 1415 Christiani
2742 1366 2901 1431 sunt,
2936 1377 3125 1433 quam
3160 1360 3209 1417 si
3254 1360 3442 1417 Judaei
3473 1361 3557 1418 si-

1897 1446 2295 1504 mulacrorum
2347 1449 2675 1505 cultoribus
2734 1450 3150 1521 adjungantur.
3198 1449 3552 1507 Eorumdem

1898 1538 2094 1591 autem
2138 1536 2624 1609 Christianorum,
2677 1554 2813 1592 cum
2864 1538 2983 1593 sint
3031 1537 3280 1594 haereses
3328 1538 3550 1611 plures,

1901 1627 2079 1695 atque
2110 1641 2316 1681 omnes
2349 1642 2411 1681 se
2459 1625 2777 1682 catholicos
2825 1625 3009 1681 velint
3054 1626 3254 1694 videri,
3287 1626 3552 1699 aliosque

1896 1717 2107 1782 praeter
2137 1730 2197 1769 se
2230 1714 2532 1770 haereticos
2565 1715 2892 1780 nominent,
2916 1732 3034 1771 una
3062 1720 3151 1771 est
3182 1714 3457 1785 Ecclesia,
3483 1720 3550 1773 ut

1894 1817 2098 1856 omnes
2130 1804 2494 1870 concedunt;
2529 1804 2576 1859 si
2610 1809 2795 1859 totum
2830 1804 3029 1860 orbem
3061 1803 3414 1875 consideres,
3450 1821 3543 1860 re-

1893 1888 2092 1945 fertior
2130 1891 2540 1960 multitudine;
2577 1898 2637 1947 ut
2670 1897 2866 1949 autem
2917 1892 3016 1965 qui
3048 1898 3332 1949 noverunt
3382 1893 3544 1949 afﬁr-

1892 1983 2072 2045 mant,
2126 1979 2300 2034 etiam
2348 1981 2590 2037 veritate
2639 1982 2921 2037 sincerior
2966 1981 3186 2038 caeteris
3238 1982 3534 2039 omnibus.

1886 2068 1995 2123 Sed
2027 2068 2099 2123 de
2129 2068 2368 2124 veritate
2398 2069 2513 2125 alia
2544 2070 2788 2142 quaestio
2809 2074 2898 2125 est
2932 2086 2944 2123 :
2977 2071 3131 2142 quod
3162 2075 3357 2127 autem
3382 2088 3537 2143 quaa-

1888 2154 2152 2213 rentibus
2184 2157 2325 2213 satis
2368 2163 2476 2225 est,
2510 2176 2627 2214 una
2674 2163 2763 2215 est
2793 2157 3106 2228 Catholica,
3139 2160 3233 2215 cui
3282 2160 3532 2218 hareses

1887 2245 2011 2300 aliae
2042 2247 2271 2302 diversa
2302 2246 2542 2304 nomina
2580 2249 2914 2321 imponunt,
2946 2264 3080 2303 cum
3111 2248 3250 2320 ipsae
3283 2251 3533 2323 singulae

1887 2334 2135 2406 propriis
2185 2335 2501 2403 vocabulis,
2536 2354 2662 2408 quae
2709 2354 2920 2410 negare
2960 2353 3072 2393 non
3128 2338 3400 2406 audeant,
3436 2356 3533 2413 ap-

1887 2422 2192 2493 pellantur.
2226 2425 2302 2479 Ex
2344 2442 2459 2496 quo
2492 2425 2735 2498 intelligi
2783 2427 2975 2497 datur,
3002 2426 3405 2496 judlcantihus
3437 2445 3530 2484 ar-

1886 2510 2051 2568 bitris
2092 2530 2238 2583 quos
2270 2512 2431 2569 nulla
2480 2513 2724 2586 impedit
2752 2515 2958 2585 gratia,
2994 2515 3087 2569 cui
3119 2516 3235 2571 sit'
3289 2517 3531 2573 catholi-

1883 2616 2017 2655 cum
2051 2618 2282 2671 nomen,
2309 2603 2379 2656 ad
2403 2603 2559 2672 quod
2591 2620 2794 2659 omnes
2817 2603 3104 2673 ambiunt,
3132 2604 3530 2662 tribuendum.

1881 2689 1991 2743 Sed
2023 2706 2093 2743 ne
2124 2690 2180 2743 id
2214 2688 2628 2761 loquacissime
2654 2696 2757 2745 aut
2786 2692 3080 2763 superﬂuo
3104 2692 3395 2764 quispiam
3420 2694 3537 2751 dis-

1883 2778 2196 2833 serendum
2251 2784 2433 2850 putet,
2469 2797 2587 2834 una
2617 2783 2704 2833 est
2753 2785 2925 2847 certe,
2959 2779 3017 2833 in
3050 2797 3165 2851 qua
3198 2780 3337 2851 ipsa:
3386 2799 3529 2854 quo-

1882 2866 2016 2920 dam
2050 2866 2221 2920 modo
2255 2866 2427 2921 etiam
2485 2866 2754 2921 humanae
2808 2867 2963 2938 leges
2993 2867 3320 2923 christianae
3369 2874 3528 2926 sunt.

1880 2954 2118 3009 Nullum
2150 2972 2255 3026 ego
2287 2956 2423 3010 hinc
2458 2957 2863 3028 praejudicium
2896 2956 3019 3011 ﬁeri
3051 2955 3201 3026 volo,
3238 2957 3339 3012 sed
3368 2975 3530 3014 exor-

1878 3044 2038 3099 dium
2072 3046 2365 3116 quaerendi
2390 3046 3188 3117 opportunissimumjudico.
3215 3046 3336 3103 Non
3370 3048 3527 3105 enim

1881 3133 2259 3188 metuendum
2291 3140 2379 3189 est
2422 3151 2495 3189 ne
2524 3151 2695 3189 verus
2727 3133 2825 3188 Dei
2860 3133 3054 3190 cultus
3085 3134 3243 3191 nullo
3294 3137 3526 3208 proprio

1880 3220 2081 3275 robore
2111 3221 2370 3286 innixus,
2394 3223 2466 3277 ab
2498 3222 2580 3277 eis
2615 3240 2760 3293 quos
2794 3221 2995 3278 lulcire
3017 3223 3241 3294 debeat,
3276 3223 3527 3282 fulcien—

1876 3308 1987 3362 dus
2034 3324 2162 3363 esse
2208 3310 2519 3365 videatur:
2570 3311 2671 3366 sed
2720 3316 2874 3367 certe
2917 3310 3181 3383 perfectae
3231 3310 3525 3368 felicitatis

1876 3400 1982 3464 est,
2019 3397 2067 3451 si
2099 3398 2351 3469 potuerit
2373 3398 2452 3453 ibi
2486 3416 2685 3454 verum
2710 3399 2978 3469 inveniri,
3011 3398 3106 3454 ubi
3137 3404 3194 3455 et
3220 3400 3524 3472 inquisitio

1875 3486 2002 3556 ejus
2033 3490 2089 3540 et
2111 3486 2352 3541 retentio
2404 3487 2812 3544 securrissima
2841 3491 2932 3544 est
2963 3504 2975 3541 :
3007 3488 3056 3543 si
3088 3504 3202 3544 non
3248 3489 3522 3562 potuerit,

1874 3578 2001 3628 tum
2034 3575 2272 3629 demum
2307 3574 2442 3642 alio,
2475 3592 2848 3647 quocumque
2878 3575 3157 3647 periculo,
3188 3577 3525 3634 adeundum

1874 3666 2040 3733 atque
2070 3663 2428 3718 rimandum.

1945 3750 2172 3808 CAPUT
2204 3751 2355 3806 VllI.
2381 3783 2449 3792 —
2482 3752 2572 3807 20.
2603 3752 2721 3819 Qua
2740 3754 3078 3825 Augustinus
3100 3755 3189 3809 via
3217 3755 3422 3809 venerit
3450 3755 3526 3810 ad

1870 3839 2197 3895 catholicam
2242 3840 2587 3908 religionem.
2622 3840 2724 3897 His
2770 3840 2951 3913 igitur
2981 3841 3338 3908 constitutis,
3369 3859 3520 3915 quae,

1873 3933 1939 3983 ut
1968 3928 2195 3999 opinor,
2220 3928 2301 3983 ita
2323 3929 2488 3998 justa
2514 3934 2672 3997 sunt,
2704 3934 2769 3985 ut
2790 3931 3048 3986 obtinere
3077 3930 3230 4002 apud
3262 3934 3318 3986 te
3348 3931 3522 3987 istam

1871 4033 2110 4072 causam
2142 4016 2349 4088 quovis
2391 4017 2725 4074 adversario
2780 4018 3046 4087 debeam,
3077 4019 3246 4075 edam
3296 4019 3424 4088 tibi,
3457 4024 3523 4076 ut

1872 4122 2134 4177 possum,
2160 4106 2490 4177 cujusmodi
2521 4106 2673 4162 viam
2702 4124 2846 4163 usus
2878 4107 3108 4175 fuerim,
3132 4123 3265 4163 cum
3298 4124 3362 4164 eo
3390 4108 3517 4164 ani-

1872 4211 1966 4250 mo
1998 4210 2315 4266 quaererem
2342 4211 2536 4250 veram
2568 4195 2929 4268 religionem,
2955 4212 3068 4267 quo
3089 4213 3244 4251 nunc
3274 4198 3517 4268 exposui

1870 4298 1999 4339 esse
2030 4284 2421 4355 quaerendam.
2468 4283 2540 4339 Ut
2570 4285 2726 4339 enim
2758 4301 2791 4340 a
2820 4285 2983 4340 vobis
3028 4289 3190 4340 trans
3223 4302 3382 4341 mare
3412 4287 3514 4342 ab-

1872 4372 2042 4439 cessi,
2066 4373 2191 4442 jam
2225 4373 2669 4427 cunctabundus
2701 4378 2875 4443 atque
2906 4373 3200 4443 haesitans,
3235 4374 3373 4446 quid
3408 4375 3515 4429 mi-

1871 4461 1932 4515 hi
1968 4461 2307 4530 tenendum,
2342 4461 2482 4532 quid
2530 4461 2947 4517 dimittendum
2981 4468 3175 4517 esset:
3204 4480 3330 4534 quae
3368 4462 3513 4519 mihi

1872 4550 2164 4606 cunctatio
2199 4551 2257 4605 in
2289 4550 2413 4605 dies
2452 4550 2641 4620 major
2671 4550 3058 4618 oboriebatur,
3091 4568 3159 4606 ex
3201 4568 3315 4622 quo
3346 4552 3513 4608 illum

1870 4638 2306 4709 hominem(a),
2341 4638 2510 4708 cujus
2555 4638 2724 4693 nobis
2768 4640 3072 4706 adventus,
3124 4644 3189 4694 ut
3218 4639 3392 4709 nosti,
3441 4641 3516 4696 ad

1871 4727 2215 4800 explicanda
2262 4726 2459 4782 omnia
2514 4744 2640 4799 quis
2694 4744 2799 4783 nos
2849 4728 3180 4796 movebant,
3233 4729 3401 4800 quasi
3449 4730 3520 4786 de

1872 4816 2013 4873 coelo
2044 4816 2516 4888 promittebatur,
2541 4816 2735 4871 audivi
2766 4841 2780 4886 ;
2811 4832 3085 4887 eumque,
3109 4823 3350 4887 excepta
3378 4835 3519 4891 qua-

1873 4907 2005 4961 dam
2040 4905 2389 4977 eloquentia,
2424 4904 2601 4961 talem
2646 4904 2847 4977 quales
2879 4910 3116 4961 czeteros
3160 4923 3290 4963 esse
3318 4923 3524 4979 cogno-

1872 4994 1925 5049 vi
1963 5012 1975 5049 :
2010 4994 2295 5049 rationem
2329 4992 2455 5064 ipse
2490 5009 2720 5049 mecum
2753 4992 2930 5048 habui
2964 5010 3359 5068 magnamque
3389 4993 3524 5050 deli-

1874 5080 2232 5137 berationem
2262 5081 2383 5152 jam
2438 5081 2495 5135 in
2528 5080 2695 5137 Italia
2751 5083 3129 5149 constitutus,
3165 5100 3279 5138 non
3326 5087 3523 5137 utrum

1874 5187 2170 5227 manerem
2200 5170 2257 5225 in
2300 5170 2399 5225 illa
2433 5174 2611 5237 secta,
2646 5170 2704 5225 in
2757 5187 2934 5241 quam
2976 5188 3067 5227 me
3098 5172 3376 5227 incidisse
3406 5186 3524 5241 pos-

1881 5260 2129 5325 nitebat,
2177 5261 2276 5315 sed
2328 5275 2586 5329 quonam
2636 5260 2807 5315 modo
2860 5277 3059 5315 verum
3115 5258 3526 5314 inveniendum

1877 5351 2050 5413 esset,
2082 5348 2140 5402 in
2172 5349 2342 5417 cujus
2381 5363 2641 5403 amorem
2673 5347 2927 5420 suspiria
2981 5363 3112 5402 mea
3143 5345 3288 5401 nulli
3319 5346 3531 5403 melius

1880 5452 2055 5509 quam
2102 5436 2207 5492 tibi
2266 5440 2403 5493 nota
2461 5440 2618 5492 sunt.
2652 5436 2811 5509 Saepe
2868 5436 3012 5490 mihi
3058 5434 3365 5492 videbatur
3412 5452 3528 5492 non

1882 5541 2054 5598 posse
2126 5525 2390 5593 inveniri,
2453 5525 2773 5598 magnique
2849 5524 3061 5579 ﬂuctus
3119 5525 3533 5597 cogitationem

1886 5630 2151 5671 mearum
2181 5614 2241 5671 in
2271 5613 2754 5670 Academicorum
2787 5612 3133 5685 suffragium
3176 5614 3531 5673 ferebantur.

1951 5820 1969 5891 ξ
2002 5818 2259 5891 figunulli
2288 5816 2435 5877 Mss.,
2454 5817 2614 5891 quos!
2632 5818 2684 5891 ej
2706 5818 2790 5891 sit:

1951 5882 2020 5946 (a)
2052 5882 2327 5945 Faustum,
2359 5894 2425 5934 ex
2454 5881 2552 5933 lib.
2584 5884 2612 5935 5
2640 5881 2900 5955 Gentem,
2932 5896 3046 5952 cap.
3076 5886 3125 5944 6.
