4058 6180
502 351 579 410 79

502 483 657 553 Saepe
688 495 892 535 rursus
934 476 1190 543 intuens,
1225 480 1512 548 quantum
1562 478 1842 545 poteram.
1886 473 2139 525 mentem

500 571 818 626 humanam
843 571 962 622 tam
993 565 1269 630 vivacem,
1290 569 1409 619 tam
1435 566 1898 636 sagacem,tuam
1926 558 2141 631 perspi-

501 673 718 727 cacem,
741 671 856 710 non
889 653 1164 726 putabam
1197 652 1374 708 latere
1396 653 1717 717 veritatem,
1749 649 1862 705 nisi
1893 648 2046 720 quod
2078 647 2137 702 in

499 763 567 802 ea
598 744 893 816 quaerendi
914 742 1123 798 modus
1152 740 1776 812 lateret,eumdemque
1804 738 1999 810 ipsum
2023 753 2140 793 m0-

499 835 641 890 dum
674 834 747 888 ab
779 833 975 904 aliqua
1003 831 1199 887 divina
1228 830 1574 885 auctoritate
1603 844 1731 883 esse
1761 826 2135 882 sumendum.

500 923 778 979 Restabat
799 938 1054 993 quaerere
1075 936 1341 990 quasnam
1363 916 1463 974 illa
1482 922 1637 974 esset
1661 915 2134 981 auctoritas,cum

499 1012 559 1067 in
585 1011 764 1066 tantis
777 1009 1247 1065 dissensionibus
1263 1025 1325 1064 se
1347 1005 1766 1079 quisqueillam
1784 1003 2137 1060 traditurum

501 1099 886 1173 polliceretur.
929 1098 1278 1153 Occurrebat
1308 1096 1487 1169 igitur
1516 1093 1939 1168 inexplicabilis
1970 1090 2135 1161 silva,

499 1191 591 1245 cui
623 1190 857 1244 demum
881 1187 1057 1243 inseri
1082 1186 1330 1241 multum
1365 1186 1815 1258 pigebatzatque
1844 1182 1996 1237 inter
2016 1181 2137 1236 haec

498 1278 623 1333 sine
656 1277 783 1332 ulla
803 1275 1018 1348 requie,
1054 1275 1369 1347 cupiditate
1401 1273 1724 1346 reperiendi
1756 1272 1874 1329 veri
1906 1271 2137 1327 animus

495 1366 846 1437 agitabatur.
882 1365 1229 1419 Dissuebam
1264 1380 1356 1418 me
1385 1368 1578 1418 tamen
1611 1362 1800 1434 magis
1829 1360 2136 1431 magisque

497 1457 567 1510 ab
598 1454 747 1520 istis,
772 1471 917 1525 quos
941 1455 1066 1523 jam
1099 1455 1363 1508 deserere
1388 1467 1827 1525 proposueram.
1865 1448 2139 1504 Restabat

498 1549 691 1599 autem
715 1543 870 1599 aliud
906 1541 1049 1597 nihil
1073 1542 1133 1596 in
1156 1542 1336 1597 tantis
1366 1539 1664 1613 periculis,
1698 1556 1872 1610 quam
1898 1544 1962 1593 ut
1987 1536 2136 1592 divi-

497 1650 633 1688 nam
654 1630 1071 1704 providentiam
1095 1630 1431 1702 lacrymosis
1450 1635 1506 1685 et
1528 1628 1962 1685 miserabilibus
1992 1626 2139 1682 voci-

496 1722 627 1787 bus,
662 1726 727 1775 ut
755 1736 922 1792 opem
954 1718 1099 1774 mihi
1130 1720 1323 1785 ferret,
1347 1719 1704 1788 deprecarer.
1741 1720 1925 1786 Atque
1958 1714 2014 1769 id
2047 1730 2134 1769 se-

495 1809 631 1865 dulo
664 1809 946 1865 faciebam
981 1826 994 1864 :
1031 1812 1088 1863 et
1110 1807 1235 1878 jam
1259 1806 1374 1862 fere
1402 1823 1493 1861 me
1522 1808 1956 1862 commoverant
1985 1819 2135 1858 non-

495 1897 666 1953 nullas
720 1896 1146 1969 disputationes
1177 1895 1623 1951 Mediolanensis
1654 1893 1910 1965 episcopi
1941 1891 2039 1963 (a),
2072 1894 2137 1946 ut

495 2004 610 2042 non
634 1986 759 2042 sine
777 2002 877 2057 spe
907 1984 1105 2056 aliqua
1120 1986 1190 2040 de
1212 1985 1335 2055 ipso
1366 1984 1568 2039 Vetere
1590 1984 1961 2038 Testamento
1985 1979 2134 2035 mul-

495 2082 555 2131 ta
584 2091 838 2146 quaerere
868 2090 1161 2146 cuperem,
1188 2090 1333 2145 quae,
1356 2078 1420 2127 ut
1440 2073 1575 2142 scis,
1600 2072 1749 2126 male
1781 2070 1950 2126 nobis
1976 2086 2133 2125 com-

498 2165 770 2220 mendata
781 2165 1245 2219 exsecrabamur.
1264 2168 1750 2232 Decreveramque
1764 2159 1984 2215 tamdiu
2009 2175 2137 2215 esse

492 2251 1027 2310 catechumenusin
1060 2251 1438 2316 Ecclesia,cui
1468 2251 1718 2306 traditus
1738 2270 1769 2304 a
1796 2249 2136 2321 parentibus

493 2359 674 2411 eram,
708 2342 890 2397 donec
921 2346 1023 2397 aut
1062 2341 1378 2396 invenirem
1412 2340 1567 2410 quod
1602 2338 1828 2408 vellem,
1864 2342 1965 2392 aut
1991 2336 2134 2391 mihi

493 2432 904 2504 persuaderem
937 2446 1054 2485 non
1092 2445 1221 2484 esse
1268 2429 1661 2501 quaerendum.
1694 2425 2131 2498 Opportunissi-

490 2537 655 2575 mum
687 2537 823 2592 ergo
856 2535 948 2575 me
976 2536 1041 2575 ac
1065 2518 1231 2575 valde
1262 2518 1507 2573 docilem
1540 2522 1678 2572 tunc
1709 2516 1967 2572 invenire
1998 2532 2130 2587 pos-

488 2612 597 2675 set,
630 2609 678 2665 si
710 2608 916 2664 fuisset
944 2606 1044 2679 qui
1080 2611 1274 2680 posset
1298 2608 1522 2662 doeere.
1556 2606 1674 2661 Hoc
1706 2621 1840 2677 ergo
1869 2606 2041 2660 modo
2074 2608 2131 2659 et

486 2697 663 2754 simili
697 2698 905 2753 animae
946 2701 1057 2752 tuae
1090 2714 1227 2752 cura
1258 2696 1344 2752 si‘
1379 2697 1478 2750 diu
1512 2699 1565 2750 te
1597 2711 1827 2766 quoque
1858 2694 2129 2749 affectum

483 2786 737 2857 vides,et
769 2786 817 2841 si
841 2786 968 2857 jam
1000 2784 1144 2841 satis
1166 2785 1270 2839 tibi
1294 2786 1552 2855 jactatus
1582 2784 2129 2854 viderisﬁnemque

484 2876 821 2946 bujusmodi
856 2874 1155 2931 laboribus
1184 2874 1271 2929 vis
1314 2874 1653 2945 imponere;
1699 2888 1941 2943 sequere
1972 2872 2124 2927 viam

482 2963 775 3019 catholica:
798 2962 1142 3034 disciplina,
1165 2979 1290 3034 qum
1314 2964 1384 3017 ab
1417 2964 1543 3034 ipso
1574 2961 1803 3016 Christo
1824 2978 1924 3031 per
1944 2966 2125 3032 Apos-

476 3052 627 3107 tolos
658 3052 730 3107 ad
763 3068 869 3107 nos
902 3068 1087 3121 usque
1139 3051 1420 3119 manavit,
1451 3056 1508 3106 et
1540 3052 1611 3106 ab
1642 3049 1779 3105 hinc
1828 3049 1898 3105 ad
1930 3054 2124 3121 poste-

513 3158 578 3197 os
611 3146 917 3196 manatura
947 3144 1053 3197 est.

552 3230 782 3285 CAPUT
814 3230 902 3284 IX.
937 3260 1005 3269 —
1034 3232 1123 3284 2|.
1160 3228 1439 3284 Catholica
1486 3228 1731 3284 Ecclesia
1774 3229 2121 3286 venientibus

476 3321 730 3391 praecipit
742 3318 931 3389 ﬁdem;
956 3318 1205 3375 haeretici
1220 3319 1550 3389 promittunt
1569 3320 1859 3374 rationem.
1875 3320 2025 3374 Nihil
2038 3320 2094 3374 vi
2102 3352 2119 3360 -

501 3409 548 3463 ii
566 3425 681 3463 esse
704 3408 764 3462 in
785 3408 908 3478 ﬁde,
924 3416 1090 3479 atque
1104 3408 1249 3462 inter
1269 3406 1575 3462 credentem
1590 3410 1640 3461 et
1654 3407 1939 3462 credulum
1959 3407 2121 3480 (quod

476 3514 673 3553 nomen
701 3498 878 3568 culpa:
906 3496 1101 3566 datur)
1119 3497 1423 3567 plurimum
1453 3498 1727 3550 interesse.
1763 3495 2115 3562 Ridiculum,

469 3586 690 3658 inquis,
723 3586 878 3641 istud
909 3591 1019 3655 est,
1051 3601 1184 3640 cum
1214 3601 1416 3640 omnes
1465 3584 1614 3639 hanc
1645 3600 1706 3639 se
1739 3585 2119 3656 proﬁteantur

468 3681 684 3744 tenere,
714 3692 780 3731 ac
811 3676 1032 3731 docere.
1068 3674 1418 3729 Protitentur
1450 3673 1557 3727 hoc
1607 3690 1806 3728 omnes
1839 3673 2112 3741 haeretici,

469 3781 683 3837 negare
713 3781 825 3819 non
876 3780 1151 3835 possum;
1184 3763 1281 3818 sed
1318 3764 1398 3816 ita
1430 3769 1495 3817 ut
1541 3762 1623 3817 eis
1654 3779 1801 3833 quos
1833 3761 2109 3832 illectant,

467 3854 750 3910 rationem
805 3870 867 3908 se
896 3853 965 3908 de
1011 3851 1450 3907 obscurissimis
1502 3854 1676 3906 rebus
1729 3851 2113 3922 polliceantur

467 3942 798 3997 reddituros
831 3958 844 3995 :
877 3956 1061 4011 eoque
1102 3938 1457 3993 Catholicam
1510 3939 1758 3994 maxime
1788 3940 2109 3995 criminan-

468 4035 584 4097 tur,
619 4031 774 4102 quod
824 4027 941 4084 illis
972 4028 1069 4100 qui
1102 4028 1172 4083 ad
1224 4044 1353 4082 eam
1387 4026 1624 4082 veniunt
1673 4027 2005 4099 praecipitur
2042 4033 2110 4084 ut

468 4120 742 4187 credant;
779 4134 841 4174 se
871 4123 1064 4173 autem
1099 4133 1213 4171 non
1239 4117 1451 4187 jugum
1482 4115 1753 4170 credendi
1784 4115 2102 4187 imponere,

465 4208 567 4265 sed
587 4208 825 4264 docendi
854 4208 1067 4261 fontem
1092 4206 1313 4276 aperire
1334 4203 1677 4276 gloriantur.
1702 4203 1868 4273 Quid,
1886 4206 2101 4278 inquis,

462 4297 574 4354 dici
610 4297 818 4368 potuit,
850 4296 1005 4367 quod
1039 4295 1107 4349 ad
1143 4310 1343 4350 eorum
1368 4292 1600 4347 laudem
1633 4294 1821 4365 magis
1853 4295 2104 4365 pertine-

462 4393 550 4443 ret
574 4389 595 4421 ²
620 4387 647 4441 ‘I
677 4387 800 4441 Non
832 4384 913 4441 ita
943 4389 1049 4439 est.
1093 4383 1210 4439 Hoc
1257 4382 1412 4437 enim
1448 4381 1667 4436 iaciunt
1712 4382 1869 4437 nullo
1900 4384 2102 4440 robore

457 4474 702 4548 praediti,
720 4475 820 4530 sed
845 4478 909 4529 ut
937 4473 1196 4544 aliquam
1214 4470 1524 4526 concilient
1544 4470 1978 4528 multitudinem
1998 4490 2099 4529 no-

455 4566 614 4619 mine
640 4562 910 4618 rationis:
928 4579 1044 4634 qua
1075 4560 1362 4633 promissa
1387 4559 1728 4614 naturaliter
1748 4561 1946 4616 anima
1962 4578 2099 4634 gau-

455 4654 552 4709 det
571 4653 964 4720 humana,nec
982 4652 1131 4706 vires
1153 4666 1291 4705 suas
1313 4648 2099 4720 valetudinemqueconside-

452 4756 612 4809 rans,
646 4756 923 4796 sanorum
949 4756 1111 4795 escas
1135 4738 1622 4810 appetendo,quae
1657 4737 1806 4792 male
1836 4740 2098 4796 commit-

450 4832 659 4884 tuntur
688 4828 799 4883 nisi
830 4828 1177 4895 valentibus,
1209 4826 1379 4881 irruit
1410 4827 1464 4880 in
1497 4842 1716 4881 venena
1747 4826 2092 4885 fallentium.

450 4916 593 4973 Nam
628 4934 762 4973 vera
808 4917 1034 4989 religio,
1067 4915 1180 4971 nisi
1231 4916 1541 4971 credantur
1570 4934 1636 4971 ea
1685 4932 1811 4986 quas
1843 4917 2095 4988 quisque

450 5007 726 5079 postea,si
751 5023 811 5062 se
833 5006 974 5061 bene
995 5004 1241 5078 gesserit
1263 5004 1595 5076 dignusque
1620 5004 2093 5076 fuerit,assequa-

449 5101 546 5150 tur
575 5102 745 5167 atque
777 5094 1075 5166 percipiat,
1108 5098 1164 5147 et
1194 5091 1432 5147 omnino
1464 5092 1588 5146 sine
1611 5092 1898 5162 3quodam
1932 5094 2090 5163 gravi

448 5184 810 5240 auctoritatis
840 5180 1083 5254 imperio
1116 5181 1250 5235 iniri
1282 5186 1434 5235 recte
1467 5179 1624 5235 nullo
1656 5187 1822 5251 pacto
1855 5188 2060 5252 potest.

514 5276 604 5329 22.
637 5275 747 5330 Sed
778 5272 994 5345 quaeris
1032 5271 1274 5326 fortasse
1304 5269 1389 5324 vel
1431 5268 1501 5324 de
1532 5269 1640 5324 hoc
1670 5269 1796 5341 ipso
1830 5270 2088 5342 aliquam

506 5544 523 5581 ί
552 5540 723 5594 Editio
753 5541 880 5591 Lov.
921 5539 1133 5602 omittit,
1163 5539 1208 5590 si
1232 5550 1252 5603 ;
1281 5537 1433 5601 cujus
1478 5537 1594 5588 loco
1624 5538 1708 5589 Er.
1742 5543 1796 5590 et
1821 5540 1944 5592 Mss.
1986 5542 2083 5592 ha-

440 5608 590 5665 bent,
619 5608 706 5655 sit.

505 5671 527 5704 ι
552 5670 747 5717 Omnes
777 5666 923 5725 Mss.,
954 5665 1180 5715 maxime
1209 5663 1507 5729 pertineret.

501 5731 524 5765 ⁸
547 5730 708 5794 ,Editi,
735 5729 1004 5794 percipiat,
1035 5726 1241 5779 omnino
1268 5728 1420 5791 sine;
1446 5726 1661 5789 omisso,
1692 5730 1759 5790 et,
1790 5729 1933 5794 quod
1964 5743 2085 5783 res-

462 5792 652 5841 ituitur
681 5804 747 5841 ex
775 5792 902 5841 Mss.

503 5889 574 5961 (α)
600 5886 880 5942 Ambrosii.
908 5886 1027 5942 Vid.
1055 5887 1146 5941 lib.
1182 5890 1208 5939 5
1229 5887 1490 5951 Confess"
1520 5901 1635 5955 cap.
1670 5892 1745 5955 13,
1782 5893 1859 5943 14.

1376 341 1480 400 DE
1523 336 1946 401 UTILI'I‘ATE
1990 334 2407 407 GREDENDI,
2455 336 2518 395 S.
2566 336 3018 400 AUGUSTINI.
3792 343 3857 406 80

2251 468 2510 541 accipere
2532 471 2840 540 rationem,
2859 491 2976 546 qua
3007 476 3110 531 tibi
3139 478 3579 549 persuadeatur,
3601 496 3709 534 non
3725 481 3855 553 prius

2250 558 2471 614 ratione
2499 575 2674 630 quam
2701 562 2813 617 ﬁde
2837 567 2891 618 te
2915 580 3041 620 esse
3059 565 3406 621 docendum.
3424 569 3585 633 Quod
3610 568 3760 624 facile
3778 588 3857 642 po-

2249 650 2383 713 test,
2413 648 2460 702 si
2497 650 2667 704 modo
2697 667 2932 722 aequum
2964 658 3019 709 te
3050 655 3330 725 praebeas.
3364 656 3473 711 Sed
3508 662 3571 712 ut
3590 661 3858 716 commode

2246 734 2367 803 ﬂat,
2399 736 2526 791 volo
2559 739 2729 808 quasi
2761 742 3115 811 respondeas
3157 744 3539 816 interroganti
3576 762 3589 801 :
3622 751 3676 802 et
3705 747 3857 819 primo

2246 822 2406 878 dicas
2426 825 2591 893 mihi,
2617 843 2795 898 quare
2818 830 2921 884 tibi
2944 832 3206 887 videatur
3228 849 3340 888 non
3363 850 3490 890 esse
3512 836 3857 894 credendum.

2245 911 2405 976 Quod
2438 912 2584 985 ipsa,
2617 915 2833 988 inquis,
2861 918 3197 989 credulitas,
3232 938 3265 976 a
3296 939 3413 994 qua
3442 923 3661 979 creduli
3691 926 3860 982 nomi-

2245 1003 2694 1072 nantur,vitium
2718 1007 3007 1075 quoddam
3032 1009 3175 1064 mihi
3200 1009 3431 1066 videtur
3454 1029 3610 1068 esse:
3632 1012 3861 1085 alioquin

2244 1088 2352 1144 hoc
2384 1108 2592 1147 nomen
2627 1111 2740 1149 non
2787 1112 2891 1167 pro
2924 1098 3178 1154 convicio
3210 1100 3503 1171 objectare
3545 1101 3858 1161 soleremus.

2242 1178 2386 1235 Nam
2419 1180 2467 1235 si
2501 1181 2864 1254 suspiciosus
2895 1185 2953 1240 in
2984 1187 3125 1243 vitio
3155 1192 3265 1255 est,
3298 1205 3362 1245 eo
3394 1190 3545 1261 quod
3581 1208 3694 1247 non
3722 1210 3861 1249 com-

2244 1272 2405 1337 perta
2422 1270 2758 1342 suspicatur
2782 1297 2795 1341 ;
2829 1279 3046 1345 quanto
3074 1276 3261 1349 magis
3286 1278 3582 1348 credulus,
3608 1280 3707 1352 qui
3725 1280 3865 1339 boca

2243 1358 2568 1427 suspicioso
2601 1360 2811 1427 differt,
2836 1364 2988 1432 quod
3016 1363 3111 1420 ille
3139 1364 3453 1437 incognitis
3484 1368 3863 1441 aliquam,iste

2244 1445 2467 1501 nullam
2503 1449 2704 1505 tribuit
2733 1450 3175 1509 dubitationem.
3208 1455 3447 1510 Interim
3480 1457 3699 1529 accipio
3728 1458 3864 1515 hanc

2243 1535 2573 1605 opinionem
2592 1555 2657 1593 ac
2672 1539 3124 1597 distinctionem.
3142 1543 3251 1598 Sed
3267 1543 3383 1599 scis
3400 1544 3572 1601 etiam
3587 1547 3863 1604 curiosum

2244 1640 2356 1678 non
2390 1641 2497 1680 nos
2528 1625 2713 1681 solere
2743 1628 3035 1699 appellare
3065 1630 3191 1686 sine
3222 1632 3516 1701 convicio;
3550 1634 3863 1692 studiosum

2241 1727 2374 1766 vero
2389 1713 2563 1769 etiam
2580 1732 2710 1771 cum
2727 1716 2916 1773 laude.
2933 1720 3320 1782 Quamobrem
3342 1723 3595 1791 attende,
3614 1723 3660 1779 si
3679 1722 3868 1796 placet,

2241 1801 2415 1857 etiam
2447 1802 2600 1859 inter
2630 1805 2751 1861 hac
2794 1807 2907 1861 duo
2954 1808 3091 1879 quid
3123 1808 3228 1863 tibi
3257 1808 3473 1866 distare
3505 1811 3780 1869 videatur.
3810 1814 3870 1869 Id

2241 1895 2395 1945 certe
2409 1894 3179 1967 respondes,quodquamvis
3198 1902 3441 1969 uterque
3453 1904 3661 1973 agatur
3672 1919 3872 1975 magna

2241 1979 2555 2051 cupiditate
2577 1985 3155 2053 noscendi,curiosus
3184 1990 3379 2042 tamen
3398 2004 3467 2044 ea
3496 1990 3871 2064 requiritquas

2243 2068 2388 2122 nihil
2409 2070 2480 2124 ad
2504 2086 2565 2125 se
2591 2071 2870 2139 attinent;
2900 2074 3201 2130 studiosus
3224 2082 3415 2132 autem
3438 2082 3788 2151 contra,quaa
3805 2081 3872 2137 ad

2243 2174 2369 2213 sese
2390 2159 2639 2214 attinent
2658 2162 2916 2231 requirit.
2948 2164 3055 2218 Sed
3086 2164 3225 2235 quia
3246 2181 3359 2220 non
3383 2183 3665 2239 negamus
3690 2171 3759 2225 ad
3788 2171 3876 2227 bo-

2242 2247 2461 2302 minem
2480 2249 2765 2319 pertinere
2784 2251 3091 2324 conjugem
3115 2269 3180 2308 ac
3195 2252 3409 2310 liberos
3428 2262 3485 2311 et
3502 2273 3702 2313 eorum
3726 2258 3877 2315 salu-

2242 2338 2395 2403 tem;
2430 2338 2477 2392 si
2511 2337 2800 2409 quispiam
2835 2356 3070 2411 peregre
3101 2343 3348 2413 positus,
3383 2346 3877 2415 quemadmodum

2238 2423 2469 2479 valeant
2498 2442 2562 2480 ac
2602 2442 2729 2481 sese
2758 2432 2934 2499 agant
2964 2446 3073 2483 sua
3104 2430 3316 2501 conjux
3347 2447 3414 2487 ac
3458 2432 3646 2499 liberi,
3678 2452 3879 2493 omnes

2239 2513 2307 2567 ad
2319 2513 2612 2569 venientes
2644 2514 2843 2571 sedulo
2862 2522 3249 2587 percontetur,
3270 2536 3480 2592 magna
3502 2522 3702 2594 utique
3725 2525 3881 2579 duci-

2237 2605 2335 2656 tur
2364 2602 2679 2674 cupiditate
2700 2606 2973 2660 noscendi
3008 2623 3020 2660 :
3056 2612 3112 2661 et
3140 2611 3336 2664 tamen
3362 2609 3518 2665 hunc
3548 2613 3879 2669 studiosum

2237 2708 2351 2746 non
2377 2708 2674 2760 vocamus,
2692 2694 2786 2764 qui
2806 2700 2862 2749 et
2886 2712 3233 2768 magnopere
3258 2698 3404 2754 scire
3425 2700 3637 2770 vult,el
3660 2718 3730 2757 ea
3753 2720 3880 2775 quas

2236 2780 2306 2834 ad
2341 2797 2403 2836 se
2433 2783 2684 2837 maxime
2708 2784 3661 2861 pertinent.Quarejamintelligis
3682 2807 3750 2846 eo
3780 2808 3882 2847 va-

2234 2868 2431 2925 cillare
2453 2870 2624 2926 istam
2648 2872 3046 2927 deﬁnitionem
3066 2875 3339 2941 studiosi,
3356 2878 3509 2947 quod
3536 2880 3734 2935 omnis
3757 2880 3885 2952 qui-

2233 2957 2363 3012 dem
2386 2958 2689 3014 studiosus
2710 2976 2777 3015 ea
2792 2976 2963 3015 nosse
2983 2960 3250 3033 vultque:
3272 2964 3340 3017 ad
3358 2980 3418 3019 se
3442 2966 3881 3036 pertinent,non

2231 3051 2425 3102 tamen
2448 3050 2639 3103 omnis
2658 3049 2756 3120 qui
2776 3050 2834 3104 id
2852 3049 2971 3120 agit
2990 3050 3291 3107 studiosus
3318 3056 3612 3111 vocandus
3635 3062 3755 3125 est;
3778 3059 3883 3114 sed

2230 3134 2280 3189 is
2312 3135 2412 3207 qui
2445 3153 2511 3191 ea
2543 3154 2666 3206 qua:
2718 3138 2789 3192 ad
2823 3137 3088 3193 animum
3124 3141 3503 3198 nutriendum
3556 3144 3887 3201 liberaliter

2229 3228 2404 3295 atque
2434 3227 2762 3280 ornandum
2793 3228 3102 3297 pertinent,
3130 3229 3563 3301 impensissime
3584 3236 3844 3306 requirit
3871 3250 3884 3291 :

2226 3315 2415 3368 tamen
2442 3314 2769 3369 studentem
2796 3319 2947 3371 recte
2970 3316 3332 3388 appellamus
3360 3321 3396 3387 ',
3418 3322 3749 3393 praesertim
3775 3324 3885 3380 ad-

2226 3402 2427 3458 dentes
2449 3402 2587 3474 quid
2611 3404 2843 3459 studeat
2866 3405 3087 3461 audire.
3112 3406 3255 3461 Nam
3281 3408 3451 3464 etiam
3476 3426 3723 3467 suorum
3750 3418 3891 3469 stu-

2224 3490 2453 3545 diosum
2481 3508 2797 3562 possumus
2818 3493 3130 3564 appellare,
3152 3496 3197 3549 si
3223 3512 3362 3552 suos
3385 3502 3613 3553 tantum
3636 3500 3884 3573 diligit:

2223 3596 2337 3635 non
2385 3585 2579 3635 tamen
2630 3581 3002 3651 adjunctione
3058 3583 3239 3650 nulla,
3283 3587 3581 3642 communi
3632 3591 3893 3647 nomine

2221 3669 2621 3724 studiosorum
2646 3670 2890 3741 dignum
2914 3677 3211 3743 putamus.
3234 3675 3524 3731 Audiendi
3549 3684 3753 3735 autem
3781 3697 3892 3737 cu-

2219 3758 2422 3828 pidum
2457 3760 2954 3829 quemadmodum
2986 3777 3047 3816 se
3074 3762 3165 3817 sui
3200 3762 3499 3835 haberent,
3524 3782 3639 3821 non
3674 3768 3888 3842 appel-

2216 3845 2398 3901 larem
2430 3847 2761 3903 studiosum
2784 3849 3079 3920 audiendi,
3106 3850 3217 3907 nisi
3234 3853 3497 3923 gaudens
3529 3855 3689 3911 fama
3712 3858 3885 3914 bona

2215 3934 2293 3989 idi
2299 3952 2471 4006 psum
2487 3952 2638 4007 saepe
2654 3936 3035 3993 velletaudire
3056 3953 3068 3993 :
3090 3940 3425 3997 studentem
3447 3959 3601 4014 vero,
3625 3946 3886 4003 etiamsi

2215 4023 2414 4078 sen'iel.
2466 4024 2635 4079 Refer
2681 4042 2836 4080 nunc
2890 4025 3151 4081 animum
3186 4028 3256 4082 ad
3310 4030 3629 4100 curiosum,
3664 4038 3726 4090 et
3777 4036 3887 4091 die

2214 4111 2378 4181 mihi,
2412 4115 2609 4167 utrum
2642 4113 2689 4168 si
2729 4112 2859 4183 quis
2893 4115 3159 4170 fabellam
3209 4115 3457 4174 libenter
3487 4121 3743 4194 audiret,
3784 4124 3884 4180 ni—

2212 4198 2292 4253 hil
2333 4200 2443 4254 sibi
2495 4201 2733 4256 omnino
2782 4204 3167 4273 profuturam,
3199 4204 3257 4259 id
3306 4211 3416 4275 est,
3447 4224 3643 4264 rerum
3691 4213 3777 4267 ad
3815 4230 3889 4269 se

2211 4304 2325 4343 non
2358 4290 2814 4360 pertinentium;
2851 4307 3037 4362 neque
3070 4293 3125 4347 id
3156 4294 3354 4351 odiose
3374 4297 3396 4330 ²
3424 4302 3597 4369 atque
3627 4302 3884 4372 crebro,

2182 4378 2309 4444 ,sed
2362 4378 2659 4433 rarissime
2706 4396 2771 4434 ac
2820 4380 3273 4455 modestissime,
3317 4384 3405 4440 vel
3456 4386 3515 4442 in
3565 4390 3889 4460 convivio,

2210 4465 2293 4522 vel
2325 4466 2383 4521 in
2416 4466 2610 4539 aliquo
2641 4466 2878 4539 circulo,
2911 4469 3098 4526 ullove
3130 4488 3409 4529 consessu
3436 4492 3449 4542 ;
3484 4476 3890 4537 videreturne

2206 4554 2312 4611 tibi
2343 4556 2608 4612 curiosus
2629 4557 2657 4611 ?
2686 4557 2809 4613 Non
2833 4559 3039 4630 opinor
3067 4578 3080 4615 :
3117 4562 3218 4616 sed
3251 4568 3403 4618 certe
3434 4564 3657 4621 habens
3689 4567 3891 4626 illius

2206 4644 2287 4700 rei
2318 4661 2539 4716 curam,
2573 4663 2746 4715 quam
2777 4647 3026 4703 libenter
3055 4650 3303 4718 audiret,
3340 4653 3593 4724 profecto
3622 4656 3888 4714 videre-

2204 4738 2316 4789 tur.
2351 4737 2713 4807 QuaprOpter
2742 4736 2915 4791 etiam
2966 4736 3179 4793 curiosi
3211 4740 3472 4797 definitio
3523 4760 3589 4799 ea
3619 4746 3891 4818 regula,

2203 4840 2318 4894 qua
2362 4823 2631 4893 studiosi,
2664 4825 3026 4880 emendanda
3080 4832 3187 4883 est.
3240 4828 3383 4886 Vide
3426 4830 3605 4902 igitur
3630 4838 3890 4903 ,utrum

2199 4916 2256 4965 et
2286 4910 2384 4964 illa
2416 4912 2719 4982 superiora
2747 4914 3116 4971 emendanda
3145 4917 3281 4972 sint.
3315 4918 3430 4973 Cur
3456 4921 3613 4975 enim
3638 4939 3775 4978 non
3815 4930 3894 4981 et

2199 4999 2507 5069 suspiciosi
2534 5000 2767 5056 nomine
2798 5002 3077 5075 indignus
3108 5006 3204 5077 sit,
3239 5008 3339 5077 qui
3389 5008 3703 5080 aliquando
3751 5013 3894 5068 ali-

2198 5087 2339 5158 quid
2372 5087 2743 5159 suspicatur;
2777 5096 2833 5146 et
2862 5093 3103 5165 creduli,
3136 5095 3237 5166 qui
3268 5096 3583 5168 aliquando
3615 5099 3893 5172 aliquid

2196 5176 2427 5231 credit?
2458 5182 2660 5249 itaque
2709 5185 2773 5235 ut
2801 5181 2953 5237 inter
3000 5183 3329 5240 studentem
3366 5187 3617 5259 alicujus
3667 5190 3774 5244 rei
3820 5196 3903 5248 et

2196 5264 2431 5320 omnino
2457 5266 2808 5336 studiosum,
2828 5287 3182 5343 rursumque
3213 5273 3365 5329 inter
3393 5292 3593 5333 curam
3623 5276 3905 5335 haben-

2196 5357 2311 5409 tem
2346 5358 2519 5425 atque
2567 5357 2861 5413 curiosum
2898 5375 2910 5413 :
2945 5360 3024 5414 ita
3054 5360 3206 5417 inter
3254 5364 3586 5422 credentem
3617 5370 3673 5423 et
3724 5384 3907 5427 ore-

2194 5441 2399 5498 dulum
2431 5442 2750 5516 plurimum
2784 5447 3041 5505 interest.

2254 5766 2271 5802 ί
2296 5766 2441 5841 _Editi
2486 5766 2673 5841 vitiose
2714 5768 2972 5841 ferebant,
3001 5770 3371 5841 impensissime
3430 5774 3668 5841 requirit,
3734 5790 3915 5838 eum

2186 5829 2475 5899 studentem
2503 5835 2636 5899 recte
2664 5829 2999 5899 appellemus.
3031 5829 3399 5893 E'mendantur
3426 5829 3643 5893 ex‘Mss.

2249 5897 2272 5932 ι
2300 5893 2527 5956 Quidam
2555 5893 2708 5961 Mss.,'
2728 5893 2912 5952 "otiose.
