4058 6180
200 313 262 376 8i
1636 302 1873 371 LIBER
1916 304 2154 369 UNUS.
3516 307 3596 373 82

254 444 480 503 CAPUT
502 443 749 500 X.—25.
759 446 929 519 Turpe
948 460 1058 502 non
1077 459 1192 502 esse
1210 444 1429 501 credere
1452 444 1511 499 in
1533 441 1825 513 religione.

194 538 398 592 Βαίοπί
417 536 806 607 percipienda:
835 537 1024 592 idonei
1027 534 1490 608 perpauci-viam!
1509 533 1827 601 religionem

190 629 345 682 latim
371 635 421 681 et
454 626 698 682 tenenda
728 627 797 682 ab
827 626 1096 692 omnibus,
1146 625 1296 695 ﬁdes.
1332 626 1440 679 Sed
1493 638 1648 677 nunc
1680 620 1827 689 vide,

187 716 423 787 inquies,
459 720 667 771 utrum
698 716 762 771 in
794 715 1073 787 religione
1105 715 1338 770 credere
1368 710 1827 768 debeamusNe-

186 822 281 876 que
308 805 468 860 enim
517 805 572 860 si
614 805 995 861 concedimus
1035 804 1191 859 aliud
1222 819 1350 859 esse
1382 802 1632 869 credere,
1666 799 1824 855 aliud

184 893 476 949 credulum
507 894 935 965 esse,sequitur
957 900 1021 948 ut
1042 892 1200 949 nulla
1216 891 1387 963 culpa
1408 891 1485 947 sit
1506 891 1565 945 in
1600 888 1823 961 religio-

180 983 337 1038 nibus
366 983 790 1049 credere.Quid
808 982 1045 1051 enim,si
1074 988 1132 1037 et
1162 983 1396 1037 credere
1426 984 1483 1035 et
1514 975 1816 1034 credulum

174 1088 284 1127 esse
298 1072 589 1128 vitiosum
608 1071 1159 1144 est,quemadmodu
1172 1088 1221 1125 m
1236 1073 1295 1125 et
1314 1069 1473 1125 ebriu
1486 1086 1539 1123 m
1564 1072 1619 1122 et
1635 1065 1817 1122 ebrio-

171 1178 286 1216 sum
316 1162 486 1216 esse?
515 1161 677 1232 quod
710 1161 809 1232 qui
842 1165 1061 1216 certum
1098 1157 1647 1225 existimat,nullum
1672 1154 1816 1210 mihi

168 1249 365 1305 habere
397 1265 585 1321 posse
614 1250 873 1305 amicum
906 1248 1220 1304 videtur.Si
1243 1247 1399 1303 enim
1421 1251 1590 1318 turpe
1613 1249 1701 1300 est
1717 1243 1818 1300 ali-

165 1339 288 1410 quid
320 1339 592 1404 credere,
628 1343 731 1394 aut
759 1336 1009 1409 turpiter
1049 1337 1186 1393 facit
1228 1336 1328 1408 qui
1361 1337 1548 1391 amico
1605 1333 1808 1403 credit,

163 1430 246 1482 aut
273 1426 427 1482 nihil
453 1428 648 1483 amico
662 1428 907 1483 credens
925 1427 1216 1498 quomodo
1231 1425 1483 1481 amicum
1508 1422 1593 1479 vel
1613 1423 1808 1494 ipsum

160 1515 228 1572 vel
258 1532 323 1572 se
352 1516 627 1589 appellet
656 1533 773 1572 non
804 1516 992 1572 video.
1020 1517 1119 1571 Hic
1142 1516 1388 1570 fortasse
1417 1513 1578 1568 dicas
1612 1529 1625 1567 :
1659 1512 1805 1568 Con-

156 1606 275 1662 cedo
292 1605 532 1679 aliquid
557 1605 875 1677 aliquando
898 1621 1026 1661 esse
1048 1599 1804 1673 credendum;nuncexpedi

152 1695 431 1766 quomodo
466 1695 530 1750 in
566 1695 846 1767 religione
878 1699 1045 1766 turpe
1077 1711 1191 1750 non
1225 1693 1303 1749 sit
1354 1691 1608 1757 credere,
1641 1692 1801 1745 ante-

152 1800 305 1855 quam
360 1785 549 1840 scire.
610 1784 864 1851 Faciam,
925 1784 973 1839 si
1032 1788 1251 1855 potero.
1313 1781 1595 1849 Quocirca
1651 1794 1719 1833 ex
1744 1782 1799 1834 te

148 1889 323 1944 quaero
350 1874 505 1945 quid
530 1874 830 1929 existimes
848 1873 907 1927 in
931 1872 1192 1945 graviore
1207 1870 1383 1942 culpa
1398 1868 1795 1939 esse,religio-

146 1978 259 2018 nem
290 1963 540 2018 tradere
573 1961 837 2035 indigno,
871 1980 944 2017 an
977 1962 1033 2015 id
1062 1961 1214 2033 quod
1249 1960 1322 2015 ab
1371 1959 1457 2014 eis
1503 1958 1600 2028 qui
1633 1956 1794 2011 illam

150 2052 378 2107 tradunt
404 2052 918 2121 dicitur,credere.
939 2051 998 2106 Si
1030 2066 1206 2121 quem
1238 2050 1427 2104 dicam
1462 2047 1792 2119 indignum,

148 2156 239 2195 non
276 2140 579 2211 intelligis
614 2165 628 2205 ;
659 2157 794 2196 eum
827 2140 1093 2210 dico,qui
1127 2139 1260 2193 ficto
1294 2142 1520 2206 pectore
1550 2136 1790 2191 accedit.

148 2228 447 2297 Concedis,
474 2236 539 2284 ut
570 2230 841 2299 arbitror,
877 2228 1065 2300 magis
1109 2227 1467 2299 culpandum
1512 2242 1660 2291 esse,
1692 2223 1795 2280 tali

148 2318 350 2373 homini
390 2319 663 2389 pandere
694 2318 743 2373 si
776 2334 889 2389 qua
928 2321 1067 2372 sunt
1096 2321 1299 2371 sancta
1341 2318 1581 2382 secreta,
1614 2329 1792 2386 quam

148 2407 385 2479 religiosi
410 2406 562 2462 viris
580 2408 652 2463 de
676 2409 804 2478 ipsa
826 2405 1105 2478 religione
1123 2405 1343 2476 aliquid
1360 2404 1793 2460 afﬁrmantibus

150 2498 385 2553 credere.
426 2496 643 2568 Neque
673 2496 829 2550 enim
861 2501 917 2550 te
948 2495 1102 2550 aliud
1138 2494 1482 2565 respondere
1513 2492 1789 2548 decuerit.

151 2583 319 2646 Quare
351 2602 523 2640 nunc
548 2585 637 2639 fac
668 2589 837 2656 putes
867 2600 1000 2639 eum
1035 2584 1258 2648 adesse,
1296 2582 1394 2655 qui
1424 2582 1528 2636 tibi
1563 2581 1792 2653 religio-

148 2691 256 2730 nem
284 2676 360 2729 sit
385 2674 1014 2745 tradituruszquonam
1039 2673 1211 2727 modo
1231 2671 1312 2725 illi
1336 2671 1507 2726 fidem
1536 2672 1794 2727 facturus

150 2778 216 2829 es,
245 2779 380 2818 vero
415 2762 627 2817 animo
658 2767 715 2817 te
743 2762 1037 2829 accedere,
1058 2777 1245 2833 neque
1268 2759 1589 2831 quidquam
1626 2760 1682 2815 in
1715 2765 1790 2825 te,

147 2852 279 2923 quod
312 2852 388 2907 ad
427 2851 593 2907 hanc
623 2867 746 2906 rem
778 2851 1008 2917 attinet,
1038 2849 1153 2905 doli
1185 2853 1362 2920 atque
1394 2848 1792 2905 simulationis

148 2955 253 2996 eae
274 2940 304 2995 ‘?
332 2940 535 3005 Dices,
569 2940 726 2994 bona
753 2944 856 2994 tua
886 2938 1243 2995 conscientia
1272 2936 1417 2993 nihil
1464 2942 1521 2993 te
1553 2937 1792 3010 tingere,

143 3028 360 3100 quantis
393 3028 631 3100 poteris
661 3028 920 3099 idipsum
950 3043 1219 3083 asserens
1239 3026 1560 3092 verbis,sed
1592 3032 1790 3083 tamen

143 3118 335 3173 verbis.
368 3117 508 3173 Non
545 3116 708 3171 enim
740 3116 923 3171 animi
956 3115 1040 3170 tui
1072 3114 1345 3183 latebras,
1388 3115 1471 3171 ita
1496 3119 1558 3171 ut
1586 3115 1794 3173 intime

145 3206 360 3273 scieris,
396 3205 589 3261 homo
628 3204 854 3260 homini
879 3205 1103 3276 aperire
1134 3204 1325 3277 possis
1359 3206 1477 3260 ‘.At
1505 3204 1604 3260 ille
1631 3204 1678 3260 si
1704 3203 1789 3259 di-

144 3294 290 3365 xerit,
326 3294 483 3349 Ecce
526 3294 704 3348 credo
736 3293 838 3347 tibi
873 3293 1007 3360 ;sed
1060 3310 1251 3349 nonne
1307 3297 1397 3348 est
1450 3293 1673 3365 aequius
1731 3296 1795 3349 ut

143 3381 297 3438 etiam
334 3387 400 3437 tu
436 3382 653 3437 credas
688 3380 854 3449 mihi,
887 3398 1021 3436 cum
1068 3385 1132 3437 tu
1178 3381 1550 3448 beneﬁcium,
1602 3381 1652 3436 si
1686 3380 1791 3437 ali-

145 3472 264 3541 quid
294 3472 419 3527 veri
455 3474 654 3540 teneo,
688 3487 769 3526 sis
802 3470 1426 3542 accepturus,daturus
1458 3486 1563 3543 ego
1595 3474 1618 3525 Ρ
1647 3470 1786 3540 quid

145 3560 544 3632 respondebis,
583 3559 696 3614 nisi
727 3576 854 3615 esse
880 3560 1237 3615 credendum
1266 3560 1295 3613 ‘l

198 3649 283 3705 24.
333 3650 482 3716 Sed,
538 3648 764 3719 inquis,
812 3665 1001 3705 nonne
1051 3652 1174 3703 erat
1233 3648 1466 3715 melius,
1502 3648 1787 3704 rationem

146 3737 271 3791 mihi
302 3739 597 3793 redderes
628 3738 672 3805 ³,
708 3743 771 3793 ut
828 3754 896 3792 ea
953 3754 1325 3809 quocumque
1382 3754 1474 3792 me
1532 3738 1790 3809 duceret,

146 3825 252 3881 sine
282 3826 408 3882 ulla
458 3843 744 3897 sequerer
794 3827 1118 3882 temeritate
1144 3826 1171 3880 ‘l
1203 3827 1337 3881 Erat
1368 3828 1610 3883 fortasse
1643 3845 1655 3882 :
1690 3827 1790 3883 sed

144 3930 259 3971 cum
294 3933 387 3972 res
406 3920 584 3971 tanta
607 3916 947 3981 sit,utDeus
971 3915 1077 3971 tibi
1103 3916 1325 3971 ratione
1349 3918 1791 3988 cognoscendus

143 4004 223 4069 sit,
251 4020 550 4061 omnesne
580 4011 753 4075 putas
781 4004 1022 4061 idoneos
1050 4021 1178 4060 esse
1200 4004 1587 4076 percipiendis
1622 4006 1793 4061 ratio-

144 4093 565 4166 nibus,quihus
599 4096 669 4149 ad
691 4094 946 4149 divinam
969 4093 1413 4166 intelligentiam
1440 4111 1607 4149 mens
1627 4096 1790 4150 duci-

142 4188 226 4237 tur
254 4182 551 4252 humana,
589 4200 659 4238 an
695 4182 913 4255 plures,
962 4200 1035 4238 an
1087 4199 1306 4255 paucos
1331 4183 1358 4237 ?
1386 4187 1631 4251 Paucos,
1683 4185 1791 4250 ais,

141 4271 422 4327 existimo.
458 4276 764 4328 Horumne
793 4272 854 4327 in
887 4288 1129 4327 numero
1154 4288 1284 4328 esse
1307 4277 1365 4329 te
1394 4273 1583 4329 credis
1613 4274 1640 4329 ‘l
1666 4274 1791 4329 Non

141 4366 219 4415 est
248 4377 480 4430 meum,
507 4361 737 4433 inquis,
772 4361 879 4417 hoc
904 4362 1273 4433 respondere.
1308 4361 1469 4417 Illius
1513 4378 1649 4432 ergo
1684 4380 1793 4434 pu-

141 4454 243 4517 tu,
277 4450 465 4506 etiam
499 4450 615 4506 hoc
644 4450 752 4506 tibi
784 4451 1015 4506 credere
1048 4468 1059 4505 :
1092 4451 1248 4522 quod
1272 4451 1506 4522 quidem
1532 4452 1792 4508 facit.Tu

139 4542 365 4596 tantum
382 4541 834 4610 mementojam
858 4555 989 4595 eum
1012 4538 1103 4595 bis
1117 4539 1554 4596 credidissetihi
1575 4541 1796 4598 incerta

138 4626 445 4696 dicenti;te
478 4628 566 4683 illi
595 4627 859 4701 religiose
881 4628 1213 4684 admonenti
1248 4646 1318 4683 ne
1347 4628 1527 4685 semel
1554 4631 1793 4701 quidem

140 4716 276 4772 velle
307 4718 587 4773 credere.
623 4719 836 4773 Verum
871 4718 957 4771 fac
988 4718 1065 4772 ita
1094 4733 1243 4781 esse,
1272 4720 1329 4772 et
1357 4734 1489 4773 vero
1515 4720 1711 4775 animo
1740 4724 1795 4777 te

142 4806 201 4860 ad
235 4806 663 4879 accipiendam
700 4805 1036 4878 religionem
1060 4806 1413 4875 accedere,et
1437 4823 1569 4863 vero
1600 4808 1796 4866 animo

137 4894 200 4947 ad
216 4894 530 4967 aceipiend
540 4911 635 4949 am
650 4893 987 4966 religionem
1008 4896 1453 4961 accedere,etita
1475 4913 1794 4968 paucorum

135 4986 185 5036 te
208 4999 343 5039 esse
374 4982 797 5038 hominum.ut
826 4984 1080 5039 rationes
1111 4985 1327 5055 quibus
1360 4985 1431 5040 ad
1465 4990 1684 5041 certam
1708 5004 1799 5043 co-

142 5072 471 5141 gnitionem
505 5070 597 5125 vis
640 5071 838 5125 divina
881 5071 1235 5144 perducitur,
1295 5088 1501 5144 capere
1554 5075 1794 5146 possis;

140 5161 293 5229 quid,
325 5160 574 5217 caeteris
604 5159 966 5226 hominibus,
998 5161 1098 5232 qui
1137 5165 1259 5217 tam
1304 5178 1509 5218 sereno
1563 5164 1795 5236 ingenio

144 5249 359 5317 pediti
393 5265 521 5305 non
557 5252 721 5315 sunt,
742 5249 1068 5321 negandam
1096 5248 1434 5321 religionem
1464 5256 1635 5323 putas
1666 5252 1795 5308 ?An

144 5352 228 5393 eos
256 5338 637 5411 pedetentim
658 5336 1013 5408 quibusdam
1039 5337 1319 5409 gradibus
1342 5340 1413 5394 ad
1443 5338 1540 5395 illa
1563 5358 1799 5398 summa

146 5427 460 5495 penetralia
491 5442 627 5482 esse
650 5427 943 5482 ducendos
966 5425 1172 5483 ‘lVides
1198 5426 1369 5500 plane
1390 5429 1528 5501 quid
1562 5430 1640 5485 sit
1670 5430 1800 5486 reli-

146 5514 378 5585 giosius.
422 5515 631 5587 Neque
662 5514 820 5571 enim
851 5516 960 5571 tibi
990 5515 1177 5587 quivis
1209 5515 1383 5573 homo
1423 5517 1482 5574 in
1512 5518 1595 5574 rei
1624 5523 1797 5577 tanta

207 5746 306 5811 tm
338 5747 409 5811 at
425 5743 613 5811 Eous}.
651 5742 738 5811 Er.
771 5741 1100 5811 μηρὼ-νου.
1144 5746 1269 5811 Lo_v_.
1300 5748 1463 5811 secuti
1494 5763 1691 5801 sumus.
1729 5754 1797 5803 Μ.

205 5808 225 5845 ³
249 5806 537 5874 Δραᾶῖι.
571 5806 740 5870 Lugd.
771 5806 909 5860 Ven.
943 5806 1090 5869 Lov.,
1122 5806 1354 5860 reddere.
1385 5810 1456 5862 Μ.

1954 440 2272 512 cupiditate
2296 441 2413 498 ullo
2436 444 2607 501 modo
2629 442 2985 501 deserendus
3006 445 3108 501 aut
3131 442 3496 516 respuendas
3514 444 3596 501 vi-

1954 528 2075 583 deri
2110 535 2315 602 potest.
2352 532 2460 588 Sed
2495 550 2687 589 nonne
2717 534 3061 601 censes,nisi
3092 533 3278 606 primo
3309 536 3502 591 credat
3528 551 3591 591 se

1950 620 2019 672 ad
2054 618 2111 673 id
2140 622 2293 691 quod
2329 623 3019 695 instituitperventurum,
3043 628 3414 694 mentemque
3447 641 3583 696 sup-

1945 706 2153 779 plicem
2191 714 2205 746 ¹
2232 712 2568 783 praebeat,et
2589 713 2938 784 quibusdam
2963 713 3190 781 magnis
3214 713 3585 769 necessariis-

1945 813 2058 868 que
2089 802 2393 872 praeceptis
2443 804 2849 874 obtemperans
2881 803 3131 872 quadam
3181 802 3305 857 vitae
3357 803 3583 859 actione

1943 894 2258 960 perpurget
2290 892 2332 960 2,
2372 908 2483 945 non
2516 906 2647 945 cum
2680 907 2807 945 esse
2839 889 3005 946 aliter
3034 890 3133 945 illa
3154 908 3281 962 quae
3313 908 3452 962 pure
3483 908 3579 947 vo-

1941 991 2005 1029 ra
2037 982 2173 1031 sunt
2220 980 2572 1049 adepturum
2604 980 2630 1034 ‘l
2659 981 2873 1035 Censes
2927 981 3201 1053 profecto.
3264 980 3409 1044 Quid
3443 995 3578 1052 ergo

1940 1062 2089 1135 istis,
2126 1083 2375 1137 quorum
2417 1070 2485 1124 de
2516 1086 2725 1141 genere
2757 1074 2814 1125 te
2846 1071 3117 1139 essejam
3149 1071 3339 1136 credo,
3363 1069 3460 1141 qui
3496 1071 3574 1125 fa-

1937 1152 2153 1210 cillime
2182 1156 2373 1212 divina
2409 1164 2633 1213 secreta
2665 1158 2888 1214 ratione
2914 1162 3069 1213 certa
3100 1174 3302 1229 capere
3333 1162 3579 1229 possunt

1936 1241 1985 1296 si
2025 1243 2134 1298 hac
2164 1244 2255 1299 via
2286 1246 2541 1318 veniant,
2572 1264 2689 1319 qua
2719 1247 2802 1301 illi
2832 1248 2932 1319 qui
2982 1246 3256 1318 primitus
3313 1247 3574 1316 credunt,

1934 1334 2221 1403 numquid
2257 1336 2493 1391 tandem
2527 1337 2740 1393 oberit?
2769 1337 2891 1392 Non
2916 1337 3185 1391 arbitror.
3223 1336 3331 1391 Sed
3356 1340 3573 1405 tamen,

1931 1420 2038 1488 ais,
2073 1422 2211 1492 quid
2244 1439 2341 1479 eos
2374 1425 2587 1480 morari
2617 1442 2765 1497 Opus
2795 1431 2884 1481 est
2910 1426 2937 1481 ?
2965 1425 3112 1489 Quia
3137 1424 3247 1480 etsi
3279 1426 3428 1480 facto
3460 1425 3572 1480 sibi

1930 1508 2074 1563 nihil
2106 1511 2418 1583 nocebunt,
2471 1514 2763 1569 nocebunt
2800 1519 2997 1569 tamen
3028 1512 3290 1585 exemplo
3322 1514 3566 1571 caeteris.

1925 1598 2032 1653 Vix
2070 1599 2227 1655 enim
2259 1606 2348 1657 est
2378 1602 2478 1674 qui
2509 1603 2578 1657 de
2628 1618 2689 1658 se
2737 1607 2967 1658 tantum
3015 1604 3247 1673 sentiat,
3281 1607 3567 1673 quantum

1924 1691 2117 1758 potest
2151 1706 2163 1743 :
2198 1690 2299 1744 sed
2333 1690 2433 1761 qui
2480 1690 2697 1762 minus,
2748 1692 3089 1747 excitandus
3138 1696 3227 1747 est
3261 1711 3274 1759 ς
3309 1691 3404 1763 qui
3439 1708 3566 1747 am-

1923 1776 2098 1847 plius,
2157 1779 2565 1850 reprimendus
2600 1798 2612 1848 ;
2646 1785 2707 1836 ut
2767 1797 2954 1853 neque
3010 1780 3106 1835 ille
3159 1781 3562 1852 desperatione

1920 1866 2244 1939 frangatur,
2278 1884 2465 1940 neque
2495 1868 2607 1925 iste
2656 1869 3047 1941 praecipitetur
3101 1870 3363 1925 audacia.
3397 1870 3557 1934 Quod

1916 1954 2084 2011 facile
2114 1957 2199 2023 fit,
2233 1957 2283 2012 si
2310 1957 2488 2012 etiam
2521 1958 2561 2012 ii
2596 1960 2692 2030 qui
2726 1958 2922 2015 valent
2950 1958 3163 2029 volare,
3207 1974 3280 2014 ne
3311 1958 3404 2014 cui
3437 1959 3557 2014 sint

1915 2043 2242 2114 periculoso
2284 2044 2687 2113 invitamento,
2739 2047 3036 2119 paulisper
3085 2054 3368 2120 cogantur
3396 2049 3551 2104 ince-

1914 2133 2049 2187 dere
2079 2149 2195 2203 qua
2226 2134 2401 2189 etiam
2434 2136 2656 2191 caeteris
2695 2140 2886 2190 tutum
2920 2140 3026 2190 est.
3061 2136 3191 2192 Haec
3238 2143 3328 2191 est
3368 2137 3555 2209 provi-

1914 2221 2111 2277 dentia
2152 2239 2294 2277 veras
2329 2222 2663 2295 religionis;
2698 2224 2807 2280 hoc
2831 2226 3070 2296 jussum
3110 2225 3415 2294 divinitus,
3446 2227 3555 2281 hoc

1914 2326 1948 2365 a
1977 2309 2163 2365 beatis
2186 2312 2508 2382 majoribus
2538 2314 2842 2380 traditum,
2873 2314 2979 2369 hoc
2996 2314 3067 2368 ad
3092 2331 3196 2369 nos
3218 2331 3405 2386 usque
3435 2331 3555 2369 ser-

1912 2402 2110 2454 vatum
2149 2417 2161 2456 :
2199 2399 2307 2455 hoc
2330 2402 2667 2473 perturbare
2700 2401 2841 2458 velle
2865 2407 3039 2475 atque
3060 2404 3559 2475 pervertere,nihil

1913 2492 2003 2544 est
2033 2488 2189 2543 aliud
2233 2507 2407 2561 quam
2463 2492 2533 2546 ad
2582 2509 2774 2547 veram
2827 2491 3164 2565 religionem
3216 2493 3560 2567 sacrilegam

1912 2576 2067 2633 viam
2096 2595 2372 2649 quaerere.
2411 2581 2571 2645 Quod
2607 2581 2707 2652 qui
2742 2581 2982 2649 faciunt,
3017 2598 3121 2636 nec
3156 2582 3204 2636 si
3236 2583 3320 2637 eis
3353 2599 3559 2639 conce-

1914 2667 2090 2723 datur
2119 2669 2269 2738 quod
2302 2668 2527 2735 volunt,
2561 2674 2811 2742 possunt
2847 2688 2961 2742 quo
3010 2671 3326 2727 intendunt
3366 2690 3559 2745 perve-

1914 2756 2060 2811 nire.
2095 2756 2434 2827 Cujusmodi
2466 2758 2621 2813 enim
2654 2758 2795 2814 libet
2824 2759 3110 2815 excellant
3159 2761 3411 2831 ingenio,
3447 2761 3559 2815 nisi

1912 2844 2068 2901 Deus
2098 2846 2269 2911 adsit,
2304 2845 2471 2901 humi
2528 2852 2742 2918 repunt
2768 2848 2808 2902 ³.
2840 2849 3004 2903 Tunc
3050 2854 3246 2904 autem
3294 2850 3455 2916 ades,
3506 2849 3557 2905 si

1914 2934 2207 2990 societatis
2237 2934 2506 2991 humanae
2550 2935 2609 2990 in
2638 2940 2821 2992 Deum
2853 2938 3227 2995 tendentibus
3285 2955 3426 2995 cura
3455 2939 3554 2995 sit.

1914 3021 2037 3087 Quo
2066 3023 2252 3095 gradu
2286 3022 2429 3079 nihil
2463 3024 2695 3080 ﬁrmius
2727 3024 2782 3079 in
2810 3024 3023 3082 caelum
3070 3026 3309 3100 reperiri
3340 3032 3551 3101 potest.

1913 3110 2031 3182 Ego
2063 3110 2297 3182 quidem
2332 3111 2469 3166 huic
2519 3112 2727 3167 rationi
2782 3131 2896 3169 non
2946 3132 3187 3187 possum
3237 3116 3551 3187 resistere;

1912 3215 2050 3254 nam
2111 3198 2257 3254 nihil
2316 3199 2443 3255 sine
2486 3201 2816 3274 cognitione
2859 3219 2988 3259 esse
3036 3204 3415 3272 credendum,
3455 3207 3555 3277 qui

1913 3303 2155 3359 possum
2187 3289 2381 3343 dicere
2411 3292 2433 3344 Ρ
2461 3306 2592 3345 cum
2626 3294 2683 3345 et
2712 3290 2987 3359 amicitia,
3020 3292 3132 3348 nisi
3194 3293 3392 3365 aliqud
3429 3311 3555 3350 cre-

1913 3377 2088 3432 datur
2115 3377 2268 3449 quod
2295 3382 2451 3433 certa
2490 3380 2715 3436 ratione
2753 3381 3143 3437 demonstrari
3194 3400 3308 3438 non
3342 3388 3556 3456 potest,

1915 3466 2152 3522 omnino
2185 3466 2345 3521 nulla
2371 3467 2468 3535 sit,
2522 3472 2580 3523 et
2622 3485 2772 3540 stepe
2821 3470 3326 3542 dispensatoribus
3375 3474 3558 3529 servis

1915 3555 2041 3610 sine
2073 3554 2195 3609 ulla
2225 3554 2399 3626 culpa
2420 3557 2793 3613 dominorum
2826 3560 3116 3615 credatur.
3173 3561 3237 3616 In
3278 3562 3557 3633 religione

1912 3659 2045 3699 vero
2076 3643 2215 3713 quid
2246 3644 2509 3715 iniquius
2541 3645 2664 3700 ﬁeri
2698 3651 2906 3718 potest,
2940 3664 3117 3719 quam
3150 3655 3214 3703 ut
3242 3650 3342 3704 Dei
3374 3653 3557 3707 antis-

1914 3733 2049 3787 tites
2082 3731 2249 3787 nobis
2281 3750 2395 3787 non
2427 3733 2627 3787 ﬁctum
2663 3735 2925 3791 animum
2977 3736 3383 3809 pollicentibus
3432 3757 3553 3795 cre-

1912 3821 2075 3890 dant,
2110 3838 2218 3875 nos
2250 3820 2332 3875 eis
2356 3821 2829 3894 precipientibus
2853 3824 3109 3881 nolimus
3133 3828 3362 3883 credere
3392 3829 3419 3884 ‘l
3451 3830 3555 3886 Po-

1913 3913 2129 3965 stremo
2152 3926 2277 3981 qua:
2298 3914 2628 3980 potestesse
2649 3911 2740 3966 via
2761 3912 3253 3986 salubrior,quam
3279 3916 3553 3974 idoneum

1912 3998 2100 4071 primo
2116 3998 2237 4053 fieri
2257 3998 2643 4071 percipiendae
2659 4000 3357 4071 veritatis,adhibendoiis
3379 4007 3553 4063 fidem

1913 4104 2039 4161 quae
2072 4088 2142 4142 ad
2175 4089 2603 4160 prmcolendum
2638 4094 2696 4144 et
2726 4090 2795 4144 ad
2821 4094 3259 4162 prmcurandum
3286 4096 3551 4151 animum

1912 4176 2345 4232 suntdivinitus
2361 4176 2707 4233 constituta?
2722 4184 2823 4233 aut
2840 4178 2887 4234 si
2902 4181 3027 4251 jam
3052 4199 3291 4253 prorsus
3310 4184 3556 4241 idoneus

1914 4264 2017 4330 sis,
2047 4263 2290 4319 circuire
2324 4264 2516 4336 potius
2546 4265 2914 4337 aliquantum
2947 4284 3063 4340 qua
3095 4273 3432 4327 tuiseimum
3467 4281 3557 4329 est

1913 4351 2159 4425 ingredi,
2193 4370 2373 4424 quam
2425 4360 2483 4408 et
2514 4354 2618 4409 tibi
2674 4370 2804 4411 esse
2846 4362 3144 4414 auctorem
3202 4360 3466 4431 periculi,
3501 4367 3558 4418 et

1914 4442 2136 4499 caeteris
2165 4442 2514 4499 temeritatis
2545 4444 2871 4516 exemplum
2892 4446 2920 4501 ‘l

1983 4530 2214 4586 CAPUT
2243 4531 2804 4589 Xl.—25.Credentes
2842 4534 2910 4590 ab
2953 4538 3305 4607 opinantium
3336 4542 3557 4597 temeri-

1915 4628 2023 4676 tate
2073 4621 2346 4692 quomodo
2377 4621 2571 4678 alieni.
2634 4622 2972 4696 Intelligere,
3034 4625 3268 4693 credere,
3317 4630 3558 4701 opinari.

1915 4708 2101 4773 Quare
2124 4710 2249 4780 jam
2283 4715 2551 4782 superest
2581 4716 2645 4766 ut
2675 4712 3134 4785 consideremus,
3167 4733 3279 4788 quo
3310 4724 3477 4790 pacto
3501 4719 3557 4775 bi

1914 4798 2194 4871 sequendi
2226 4816 2341 4854 non
2366 4799 2605 4871 sint,qui
2629 4817 2690 4856 se
2720 4800 3068 4873 pollicentur
3095 4804 3316 4861 ratione
3346 4808 3556 4864 ductu-

1915 4906 2033 4944 ros.
2065 4892 2213 4942 Nam
2247 4890 2542 4959 quomodo
2574 4889 2698 4944 sine
2730 4890 2903 4963 culpa
2932 4894 3229 4965 possimus
3260 4896 3424 4968 sequi
3458 4914 3556 4954 eos

1919 4978 2020 5049 qui
2051 4978 2285 5032 credere
2308 4978 2661 5048 jubent,jam
2694 4979 2915 5036 dictum
2947 4987 3036 5038 est
3070 4997 3084 5038 :
3116 4984 3186 5038 ad
3221 4984 3326 5041 hos
3356 4991 3555 5041 autem

1919 5082 2233 5139 sponsores
2278 5066 2544 5132 rationis,
2578 5085 2695 5123 non
2739 5070 2911 5125 modo
2945 5070 3069 5127 sine
3115 5073 3554 5146 vituperatione,

1916 5154 2016 5211 sed
2031 5155 2208 5210 etiam
2223 5172 2355 5210 cum
2372 5154 2569 5227 aliqua
2582 5156 2751 5212 laude
2764 5175 2825 5214 se
2839 5158 3029 5214 venire
3044 5160 3304 5216 nonnulli
3324 5167 3553 5233 putant:

1918 5245 2018 5299 sed
2050 5261 2164 5299 non
2187 5242 2268 5299 ita
2295 5249 2545 5300 est.Duaa
2568 5246 2722 5301 enim
2748 5264 3007 5319 persona
3036 5248 3095 5303 in
3119 5248 3397 5321 religione
3420 5260 3561 5309 sunt

1916 5331 2246 5387 laudabiles
2280 5350 2293 5389 :
2328 5349 2445 5388 una
2475 5349 2675 5389 eorum
2716 5333 2816 5406 qui
2859 5335 2981 5405 jam
3016 5334 3381 5407 invenerunt,
3414 5355 3561 5410 quos

1919 5422 2093 5477 etiam
2128 5420 2783 5493 beatissimosjudicare
2810 5438 3045 5479 necesse
3074 5427 3178 5493 est;
3214 5424 3327 5482 alia
3356 5443 3561 5487 eorum

1986 5690 2003 5724 ί
2038 5691 2094 5737 In
2118 5693 2345 5751 quatuor
2372 5690 2514 5748 Mss.,
2544 5687 2841 5751 simplicem.

1979 5753 2003 5824 ξ
2030 5751 2542 5824 ξξάξιίφενρᾳνρεηιν.
2562 5753 2817 5824 _At_Msa..,
2843 5758 3108 5818 perpugel.

1982 5816 2004 5851 ³
2034 5813 2250 5866 Veteres
2275 5813 2400 5865 libri
2428 5818 2754 5878 constanter,
2786 5813 3164 5883 hdmo'répunt.
