4084 6194
314 337 393 400 89

318 475 404 528 est
431 472 643 526 veritas
667 487 682 537 ;
719 485 825 525 nec
845 466 962 524 ullo
993 470 1163 540 pacto
1187 466 1421 538 sapiens
1452 464 1769 536 quisquam
1794 459 1959 530 est,si

313 577 431 617 non
451 559 752 614 veritatem
780 562 972 614 mente
997 558 1297 628 contingat
1330 573 1342 610 :
1379 570 1590 624 negare
1615 570 1725 606 non
1754 568 1957 623 possu-

316 666 452 705 mus
474 649 623 703 inter
653 647 963 703 stultitiam
999 646 1255 701 hominis
1282 649 1339 701 et
1370 643 1829 701 sincerissimam
1864 640 1965 694 Dei

312 737 615 794 veritatem
650 736 916 791 medium
951 735 1231 806 quiddam
1264 733 1669 805 interpositam
1702 746 1828 785 esse
1858 729 1962 783 ho-

318 827 498 882 minis
530 824 903 897 sapientiam.
936 824 1180 895 Sapiens
1213 823 1391 889 enim,
1426 824 1713 893 quantum
1763 820 1962 873 datum

315 921 424 981 est,
456 916 728 969 imitatur
758 919 937 968 Deum
964 932 980 977 ;
1012 912 1234 967 homini
1268 916 1463 967 autem
1496 909 1697 973 stulto,
1729 908 1798 962 ad
1832 907 1965 962 imi-

314 1004 565 1059 tandum
598 1002 933 1068 salubriter,
968 1001 1111 1055 nihil
1143 1006 1233 1057 est
1276 999 1511 1055 homine
1541 998 1805 1069 sapiente
1834 1013 1964 1068 pro-

318 1093 596 1165 pinquius
630 1110 644 1147 :
678 1107 854 1163 quem
904 1091 1206 1160 quoniam,
1241 1093 1306 1143 ut
1335 1088 1556 1143 dictum
1606 1091 1714 1153 est,
1749 1085 1965 1140 intelli-

315 1198 453 1255 gere
480 1181 705 1237 ratione
742 1197 856 1235 non
882 1178 1045 1235 facile
1075 1184 1184 1245 est,
1216 1177 1517 1249 oportebat
1545 1176 1809 1247 quaedam
1858 1174 1963 1228 mi-

314 1270 518 1327 racula
552 1270 699 1341 ipsis
725 1268 912 1325 oculis
943 1266 1259 1335 admoveri,
1284 1266 1500 1338 quibus
1523 1269 1769 1319 utuntur
1799 1261 1966 1319 stulti

318 1359 505 1413 multo
540 1374 715 1429 quam
774 1362 967 1412 mente
1014 1354 1402 1421 commodius,
1439 1358 1502 1407 ut
1543 1357 1965 1408 commotorum

316 1447 664 1503 auctoritate
683 1445 986 1501 hominum
1009 1446 1171 1516 prius
1189 1444 1306 1499 vita
1324 1459 1627 1511 moresque
1650 1457 1965 1513 purgaren-

316 1540 436 1597 tur,
470 1539 525 1589 et
556 1535 639 1589 ita
672 1535 878 1590 rationi
926 1534 1272 1606 accipiendae
1305 1531 1529 1587 habiles
1568 1531 1790 1585 fierent.
1823 1532 1963 1583 Cum

316 1623 498 1696 igitur
526 1627 587 1678 et
617 1623 792 1678 homo
830 1627 985 1678 esset
1011 1622 1358 1687 imitandus,
1390 1626 1447 1675 et
1495 1636 1608 1674 non
1642 1620 1699 1673 in
1733 1618 1968 1674 homine

319 1730 455 1784 spes
483 1715 756 1783 ponenda
782 1730 794 1777 ;
840 1712 980 1782 quid
1017 1711 1206 1782 potuit
1234 1709 1638 1780 indulgentius
1671 1714 1728 1763 et
1758 1709 1966 1762 libera-

318 1801 432 1856 lius
463 1800 748 1857 divinitus
780 1801 925 1870 fieri,
950 1817 1127 1872 quam
1162 1798 1372 1869 utipsa
1403 1798 1500 1853 Dei
1532 1798 1778 1862 sincera,
1803 1801 1965 1851 aeter-

320 1907 415 1956 na,
459 1889 1082 1960 incommutabilisque
1124 1888 1437 1959 Sapientia,
1470 1886 1563 1941 cui
1613 1902 1719 1940 nos
1753 1886 1967 1940 haerere

318 1984 569 2051 oportet,
600 1978 901 2050 suscipere
950 1977 1245 2032 hominem
1278 1974 1662 2048 dignaretur?
1693 1974 1799 2038 Qui
1850 1990 1964 2029 non

317 2068 491 2122 modo
521 2066 624 2121 illa
654 2068 891 2133 faceret,
922 2066 1138 2138 quibus
1166 2066 1237 2119 ad
1272 2064 1637 2135 sequendum
1662 2063 1842 2118 Deum
1876 2063 1963 2117 in-

313 2158 675 2223 vitareniur;
719 2156 818 2211 sed
850 2155 1025 2211 etiam
1074 2154 1175 2209 illa
1218 2158 1531 2225 pateretur,
1566 2152 1780 2223 quibus
1812 2170 1844 2207 a
1873 2168 1964 2208 se-

314 2245 550 2316 quendo
586 2249 698 2299 Deo
725 2244 1182 2299 deterrebamur.
1214 2243 1359 2297 Nam
1403 2258 1537 2297 cum
1566 2240 1809 2311 adipisci
1838 2258 1966 2296 cer-

312 2333 617 2388 tissimum
651 2349 717 2388 ac
748 2348 1048 2388 summum
1076 2332 1290 2387 bonum
1326 2347 1497 2385 nemo
1530 2329 1734 2401 possit,
1760 2329 1871 2385 nisi
1906 2330 1961 2385 id

309 2422 484 2493 plene
516 2423 886 2494 perfecteque
916 2422 1219 2489 dilexerit;
1264 2422 1418 2493 quod
1452 2420 1612 2475 nullo
1644 2424 1811 2491 pacto
1845 2421 1961 2486 fiet,

312 2512 604 2583 quamdiu
638 2510 794 2566 mala
814 2512 1073 2583 corporis
1091 2515 1265 2581 atque
1282 2510 1516 2565 fortuita
1537 2510 1962 2569 formidantur:

308 2599 413 2654 ille
466 2600 764 2655 nascendo
818 2598 1162 2655 mirabiliter
1191 2604 1249 2654 et
1293 2601 1585 2671 operando
1634 2598 1964 2654 conciliavit

304 2690 664 2745 charitatem
693 2707 707 2757 ;
744 2688 1041 2744 moriendo
1074 2694 1268 2744 autem
1298 2693 1354 2743 et
1383 2688 1737 2759 resurgendo
1768 2688 1960 2743 exclu-

303 2778 386 2833 sit
420 2778 715 2834 timorem.
746 2778 881 2833 Jam
932 2795 1064 2834 vero
1112 2777 1284 2832 talem
1336 2795 1397 2832 se
1428 2777 1486 2831 in
1536 2776 1758 2832 caeteris
1789 2778 1963 2833 rebus

301 2866 598 2922 omnibus
630 2867 899 2939 praebuit,
929 2884 1073 2938 quas
1106 2865 1376 2938 persequi
1408 2865 1648 2938 longum
1682 2869 1789 2933 est,
1814 2871 1880 2921 ut
1907 2870 1964 2921 et

298 2954 511 3010 divina
543 2955 849 3011 clementia
870 2973 987 3027 quo
1017 2956 1255 3028 porrigi,
1280 2959 1335 3011 et
1364 2956 1622 3011 humana
1652 2955 1962 3011 infirmitas

299 3061 434 3116 quo
465 3045 654 3116 possit
682 3045 841 3099 evehi
872 3046 1246 3100 sentiremus.

375 3132 621 3188 CAPUT
650 3134 789 3188 XVI.
807 3135 973 3189 -34.
1006 3135 1315 3190 Auctoritas
1343 3135 1613 3190 divinitus
1638 3136 1959 3201 constituta,

293 3236 440 3293 qua?
467 3224 676 3292 partim
695 3224 1214 3293 miraeulis,partim
1229 3224 1569 3296 sequentium
1594 3222 1962 3280 multitudine

293 3321 492 3367 movet
513 3311 585 3365 ad
601 3311 780 3380 ﬁdem.
804 3311 934 3366 Haec
957 3318 1066 3379 est,
1087 3313 1281 3378 crede,
1309 3312 1697 3367 saluberrima
1716 3313 1963 3368 auctori-

294 3403 429 3469 tas,
444 3399 564 3454 haec
584 3399 745 3471 prius
770 3400 982 3455 mentis
1003 3407 1213 3456 nostris
1234 3418 1268 3456 a
1286 3406 1517 3457 terrena
1537 3401 1961 3459 inhabitatione

293 3489 649 3559 suspensio,
666 3488 782 3544 haec
802 3489 861 3544 in
880 3491 1055 3545 Deum
1075 3505 1275 3545 verum
1294 3491 1367 3545 ab
1384 3490 1563 3561 hujus
1582 3491 1782 3545 mundi
1805 3508 1961 3547 amo-

295 3594 367 3633 re
426 3577 739 3633 conversio.
776 3578 910 3634 Sola
957 3583 1045 3634 est
1092 3580 1428 3646 auctoritas,
1462 3596 1587 3651 quae
1637 3584 1960 3637 commovet

297 3664 538 3722 stultos
571 3672 632 3721 ut
653 3667 721 3721 ad
753 3667 1099 3739 sapientiam
1124 3668 1399 3723 festinent
1422 3670 1460 3721 ί.
1481 3668 1771 3734 Quamdiu
1797 3670 1960 3725 intel-

292 3755 496 3827 ligere
526 3756 746 3811 sincera
783 3773 897 3811 non
956 3774 1292 3828 possumus,
1327 3759 1668 3813 auctoritate
1716 3760 1954 3829 quidem

286 3844 498 3915 decipi
518 3843 793 3898 miserum
828 3846 1060 3900 estzsed
1091 3850 1246 3901 certe
1274 3846 1544 3902 miserius
1568 3863 1680 3901 non
1714 3848 1951 3903 moveri.

283 3932 353 3988 Si
393 3932 557 3987 enim
587 3932 685 3987 Dei
707 3935 1075 4004 providentia
1100 3952 1212 3990 non
1243 3934 1511 4006 praesidet
1536 3936 1711 3991 rebus
1743 3936 1951 3992 huma-

283 4022 421 4087 nis,
455 4020 599 4075 nihil
630 4026 718 4075 est
746 4024 818 4076 de
850 4022 1131 4095 religione
1161 4024 1572 4094 satagendum.
1598 4023 1697 4079 Sin
1731 4040 1863 4081 vero
1896 4030 1952 4083 et

280 4110 532 4182 species
578 4125 768 4165 rerum
820 4113 1104 4180 omnium,
1139 4129 1318 4183 quam
1353 4113 1606 4184 profecto
1655 4130 1721 4169 ex
1754 4114 1949 4186 aliquo

278 4198 620 4255 verissimae
652 4199 1101 4271 pulchritudinis
1134 4203 1289 4257 fonte
1326 4218 1562 4257 manare
1592 4204 1947 4260 credendum

278 4294 411 4354 est,
434 4294 491 4341 et
512 4286 747 4343 interior
776 4290 971 4345 nescio
1005 4308 1128 4362 quas
1147 4291 1540 4346 conscientiaﬁ
1572 4292 1754 4348 Deum
1789 4311 1945 4365 quas-

278 4376 551 4432 rendum
574 4376 803 4449 Deoque
827 4378 1195 4434 serviendum
1231 4379 1499 4436 meliores
1525 4398 1787 4453 quosque
1820 4383 1944 4438 ani-

276 4482 429 4521 mos
461 4465 629 4537 quasi
662 4465 891 4537 publice
934 4468 1320 4540 privatimque
1352 4469 1655 4538 hortatur;
1707 4487 1823 4526 non
1853 4476 1944 4527 est

273 4554 729 4623 desperandum
762 4555 835 4609 ab
866 4556 1065 4611 eodem
1092 4556 1217 4628 ipso
1251 4562 1363 4612 Deo
1394 4559 1802 4614 auctoritatem
1834 4559 1941 4614 ali-

274 4659 476 4716 quam
513 4643 912 4711 constitutam,
944 4662 1059 4715 quo
1090 4645 1246 4700 velut
1278 4648 1466 4717 gradu
1500 4652 1654 4701 certo
1687 4647 1940 4704 inniten-

271 4738 403 4797 tes,
437 4731 775 4787 attollamur
804 4733 861 4786 in
894 4733 1098 4789 Deum.
1148 4739 1279 4789 Haec
1311 4742 1528 4800 autem,
1562 4737 1817 4807 seposita
1847 4754 1936 4794 ra-

270 4822 473 4886 tione,
499 4836 672 4891 quam
706 4820 993 4877 sinceram
1026 4822 1368 4895 intelligere,
1392 4831 1456 4880 ut
1482 4842 1632 4896 saepe
1654 4825 1936 4895 diximus,

268 4907 705 4966 difﬁcillimum
738 4908 937 4965 stultis
958 4916 1065 4977 est,
1086 4911 1397 4983 dupliciter
1416 4930 1521 4968 nos
1547 4918 1736 4968 movet
1764 4939 1777 4983 ;
1810 4931 1938 4986 par-

266 5001 395 5055 tim
428 4997 744 5065 miraculis,
770 5000 986 5071 partim
1010 5002 1383 5071 sequentium
1415 5002 1809 5059 multitudine.
1835 5004 1934 5059 Ni-

266 5088 367 5144 hil
402 5087 613 5142 horum
644 5092 732 5144 est
783 5090 1179 5144 necessarium
1213 5089 1457 5162 sapienti
1488 5108 1500 5158 ;
1551 5092 1683 5162 quis
1716 5092 1935 5166 negat?

263 5177 392 5233 Sed
426 5177 482 5230 id
532 5192 686 5232 nunc
731 5176 944 5247 agitur,
980 5183 1045 5232 ut
1091 5179 1382 5250 sapientes
1431 5195 1559 5234 esse
1609 5180 1928 5251 possimus,

265 5266 333 5323 id
372 5271 484 5335 est,
524 5264 804 5320 inharere
855 5267 1078 5321 veritati
1116 5286 1134 5321 :
1165 5268 1318 5339 quod
1352 5269 1606 5340 profecto
1655 5270 1929 5327 sordidus

265 5354 518 5413 animus
550 5370 663 5409 non
702 5358 912 5424 potest.
949 5356 1099 5411 Sunt
1146 5362 1341 5411 autem
1375 5358 1578 5412 sordes
1626 5357 1830 5425 animi,
1864 5363 1930 5415 ut

264 5442 437 5500 brevi
471 5440 777 5513 explicem,
810 5459 975 5498 amor
1021 5444 1419 5513 quarumlibet
1469 5462 1687 5516 rerum,
1720 5452 1930 5518 praeter

268 5532 544 5588 animum
607 5536 664 5585 et
720 5530 902 5585 Deum
955 5549 968 5586 :
1022 5549 1056 5585 a
1110 5532 1326 5603 quibus
1375 5534 1648 5590 sordibus
1708 5542 1927 5607 quanto

267 5625 367 5678 est
394 5620 530 5693 quis
576 5620 897 5691 purgatior,
930 5625 1091 5676 tanto
1122 5638 1321 5676 verum
1375 5623 1601 5681 facilius
1641 5625 1921 5682 intuetur.

335 5764 358 5862 ς
387 5762 628 5876 Pieri?!“
651 5762 776 5811 Mss.
817 5763 1115 5837 festinetur.
1146 5763 1405 5839 Quidam,
1420 5767 1758 5842 festinantum.
1855 5831 1867 5844 .

384 5825 477 5876 81¢
551 5838 623 5875 ss.
650 5825 717 5876 At
745 5799 891 5876 editi.
921 5827 969 5876 et
1000 5826 1242 5876 interiori
1269 5841 1434 5876 nemo
1461 5842 1563 5876 aua
1591 5833 1867 5876 causam“

384 5799 628 5877 ὲίῖίῖἇῖ
650 5799 1436 5887 Κΐὲἂῖιῖζ’ἓῖ”ἱᾶἳὲή’ῗ›ἶὲ“η“ἵῗοῖὄ

1786 326 2021 390 LIBER
2063 328 2296 393 UNUS.

3644 328 3727 389 90

2068 462 2281 519 Verum
2313 464 2491 537 igitur
2519 466 2711 523 videre
2740 466 2906 534 velle,
2940 466 3005 520 ut
3034 462 3294 520 animum
3333 478 3566 535 purges,
3582 477 3715 517 cum

2071 551 2198 608 ideo
2259 560 2539 626 purgetur
2587 561 2648 611 ut
2705 557 2923 625 videas,
2957 570 3291 627 perversum
3345 556 3497 607 certe
3544 556 3719 623 atque

2074 648 2491 716 praeposterum
2531 650 2641 701 est.
2674 644 2907 700 Homini
2938 660 3074 716 ergo
3108 660 3220 698 non
3269 641 3483 698 valenti
3516 657 3718 697 verum

2071 733 2310 803 intueri;
2342 739 2407 789 ut
2442 735 2508 789 ad
2543 734 2598 789 id
2634 735 2735 789 flat
2767 734 3032 802 idoneus,
3067 731 3417 804 purgarique
3444 747 3506 786 se
3540 731 3714 798 sinat,

2072 823 2387 878 auctoritas
2434 826 2641 894 praesto
2692 828 2781 877 est
2814 840 2826 875 :
2860 838 3059 893 quam,
3095 826 3160 876 ut
3189 819 3361 892 paulo
3412 823 3544 875 ante
3574 819 3715 890 dixi,

2069 911 2282 982 partim
2316 911 2641 974 miraculis,
2670 912 2884 982 partim
2918 910 3297 965 multitudine
3327 908 3517 964 valere
3550 924 3720 963 nemo

2070 1000 2336 1071 ambigit.
2390 1000 2739 1056 Miraculum
2789 1016 2948 1068 voco,
2982 998 3264 1069 quidquid
3315 999 3564 1053 arduum
3614 1001 3718 1052 aut

2070 1088 2371 1145 insolitum
2406 1108 2586 1161 supra
2618 1107 2783 1162 spem
2814 1088 2901 1144 vel
2949 1086 3284 1143 facultatem
3315 1085 3584 1141 mirantis
3616 1102 3718 1157 ap-

2069 1183 2252 1249 paret.
2273 1180 2333 1234 In
2366 1196 2480 1250 quo
2511 1194 2721 1251 genere
2747 1176 2893 1232 nihil
2925 1179 3013 1231 est
3046 1174 3273 1247 populis
3296 1174 3487 1245 aptius
3511 1178 3569 1229 et
3598 1190 3717 1228 om-

2070 1266 2207 1323 nino
2239 1267 2435 1323 stultis
2460 1267 2826 1335 hominibus,
2852 1282 3027 1339 quam
3051 1265 3105 1319 id
3132 1265 3287 1337 quod
3322 1263 3592 1318 sensibus
3613 1263 3718 1317 ad-

2071 1361 2351 1412 movetur.
2387 1358 2497 1413 Sed
2531 1374 2738 1412 rursus
2772 1357 2894 1411 haec
2926 1356 2981 1410 in
3015 1355 3129 1409 duo
3159 1353 3533 1408 dividuntur:
3558 1368 3720 1423 qua:-

2070 1446 2203 1500 dam
2240 1446 2394 1500 enim
2430 1451 2569 1502 sunt
2594 1464 2719 1518 qua
2752 1446 2947 1500 solam
2983 1444 3205 1499 faciunt
3234 1441 3676 1498 admirationem
3704 1456 3720 1508 ;

2071 1536 2337 1605 quaedam
2378 1550 2512 1591 vero
2548 1552 2819 1606 magnam
2853 1533 3026 1589 etiam
3074 1532 3321 1605 gratiam
3374 1529 3716 1586 benevolen-

2069 1623 2333 1693 tiamque
2356 1624 2849 1679 conciliant.Nam
2876 1623 2921 1678 si
2948 1622 3081 1694 quis
3105 1622 3397 1676 volantem
3415 1618 3713 1675 hominem

2070 1717 2438 1777 cernat,cum
2471 1730 2536 1768 ea
2568 1730 2658 1768 res
2689 1712 2833 1767 nihil
2854 1711 3162 1783 spectatori
3187 1710 3391 1765 afferat
3420 1708 3714 1764 commodi

2068 1805 2273 1872 praeter
2302 1802 2498 1873 ipsum
2546 1801 2968 1873 spectaculum,
3002 1800 3251 1855 miratur
3278 1798 3709 1854 tantummodo.

2069 1890 2129 1946 Si
2173 1890 2305 1962 quis
2337 1895 2531 1946 autem
2563 1891 2720 1963 gravi
2756 1896 2811 1946 et
2862 1891 3166 1962 desperato
3198 1888 3399 1944 morbo
3450 1887 3711 1956 affectus,

2070 1997 2201 2035 mox
2250 1984 2315 2034 ut
2335 1981 2575 2051 jussum
2604 1981 2801 2035 fuerit
2849 1978 3231 2045 convalescat,
3266 1976 3711 2033 admirationem

2068 2069 2336 2124 sanitatis
2368 2086 2509 2135 suis,
2541 2069 2806 2125 sanantis
2856 2069 3031 2125 etiam
3064 2069 3341 2124 charitate
3390 2066 3711 2139 superabit.

2068 2156 2231 2212 Talia
2261 2158 2409 2214 facta
2440 2164 2577 2213 sunt
2598 2158 2697 2214 illo
2728 2163 2989 2230 tempore
3021 2174 3135 2229 quo
3168 2157 3317 2212 Deus
3343 2155 3403 2211 in
3434 2172 3566 2213 vero
3599 2156 3711 2211 ho-

2068 2245 2241 2311 mine,
2268 2251 2550 2319 quantum
2585 2251 2675 2302 sat
2704 2251 2848 2315 erat,
2874 2246 3213 2302 hominibus
3244 2246 3578 2317 apparebat.
3609 2245 3720 2302 Sa-

2067 2334 2187 2390 nati
2221 2335 2501 2407 languidi,
2534 2336 2803 2390 mundati
2857 2334 3108 2406 leprosi;
3158 2335 3426 2389 incessus
3457 2334 3705 2403 claudis,

2067 2423 2234 2479 etscis
2273 2423 2458 2488 visus,
2490 2426 2687 2479 surdis
2718 2424 2950 2479 auditus
2978 2428 3067 2479 est
3113 2424 3397 2479 redditus.
3430 2423 3706 2481 Homines

2065 2511 2224 2567 illius
2253 2517 2365 2567 tem
2376 2512 2531 2585 poris
2549 2530 2765 2585 aquam
2788 2513 2847 2568 in
2866 2512 3068 2568 vinum
3092 2516 3710 2579 conversam,saturata

2066 2601 2326 2673 quinque
2372 2600 2565 2656 millia‘
2601 2601 2863 2673 quinque
2889 2602 3161 2673 panibus,
3192 2600 3442 2656 transita
3463 2601 3710 2672 pedibus

2068 2689 2269 2760 maria,
2294 2693 2557 2745 mortuos
2587 2694 2959 2761 resurgentes
2989 2690 3259 2746 viderunt
3284 2706 3296 2746 :
3331 2690 3414 2746 ita
3443 2690 3709 2762 quaedam

2066 2777 2291 2849 corpori
2320 2778 2715 2833 manifestiora
2740 2778 3041 2845 beneﬁcio,
3066 2778 3331 2850 quaedam
3363 2793 3496 2835 vero
3528 2780 3712 2836 menti

2065 2866 2377 2922 occultiore
2428 2867 2612 2937 signo,
2647 2871 2703 2922 et
2750 2867 2945 2923 omnia
2996 2867 3330 2923 hominibus
3382 2867 3710 2939 maiestatis

2064 2956 2398 3012 testimonio
2445 2956 2831 3011 consulebant
2876 2974 2891 3012 :
2947 2956 3030 3012 sic
3077 2956 3135 3011 in
3179 2973 3241 3012 se
3286 2960 3426 3012 tunc
3477 2957 3704 3014 animas

2067 3050 2327 3101 errantes
2350 3045 2683 3101 mortalium
2718 3045 2914 3101 divina
2935 3045 3338 3102 commovebat
3368 3047 3705 3103 auctoritas.

2063 3134 2196 3200 Cur,
2228 3134 2444 3205 inquis,
2477 3134 2591 3190 ista
2615 3135 2786 3189 modo
2819 3151 2935 3191 non
2966 3134 3117 3190 {lunt
3137 3134 3165 3190 ?
3194 3136 3339 3199 Quia
3369 3152 3482 3191 non
3517 3152 3710 3193 move-

2064 3226 2210 3291 rent,
2236 3222 2346 3277 nisi
2372 3223 2521 3278 mira
2546 3228 2745 3279 essent
2776 3238 2789 3280 :
2825 3228 2885 3279 at
2905 3225 2954 3279 si
2978 3223 3150 3279 solita
3178 3229 3394 3295 essent,
3420 3224 3569 3279 mira
3591 3241 3707 3281 non

2061 3316 2257 3366 essent
2282 3311 2387 3381 (a).
2421 3315 2568 3366 Nam
2600 3311 2714 3367 diei
2747 3317 2804 3367 et
2833 3312 3019 3368 noctis
3051 3313 3228 3381 vices,
3259 3318 3316 3369 et
3357 3314 3707 3371 constantis-

2062 3398 2279 3454 simum
2312 3400 2576 3454 ordinem
2626 3415 2822 3456 rerum
2870 3400 3216 3472 ccelestium,
3251 3419 3540 3459 annorum
3569 3420 3706 3476 qua-

2063 3484 2362 3541 drifariam
2403 3487 2859 3551 conversionem,
2892 3488 3225 3543 decidentes
3274 3489 3703 3562 redeuntesque

2065 3575 2299 3631 frondes
2348 3576 2675 3643 arboribus,
2721 3576 3009 3632 inﬁnitam
3062 3578 3178 3632 vim
3211 3578 3524 3645 seminum,
3572 3579 3701 3652 pul-

2061 3662 2454 3719 chritudinem
2488 3663 2655 3731 lucis,
2679 3664 2961 3731 colorum,
2994 3682 3290 3728 sonorum,
3315 3668 3581 3739 odorum,
3606 3686 3706 3726 sa-

2061 3771 2387 3826 porumque
2426 3755 2758 3820 varietates,
2790 3756 2864 3810 da
2895 3756 2993 3827 qui
3028 3757 3281 3828 primum
3312 3757 3503 3812 videat
3532 3763 3707 3831 atque

2058 3844 2295 3911 sentiat,
2327 3860 2462 3898 cum
2494 3860 2609 3914 quo
2642 3849 2839 3899 tamen
2883 3844 3044 3916 loqui
3078 3845 3408 3916 possimus;
3444 3845 3707 3902 hebescit

2056 3932 2441 4003 obruiturque
2482 3931 2782 3987 miraculis
2818 3951 2832 3990 :
2866 3950 2973 3989 nos
3021 3950 3155 3989 vero
3185 3933 3307 3989 haec
3338 3933 3554 4003 omnia,
3588 3952 3702 3991 non

2056 4020 2445 4092 cognoscendi
2494 4020 2807 4089 facilitate;
2868 4021 3009 4093 quid
3059 4024 3215 4078 enim
3266 4024 3458 4080 causis
3490 4023 3699 4081 horum

2054 4109 2365 4167 obscurius
2385 4109 2412 4164 ?
2441 4109 2543 4164 sed
2575 4114 2728 4166 certe
2757 4111 3041 4166 sentiendi
3068 4111 3411 4168 assiduitate
3439 4118 3697 4170 contem-

2053 4198 2271 4254 nimus.
2323 4198 2500 4253 Facta
2536 4204 2675 4254 sunt
2723 4200 2903 4272 igitur
2934 4199 3035 4255 illa
3083 4201 3603 4273 Opportunissime,
3638 4207 3704 4260 ut

2050 4286 2143 4343 his
2177 4287 2552 4343 multitudine
2594 4288 2955 4344 credentium
2990 4294 3336 4363 congregata
3367 4295 3539 4364 atque
3569 4308 3700 4365 pro-

2050 4380 2285 4448 pagata,
2319 4376 2377 4431 in
2411 4376 2571 4448 ipsos
2605 4393 2797 4433 mores
2847 4378 3006 4434 utilis
3036 4385 3471 4437 converteretur
3500 4386 3701 4439 aucto-

2049 4464 2212 4520 ritas.

2120 4553 2350 4609 CAPUT
2382 4553 2551 4610 XVII.
2578 4586 2645 4597 --
2667 4556 2755 4611 35.
2782 4560 2965 4613 More:
2988 4559 3114 4613 boni
3139 4560 3360 4630 populis
3390 4575 3555 4631 quam
3583 4560 3696 4616 uti-

2048 4641 2174 4697 liter
2201 4645 2533 4699 auctoritate
2554 4648 2825 4716 persuasi.
2858 4648 3124 4704 Ecclesia)
3142 4648 3425 4705 catholicae
3452 4651 3693 4705 auctori-

2043 4732 2146 4785 tas.
2179 4731 2367 4786 Mores
2415 4738 2610 4788 autem
2663 4733 2909 4805 quilibet
2940 4740 3163 4792 lautum
3195 4737 3385 4793 valent
3433 4739 3503 4794 ad
3535 4738 3692 4795 obti-

2043 4819 2268 4873 nendas
2292 4819 2599 4876 hominum
2628 4827 2874 4887 mentes,
2894 4827 2959 4877 ut
2989 4824 3165 4879 etiam
3197 4827 3401 4897 quaein
3434 4827 3527 4883 his
3562 4844 3691 4899 pra-

2042 4923 2111 4961 va
2142 4911 2298 4978 sunt,
2327 4910 2481 4981 quod
2519 4910 2633 4965 fere
2664 4912 3077 4983 superantibus
3109 4913 3450 4973 libidinibus
3481 4916 3691 4984 evenit,

2041 4994 2372 5067 improbare
2396 4997 2566 5053 citius
2584 5003 2639 5054 et
2657 4999 3128 5073 detestari,quam
3155 5003 3414 5060 deserere
3432 5009 3533 5061 aut
3562 5022 3694 5060 mu-

2041 5088 2164 5141 tare
2194 5086 2514 5157 possimus.
2543 5092 2832 5144 Parumne
2858 5092 3193 5147 consultum
3218 5093 3392 5148 rebus
3414 5093 3691 5152 humanis

2038 5173 2361 5238 arbitraris,
2395 5178 2549 5247 quod
2584 5176 2728 5232 nihil
2759 5183 3078 5247 terrenum,
3116 5180 3260 5235 nihil
3302 5182 3558 5253 igneum,
3594 5183 3682 5239 ni-

2038 5261 2119 5317 hil
2151 5263 2399 5335 denique
2429 5266 2581 5335 quod
2613 5267 2872 5338 corporis
2903 5285 3113 5324 sensus
3145 5269 3394 5341 attingit,
3428 5288 3532 5344 pro
3566 5272 3682 5331 Deo

2035 5349 2343 5407 colendum
2394 5370 2542 5421 esse,
2576 5355 2646 5409 ad
2698 5372 2870 5426 quem
2901 5356 3023 5411 solo
3075 5356 3373 5413 intellectu
3417 5360 3681 5418 ambien-

2033 5440 2175 5494 dum
2209 5444 2317 5511 est,
2354 5458 2468 5497 non
2504 5444 2670 5511 pauci
2706 5444 3026 5500 doctissimi
3079 5445 3404 5517 disputant,
3439 5451 3540 5507 sed
3573 5451 3686 5507 im-

2030 5528 2282 5600 peritum
2332 5528 2506 5585 etiam
2542 5531 2748 5603 vulgus
2797 5533 3051 5587 marium
3106 5532 3578 5610 feminarumque
3625 5540 3686 5597 in

2029 5620 2151 5672 tam
2185 5617 2390 5674 multis
2434 5619 2795 5689 diversisque
2826 5621 3103 5689 gentibus
3131 5627 3188 5678 et
3245 5626 3427 5682 credit
3454 5632 3511 5683 et
3540 5645 3685 5703 pras~

2084 5832 2153 5897 (α)
2183 5830 2203 5881 1
2232 5830 2481 5893 Retract.,
2513 5843 2631 5895 cap.
2663 5833 2741 5895 u,
2770 5843 2828 5884 n.
2858 5836 2914 5884 δ.
