4084 6194
372 304 443 364 9ι
1012 305 1114 367 DE
1157 307 1580 369 UTILITATE
1624 307 2037 382 CltEDENDI,
2089 310 2155 370 S.
2203 309 2629 372 AUGUSTINI
2674 310 2910 371 LIBER
2953 309 3186 372 UNUS.
3700 313 3783 372 92

374 435 582 490 dicat?
615 436 764 507 qmd
789 437 1142 492 continentia
1163 455 1343 506 usque
1363 440 1426 492 ad
1464 439 1878 494 tenuissimum
1901 440 2014 493 vic-

374 529 500 580 tum
535 527 700 596 panis
732 530 785 579 et
835 543 1016 596 aqua,
1052 532 1106 581 et
1139 545 1250 582 non
1301 528 1639 598 quotidiana
1672 528 1885 596 solum,
1920 530 2020 584 sed

373 615 547 669 etiam
581 631 680 685 per
701 618 998 670 contextos
1023 614 1216 686 plures
1249 617 1371 670 dies
1399 618 2018 688 perpetuatajejunia;

374 704 525 774 quod
560 702 795 757 castitas
816 720 1000 773 usque
1023 706 1092 758 ad
1114 706 1365 776 conjugii
1393 705 1690 776 prolisque
1722 710 2019 777 contemp-

374 796 521 861 tum,
555 793 706 862 quod
744 793 1021 862 patientia
1074 811 1263 866 usque
1294 796 1364 849 ad
1399 811 1602 850 cruces
1634 796 2021 866 flammasque

375 881 856 951 neglectas,quod
891 881 1208 938 liberalitas
1242 899 1427 954 usque
1450 885 1516 938 ad
1537 871 1896 954 patrimonia
1927 885 2020 938 di-

375 969 626 1022 stributa
677 971 1052 1041 pauperibus,
1105 973 1259 1042 quod
1313 973 1564 1043 denique
1615 973 1792 1028 totius
1844 973 2022 1042 huius

375 1057 580 1111 mundi
614 1060 942 1127 aSpernatio
976 1077 1162 1131 usque
1195 1061 1265 1115 ad
1297 1061 1652 1116 desiderium
1697 1061 1900 1117 mortis
1929 1062 2021 1115 in-

377 1147 685 1201 tenditur?
719 1147 887 1202 Pauci
917 1149 1040 1204 haec
1094 1149 1333 1214 faciunt,
1369 1152 1671 1221 pauciores
1703 1151 1848 1206 bene
1880 1167 2022 1222 pru-

379 1235 699 1306 denterque
734 1237 950 1291 faciunt
983 1255 995 1292 :
1029 1240 1131 1294 sed
1164 1239 1360 1310 populi
1395 1241 1661 1310 probant,
1686 1239 1886 1311 populi
1917 1257 2020 1293 au-

378 1322 568 1387 diunt,
621 1324 814 1396 populi
869 1326 1082 1393 favent,
1125 1327 1380 1399 diligunt
1432 1333 1724 1399 postremo
1773 1327 2020 1399 populi:

379 1412 575 1484 populi
604 1429 770 1467 suam
796 1415 1450 1487 imbecillitatem,quod
1471 1416 1584 1472 ista
1616 1434 1730 1472 non
1751 1421 2019 1488 possunt,

378 1517 484 1556 nec
513 1501 636 1556 sine
666 1509 936 1573 provectu
965 1505 1175 1560 mentis
1201 1505 1258 1559 in
1285 1506 1489 1572 Deum,
1508 1522 1611 1561 nec
1634 1506 1759 1561 sine
1776 1507 2019 1575 quibus-

377 1591 510 1645 dam
563 1590 833 1647 scintillis
883 1594 1138 1664 virtutis,
1173 1600 1466 1650 accusant.
1501 1595 1617 1650 Hoc
1669 1595 1880 1648 factum
1932 1598 2022 1648 est

377 1679 575 1733 divina
606 1681 966 1750 providentia
995 1699 1099 1752 per
1147 1685 1561 1754 prophetarum
1593 1683 1885 1752 vaticinia,
1922 1699 2023 1753 per

375 1768 804 1824 humanitatem
835 1771 1281 1843 doctrinamque
1311 1773 1543 1842 Christi,
1579 1787 1680 1844 per
1719 1771 2020 1840 Apostolo-

375 1873 508 1912 rum
562 1857 790 1926 itinera,
825 1876 926 1930 per
972 1865 1296 1931 martyrum
1341 1860 1747 1926 contumelias,
1798 1875 2016 1926 cruces,

375 1945 746 2017 sanguinem,
783 1951 1020 2012 mortes,
1055 1965 1155 2020 per
1199 1953 1535 2004 sanctorum
1593 1948 2020 2020 praedicabilem

375 2034 578 2099 vitam,
613 2039 785 2106 atque
836 2035 893 2090 in
926 2035 1018 2092 his
1069 2037 1355 2093 universis
1389 2038 1568 2110 digna
1617 2038 1791 2092 rebus
1843 2036 2020 2090 tantis

377 2127 548 2193 atque
581 2124 893 2180 virtutibus
926 2143 1027 2197 pro
1059 2132 1391 2198 temporum
1444 2127 1880 2198 opportunitate
1913 2125 2019 2179 mi-

375 2213 592 2268 racula.
623 2214 766 2268 Cum
817 2215 995 2286 igitur
1042 2221 1270 2271 tantum
1304 2216 1584 2272 auxilium
1640 2216 1756 2280 Dei,
1789 2219 2018 2269 tantum

376 2303 697 2373 profectum
734 2305 1103 2375 fructumque
1133 2307 1454 2371 videamus,
1481 2305 1881 2360 dubitabimus
1916 2320 2020 2357 nos

375 2391 505 2460 ejus
537 2391 801 2446 Ecclesiae
843 2394 1088 2448 condere
1119 2395 1362 2465 gremio,
1408 2410 1538 2464 quae
1571 2409 1750 2462 usque
1782 2394 1851 2447 ad
1885 2409 2020 2447 con-

376 2479 692 2535 fessionem
723 2482 951 2553 generis
1001 2482 1244 2537 humani
1278 2485 1348 2538 ab
1400 2483 1718 2554 apostolica
1748 2483 1891 2536 Sede
1923 2498 2022 2552 per

377 2570 780 2626 successiones
829 2572 1258 2643 episcoporum,
1301 2575 1519 2628 frustra
1572 2572 1858 2627 haereticis
1907 2572 2019 2626 cir-

379 2658 892 2728 cumlatrantibus,
944 2667 1001 2716 et
1048 2663 1259 2733 partim
1312 2662 1496 2732 plebis
1546 2661 1732 2730 ipsius
1773 2659 2019 2730 judicio,

377 2749 594 2820 partim
627 2751 1007 2806 conciliorum
1039 2752 1336 2824 gravitate,
1373 2752 1582 2824 partim
1633 2751 1809 2806 etiam
1845 2749 2019 2804 mira-

377 2838 641 2894 culorum
677 2842 980 2911 majestate
1020 2843 1335 2910 damnatis,
1369 2842 1601 2897 culmen
1654 2839 2020 2895 auctoritatis

379 2928 631 2983 obtinuit
659 2932 673 2964 ί
703 2930 730 2984 ‘I
757 2930 857 2984 Cui
892 2931 1044 2986 nolle
1075 2932 1296 3004 primas
1328 2933 1483 3001 dare,
1502 2929 1587 2985 vel
1612 2946 1856 2985 summa}
1890 2946 2020 2999 pro-

380 3017 525 3072 fecto
556 3018 876 3089 impietatis
898 3024 1004 3088 est,
1033 3018 1119 3074 vel
1145 3021 1456 3091 przecipitis
1485 3019 1847 3089 arrogantia.
1874 3018 2018 3072 Nam

380 3105 428 3160 si
462 3106 624 3161 nulla
670 3112 826 3162 certa
873 3109 945 3163 ad
993 3108 1341 3179 sapientiam
1395 3109 1760 3179 salutemque
1810 3105 2018 3161 animis

379 3194 471 3249 via
499 3199 606 3263 est,
642 3195 754 3251 nisi
785 3213 918 3250 cum
968 3213 1066 3252 eos
1099 3198 1307 3253 rationi
1357 3198 1612 3268 przecolit
1643 3199 1826 3262 ﬁdes;
1878 3195 2019 3265 quid

380 3288 470 3340 est
498 3284 655 3339 aliud
707 3285 1001 3356 ingratum
1035 3303 1160 3342 esse
1191 3287 1284 3357 opi
1335 3293 1510 3358 atque
1540 3286 1752 3341 auxilio
1801 3286 2017 3355 divino,

380 3389 557 3445 quam
588 3379 747 3430 tanto
792 3374 988 3430 labore
1010 3377 1030 3409 ²
1060 3375 1344 3446 praedictae
1377 3375 1706 3430 auctoritati
1759 3374 1900 3430 velle
1933 3391 2019 3429 re-

379 3463 635 3518 sistere?
685 3464 750 3517 Et
799 3464 848 3518 si
899 3481 1264 3536 unaquaeque
1318 3464 1650 3536 disciplina,
1683 3480 2020 3535 quanquam

377 3551 512 3606 vilis
541 3557 596 3606 et
623 3553 829 3617 facilis,
864 3557 928 3607 ut
956 3555 1172 3625 percipi
1205 3554 1408 3625 possit,
1442 3555 1734 3608 doctorem
1769 3557 1867 3607 aut
1900 3570 2018 3608 ma-

380 3640 629 3712 gistrum
651 3642 931 3713 requirit;
964 3644 1101 3714 quid
1123 3643 1441 3698 temerariae
1461 3643 1745 3715 superbia:
1770 3643 2018 3713 plenius,

381 3747 558 3803 quam
593 3731 920 3786 divinorum
971 3737 1470 3788 sacramentorum
1505 3733 1706 3802 libros,
1739 3737 1795 3786 et
1832 3733 1903 3786 ab
1933 3733 2024 3786 in-

380 3820 736 3891 terpretibus
791 3822 912 3875 suis
971 3821 1121 3876 nolle
1169 3837 1537 3893 cognoscere,
1590 3827 1645 3877 et
1694 3822 2023 3893 incognitos

378 3908 524 3964 velle
556 3910 835 3964 damnare
854 3910 880 3964 '?

452 3997 683 4054 CAPUT
711 3998 904 4054 XVIll.
927 4029 996 4038 —
1014 3999 1104 4054 36.
1137 4000 1422 4055 Conclusio
1451 4015 1547 4071 per
1573 3999 2021 4055 exhortationem.

381 4089 603 4143 Persica
639 4089 863 4155 fabella.
918 4089 1327 4155 Quamobrem,
1361 4089 1410 4144 si
1465 4089 1603 4159 quid
1636 4095 1690 4143 te
1737 4088 1822 4144 vel
1855 4089 2021 4156 ratio,

379 4177 471 4233 vel
503 4177 685 4232 oratio
719 4182 916 4232 nostra
959 4177 1290 4247 commovit,
1325 4183 1381 4232 et
1408 4177 1456 4232 si
1488 4194 1700 4244 veram,
1737 4182 1798 4232 ut
1829 4178 2020 4245 credo,

382 4283 579 4322 curam
613 4267 694 4320 tui
742 4267 934 4337 geris;
988 4266 1156 4322 velim
1193 4284 1282 4321 me
1314 4267 1538 4335 audias,
1572 4272 1627 4322 et
1680 4266 1847 4322 bonis
1881 4283 2022 4338 prae-

381 4355 714 4428 ceptoribus
739 4355 1031 4411 catholicae
1055 4355 1512 4411 Christianitatis
1541 4361 1595 4410 te
1618 4356 1712 4427 pia
1742 4356 1874 4422 ﬁde,
1901 4355 2026 4410 ala-

380 4446 461 4502 cri
517 4461 641 4516 spe,
674 4445 928 4516 simplici
978 4445 1260 4500 charitate
1309 4445 1642 4500 committas
1679 4460 1692 4500 :
1723 4445 2024 4516 Deumque

380 4535 598 4606 ipsum,
625 4535 793 4604 cujus
822 4534 997 4588 unius
1024 4539 1080 4589 et
1109 4535 1366 4588 bonitate
1399 4535 1530 4588 facti
1565 4549 1789 4599 sumus,
1815 4539 1870 4588 et
1895 4536 2022 4601 jus-

379 4623 509 4678 titia
539 4641 735 4694 ptenas
784 4623 1024 4684 luimus,
1058 4630 1114 4678 et
1145 4624 1449 4678 clementia
1481 4623 1817 4689 liberamur,
1859 4639 2023 4677 orare

380 4729 495 4768 non
528 4729 740 4768 cesses.
778 4714 860 4768 Ita
906 4714 1009 4767 tibi
1044 4729 1226 4783 neque
1260 4717 1545 4783 przecepta
1586 4718 1644 4766 et
1673 4713 2019 4782 disputatio-

380 4819 484 4858 nes
503 4801 979 4857 doctissimorum
999 4801 1302 4856 hominum
1325 4807 1381 4856 et
1393 4816 1522 4855 vere
1540 4801 2018 4864 cbristianorum,

380 4907 571 4963 neque
601 4891 754 4959 libri,
780 4907 966 4962 neque
997 4907 1210 4945 serenae
1243 4891 1376 4959 ipsae
1407 4889 1790 4960 cogitationes
1825 4890 2022 4944 defue-

378 4981 498 5036 rint
519 4980 733 5052 quibus
765 4979 928 5034 facile
959 4981 1113 5051 quod
1147 4979 1359 5050 quaeris
1392 4978 1673 5033 invenias.
1701 4979 1846 5036 Nam
1881 4981 2022 5034 istos

375 5069 651 5125 verbosos
683 5074 740 5124 et
773 5068 1018 5123 miseros
1048 5069 1212 5138 (quid
1243 5067 1396 5122 enim
1441 5067 1597 5121 aliud
1632 5067 1832 5122 mitius
1863 5069 2022 5123 dixe-

379 5156 490 5212 rim
511 5158 560 5228 ‘2)
609 5159 841 5230 penitus
889 5157 1134 5211 desere:
1185 5156 1282 5227 qui
1332 5157 1472 5210 dum
1527 5155 1703 5210 nimis
1755 5161 2025 5227 quaerunt

380 5246 535 5300 unde
569 5246 645 5300 sit
697 5247 942 5312 malum,
982 5244 1128 5301 nihil
1177 5244 1475 5316 reperiunt
1521 5245 1633 5300 nisi
1681 5243 1924 5300 malum.
1961 5251 2022 5301 In

449 5460 466 5493 ί
499 5456 670 5524 Editio
702 5459 786 5524 Er.
816 5473 936 5508 cum
959 5461 1160 5524 aliquot
1189 5459 1331 5517 Mss.,
1353 5456 1646 5505 damnantis
1673 5456 1903 5507 columen
1934 5471 2024 5505 au~

384 5519 636 5570 claritati:
660 5521 898 5572 obtinuit.

443 5584 465 5620 ³
493 5583 664 5640 Forte,
695 5581 891 5632 robore.

2129 458 2242 511 qua
2274 441 2592 512 quaestione
2627 458 2776 512 saepe
2821 440 3118 496 auditores
3148 441 3381 512 erigunt
3412 442 3483 496 ad
3517 457 3784 513 quaeren-

2127 529 2268 584 dum
2304 545 2315 584 :
2352 530 2451 584 sed
2483 547 2549 584 ea
2581 529 2789 585 docent
2813 529 3113 597 excitatos,
3140 533 3201 584 ut
3232 529 3314 584 vel
3350 531 3605 586 dormire
3630 547 3785 585 sem-

2127 634 2230 689 per
2262 617 2447 673 satius
2482 618 2578 686 sit,
2611 634 2786 688 quam
2821 618 2919 674 illo
2949 619 3120 673 modo
3143 618 3434 690 evigilare.
3460 619 3539 673 De
3567 619 3784 674 lethar-

2125 707 2269 775 gicis
2320 707 2470 761 enim
2527 708 2893 779 phreneticos
2939 707 3161 762 faciunt
3197 725 3207 762 :
3243 708 3396 762 inter
3426 725 3571 779 quos
3622 725 3779 763 mor-

2127 797 2396 857 bos,cum
2431 796 2508 850 sit
2539 801 2780 867 uterque
2804 796 3146 867 plerumque
3179 796 3663 864 mortiferus,hoc
3695 801 3782 852 ta-

2126 901 2255 939 men
2291 885 2555 951 interest,
2582 887 2732 955 quod
2766 885 3062 955 lethargici
3097 886 3223 941 sine
3255 884 3443 940 aliena
3473 886 3780 942 vexatione

2126 974 2458 1028 moriuntur
2482 994 2498 1039 ,-
2523 975 2900 1045 phreneticus
2923 981 3120 1030 autem
3142 974 3344 1028 multis
3361 975 3520 1029 sanis
3544 979 3584 1036 ί.
3609 980 3669 1030 et
3687 975 3776 1030 eis

2127 1063 2502 1134 potissimum
2535 1064 2630 1132 qui
2661 1063 2862 1118 volunt
2914 1064 3245 1126 subvenire,
3281 1065 3630 1118 metuendus
3661 1068 3774 1118 est.

2124 1155 2269 1220 Nam
2304 1168 2490 1224 neque
2512 1157 2662 1206 Deus
2694 1151 2829 1206 mali
2854 1159 3057 1207 auctor
3077 1158 3186 1218 est,
3213 1168 3318 1206 nec
3352 1169 3611 1223 unquam
3636 1169 3777 1207 eum

2127 1239 2450 1311 quidquam
2476 1239 2682 1295 fecisse
2705 1240 2996 1312 pcenituit,
3025 1257 3128 1295 nec
3159 1240 3337 1295 ullius
3361 1241 3778 1296 commotionis

2126 1329 2306 1384 animi
2338 1333 2684 1400 tempestate
2715 1329 3006 1394 turbatur,
3040 1344 3144 1383 nec
3171 1333 3334 1383 terrae
3367 1329 3651 1400 particula
3684 1345 3780 1384 re-

2126 1433 2307 1487 gnum
2342 1418 2468 1487 ejus
2499 1421 2608 1482 est,
2636 1416 2797 1471 nulla
2827 1417 3048 1488 ﬂagitia
3068 1416 3155 1471 vel
3189 1415 3411 1472 scelera
3436 1417 3643 1488 probat
3677 1421 3783 1472 aut

2125 1505 2396 1577 imperat,
2433 1522 2733 1577 nunquam
2767 1505 3068 1560 mentitur.
3107 1506 3232 1561 llaec
3277 1505 3435 1560 enim
3468 1510 3642 1575 atque
3673 1506 3786 1562 hu-

2119 1594 2383 1666 jusmodi
2417 1611 2522 1650 nos
2554 1595 2883 1664 movebant,
2917 1610 3051 1648 cum
3092 1609 3160 1648 ea
3190 1593 3464 1665 magnisIl
3497 1594 3777 1650 invectio-

2125 1683 2300 1739 nibus
2332 1688 2656 1755 quaterent,
2690 1688 2746 1738 et
2788 1683 2938 1738 hanc
2987 1700 3115 1738 esse
3144 1681 3368 1738 Veteris
3412 1683 3777 1738 Testamenti

2124 1772 2498 1842 disciplinam
2551 1772 2970 1827 insimularent
3000 1787 3012 1825 :
3049 1772 3202 1843 quod
3252 1772 3492 1827 omnino
3527 1770 3778 1826 falsissi-

2125 1877 2289 1916 mum
2322 1866 2428 1916 est.
2466 1863 2666 1932 Itaque
2697 1860 2828 1915 illos
2873 1865 3023 1915 recte
3055 1859 3477 1931 reprehendere
3506 1859 3616 1915 ista
3644 1875 3778 1914 con-

2125 1950 2285 2005 cedo.
2321 1950 2466 2014 Quid
2499 1966 2631 2020 ergo
2665 1949 2891 2004 didici?
2922 1949 3070 2014 Quid
3122 1954 3316 2019 putas,
3350 1948 3463 2003 nisi
3496 1965 3629 2003 cum
3660 1947 3775 2004 ista

2125 2038 2647 2109 reprehenduntur,
2694 2036 3064 2109 disciplinam
3116 2036 3461 2092 catholicam
3511 2053 3625 2091 non
3676 2053 3772 2092 re-

2125 2127 2452 2200 prehendi?
2483 2128 2567 2182 Ita
2589 2128 2742 2198 quod
2777 2127 2929 2198 apud
2964 2143 3062 2180 eos
3083 2142 3284 2180 verum
3317 2125 3654 2192 didiceram,
3685 2129 3768 2180 te-

2125 2231 2233 2271 neo
2265 2233 2276 2272 :
2313 2217 2467 2287 quod
2502 2216 2714 2270 falsum
2751 2221 3108 2285 putaveram,
3142 2231 3374 2285 respuo.
3427 2213 3538 2269 Sed
3570 2218 3627 2268 et
3659 2214 3774 2268 alia

2127 2305 2310 2360 multa
2339 2321 2431 2360 me
2470 2304 2668 2359 docuit
2699 2303 2954 2359 Ecclesia
2999 2302 3308 2370 catholica,
3341 2303 3495 2374 quod
3548 2302 3630 2356 illi
3665 2302 3775 2357 ho-

2128 2393 2315 2448 mines
2348 2409 2671 2464 exsangues
2703 2393 3069 2463 corporibus,
3104 2392 3204 2446 sed
3239 2391 3423 2447 crassi
3453 2390 3774 2459 mentibus,

2127 2482 2384 2553 aspirare
2415 2499 2528 2536 non
2555 2488 2802 2552 possunt
2833 2498 2845 2536 :
2881 2482 3064 2536 Deum
3099 2480 3318 2536 scilicet
3350 2497 3463 2535 non
3487 2496 3617 2536 esse
3647 2497 3777 2535 cor-

2126 2587 2389 2642 poreum,
2413 2570 2630 2625 nullam
2665 2572 2793 2640 ejus
2826 2575 3049 2641 partem
3071 2569 3365 2640 corporeis
3395 2569 3580 2624 oculis
3607 2584 3778 2639 posse

2126 2661 2349 2729 sentiri,
2386 2659 2528 2714 nihil
2561 2660 2629 2714 de
2661 2659 2991 2714 substantia
3026 2660 3153 2729 ejus
3185 2663 3358 2729 atque
3407 2664 3615 2713 natura
3657 2656 3776 2712 ullo

2127 2750 2299 2804 modo
2331 2766 2459 2805 esse
2488 2747 2754 2803 violabile
2787 2753 2888 2802 aut
2933 2747 3372 2815 commutabile,
3407 2753 3507 2802 aut
3538 2763 3777 2817 compo-

2126 2839 2307 2894 situm
2329 2839 2370 2904 ³,
2422 2842 2523 2892 aut
2554 2839 2800 2903 ﬁctum;
2849 2852 2976 2908 quae
3018 2836 3067 2891 si
3121 2835 3264 2890 mihi
3313 2836 3582 2890 concedis
3631 2835 3772 2906 (non

2125 2927 2280 2982 enim
2315 2927 2483 2982 aliter
2512 2928 2582 2980 de
2606 2927 2720 2981 Deo
2751 2926 3120 2980 sentiendum
3144 2925 3276 2995 est),
3303 2925 3501 2980 omnia
3531 2925 3768 2980 illorum

2126 3016 2600 3071 machinamenta
2629 3015 2909 3070 subversa
2939 3019 3095 3069 sunt.
3130 3013 3278 3068 Illud
3310 3030 3442 3069 vero
3474 3014 3766 3085 quomodo

2126 3106 2222 3176 sit,
2257 3110 2320 3160 ut
2351 3121 2455 3160 nec
2501 3105 2653 3159 Deus
2687 3103 2906 3158 malum
2960 3102 3225 3174 genuerit
3255 3107 3356 3157 aut
3403 3102 3622 3172 fecerit,
3661 3119 3767 3158 nec

2127 3193 2246 3250 ulla
2278 3195 2351 3249 sit
2387 3194 2628 3248 fueritve
2660 3209 2922 3263 unquam
2970 3196 3179 3247 natura
3210 3196 3383 3264 atque
3413 3192 3768 3258 substantia,

2124 3298 2302 3352 quam
2336 3299 2449 3336 non
2488 3283 2635 3336 Deus
2663 3287 2764 3335 aut
2800 3281 3067 3352 genuerit
3096 3285 3197 3335 aut
3227 3281 3444 3347 fecerit,
3476 3286 3533 3336 et
3573 3285 3768 3335 tamen

2125 3387 2160 3425 a
2189 3370 2341 3425 malo
2373 3386 2479 3424 nos
2511 3370 2753 3436 liberet;
2787 3374 2905 3423 tam
2940 3368 3284 3424 necessariis
3316 3368 3639 3424 rationibus
3665 3385 3772 3440 ap-

2126 3460 2425 3531 probatur,
2461 3463 2525 3512 ut
2555 3458 2809 3513 dubitari
2842 3458 3080 3512 omnino
3114 3475 3226 3512 non
3259 3458 3447 3529 possit
3479 3475 3491 3512 :
3529 3473 3772 3528 praeser-

2126 3548 2232 3603 tim
2279 3548 2409 3617 tibi,
2453 3552 2626 3618 atque
2681 3546 2941 3613 talibus;
2993 3548 3038 3600 si
3093 3551 3286 3601 tamen
3341 3546 3493 3602 bono
3543 3547 3776 3617 ingenio

2127 3636 2314 3708 pietas
2346 3640 2401 3690 et
2429 3653 2539 3706 pax
2569 3637 2834 3707 quadam
2865 3636 3078 3690 mentis
3109 3635 3364 3699 accedat,
3398 3635 3526 3689 sine
3557 3651 3674 3705 qua
3707 3635 3778 3689 de

2125 3725 2304 3780 tantis
2337 3726 2512 3780 rebus
2543 3725 2686 3778 nihil
2738 3741 2978 3796 prorsus
3027 3724 3275 3795 intelligi
3324 3727 3534 3794 potest.
3571 3724 3636 3778 Et
3684 3723 3778 3779 hic

2128 3831 2242 3869 non
2273 3815 2426 3868 fama
2457 3815 2527 3868 de
2573 3815 2732 3868 fumo
2764 3818 2870 3882 est,
2903 3819 2959 3869 et
3009 3813 3201 3869 nescio
3234 3829 3350 3883 qua
3398 3812 3612 3870 fabella
3640 3818 3774 3869 Per-

2128 3905 2271 3968 sica,
2305 3902 2396 3956 cui
2427 3903 2572 3957 satis
2594 3908 2681 3957 est
2708 3919 2908 3956 aurem
2939 3903 3401 3968 accommodare,
3422 3907 3480 3957 et
3510 3903 3774 3958 animum

2127 4009 2243 4047 non
2275 3992 2696 4055 subtilem,sed
2731 3990 2898 4062 plane
2933 3991 3237 4061 puerilem.
3290 3992 3478 4062 Longe
3509 3991 3771 4062 omnino,

2128 4077 2298 4151 longe
2337 4096 2398 4134 se
2428 4078 2614 4146 aliter,
2641 4095 2755 4133 non
2787 4084 2851 4132 ut
2878 4078 3173 4133 Manichaai
3209 4079 3528 4150 desipiunt,
3561 4079 3774 4133 veritas

2129 4168 2321 4222 habet.
2358 4169 2468 4223 Sed
2501 4168 2778 4239 quoniam
2828 4169 2936 4222 iste
2967 4184 3159 4222 sermo
3194 4171 3392 4222 noster
3422 4166 3602 4222 multo
3653 4183 3778 4238 pro-

2127 4257 2304 4312 cessit
2336 4256 2568 4327 longius
2616 4273 2791 4327 quam
2826 4257 3126 4328 putabam,
3160 4257 3255 4312 hic
3307 4256 3481 4310 finem
3515 4255 3662 4311 libro
3695 4256 3777 4310 fa-

2128 4345 2354 4399 ciamus
2390 4362 2402 4399 :
2439 4345 2496 4399 in
2534 4361 2648 4416 quo
2682 4345 3019 4400 memineris
3052 4344 3200 4411 volo,
3237 4346 3498 4400 nondum
3533 4361 3625 4399 me
3657 4345 3778 4400 Ma-

2129 4432 2380 4489 nichaeos
2422 4435 2666 4506 ccepisse
2716 4435 2996 4505 refellere,
3025 4439 3082 4488 et
3111 4434 3240 4489 illas
3273 4451 3460 4507 nugas
3514 4435 3778 4490 nondum

2127 4522 2410 4577 invasisse
2445 4539 2456 4577 :
2493 4539 2681 4594 neque
2731 4525 2801 4578 de
2831 4524 2958 4595 ipsa
3005 4523 3297 4578 Catholica
3339 4539 3620 4593 magnum
3678 4523 3778 4578 ali-

2129 4611 2266 4682 quid
2296 4612 2632 4684 aperuisse;
2668 4614 2767 4667 sed
2819 4612 3072 4666 voluisse
3121 4613 3531 4666 tantummodo
3580 4627 3780 4666 eruere

2128 4701 2255 4764 tibi,
2290 4701 2338 4755 si
2373 4717 2626 4771 possem,
2661 4700 2866 4755 falsam
2919 4699 3251 4770 opinionem
3297 4701 3370 4755 de
3399 4700 3549 4755 veris
3579 4700 3778 4755 Chris-

2129 4789 2304 4845 tianis
2339 4789 2628 4844 malitiose
2659 4795 2759 4843 aut
2797 4789 3064 4859 imperite
3106 4789 3275 4845 nobis
3307 4789 3688 4857 insinuatam,
3722 4794 3778 4845 et

2128 4877 2350 4948 erigere
2409 4878 2480 4932 ad
2543 4894 2757 4949 magna
2809 4877 3074 4948 quaedam
3126 4882 3182 4932 et
3233 4878 3428 4932 divina
3479 4877 3773 4934 discenda.

2129 4969 2315 5034 Quare
2347 4966 2456 5021 hoc
2477 4965 2749 5021 volumen
2779 4967 2859 5021 ita
2889 4982 3017 5021 sese
3047 4965 3260 5022 habeat
3292 4983 3305 5021 :
3340 4965 3651 5039 placatiore
3681 4983 3779 5022 au-

2127 5062 2246 5112 tem
2280 5056 2474 5111 animo
2491 5060 2590 5112 tuo
2624 5057 2910 5123 facto,ero
2942 5056 3187 5111 fortasse
3217 5054 3274 5110 in
3308 5054 3530 5111 caeteris
3547 5071 3780 5127 promp-

2126 5145 2240 5201 tior
2271 5146 2371 5216 (a).

2192 5335 2209 5368 1
2247 5333 2390 5392 Lov.,
2425 5331 2606 5379 multis
2635 5332 2682 5379 et
2730 5331 2802 5379 ei:
2828 5329 3170 5393 potissimum,
3221 5329 3439 5386 omisso,
3467 5329 3647 5391 sanis;
3686 5341 3782 5391 pro

2130 5395 2378 5458 quoEr,
2403 5395 2547 5442 satis.
2582 5393 2859 5458 Corrupto.

2193 5459 2214 5492 ²
2247 5457 2403 5513 Editi,
2441 5457 2625 5518 magis.
2661 5457 2728 5505 At
2753 5454 2896 5513 Mss.,
2929 5454 3148 5518 magnis.

2193 5521 2215 5554 ⁸
2243 5520 2300 5567 lu
2335 5521 2477 5582 Mss,
2511 5519 2931 5582 composititium.

2193 5581 2269 5644 (α)
2300 5582 2318 5630 l
2350 5581 2580 5630 Retract.
2624 5581 2752 5644 cap.
2787 5581 2861 5639 lt,
2894 5593 2949 5628 n.
2982 5581 3026 5627 6.
