4058 6180
212 339 284 398 9'1
1684 338 1918 399 LIBER
1962 339 2198 399 UNUS.
3543 346 3623 407 98

218 485 574 540 consequens
605 485 739 524 esse
773 469 1154 524 manifestum
1184 472 1296 531 est,
1327 484 1461 524 cum
1494 468 1788 539 injustitia
1816 472 1874 523 et

218 558 666 629 intemperantia
682 562 1009 629 cmteraque
1032 558 1211 612 animi
1231 555 1373 612 vitia
1390 574 1502 613 non
1520 557 1870 623 sentiantur,

221 649 314 705 sed
342 646 783 719 intelligantur;
817 648 1111 720 quomodo
1143 647 1244 701 fiat
1275 651 1339 701 ut
1371 647 1548 701 etiam
1581 646 1714 713 ista,
1747 662 1874 718 quae

222 738 582 793 detestamur
597 741 657 791 et
673 736 1014 792 damnanda
1031 752 1358 801 censemus,
1372 740 1570 791 tamen
1594 741 1876 807 quoniam

225 824 617 898 intelligibilia
646 830 807 892 sunt,
843 825 1064 880 anteire
1094 824 1245 880 hanc
1266 823 1455 880 lucem
1490 830 1877 896 queant,cutu

224 916 279 971 in
307 932 414 970 suo
455 930 672 987 genere
715 914 831 969 ista
859 912 1156 969 laudanda
1201 913 1300 969 sit.
1347 913 1692 985 Suggeritur
1721 914 1877 968 enim

226 1003 412 1060 animo
436 1005 587 1059 bene
626 1019 754 1059 sese
785 1002 901 1058 Deo
949 1002 1306 1073 subjicienti,
1339 1001 1529 1075 primo
1560 1018 1673 1057 non
1708 1016 1879 1057 omne

227 1093 372 1166 quod
409 1091 749 1159 laudamus,
769 1092 929 1147 omni
953 1090 1108 1161 quod
1140 1090 1702 1163 vituperamus,esse
1725 1097 1882 1146 ante-

227 1183 586 1254 ponendum.
622 1181 821 1253 Neque
843 1179 999 1235 enim
1033 1179 1174 1252 quia
1197 1178 1372 1235 laudo
1395 1179 1881 1253 purgatissimum

226 1271 563 1344 plumbum,
584 1271 657 1325 ob
671 1270 780 1325 hoc
794 1268 939 1325 illud
959 1269 1339 1340 vituperando
1362 1286 1505 1325 auro
1523 1269 1707 1341 pluris
1733 1268 1886 1324 aesti-

229 1378 342 1415 mo.
365 1361 429 1415 In
457 1376 568 1415 suo
585 1359 742 1414 enim
762 1375 971 1430 genere
989 1357 1244 1429 quidque
1265 1358 1755 1414 considerandum
1775 1362 1883 1412 est.

229 1451 504 1521 Improbe
526 1446 1019 1520 jurisconsultum
1052 1446 1271 1502 multas
1300 1447 1455 1519 leges
1486 1447 1880 1519 ignorantem:

229 1538 325 1593 sed
358 1555 496 1593 eum
532 1541 728 1592 tamen
760 1535 1176 1607 probatissimo
1209 1536 1393 1590 sutori
1426 1536 1510 1591 sic
1539 1536 1802 1606 praefero,
1823 1538 1887 1589 ut

230 1644 297 1683 ne
328 1626 801 1698 comparandum
830 1624 1067 1697 quidem
1098 1629 1319 1696 putem.
1346 1628 1421 1679 At
1448 1624 1625 1680 istum
1656 1623 1885 1692 laudo‘,

232 1718 379 1789 quod
408 1733 533 1771 sum
556 1714 699 1771 artis
722 1713 1117 1786 peritissimus
1148 1713 1257 1768 sit:
1292 1712 1459 1768 illum
1494 1718 1711 1779 autem,
1733 1712 1887 1785 quod

234 1822 394 1862 suam
413 1805 840 1877 professionem
856 1803 1052 1858 minus
1082 1802 1342 1875 impleat,
1359 1804 1494 1874 jure
1508 1803 1887 1875 reprehendo.

234 1896 306 1954 Bx
336 1911 459 1967 quo
482 1893 740 1966 reperire
770 1893 1062 1956 deberem,
1095 1891 1283 1948 lucem
1313 1892 1675 1963 istam,quod
1707 1892 1765 1946 in
1797 1907 1892 1964 ge-

236 1999 366 2039 nere
402 1982 643 2055 proprio
690 1982 947 2053 perfecta
987 1985 1162 2050 esset,
1201 1982 1336 2050 jure
1380 1980 1646 2036 laudari:
1694 1985 1891 2035 tamen

238 2074 366 2143 quia
383 2071 768 2128 sensibilium
788 2087 982 2125 rerum
1003 2086 1245 2125 numero
1264 2069 1600 2137 includitur,
1621 2069 1774 2141 quod
1794 2085 1893 2140 ge-

237 2179 343 2217 nus
379 2159 846 2232 intelligibilium
866 2158 1061 2231 generi
1082 2159 1248 2214 cedat
1264 2175 1500 2214 necesse
1516 2164 1626 2226 est,
1642 2159 1793 2225 infra
1810 2158 1895 2213 in-

224 2251 423 2336 justas
441 2254 497 2305 et
510 2250 973 2320 intemperantes
985 2248 1519 2319 animas,quoniam
1534 2253 1673 2304 sunt
1689 2246 1897 2302 intelli-

236 2339 465 2412 gibiles,
484 2355 618 2394 esse
644 2338 1070 2410 deputandum;
1099 2337 1526 2408 quamvisistas
1543 2353 1658 2391 non
1678 2334 1896 2407 injuria

238 2428 620 2484 damnatione
638 2425 1283 2499 dignissimasjudicem
1296 2424 1635 2489 us.Quzerim
1648 2442 1717 2479 us
1736 2441 1896 2479 nam-

238 2534 344 2588 que
364 2519 425 2572 in
446 2517 543 2571 his
559 2516 715 2588 quod
736 2514 1078 2571 concilietur
1095 2518 1229 2585 Deo,
1255 2531 1367 2570 non
1389 2514 1541 2585 quod
1560 2513 1654 2569 isti
1684 2513 1895 2585 fulguri

240 2608 599 2678 praeferatur.
624 2605 1010 2676 Quapropter,
1030 2603 1300 2675 quisquis
1327 2602 1438 2658 hoc
1459 2601 1657 2658 lumen
1691 2620 1758 2657 ex
1780 2602 1895 2657 Deo

241 2712 360 2751 esse
392 2694 796 2762 contenderet,
822 2709 939 2747 non
973 2708 1388 2764 repugnarem;
1425 2692 1526 2747 sed
1560 2692 1747 2763 magis
1770 2692 1896 2747 ani-

243 2800 363 2838 mas
381 2784 665 2847 dicerem,
678 2780 921 2835 vitiosas
936 2781 1131 2848 etiam,
1148 2781 1337 2835 nonin
1359 2785 1640 2852 quantum
1657 2781 1896 2848 vitiosaa,

244 2874 339 2929 sed
372 2873 433 2927 in
466 2875 763 2943 quantum
785 2868 991 2925 anima:
1009 2875 1167 2935 sunt,
1190 2874 1369 2925 Deum
1389 2868 1502 2924 sibi
1531 2884 1660 2924 esse
1676 2875 1897 2925 creato-

246 2978 361 3017 rem
396 2960 572 3015 fateri
602 2963 891 3030 oportere.

310 3048 560 3105 CAPUT
604 3047 697 3102 VI.
720 3078 791 3085 —
810 3046 865 3101 6.
898 3044 980 3101 An
1012 3046 1129 3117 ipsa
1160 3048 1333 3102 etiam
1364 3047 1496 3102 vilia
1526 3050 1788 3118 tanquam
1809 3048 1898 3103 in-
1954 3050 1959 3051 '

245 3138 591 3207 telligibilia,
610 3136 727 3191 luci
745 3134 993 3190 sensibili
1020 3137 1371 3206 praeferenda
1388 3135 1501 3191 sint
1524 3143 1573 3191 et
1602 3137 1703 3192 Deo
1723 3140 1785 3191 ut
1803 3153 1898 3191 au-

248 3232 382 3285 ctori
399 3225 724 3285 tribuenda.
745 3226 943 3281 Vitium
955 3226 1137 3279 animi
1151 3230 1232 3280 est
1259 3224 1493 3296 defectus
1509 3224 1899 3295 quidam,recte

246 3335 351 3374 non
400 3319 553 3371 inter
606 3313 985 3384 intelligibilia
1034 3313 1425 3369 numerandus.
1477 3315 1588 3384 Ipsi
1634 3314 1896 3385 defectus,

249 3409 461 3462 etiamsi
480 3401 1029 3473 interintelligibilia
1050 3406 1897 3473 numerarentur,nunquaman-

252 3495 537 3567 teponendi
554 3494 713 3549 rebus
730 3491 1167 3547 sensibilibus.8i
1186 3492 1367 3547 tamen
1392 3493 1609 3547 visibile
1623 3509 1657 3546 a
1674 3494 1777 3548 Deo
1796 3501 1897 3560 est,

254 3585 612 3654 multomagis
632 3582 707 3637 ab
721 3584 836 3653 ipso
858 3582 1071 3645 anima,
1084 3594 1211 3651 quae
1231 3581 1292 3634 in
1309 3585 1577 3651 quantum
1596 3583 1731 3636 vivit
1742 3581 1901 3637 intel-

256 3673 481 3743 ligibilis
514 3686 601 3727 res
630 3680 729 3739 est,
768 3670 990 3724 etiamsi
1026 3671 1240 3725 vitiosa.
1276 3668 1620 3740 Objectantur
1648 3679 1836 3726 contra
1865 3688 1901 3726 a

255 3762 563 3819 lanichwis
593 3762 715 3816 loca
744 3758 1065 3830 Scriptura".
1089 3759 1203 3814 Hoc
1234 3757 1355 3814 loco
1374 3757 1755 3831 siquisquam
1774 3759 1898 3814 illo-

257 3868 377 3907 rum
410 3855 627 3906 cautus
651 3854 711 3904 et
739 3846 1146 3919 vigilans,jam
1167 3847 1345 3902 etiam
1378 3848 1695 3903 studiosior
1724 3865 1901 3920 quam

258 3940 623 4013 pertinacior,
659 3953 751 3993 me
784 3937 1142 4002 admoneret,
1174 3953 1289 3992 non
1321 3936 1391 3992 de
1407 3936 1634 3993 vitiosis
1664 3938 1902 4005 animis,

258 4029 352 4084 sed
383 4029 454 4082 de
490 4025 639 4099 ipsis
668 4024 823 4080 vitiis
854 4040 984 4080 esse
1021 4025 1433 4095 quaerendum:
1475 4042 1600 4098 qua
1623 4026 1902 4097 quoniam

260 4133 424 4173 sensu
444 4114 710 4187 corporis
738 4129 854 4169 non
877 4118 1383 4184 cognoscerentur,
1410 4118 1467 4168 et
1482 4118 1677 4168 tamen
1701 4131 1906 4186 cogno-

264 4211 581 4270 scerentur,
618 4220 733 4258 non
758 4202 873 4258 nisi
889 4200 1279 4271 intelligibilia
1295 4217 1466 4273 posse
1483 4203 1686 4274 accipi,
1711 4220 1838 4275 qum
1856 4203 1906 4259 si

262 4292 636 4350 sensibilibus
647 4291 924 4347 omnibus
939 4290 1314 4359 antecellunt,
1347 4291 1653 4348 curlucem
1673 4297 1785 4348 Deo
1804 4309 1905 4347 au-

261 4383 395 4439 ctori
426 4398 561 4437 esse
579 4380 950 4436 tribuendam
970 4380 1122 4434 inter
1139 4396 1246 4435 nos
1263 4380 1616 4447 conveniret,
1633 4381 1905 4437 vitiorum

258 4488 381 4527 vero
414 4476 721 4527 auctorem
754 4468 939 4524 Deum
968 4484 1142 4523 nemo
1172 4466 1285 4524 nisi
1315 4467 1637 4540 sacrilegus
1659 4470 1903 4526 diceret:

260 4560 675 4633 responderem
708 4556 955 4625 homini,
974 4556 1021 4612 si
1040 4559 1142 4611 aut
1171 4555 1368 4611 statim
1387 4561 1444 4612 et
1462 4562 1716 4628 repente,
1733 4563 1797 4614 ut
1813 4559 1910 4615 bo-

261 4650 347 4705 nis
380 4649 475 4704 υθὶ
508 4645 836 4703 cultoribus
865 4643 1031 4715 solet,
1063 4643 1343 4700 divinitus
1375 4645 1701 4702 infulsissct
1731 4647 1909 4719 hujus

261 4737 471 4794 solutio
487 4735 853 4808 quaestionis,
873 4738 976 4789 aut
991 4733 1199 4789 fuisset
1215 4737 1385 4789 antea
1403 4738 1726 4806 praeparata
1744 4752 1757 4788 :
1774 4753 1909 4808 quo-

262 4843 388 4882 rum
405 4826 457 4881 si
475 4829 750 4881 neutrum
774 4823 1122 4879 meruissem
1155 4827 1323 4892 atque
1353 4822 1698 4895 potuissem,
1726 4830 1911 4897 ccepta

263 4915 584 4979 differrem;
617 4913 896 4984 quodque
922 4914 1077 4966 esset
1106 4909 1494 4982 propositum,
1525 4912 1761 4968 difﬁcile
1782 4930 1912 4970 esse

264 5004 330 5057 ad
347 5000 817 5075 dignoscendum
836 5004 1011 5071 atque
1028 4998 1279 5055 arduum
1298 5000 1625 5056 conﬁterer.
1642 5005 1913 5059 Recurre-

266 5106 381 5146 rem
412 5093 474 5146 in
507 5107 623 5161 me,
671 5096 1070 5161 prosternerer
1112 5091 1245 5155 Deo,
1293 5086 1407 5143 alte
1446 5088 1910 5160 ingemiscerem,

265 5196 529 5251 quaerens
562 5196 633 5234 ne
666 5194 758 5233 me
789 5178 848 5232 in
880 5176 1069 5232 medio
1092 5175 1302 5249 spatio,
1336 5193 1451 5247 quo
1482 5179 1656 5234 certis
1680 5180 1914 5235 rationi-

264 5268 370 5324 bus
423 5267 870 5340 promovissem,
922 5265 1138 5321 haerere
1188 5270 1517 5337 pateretur;
1565 5284 1634 5321 ne
1674 5268 1912 5341 ancipiti

265 5374 420 5428 quas
432 5356 587 5411 tione
600 5371 837 5427 cogerer
852 5359 953 5410 aut
976 5352 1760 5426 intelligibiliasensibilibus
1775 5360 1911 5414 sub-

268 5446 492 5502 mittere
508 5461 577 5501 ac
592 5445 864 5511 subdere,
879 5446 982 5499 aut
999 5443 1194 5515 ipsum
1210 5441 1481 5498 vitiorum
1504 5444 1694 5501 dicere
1715 5452 1913 5504 aucto-

272 5548 421 5590 rem:
453 5549 589 5590 cum
620 5537 778 5589 esset
806 5531 1095 5587 utrumvis
1125 5530 1333 5586 borum
1356 5528 1627 5589 falsitatis
1648 5532 1915 5607 impieta-

333 5670 351 5707 ⁸
376 5669 622 5723 Vaticani
649 5669 796 5732 Mem,
826 5681 887 5718 ac
912 5666 1069 5719 istum
1097 5663 1271 5716 laudo.

1975 468 2167 539 iisque
2186 468 2614 539 plenissimum.
2639 470 2809 527 Nullo
2829 473 2999 528 modo
3019 489 3247 545 possem
3268 474 3623 543 existimare,

1976 556 2134 627 quod
2151 573 2243 611 me
2256 556 2340 611 sic
2354 558 2623 613 affectum
2642 558 3054 616 illedesereret.
3066 562 3417 619 Admoneret
3430 564 3623 635 potius

1979 644 2104 699 suis
2134 644 2251 699 illis
2269 645 2663 702 ineﬂ'abilibus
2682 649 2892 716 modis,
2911 655 2974 704 ut
2992 651 3419 706 considerarem
3446 652 3623 708 etiam

1980 738 2154 804 atque
2184 733 2384 804 etiam,
2417 740 2617 789 utrum
2650 737 2830 790 animi
2860 738 3019 809 vitia,
3039 738 3383 808 deiquibus
3414 746 3625 796 aestua-

1981 837 2124 888 rem,
2158 820 2310 877 inter
2340 822 2723 892 intelligibilia
2755 827 3116 880 numeranda
3136 832 3352 882 essent.
3377 829 3537 893 Quod
3564 832 3629 883 ut

1983 910 2321 981 reperirem,
2376 917 2611 983 propter
2647 910 3107 969 imbecillitatem
3151 913 3445 971 interioris
3474 916 3626 971 oculi

1983 999 2119 1067 mei,
2140 1015 2267 1070 quae
2292 999 2432 1053 mihi
2456 1000 2705 1071 peccatis
2726 1000 3011 1071 meisjure
3028 1002 3354 1070 accidisset,
3370 1004 3626 1076 aliquem

1985 1086 2127 1141 mihi
2148 1088 2219 1141 ad
2240 1087 2551 1144 invisibilia
2567 1089 2973 1144 contuendain
2992 1089 3132 1160 ipsis
3154 1090 3480 1148 visibilibus
3502 1110 3626 1149 ma-

1985 1175 2254 1230 chinarer
2283 1178 2564 1248 gradum:
2599 1194 2849 1250 quorum
2882 1183 3035 1233 esset
3065 1179 3232 1234 nobis
3262 1180 3422 1236 nullo
3454 1182 3628 1237 modo

1986 1264 2195 1319 certior
2239 1266 2511 1337 cognitio,
2563 1267 2666 1322 sed
2710 1269 3070 1323 consuetudo
3105 1268 3392 1323 ﬁdentior.
3434 1271 3635 1341 Itaque

1988 1353 2189 1407 statim
2220 1371 2535 1422 quaarerem
2554 1355 2693 1426 quid
2711 1356 2782 1409 ad
2806 1371 3043 1410 sensum
3063 1360 3294 1427 proprie
3326 1358 3640 1428 pertineret

1989 1442 2321 1496 oculorum:
2357 1442 2675 1497 invenirem
2695 1442 2939 1511 colores,
2969 1461 3217 1516 quorum
3244 1446 3636 1517 principatum

1990 1529 2088 1583 lux
2103 1530 2214 1584 ista
2227 1531 2670 1586 obtineretJizec
2683 1532 2838 1587 enim
2852 1539 2986 1587 sunt
2999 1550 3125 1603 quae
3140 1534 3335 1589 nullus
3349 1534 3498 1590 alius
3514 1551 3645 1591 sen-

1990 1635 2092 1674 sus
2109 1618 2505 1690 attingitznam
2524 1625 2718 1675 motus
2732 1623 3647 1695 corporum,etmagnitudines,et

1991 1706 2316 1776 intervalla,
2349 1712 2404 1763 et
2436 1708 2676 1780 ﬁguras,
2711 1708 2977 1780 quamvis
3005 1714 3060 1764 et
3083 1709 3288 1781 oculis,
3310 1727 3425 1766 non
3451 1719 3647 1768 tamen

1992 1796 2241 1868 proprie,
2275 1799 2375 1852 sed
2400 1801 2556 1853 tactu
2588 1798 2762 1853 etiam
2786 1815 2959 1869 posse
2982 1799 3208 1855 sentiri.
3233 1800 3390 1857 Unde
3412 1801 3646 1873 collige-

1993 1901 2115 1940 rem
2146 1888 2307 1941 tanto
2338 1886 2559 1942 caeteris
2577 1887 2877 1958 corporeis
2895 1893 2951 1942 et
2970 1888 3348 1945 sensibilibus
3375 1896 3651 1962 praestare

1993 1972 2433 2044 lucem,quanto
2451 1974 2583 2031 aliis
2600 1976 2873 2031 sensibus
2886 1982 3159 2048 aspectus
3172 1984 3325 2034 esset
3341 1978 3650 2037 illustrior.

1995 2062 2187 2117 Electa
2206 2062 2385 2133 igitur
2401 2079 2470 2117 ex
2488 2065 2766 2119 omnibus
2780 2081 2908 2135 qua:
2927 2081 3166 2137 corpore
3182 2069 3521 2124 sentiuntur
3536 2070 3652 2125 ista

1994 2149 2144 2221 luce,
2165 2167 2281 2221 qua
2300 2153 2537 2220 niterer,
2556 2157 2613 2207 et
2634 2153 2692 2206 in
2729 2170 2843 2224 qua
2863 2154 3111 2225 gradum
3131 2155 3299 2209 illum
3322 2157 3651 2228 inquisitio-

1996 2239 2088 2292 nis
2122 2255 2263 2294 meas
2281 2242 2612 2296 necessario
2631 2240 3008 2310 collocarem;
3035 2260 3328 2315 pergerem
3351 2246 3652 2302 attendere

1996 2326 2136 2397 quid
2169 2332 2437 2399 ageretur
2468 2328 2577 2385 hoc
2611 2330 2805 2396 modo,
2831 2332 3282 2402 mecumqueita
3302 2334 3655 2391 sermocina-

1996 2432 2122 2470 rer:
2155 2416 2211 2470 Si
2230 2416 2317 2472 sol
2348 2417 2457 2473 iste
2475 2422 2640 2473 tanta
2656 2418 2919 2475 claritate
2934 2421 3288 2491 conspicuus
3308 2426 3365 2477 et
3381 2422 3495 2477 diei
3519 2422 3650 2480 luce

1998 2505 2513 2578 sufﬁciens,usque
2536 2508 2607 2562 ad
2625 2507 2774 2563 lunae
2793 2508 3311 2565 similitudinemin
3332 2516 3648 2583 conspectu

1998 2598 2196 2649 nostro
2209 2595 2488 2667 paulatim
2503 2597 2941 2661 deﬁceret,num
2956 2597 3112 2653 aliud
3127 2599 3447 2673 quidquam
3462 2600 3648 2657 oculis

1998 2683 2350 2739 sentiremus
2365 2701 2541 2755 quam
2556 2685 2747 2741 lucem
2764 2691 3086 2758 utcumque
3107 2688 3648 2760 l'ulgentem;lucem

1998 2776 2194 2826 tamen
2227 2779 2572 2842 quaerentes,
2605 2776 2761 2843 quod
2796 2777 2986 2831 fuerat
3017 2792 3132 2830 non
3152 2778 3652 2845 videndo,ethau-

2000 2859 2213 2915 rientes
2245 2862 2489 2916 videndo
2520 2863 2676 2932 quod
2709 2864 2947 2919 aderat?
2964 2863 3089 2919 Non
3121 2881 3257 2938 ergo
3287 2865 3454 2921 illum
3489 2867 3647 2923 defe-

2000 2955 2159 3004 ctum
2178 2948 2526 3017 videremus,
2548 2952 2647 3006 sed
2680 2949 2868 3007 lucem
2891 2969 3017 3023 quae
3036 2954 3280 3009 defectui
3300 2958 3645 3012 remaneret.

2000 3036 2142 3091 Cum
2176 3042 2370 3093 autem
2404 3056 2518 3093 non
2549 3038 2902 3111 videremus,
2938 3057 3052 3097 non
3084 3043 3655 3115 sentiremus;quid-

2000 3126 2142 3198 quid
2174 3126 2330 3182 enim
2365 3128 2657 3183 sentimus
2676 3133 2938 3202 aspectu,
2968 3148 3082 3186 non
3098 3136 3289 3203 potest
3309 3149 3423 3188 non
3443 3133 3650 3190 videri:

2001 3232 2201 3286 quare,
2234 3218 2279 3272 si
2315 3217 2573 3274 defectus
2604 3217 2700 3274 ille
2732 3235 2917 3291 neque
2940 3220 3091 3287 visu,
3122 3236 3312 3293 neque
3337 3222 3448 3279 alio
3470 3238 3650 3279 sensu

2001 3305 2332 3368 sentiretur,
2350 3322 2467 3361 non
2506 3312 2704 3378 posset
2730 3306 3199 3365 intersensibilia
3218 3312 3652 3367 numerari.Ni-

2002 3392 2084 3447 nil
2116 3394 2273 3448 enim
2305 3396 2583 3451 sensibile
2606 3401 2712 3463 est,
2734 3400 2887 3467 quod
2907 3397 3110 3453 sentiri
3130 3415 3244 3453 non
3264 3406 3470 3471 potest.
3488 3402 3654 3458 Refe-

2002 3499 2203 3537 ramus
2249 3499 2406 3538 nunc
2451 3485 2979 3542 considerationem
3032 3489 3105 3542 ad
3154 3489 3450 3558 virtutem,
3483 3491 3656 3562 cujus

1999 3570 2501 3643 intelligibililuce
2513 3573 2816 3645 splendere
2829 3574 3092 3630 animum
3107 3578 3659 3635 convenientissima

2005 3660 2280 3717 dicimus.
2314 3664 2491 3716 Porro
2511 3664 2583 3716 ab
2597 3662 2705 3717 hac
2726 3662 2855 3718 luce
2873 3663 3102 3719 virtutis
3126 3665 3390 3722 defectus
3413 3668 3654 3737 quidam

2006 3767 2121 3805 non
2151 3750 2445 3822 perimens
2476 3750 2757 3818 animam,
2775 3752 2874 3806 sed
2895 3752 3458 3819 obscurans,vitium
3480 3771 3653 3812 voca-

2006 3844 2117 3895 tur.
2153 3839 2347 3895 Potest
2365 3838 2547 3912 igitur
2564 3846 2713 3895 recte
2728 3840 2933 3896 vitium
2950 3858 3185 3913 quoque
3203 3843 3413 3899 animae
3427 3860 3649 3917 nequa-

2005 3945 2181 4001 quam
2213 3929 2365 3984 inter
2393 3928 2781 4002 intelligibilia
2800 3932 3114 3999 numerari,
3138 3937 3199 3987 ut
3217 3931 3476 3990 lucisille
3494 3935 3654 3991 defe-

2005 4022 2136 4073 ctus
2166 4024 2319 4073 recte
2348 4018 2420 4073 de
2460 4017 2827 4073 sensibilium
2874 4036 3117 4075 numero
3160 4020 3461 4078 eximitur:
3507 4022 3654 4080 illud

2005 4110 2205 4161 tamen
2236 4107 2387 4175 quod
2412 4112 2677 4162 remanet
2700 4108 2928 4173 animae,
2950 4108 3005 4163 id
3026 4113 3136 4175 est,
3157 4109 3265 4165 hoc
3289 4112 3653 4185 ipsumquod

2006 4195 2145 4250 vivit
2161 4200 2335 4266 atque
2353 4196 2549 4250 anima
2567 4202 2804 4263 est,tam
2828 4204 2917 4252 est
2934 4198 3505 4271 intelligibile,quam
3523 4218 3657 4257 sen-

2009 4281 2179 4337 sibile
2203 4282 2343 4336 illud
2363 4283 2519 4352 quod
2544 4284 2602 4336 in
2620 4283 2728 4339 hoc
2745 4285 2958 4340 visibili
2981 4285 3202 4341 lumine
3218 4293 3351 4357 post
3369 4288 3659 4345 defectum

2010 4377 2553 4443 quantumcumque
2586 4373 2867 4445 fulgeret:
2891 4380 2949 4430 et
2965 4374 3094 4430 ideo
3112 4376 3371 4431 animam
3393 4377 3451 4431 in
3474 4394 3661 4450 quan-

2010 4464 2137 4515 tum
2168 4460 2366 4515 anima
2382 4465 2554 4532 esset,
2570 4467 2628 4516 et
2645 4462 2773 4517 vitae
2800 4464 3198 4535 participaret,
3218 4465 3345 4522 sine
3360 4482 3479 4537 qua
3494 4466 3656 4523 nullo

2011 4554 2178 4621 pacto
2196 4548 2391 4605 anima
2402 4566 2529 4605 esse
2550 4556 2758 4622 potest,
2782 4553 3105 4608 rectissime
3119 4556 3395 4611 omnibus
3411 4556 3660 4613 sensibi-

2012 4637 2169 4693 libus
2210 4640 2505 4694 anteferri.
2554 4640 2939 4704 Quamobrem
2981 4642 3219 4698 maximi
3264 4645 3476 4701 erroris
3508 4662 3657 4715 esse,

2014 4726 2195 4783 ullam
2227 4727 2484 4783 animam
2516 4728 2708 4784 dicere
2738 4746 2852 4785 non
2885 4746 3013 4787 esse
3042 4747 3110 4787 ex
3130 4732 3267 4801 Deo,
3298 4750 3366 4790 ex
3395 4751 3509 4807 quo
3531 4751 3660 4792 esse

2014 4818 2194 4873 solem
2225 4816 2547 4888 lunamque
2575 4817 2863 4889 glorieris.

2085 4907 2140 4960 7.
2176 4907 2339 4972 Quod
2371 4905 2417 4961 si
2452 4908 2577 4977 jam
2624 4907 2877 4980 placeret
2905 4912 3101 4968 omnia
3144 4912 3445 4969 sensibilis
3474 4913 3661 4969 nomi-

2016 5011 2175 5060 nare,
2196 5011 2309 5050 non
2330 4996 2502 5051 modo
2519 5012 2588 5051 ea
2603 5013 2730 5067 qua:
2750 4999 3127 5069 sentiremus,
3145 5004 3243 5057 sed
3263 5003 3433 5059 etiam
3451 5019 3517 5058 ea
3534 5020 3659 5073 qua

2016 5101 2133 5139 non
2166 5085 2466 5140 sentiendo
2498 5089 2692 5141 tamen
2716 5103 2818 5158 per
2848 5105 3057 5160 corpus
3080 5093 3660 5159 judicaremus,sicut

2016 5189 2118 5244 per
2148 5172 2347 5229 oculos
2380 5174 2670 5241 tenebras,
2704 5183 2760 5231 et
2784 5195 2888 5249 per
2908 5196 3077 5233 ωλι-εδ
3109 5180 3406 5234 silentium
3430 5180 3659 5247 ;etillas

2018 5263 2173 5318 enim
2206 5280 2320 5317 non
2350 5264 2617 5331 videndo,
2650 5272 2707 5319 ct
2747 5267 2853 5321 hoc
2887 5285 2997 5322 non
3031 5269 3318 5322 audiendo
3358 5269 3657 5341 cognosci-

2023 5370 2179 5407 mus:
2216 5370 2279 5406 ru
2291 5370 2459 5424 rsusq
2472 5371 2539 5408 ue
2562 5353 3096 5427 intelligibilia,non
3109 5372 3175 5411 ea
3190 5361 3419 5412 tantum
3442 5375 3570 5430 quae
3589 5358 3660 5414 il-

2017 5446 2267 5513 lustrata
2285 5448 2475 5498 mente
2495 5443 3086 5515 conspicimus,sicuti
3104 5453 3195 5501 est
3210 5445 3338 5517 ipsa
3354 5448 3661 5519 sapientia;

2083 5606 2101 5640 ί
2136 5602 2293 5665 Apud
2317 5602 2447 5667 _I_.ov.
2470 5600 3358 5667 particula,de,prtstermissa,non
3383 5606 3519 5659 bene
3537 5608 3659 5662 red-

2020 5662 2209 5727 ditum,
2236 5662 2419 5725 quibus
2445 5662 2738 5714 istum-em.
