4058 6180
359 311 439 372 99
860 304 961 366 DE
1004 303 1322 367 DUABUS
1368 299 1784 364 ANIMABUS
1831 298 2141 360 CONTRA
2184 297 2683 373 MANICHEOS,
2733 301 2797 361 S.
2845 300 3279 364 AUGUSTINI

358 445 459 500 sed
495 440 671 497 etiam
703 438 802 494 illa
834 455 959 509 qua;
992 437 1179 509 ipsius
1230 435 1640 492 illustrationis
1680 432 2002 506 privatione

356 532 785 596 aversamur,ut
814 532 902 582 est
934 526 1292 597 insipientia,
1326 542 1499 597 quam
1525 525 1792 581 tenebras
1815 521 2001 577 animi

354 636 608 693 congrue
637 616 880 671 dixerim
904 633 916 671 :
954 614 1173 670 nullam
1194 615 1264 669 de
1293 614 1465 669 verbo
1503 614 1745 670 facerem
1772 615 2001 667 contro-

355 709 626 777 versiam,
661 706 757 760 sed
792 708 975 759 totam
1000 703 1378 775 quaestionem
1398 702 1551 759 facili
1577 701 1859 757 divisione
1881 700 1998 755 dis-

354 792 977 862 solverem,statimque
989 809 1060 863 ap
1070 792 1369 863 probarem
1383 792 1528 846 bene
1541 788 1999 845 attendentibus.

356 880 1122 952 substantiasintelligibiles
1144 879 1521 936 sensibilibus
1542 876 1890 934 substantiis
1907 876 1999 930 di-

354 975 488 1029 vina
505 978 561 1028 et
578 972 913 1042 incorrupta
931 970 1187 1025 veritatis
1218 968 1341 1041 lege
1366 968 1647 1040 praeponi,
1665 984 1777 1022 non
1798 982 1999 1021 earum

348 1062 809 1119 substantiarum
830 1060 1125 1125 defectus;
1147 1059 1414 1130 quamvis
1446 1058 1551 1113 hos
1584 1055 1997 1127 intelligibiles,

345 1151 478 1209 illos
511 1149 820 1207 sensibiles
851 1148 1144 1220 appellare
1162 1147 1465 1202 Vellemus.
1491 1150 1875 1217 Quapropter,
1898 1144 1997 1215 qui

348 1244 403 1297 et
432 1241 551 1295 haec
576 1238 803 1294 lumina
832 1236 1105 1306 visibilis,
1130 1242 1186 1291 et
1204 1236 1335 1311 illas
1356 1233 1751 1305 intelligibiles
1774 1234 1999 1288 animas

354 1329 719 1386 substantias
738 1344 863 1384 esse
882 1327 1224 1393 faterentur,
1237 1326 1393 1381 omni
1419 1325 1589 1379 modo
1606 1340 1704 1379 eos
1727 1322 1853 1393 cogi
1868 1322 2000 1377 sub-

357 1419 619 1490 limiores
654 1421 845 1490 partes
886 1414 1098 1471 animis
1134 1414 1465 1484 concedere,
1500 1410 1675 1483 atque
1705 1411 1996 1478 tribuere;

354 1508 611 1563 defectus
626 1522 760 1561 vero
778 1505 1082 1575 utriusque
1100 1502 1328 1576 generis
1351 1519 1464 1557 non
1489 1518 1657 1573 posse
1686 1499 1899 1556 alteros
1917 1498 1999 1553 al-

356 1597 496 1652 teris
526 1596 822 1668 anteponi,
858 1595 1086 1666 privant
1134 1593 1289 1648 enim
1325 1596 1578 1657 tantum,
1622 1595 1677 1645 et
1719 1606 1830 1644 non
1873 1604 1999 1644 esse

352 1685 636 1753 indicant,
673 1684 821 1755 quod
872 1697 1293 1754 usquequaque
1327 1681 1587 1735 eamdem
1612 1679 1726 1732 vim
1760 1678 1995 1743 habent,

350 1775 657 1846 sicutipsaa
678 1773 1035 1845 negationes.
1053 1776 1196 1825 Nam
1217 1787 1348 1825 cum
1369 1769 1638 1832 dicimus,
1654 1768 1777 1821 Non
1797 1771 1884 1821 est
1902 1783 1993 1820 au-

350 1880 505 1931 rum,
538 1869 615 1930 et,
650 1863 773 1918 Non
805 1866 894 1917 est
926 1862 1143 1926 virtus;
1190 1859 1458 1931 quamvis
1508 1858 1657 1911 inter
1700 1872 1908 1911 aurum
1943 1859 2000 1909 et

349 1953 617 2008 virtutem
651 1951 995 2023 plurimum,
1049 1948 1195 2003 nihil
1228 1954 1424 2004 tamen
1455 1947 1606 2002 inter
1638 1945 1995 2016 negationes,

351 2058 499 2113 quas
525 2041 608 2096 eis
624 2040 1025 2112 adjunximus,
1059 2039 1254 2093 distat.
1274 2037 1489 2092 Verum
1520 2036 1813 2091 enimvero
1831 2034 1998 2105 pejus

355 2135 443 2187 est
469 2148 581 2186 non
616 2146 743 2186 esse
773 2130 1071 2195 virtutem,
1092 2144 1268 2199 quam
1291 2143 1401 2181 non
1420 2142 1546 2181 esse
1564 2141 1770 2180 aurum
1794 2140 1806 2178 :
1828 2138 1997 2178 nemo

353 2237 535 2277 sanus
568 2220 705 2274 hinc
736 2218 1011 2290 ambigit;
1044 2216 1194 2287 quod
1230 2233 1343 2270 non
1375 2219 1610 2287 propter
1637 2214 1795 2285 ipsas
1828 2228 1999 2283 nega-

350 2309 562 2375 tiones,
582 2309 680 2365 sed
705 2312 937 2380 prepter
954 2323 1044 2361 res
1061 2305 1274 2378 quibus
1292 2305 1715 2375 adjunguntur,
1736 2301 1997 2357 accidere

352 2399 483 2471 quis
502 2415 616 2455 non
638 2396 1114 2468 intelligat?Auro
1130 2394 1282 2450 enim
1304 2394 1486 2447 virtus
1505 2401 1720 2463 quanto
1740 2392 1993 2463 praestat,

348 2492 513 2543 tanto
536 2491 626 2543 est
657 2486 869 2540 virtute
888 2500 1063 2555 quam
1083 2500 1223 2538 auro
1241 2498 1435 2537 carere
1466 2480 1756 2536 miserius.
1780 2481 1994 2545 Quam-

350 2577 715 2643 obrem,cum
735 2591 825 2629 res
843 2572 1237 2643 intelligibiles
1256 2570 1633 2625 sensibilibus
1652 2570 1825 2623 rebus
1842 2572 1996 2622 ante-

351 2665 586 2735 cellunt,
602 2665 891 2720 defectum
910 2663 968 2716 in
988 2659 1451 2731 intelligibilibus
1471 2675 1649 2729 quam
1668 2657 1726 2711 in
1745 2655 1993 2712 sensibi-

350 2752 511 2807 libus
542 2751 749 2806 merito
780 2750 992 2820 a'grius
1022 2746 1372 2815 toleramus;
1420 2763 1531 2800 non
1581 2762 1680 2800 eos
1710 2745 1992 2815 defectus,

351 2842 453 2897 sed
488 2858 555 2897 ea
585 2857 711 2912 qua:
744 2838 1041 2908 deliciunt,
1062 2837 1295 2893 charius
1312 2838 1398 2892 vel
1429 2835 1598 2891 vilius
1616 2834 1990 2889 aastimantes.

352 2934 430 2986 Ex
453 2948 567 3002 quo
590 2931 716 3000 jam
741 2928 882 2983 illud
913 2931 1173 2998 apparet,
1192 2927 1479 2981 defectum
1497 2925 1643 2996 vitae,
1669 2941 1794 2995 quae
1826 2922 1991 2978 intel-

350 3018 594 3091 ligibilis
622 3023 730 3086 est,
766 3016 949 3072 multo
981 3015 1461 3071 miserabiliorem
1495 3030 1641 3081 esse,
1673 3029 1844 3084 quam
1879 3012 1993 3067 hu-

343 3108 445 3179 jus
478 3106 771 3163 sensibilis
806 3105 985 3173 lucis;
1018 3104 1171 3176 quod
1195 3103 1415 3159 scilicet
1434 3101 1618 3157 multo
1650 3105 1737 3156 est
1767 3099 1997 3155 charior

350 3184 647 3248 intellecta
673 3192 810 3261 vita,
843 3208 1019 3263 quam
1050 3190 1151 3245 lux
1180 3190 1292 3246 ista
1323 3194 1652 3259 conspecta.

420 3282 474 3337 8.
511 3284 643 3347 Quae
676 3297 808 3335 cum
842 3281 923 3335 ita
953 3280 1090 3346 sint,
1137 3280 1449 3335 audebitne
1492 3279 1828 3350 quisquam,
1860 3294 1993 3332 cum

353 3370 535 3427 solem
568 3387 633 3425 ac
662 3370 886 3439 lunam,
906 3374 963 3425 et
992 3369 1275 3440 quidquid
1297 3369 1353 3424 in
1375 3368 1686 3433 sideribus,
1706 3366 1992 3438 quidquid

354 3460 607 3530 denique
639 3457 696 3513 in
728 3458 837 3513 hoc
867 3460 999 3531 igne
1021 3462 1219 3513 nostro
1250 3463 1423 3529 atque
1453 3462 1681 3511 terreno
1710 3455 1835 3511 luce
1857 3454 1993 3509 visi-

354 3548 455 3603 bili
474 3546 728 3620 effulget,
749 3548 863 3602 Deo
882 3547 1122 3615 tribuat,
1145 3546 1370 3602 animas
1387 3546 1693 3618 quaslibet,
1714 3562 1840 3616 quae
1861 3562 1993 3617 pro-

354 3639 500 3693 fecto
523 3638 634 3693 nisi
666 3637 908 3691 vivendo
929 3636 1135 3691 anima:
1160 3653 1272 3691 non
1294 3642 1449 3702 sunt,
1473 3652 1602 3690 cum
1638 3638 1865 3689 tantum
1888 3633 1996 3689 hoc

348 3725 545 3783 lumen
576 3727 693 3781 vita
726 3726 1029 3797 praecedat,
1064 3724 1217 3780 nolle
1246 3726 1559 3780 concedere
1597 3742 1662 3779 ex
1694 3729 1802 3779 Deo
1829 3723 1999 3779 esse?

348 3820 405 3873 et
434 3832 565 3871 cum
589 3814 685 3870 ille
702 3831 898 3870 verum
920 3814 1094 3882 dicat,
1115 3815 1214 3885 qui
1250 3813 1409 3881 dicit,
1432 3814 1493 3869 In
1518 3817 1806 3884 quantum
1829 3812 1993 3879 nitet,

352 3922 420 3960 ex
448 3904 563 3959 Deo
586 3908 675 3958 est
697 3921 710 3969 ;
744 3919 926 3974 egone
947 3903 1205 3968 tandem,
1227 3903 1379 3959 Deus
1398 3919 1628 3974 magne,
1660 3902 1927 3967 mentiar,
1948 3900 1997 3957 si

353 3993 566 4061 dicam,
603 3993 665 4046 In
699 3996 984 4062 quantum
1015 3991 1173 4062 vivit,
1214 4007 1281 4047 ex
1324 3991 1438 4046 Deo
1469 3991 1599 4046 est?
1642 3991 1764 4045 Non
1813 4006 2000 4061 usque

354 4081 745 4152 adeo,quaeso,
776 4078 1003 4135 caacitas
1022 4080 1236 4135 mentis
1253 4078 1657 4151 suppliciaque
1675 4084 2000 4149 augeantur

355 4169 707 4237 animorum,
731 4174 792 4223 ut
810 4168 930 4223 hare
947 4168 1212 4224 homines
1230 4185 1343 4223 non
1363 4167 1714 4239 intelligant.
1734 4168 1843 4222 Sed
1865 4184 1999 4238 quo-

356 4274 472 4329 quo
503 4258 677 4313 modo
707 4256 943 4312 illorum
961 4273 1120 4312 error
1138 4262 1238 4312 aut
1254 4256 1573 4329 pertinacia
1590 4273 1715 4311 sese
1737 4256 1995 4326 haberet,

354 4346 449 4403 his
479 4363 583 4415 ego
608 4346 787 4401 fretus
818 4350 1194 4418 armatusque
1225 4345 1567 4412 rationibus,
1589 4346 1907 4401 crcdocum
1927 4344 1997 4399 ad

357 4450 455 4493 eos
469 4451 590 4490 rem
607 4435 687 4490 ita
700 4436 1123 4491 consideratam
1141 4438 1622 4508 perspectamquc
1636 4433 1971 4490 detulissem
1984 4475 1997 4500 ,

356 4528 415 4580 et
445 4540 577 4579 cum
594 4522 685 4579 his
700 4524 923 4596 placide
937 4524 1333 4588 contulissem,
1350 4540 1575 4579 vererer
1591 4540 1662 4579 ne
1677 4522 1820 4577 mihi
1836 4522 1997 4595 quis

357 4628 535 4684 quam
555 4628 753 4667 eorum
788 4612 1038 4683 alicujus
1068 4613 1343 4669 momenti
1364 4630 1491 4668 esse
1507 4612 1815 4677 videretur,
1836 4613 1883 4667 si
1902 4615 2003 4666 aut

357 4700 742 4769 intellectum,
764 4706 864 4756 aut
880 4717 947 4756 ea
964 4717 1090 4773 quae
1110 4701 1406 4758 intellectu
1429 4718 1542 4757 non
1562 4702 1963 4773 perdefectum

358 4790 815 4865 perciperentur,
830 4789 1348 4847 sensuiconaretur
1365 4792 1654 4861 praeferre,
1675 4795 1775 4845 aut
1794 4789 2001 4847 saltem

359 4893 698 4951 comparare
730 4894 1024 4951 corporeo,
1057 4879 1143 4934 vel
1174 4878 1264 4934 his
1282 4879 1457 4935 rebus
1486 4896 1607 4950 quas
1629 4880 1697 4934 ad
1730 4880 2001 4934 eumdem

359 4985 594 5026 sensum
623 4970 1032 5041 cognoscendae
1053 4967 1319 5023 similiter
1335 4969 1708 5040 pertinerent.
1729 4968 1849 5031 Quo
1867 4984 2002 5023 con-

358 5058 584 5123 stituto,
612 5056 844 5128 quando
870 5055 967 5112 ille
997 5057 1140 5112 mihi
1161 5058 1245 5112 vel
1266 5057 1577 5129 quisquam
1598 5071 1806 5128 negare
1823 5057 1999 5113 aude-

362 5151 467 5212 ret,
502 5146 729 5203 animas
760 5151 1045 5219 quantum
1069 5146 1236 5202 vellet
1256 5146 1461 5216 maias,
1496 5150 1689 5201 tamen
1722 5145 2000 5217 quoniam

361 5233 567 5288 animaa
600 5240 814 5301 essent,
837 5233 1289 5307 intelligibilium
1323 5249 1516 5288 rerum
1550 5248 1789 5287 numero
1820 5233 2003 5288 conti-

361 5321 509 5383 neri,
542 5337 729 5393 neque
760 5323 890 5379 illas
923 5341 1023 5397 per
1052 5324 1340 5379 defectum
1383 5320 1673 5392 intelligi?
1702 5320 2001 5391 Siquidem

360 5410 569 5466 anima:
587 5427 701 5465 non
722 5410 834 5466 alio
852 5420 1067 5479 essent,
1088 5411 1200 5468 nisi
1220 5427 1333 5482 quo
1364 5409 1635 5464 viverent.
1662 5409 1818 5465 Licet
1845 5410 2001 5466 enim

425 5575 456 5697 1/
473 5569 629 5682 Efiti,
660 5569 889 5620 nondum
918 5575 1154 5636 per/ecta.
1174 5572 1363 5623 Melius
1380 5569 1620 5623 Vaticani
1640 5570 1895 5633 lss.,non
1912 5586 2006 5635 per

402 5650 427 5683 e
456 5649 509 5683 ec
535 5648 639 5682 um.

402 5648 529 5683 81861
535 5648 618 5682 um
626 5668 639 5681 .

3652 302 3769 366 100

2117 448 2222 502 per
2268 432 2556 487 defectum
2602 433 3065 505 intelligerentur
3095 435 3333 501 vitiosae,
3369 433 3506 507 quia
3534 435 3769 492 virtutis

2116 526 2372 593 egestate
2403 522 2619 578 vitiosae
2645 541 2657 590 ;
2712 540 2827 578 non
2858 529 3051 581 tamen
3086 540 3188 595 per
3218 525 3508 580 defectum
3536 525 3766 593 animae,

2114 610 2249 679 quia
2276 610 2521 666 vivendo
2547 612 2775 667 animae.
2791 612 2907 668 Nec
2924 612 3045 668 eri
3070 618 3259 683 potest
3279 618 3343 669 ut
3358 613 3485 668 vitae
3506 631 3766 685 praesen-

2111 696 2193 753 tia
2210 698 2497 755 sit'causa
2527 700 2833 756 deciendi
2853 719 2865 759 :
2886 717 3018 756 cum
3045 705 3210 757 tanto
3232 701 3491 775 quidque
3513 702 3763 776 deficiat,

2112 791 2332 856 quanto
2362 788 2650 843 deseritur
2679 806 2712 843 a
2742 789 2872 845 vita.

2179 874 2233 929 9.
2268 875 2439 931 Omni
2462 877 2632 932 modo
2664 877 2842 949 igitur
2872 894 3005 933 cum
3025 882 3245 950 pateret
3276 897 3391 935 non
3412 896 3583 953 posse
3609 881 3761 938 ullas

2112 965 2339 1020 animas
2370 965 2443 1019 ab
2475 982 2540 1021 eo
2573 972 2808 1022 auctore
2837 967 3119 1038 separari,
3159 985 3192 1022 a
3225 985 3338 1040 quo
3370 968 3468 1025 lux
3499 972 3610 1025 ista
3643 988 3757 1027 non

2110 1059 2441 1124 separatur;
2467 1055 2597 1125 jum
2625 1055 2912 1128 quidquid
2944 1056 3235 1126 afferrent,
3262 1074 3374 1113 non
3409 1060 3755 1132 acciperem,

2110 1158 2529 1215 moneremque
2562 1145 2778 1216 potius,
2805 1149 2871 1199 ut
2902 1161 3001 1201 eos
3034 1161 3263 1201 mecum
3296 1147 3461 1218 sequi
3495 1147 3754 1215 mallent,

2110 1229 2210 1302 qui
2243 1247 2414 1287 omne
2447 1233 2729 1305 quidquid
2759 1238 2937 1302 esset,
2969 1234 3245 1305 quoniam
3280 1240 3453 1306 esset,
3479 1236 3538 1291 in
3566 1253 3757 1308 quan-

2110 1324 2495 1393 tumcumque
2523 1326 2696 1392 esset,
2730 1339 2797 1378 ex
2828 1339 2939 1378 uno
2971 1322 3085 1379 Deo
3116 1340 3246 1379 esse
3278 1325 3681 1396 praedicarent.

2180 1406 2408 1464 CAPUT
2445 1409 2566 1467 VII.
2584 1442 2653 1452 -
2672 1411 2812 1466 Mali
2823 1411 3085 1484 quomcdo
3114 1428 3184 1467 ea:
3208 1413 3332 1480 Deo,
3351 1423 3524 1471 etnon
3540 1430 3613 1469 ex
3627 1416 3754 1472 Deo.

2108 1494 2434 1553 Recitarent
2465 1500 2747 1555 adversus
2771 1517 2861 1555 me
2888 1517 3056 1557 voces
3083 1500 3213 1556 illas
3244 1502 3608 1575 evangelicas
3628 1522 3640 1559 :
3664 1504 3758 1561 Vos

2101 1591 2387 1657 propterea
2416 1606 2528 1642 non
2562 1589 2786 1656 auditis,
2817 1591 2953 1661 quia
2978 1606 3053 1645 ea:
3082 1590 3185 1645 Deo
3214 1606 3325 1645 non
3356 1594 3483 1647 estis
3495 1609 3516 1654 ;
3567 1594 3659 1649 Vos
3687 1610 3759 1649 ea:

2101 1683 2258 1745 patre
2287 1675 2503 1733 diabolo
2532 1680 2660 1733 estis
2694 1678 2871 1749 (Joan.
2905 1695 3028 1745 vm,
3061 1679 3129 1733 47
3157 1684 3209 1734 et
3235 1680 3344 1750 44).
3379 1680 3494 1753 Ego
3525 1698 3756 1753 quoque

2106 1769 2308 1818 contra
2331 1767 2654 1835 recitarem,
2680 1767 2883 1824 Omnia
2911 1784 3012 1839 per
3031 1770 3209 1838 ipsum
3230 1772 3379 1840 facta
3398 1775 3544 1837 sunt,
3568 1780 3617 1826 et
3636 1773 3757 1826 sine

2106 1852 2219 1923 ipso
2247 1855 2458 1923 factum
2505 1856 2758 1910 estnihil
2812 1857 2916 1927 (Id.
2953 1875 2989 1921 ,
3016 1858 3119 1925 3)
3169 1860 3222 1913 et
3272 1857 3415 1913 illud
3465 1858 3751 1931 Apostoli,

2110 1941 2256 1997 Unus
2287 1946 2435 1998 Deus
2456 1960 2528 1997 ex
2548 1961 2651 2015 quo
2666 1945 2884 2007 omnia;
2896 1954 2947 2000 et
2976 1962 3120 2000 unus
3138 1948 3402 2002 Dominus
3423 1949 3575 2003 Iesus
3601 1948 3755 2004 Chri-

2103 2034 2221 2086 stus
2247 2047 2347 2103 per
2373 2048 2533 2103 quem
2562 2035 2747 2089 omnia
2777 2034 2822 2106 (
2855 2034 2975 2091 Cor.
3010 2051 3131 2105 vm,
3162 2036 3219 2107 6)
3236 2053 3257 2097 ,
3283 2043 3339 2091 et
3359 2036 3569 2091 iterum
3601 2037 3752 2108 ejus-

2104 2118 2235 2175 dem
2258 2120 2528 2191 apostoli,
2561 2123 2644 2177 Ea:
2670 2138 2773 2193 quo
2804 2124 3008 2191 omnia,
3032 2140 3132 2194 per
3153 2139 3313 2195 quem
3342 2127 3549 2194 omnia,
3568 2128 3625 2179 in
3647 2141 3751 2197 quo

2102 2211 2314 2275 omnia,
2348 2211 2462 2281 ipsi
2486 2210 2671 2281 gloria
2714 2213 2889 2283 (Rom.
2922 2230 3003 2279 xx,
3038 2213 3167 2282 36):
3224 2212 3599 2286 hortarerque
3641 2214 3751 2271 ho-

2103 2296 2291 2353 mines
2322 2298 2392 2370 (si
2421 2304 2612 2356 tamen
2639 2300 2907 2356 homines
2936 2300 3302 2370 invenirem),
3326 2301 3471 2358 nihil
3504 2304 3751 2374 nosjam

2103 2388 2268 2458 quasi
2295 2390 2650 2461 comperisse
2680 2406 3197 2461 praesumeremus;
3234 2391 3333 2446 sed
3360 2408 3753 2462 quareremus

2102 2476 2299 2547 potius
2317 2478 2652 2548 magistros,
2667 2479 2768 2549 qui
2783 2480 3207 2534 sententiarum
3232 2480 3637 2553 istarum,quaa
3656 2498 3755 2538 no.

2102 2565 2192 2621 bis
2222 2566 2375 2621 inter
2402 2584 2462 2622 se
2486 2583 2745 2639 pugnare
2768 2568 3120 2634 viderentur,
3138 2585 3337 2639 pacem
3360 2571 3754 2626 concordiam-

2102 2668 2213 2722 que
2245 2658 2656 2708 monstrarent.
2693 2654 2837 2709 Nam
2869 2655 2927 2709 in
2962 2671 3078 2710 una
3121 2662 3293 2727 atque
3316 2658 3515 2712 eadem
3551 2664 3752 2715 aucto-

2100 2740 2270 2795 ritate
2295 2740 2730 2814 Scripturarum
2756 2747 2796 2813 ,
2830 2760 2963 2799 cum
2998 2742 3133 2799 alibi
3167 2750 3417 2811 sonaret,
3456 2746 3653 2803 Omnia
3680 2764 3751 2803 ex

2099 2829 2203 2884 Deo
2253 2831 2297 2899 (
2330 2830 2450 2885 Cor.
2483 2848 2559 2899 x1,
2603 2832 2719 2901 12);
2772 2836 2829 2887 et
2877 2831 3036 2898 alibi,
3076 2834 3165 2888 Vos
3194 2849 3303 2887 non
3333 2836 3463 2889 estis
3491 2851 3560 2890 ea:
3604 2837 3747 2892 Deo:

2100 2919 2377 2990 quoniam
2398 2919 2599 2975 Libros
2616 2924 2833 2977 temere
2850 2923 3236 2978 condemnare
3256 2923 3419 2978 nefas
3437 2925 3747 2997 esset,quis

2100 3024 2214 3063 non
2247 3006 2465 3063 videret
2483 3010 2733 3081 peritum
2751 3010 3069 3079 doctorem,
3087 3010 3180 3066 cui
3201 3012 3541 3083 quaestionis
3564 3013 3745 3085 hujus

2098 3095 2311 3152 solutio
2329 3102 2465 3152 nota
2480 3102 2653 3165 esset,
2679 3098 3091 3156 inveniendum
3114 3099 3294 3156 fuisse
3311 3100 3338 3155 ?
3363 3102 3464 3173 qui
3489 3102 3743 3173 profecto

2098 3184 2149 3240 si
2196 3189 2350 3241 esset
2398 3185 2582 3241 bonus
2613 3186 2953 3253 iutellector,
2989 3193 3065 3259 et,
3099 3194 3164 3244 ut
3192 3188 3474 3245 divinitus
3503 3190 3745 3262 dicitur,

2097 3272 2273 3329 homo
2303 3274 2625 3346 spiritualis
2656 3275 2754 3347 (Id.
2788 3293 2849 3344 ,
2877 3278 2984 3348 15),
3008 3277 3287 3348 quoniam
3313 3278 3640 3335 necessario
3665 3279 3746 3335 fa-

2098 3370 2253 3419 veret
2268 3363 2418 3419 veris
2435 3364 2783 3431 rationibus,
2800 3382 2947 3436 quas
2962 3367 3032 3421 de
3059 3366 3412 3439 intelligibili
3442 3368 3742 3424 sensibili-

2100 3468 2213 3523 que
2245 3456 2471 3523 natura,
2493 3458 2776 3523 quantum
2797 3455 2983 3525 potui,
3004 3456 3243 3511 tractavi
3262 3460 3438 3527 atque
3469 3456 3743 3529 disserui,

2098 3540 2217 3596 imo
2247 3541 2523 3613 easipse
2556 3542 2738 3597 multo
2770 3542 3001 3609 melius,
3024 3547 3082 3599 et
3097 3544 3169 3599 ad
3194 3545 3520 3600 docendum
3547 3546 3747 3617 aptius

2100 3628 2375 3700 aperiret;
2410 3629 2555 3685 nihil
2578 3631 2648 3685 ab
2680 3648 2745 3687 eo
2769 3631 2922 3687 aliud
2958 3633 3028 3687 de
3050 3632 3157 3687 hac
3181 3633 3501 3705 quastione
3526 3636 3756 3694 audire-

2101 3734 2255 3784 mus,
2289 3718 2401 3775 nisi
2426 3721 2922 3791 quemadmodum
2945 3722 3067 3777 tieri
3101 3727 3323 3794 posset,
3348 3728 3413 3779 ut
3443 3727 3500 3779 et
3522 3723 3753 3781 nullum

2101 3806 2431 3864 animarum
2473 3825 2657 3881 genus
2689 3827 2804 3866 non
2838 3816 2992 3867 esset
3020 3828 3088 3867 ex
3123 3813 3252 3883 Deo,
3286 3817 3343 3867 et
3372 3817 3523 3869 recte
3552 3819 3751 3870 tamen

2102 3898 2506 3969 peccatoribus
2520 3904 2575 3953 et
2594 3900 2607 3952 i
2618 3898 2930 3955 ndelibus
2944 3900 3375 3968 diceretur,Non
3396 3905 3525 3957 estis
3537 3919 3611 3958 ea:
3621 3905 3752 3960 Deo.

2102 3986 2246 4042 Nam
2267 3992 2325 4043 et
2353 4004 2458 4043 nos
2483 3988 2730 4045 fortasse
2748 3989 3054 4061 implorato
3070 3989 3127 4044 in
3146 3988 3426 4046 auxilium
3448 3991 3563 4048 Deo
3586 3992 3754 4049 facile

2102 4075 2297 4131 videre
2329 4094 2661 4147 possemus,
2694 4077 2851 4133 aliud
2882 4094 3009 4134 esse
3038 4078 3245 4148 vivere,
3280 4080 3436 4134 aliud
3472 4097 3747 4153 peccare:

2102 4168 2159 4219 et
2188 4181 2526 4237 quanquam
2557 4166 2673 4221 vita
2695 4166 2752 4221 in
2774 4171 3026 4238 peccatis
3046 4169 3102 4222 in
3134 4170 3753 4239 comparationejustm

2102 4252 2234 4308 vitae
2262 4270 2418 4309 mors
2448 4253 2741 4326 appellata
2770 4255 2845 4310 sit
2874 4258 2919 4326 (
2956 4257 3088 4311 Tim.
3118 4273 3171 4324 v,
3202 4257 3293 4327 6);
3329 4264 3646 4330 utrumque
3666 4263 3751 4314 ta-

2105 4357 2235 4396 men
2258 4343 2314 4395 in
2349 4341 2585 4398 homine
2606 4359 2722 4399 uno
2740 4359 2911 4415 posse
2927 4344 3194 4413 inveniri,
3212 4350 3275 4400 ut
3296 4346 3469 4402 simul
3491 4349 3567 4403 sit
3587 4348 3755 4405 vivus

2102 4434 2278 4502 atque
2310 4436 2603 4503 peccator:
2640 4433 2741 4489 sed
2772 4434 2925 4504 quod
2957 4434 3141 4504 vivus,
3174 4451 3241 4490 ex
3271 4435 3415 4503 Deo;
3451 4438 3603 4509 quod
3629 4454 3757 4506 pec-

2103 4523 2281 4590 cator,
2317 4537 2431 4575 non
2457 4537 2525 4576 ex
2556 4522 2685 4577 Deo.
2721 4522 2784 4578 In
2808 4540 2926 4594 qua
2956 4523 3239 4579 divisione
3258 4526 3482 4580 utimur
3510 4542 3577 4581 ea
3596 4532 3759 4598 parte

2104 4610 2175 4664 de
2205 4610 2456 4676 duabus,
2490 4626 2617 4681 quas
2642 4616 2855 4667 nostra:
2885 4613 3183 4667 sententiae
3204 4615 3511 4685 competit:
3538 4620 3603 4669 ut
3623 4631 3757 4671 cum

2106 4698 2201 4753 Dei
2236 4699 2552 4755 conditoris
2592 4700 3073 4771 omnipotentiam
3109 4703 3410 4759 insinuare
3463 4703 3758 4778 volumus,

2104 4790 2278 4843 etiam
2309 4789 2707 4859 peccatoribus
2740 4790 3007 4846 dicamus
3031 4792 3182 4863 quod
3214 4808 3283 4847 ex
3312 4797 3425 4848 Deo
3447 4792 3582 4848 sint.
3604 4793 3760 4848 Dici-

2105 4893 2239 4931 mus
2255 4876 2410 4931 enim
2442 4876 2535 4932 his
2553 4878 2652 4948 qui
2671 4876 2870 4949 aliqua
2888 4880 3077 4951 specie
3097 4882 3489 4950 continentur,
3504 4882 3758 4939 dicimus

2105 4964 2528 5036 animantibus,
2548 4966 2798 5023 dicimus
2829 4968 3237 5041 rationalibus,
3258 4970 3509 5026 dicimus
3533 4975 3758 5043 postre-

2106 5070 2222 5124 mo,
2250 5054 2405 5124 quod
2437 5054 2509 5110 ad
2544 5071 2664 5110 rem
2701 5058 2952 5112 maxime
2971 5058 3196 5127 attinet,
3236 5058 3595 5116 viventibus:
3624 5075 3752 5132 qua

2105 5141 2302 5196 omnia
2333 5158 2435 5213 per
2464 5159 2527 5198 se
2557 5143 2684 5214 ipsa
2713 5144 2910 5200 divina
2940 5151 3079 5202 sunt
3109 5164 3373 5202 munera.
3394 5148 3538 5203 Cum
3557 5152 3758 5204 autem

2106 5229 2288 5285 malos
2302 5247 2546 5303 arguere
2558 5233 2920 5304 propositum
2936 5240 3206 5303 est,recte
3220 5234 3618 5305 dicimus,Non
3633 5239 3763 5293 estis

2103 5334 2173 5374 ex
2200 5320 2325 5375 Deo.
2360 5320 2618 5377 Dicimus
2643 5322 2799 5377 enim
2820 5339 2931 5378 sea
2960 5325 3203 5381 veritate
3236 5325 3759 5394 avertentibus,in-

2105 5407 2182 5464 tld
2199 5408 2410 5477 elibus,
2461 5410 2825 5478 facinorosis,
2868 5411 3195 5485 agitiosis,
3228 5419 3304 5485 et,
3337 5416 3491 5487 quod
3524 5415 3761 5471 nomine

2226 5573 2356 5622 Vox.
2382 5570 2793 5635 (scripturarum,
2824 5584 2935 5621 non
2965 5575 3047 5623 est
3073 5573 3129 5622 in
3159 5574 3281 5623 Mss.
3312 5573 3599 5625 Vaticanis.

2218 5636 2277 5683 In
2308 5634 2481 5696 editis,
2504 5634 2614 5683 imo
2640 5636 2686 5684 si
2714 5646 2815 5683 eas.
2852 5635 3033 5696 Abest,
3058 5636 3120 5698 si,
3152 5650 3184 5686 a
3211 5638 3334 5689 Mss.
