4084 6194
14 5502 35 5573 t

248 335 362 394 105
1694 330 1927 389 LIBER
1973 332 2209 393 UNUS.
3540 343 3659 402 106

242 470 385 531 tere,
437 468 540 521 aut
589 462 836 535 adipisci
883 461 1110 533 aliquid
1161 461 1304 527 vult,
1354 462 1549 517 omnis
1608 460 1707 533 qui
1759 462 1901 516 vult.

242 554 660 618 Quamobrem,
681 552 731 607 si
755 551 955 608 omnia
976 551 1091 606 ista
1115 550 1247 607 luce
1268 550 1516 607 clariora
1539 554 1697 619 sunt,
1725 550 1900 606 sicuti

241 649 407 710 sunt,
422 660 614 715 neque
634 659 777 698 mea;
792 642 1155 707 tantum,sed
1180 640 1395 696 notitiae
1418 640 1645 712 generis
1658 640 1902 697 humani

238 732 506 788 veritatis
532 733 722 804 ipsius
751 730 1106 786 liberalitate
1154 730 1389 800 donata,
1431 746 1535 784 cur
1578 728 1677 784 illo
1722 729 1900 785 etiam

240 829 511 895 tempore
548 822 743 876 dicere
781 837 898 877 non
940 835 1203 892 possem:
1247 818 1523 875 Voluntas
1568 823 1660 874 est
1707 822 1900 874 motus

236 912 449 979 animi,
484 913 727 983 cogente
758 908 941 975 nullo,
976 908 1050 964 ad
1083 907 1309 981 aliquid
1339 907 1426 964 vel
1467 924 1581 963 non
1623 909 1897 964 amitten-

235 1003 405 1069 dum,
438 1000 532 1055 vel
565 999 1011 1072 adipiscendum
1036 998 1064 1052 ‘2

303 1088 545 1146 CAPUT
584 1088 675 1143 ΧΙ.
710 1119 779 1128 -
810 1086 897 1143 15.
929 1088 1217 1143 Peccatum
1252 1084 1403 1159 quid.
1445 1083 1607 1141 Dicet
1638 1084 1894 1157 aliquis:

231 1180 301 1235 Et
321 1178 438 1234 hoc
458 1183 518 1235 te
534 1178 848 1234 adversum
869 1175 1221 1232 Manichacus
1243 1173 1385 1247 quid
1420 1174 1759 1246 adjuvaret?
1784 1175 1895 1229 Ex-

230 1275 474 1341 specta;
502 1268 629 1323 sine
652 1266 812 1337 prius
835 1265 1009 1321 etiam
1030 1268 1335 1337 peccatum
1353 1263 1726 1329 deﬁniamus,
1742 1263 1895 1335 quod

228 1356 359 1412 sine
389 1356 692 1412 voluntate
714 1370 845 1411 esse
876 1371 990 1410 non
1022 1369 1197 1425 posse
1226 1353 1421 1409 omnis
1459 1369 1625 1409 mens
1656 1353 1812 1424 apud
1836 1367 1898 1409 se

232 1445 531 1501 divinitus
560 1443 959 1515 conscriptum
992 1441 1151 1514 legit.
1186 1445 1335 1514 Ergo
1368 1447 1668 1514 peccatum
1691 1446 1779 1496 est
1799 1456 1898 1496 vo-

232 1535 438 1590 luntas
459 1532 755 1589 retinendi
772 1531 862 1587 vel
880 1530 1276 1602 consequendi
1298 1531 1451 1602 quod
1464 1529 1699 1601 justitia
1719 1534 1894 1598 vetat,

228 1632 283 1680 et
308 1624 478 1679 unde
505 1621 755 1678 liberum
781 1624 872 1677 est
892 1620 1183 1676 abstinere
1198 1620 1298 1692 (a).
1323 1622 1669 1691 Quanquam
1689 1620 1738 1674 si
1757 1619 1897 1674 libe-

226 1730 357 1768 rum
390 1728 517 1767 non
538 1711 639 1777 sit,
666 1728 781 1766 non
813 1714 902 1765 est
923 1709 1208 1764 voluntas.
1248 1708 1358 1764 Sed
1382 1707 1562 1763 malui
1588 1709 1853 1780 grossius
1874 1708 1895 1743 ³

230 1818 407 1872 quam
424 1799 841 1872 scrupulosius
854 1797 1309 1853 definire.Etiam
1321 1814 1391 1852 ne
1408 1797 1493 1851 2hi
1509 1795 1638 1851 libri
1659 1797 1891 1852 obscuri

228 1890 373 1946 mihi
390 1889 702 1946 scrutandi
720 1888 1065 1953 erant,unde
1077 1886 1362 1942 discerem
1376 1886 1664 1941 neminem
1682 1886 1895 1958 vitupe-

228 1982 459 2035 ratione
494 1977 856 2050 suppliciove
886 1977 1155 2049 dignum,
1189 1975 1289 2047 qui
1322 1981 1425 2031 aut
1452 1975 1507 2030 id
1554 1974 1693 2030 velit
1738 1975 1891 2047 quod

218 2068 463 2141 justitia
494 2066 645 2122 velle
678 2083 794 2122 non
827 2065 1115 2137 prohibet,
1151 2070 1249 2121 aut
1279 2064 1336 2119 id
1370 2081 1485 2120 non
1529 2064 1700 2119 faciat
1734 2064 1890 2136 quod

227 2160 418 2214 facere
433 2174 557 2212 non
573 2160 769 2228 potest
788 2158 810 2210 Ρ
825 2154 1027 2210 Nonne
1049 2154 1160 2209 ista
1179 2157 1416 2209 cantant
1432 2158 1488 2209 et
1509 2153 1568 2208 in
1592 2154 1891 2210 montibus

226 2254 521 2321 pastores,
555 2250 615 2301 et
647 2245 706 2299 in
729 2243 977 2299 theatris
999 2248 1200 2315 poeta,
1225 2248 1281 2298 et
1300 2242 1518 2298 indocti
1539 2241 1599 2297 in
1631 2241 1887 2307 circulis,

228 2342 283 2394 et
305 2336 474 2392 docti
500 2336 562 2389 in
587 2332 983 2401 bibliothecis,
1004 2336 1062 2389 et
1083 2331 1347 2404 magistri
1372 2332 1428 2386 in
1449 2331 1686 2397 scholis,
1707 2336 1765 2387 et
1785 2349 1889 2387 an-

227 2425 451 2481 tistites
484 2424 549 2479 in
580 2421 827 2479 sacratis
855 2420 1021 2490 locis,
1055 2426 1112 2476 et
1142 2422 1202 2475 in
1233 2422 1370 2477 orbe
1392 2425 1678 2475 terrarum
1703 2422 1889 2493 genus

229 2515 572 2570 humanum
593 2512 624 2567 ?
656 2512 816 2578 Quod
840 2510 889 2565 si
908 2527 1075 2566 nemo
1091 2510 1515 2582 vituperatione
1530 2509 1615 2565 vel
1646 2510 1890 2566 damna-

231 2604 387 2658 tione
421 2602 651 2674 dignus
672 2606 779 2667 est,
807 2604 908 2655 aut
929 2616 1042 2655 non
1066 2604 1268 2654 contra
1283 2598 1523 2654 vetitum
1542 2598 1788 2669 justitize
1805 2599 1888 2654 fa-

239 2692 419 2758 ciens,
446 2697 557 2745 aut
579 2689 733 2760 quod
761 2704 876 2743 non
898 2692 1085 2760 potest
1109 2704 1223 2743 non
1248 2687 1486 2754 faciens,
1502 2703 1674 2742 omne
1696 2694 1887 2742 autem

234 2786 554 2853 peccatum
586 2778 672 2833 vel
703 2776 1154 2849 vituperandum
1188 2781 1296 2846 est,
1327 2774 1410 2832 vel
1446 2776 1887 2841 damnandum;

238 2869 361 2939 quis
388 2868 633 2923 dubitet
656 2872 791 2921 tunc
824 2882 951 2922 esse
973 2869 1297 2938 peccatum,
1320 2881 1454 2920 cum
1480 2869 1535 2919 et
1565 2864 1711 2920 velle
1733 2864 1891 2935 inju-

233 2966 390 3015 stum
406 2962 526 3023 est,
544 2961 604 3011 et
620 2955 866 3010 liberum
886 2954 1039 3009 nolle
1057 2972 1071 3021 ;
1090 2959 1147 3010 et
1162 2954 1291 3009 ideo
1311 2953 1708 3009 definitionem
1728 2953 1888 3008 illam

229 3055 279 3103 et
301 3063 509 3102 veram
530 3050 590 3101 et
612 3046 683 3100 ad
698 3042 1147 3116 intelligendum
1169 3058 1297 3099 esse
1320 3042 1683 3112 facillimam,
1702 3046 1759 3098 et
1776 3058 1889 3098 non

229 3137 401 3192 modo
435 3151 623 3204 nunc,
655 3135 754 3189 sed
795 3137 939 3188 tunc
974 3148 1208 3205 quoque
1238 3148 1272 3187 a
1304 3148 1395 3187 me
1419 3132 1681 3203 potuisse
1731 3131 1888 3198 dici;

230 3226 551 3282 Peccatum
582 3228 672 3278 est
715 3221 984 3277 voluntas
1027 3220 1315 3276 retinendi
1358 3220 1447 3275 vel
1497 3219 1891 3292 consequendi

234 3315 386 3388 quod
402 3312 650 3384 justitia
677 3315 849 3379 vetat,
883 3316 941 3367 et
971 3310 1127 3366 unde
1156 3309 1407 3365 liberum
1439 3314 1526 3365 est
1556 3307 1894 3364 abstinere?

302 3402 548 3460 CAPUT
588 3402 713 3456 ΧΠ.
745 3432 814 3441 -
842 3402 927 3456 16.
962 3402 1056 3455 Ex
1086 3399 1227 3455 datis
1253 3397 1666 3468 deﬁnitionibus
1682 3400 1896 3470 peccati

242 3502 290 3549 et
320 3494 634 3548 voluntatis
662 3489 916 3546 heresim
943 3488 1549 3545 Manichaeorumtotam
1568 3489 1778 3544 evertit.
1804 3489 1897 3543 Ea:

234 3598 325 3640 ma
334 3584 530 3638 larum
542 3583 671 3637 item
681 3579 1162 3651 animarumjusta
1172 3578 1521 3633 damnatione
1530 3578 1780 3648 sequitur
1790 3592 1899 3632 non

240 3682 481 3737 natura,
514 3670 606 3726 sed
636 3671 920 3725 voluntate
947 3668 1123 3723 malas
1152 3683 1286 3723 esse.
1304 3667 1536 3723 Animas
1564 3682 1675 3723 esse
1693 3674 1899 3722 natura

243 3763 433 3829 bonas,
468 3760 665 3832 quibus
693 3759 858 3814 datur
886 3759 1046 3814 venia
1073 3766 1436 3828 peccatorum.
1468 3758 1586 3828 Age
1605 3772 1784 3826 nunc,
1815 3755 1896 3810 vi-

239 3851 497 3907 deamus
516 3849 653 3920 quid
668 3864 775 3903 nos
791 3848 911 3902 haec
927 3847 1287 3915 adjuvarent.
1300 3845 1619 3900 Plurimum
1634 3844 1903 3900 omnino'

240 3946 305 3995 ut
323 3939 475 3994 nihil
498 3936 754 4008 amplius
776 3935 1168 3991 desiderarem
1191 3950 1204 3989 :
1223 3938 1407 3990 totam
1430 3934 1646 4006 quippe
1661 3949 1898 3989 causam

242 4029 510 4085 ﬁnirent.
543 4026 687 4082 Nam
723 4026 990 4097 quisquis
1022 4027 1243 4080 secreta
1272 4024 1640 4079 conscientias
1664 4039 1786 4079 suae
1819 4022 1902 4078 le-

241 4133 473 4191 gesque
496 4115 722 4171 divinas
740 4113 974 4185 penitus
988 4112 1612 4184 naturainditasmpud
1638 4113 1900 4168 animum

243 4208 432 4277 intus,
447 4205 551 4260 ubi
567 4204 959 4276 expressiores
978 4203 1368 4274 certioresque
1386 4205 1544 4267 sunt,
1568 4200 1901 4272 consulens,

243 4297 354 4352 has
389 4296 545 4350 duas
574 4291 941 4349 deﬁnitiones
962 4291 1277 4347 voluntatis
1302 4295 1475 4362 atque
1498 4290 1718 4362 peccati
1740 4307 1904 4346 veras

242 4402 379 4442 esse
402 4382 690 4451 concedit,
710 4386 892 4437 totam
915 4380 1363 4437 Manichmorum
1388 4379 1654 4435 haeresim
1675 4379 1905 4452 paucis-

246 4475 423 4530 simis
448 4477 512 4527 ct
533 4469 912 4535 brevissimis,
935 4470 1033 4524 sed
1062 4468 1231 4541 plane
1252 4467 1658 4524 invictissimis
1688 4467 1908 4524 ratiun-

246 4563 403 4619 culis
418 4562 550 4617 sine
573 4559 694 4614 ulla
717 4557 1084 4614 cunctatione
1102 4557 1648 4621 condemnat.Quod
1675 4556 1757 4612 sic
1780 4574 1909 4613 con-

251 4649 509 4708 siderari
541 4652 748 4721 potest.
781 4648 906 4703 Duo
938 4648 1269 4703 animarum
1289 4662 1501 4718 genera
1522 4662 1649 4701 esse
1682 4647 1907 4715 dicunt,

250 4758 443 4796 unum
480 4739 723 4804 bonum,
746 4738 899 4808 quod
924 4736 1004 4790 ita
1027 4752 1096 4790 ex
1116 4736 1231 4790 Deo
1255 4735 1349 4802 sit,
1381 4740 1444 4790 ut
1466 4752 1582 4789 non
1614 4752 1682 4790 ex
1716 4734 1913 4806 aliqua

248 4828 511 4886 materia
536 4825 623 4881 vel
656 4843 723 4881 ex
755 4825 935 4880 nihilo
957 4824 1027 4879 ab
1051 4839 1116 4879 eo
1142 4825 1380 4889 factum,
1401 4826 1501 4879 sed
1531 4824 1601 4878 de
1633 4823 1762 4895 ipsa
1783 4825 1911 4892 ejus

246 4917 500 4974 omnino
516 4915 848 4971 substantia
861 4930 995 4985 pars
1011 4913 1275 4985 quaedam
1295 4914 1648 4984 processisse
1661 4913 1910 4980 dicatur;

258 5007 519 5063 alterum
534 5008 727 5059 autem
746 5001 1145 5073 malum,quod
1162 5000 1323 5057 nulla
1338 5018 1651 5074 prorsusex
1664 5006 1828 5073 parte
1840 5001 1912 5056 ad

253 5097 449 5154 Deum
492 5093 778 5167 pertinere
810 5092 1056 5147 credunt
1103 5090 1576 5162 credendumque
1617 5106 1913 5146 commen-

252 5181 784 5242 dantzetideoillud
798 5180 1467 5247 summumbonum,hoc
1479 5197 1610 5236 vero
1622 5195 1916 5236 summum

254 5274 483 5332 malum
508 5287 635 5329 esse
654 5270 974 5344 praedicant
998 5287 1010 5325 :
1043 5272 1217 5341 atque
1234 5268 1343 5325 ista
1365 5270 1478 5325 duo
1495 5285 1708 5342 genera
1734 5268 1916 5333 fuisse

325 5421 345 5453 ι
382 5416 510 5465 Sola
540 5414 703 5463 editio
735 5414 880 5470 Lov.,
912 5410 1152 5460 crassius.

326 5482 350 5515 3
378 5479 554 5528 Editio
586 5478 693 5535 ΕΓ..
724 5475 945 5538 deﬁnire
967 5475 1127 5538 etiam
1144 5488 1270 5522 rem.
1290 5472 1393 5523 Nec
1410 5472 1466 5522 hi
1487 5472 1624 5532 libri,
1648 5477 1746 5524 etc.
1767 5475 1914 5538 Lov.,

262 5542 630 5610 deﬁnit-cuca”:
654 5537 941 5610 _r_em,__i\fec,
976 5541 1076 5609 etc.
1106 5537 1444 5608 Castigantur
1478 5550 1541 5586 ex
1572 5538 1697 5587 Mss.

324 5601 349 5641 ³
376 5606 455 5654 lta
481 5604 609 5653 Mss.
642 5603 706 5653 At
733 5601 878 5661 editi,
909 5601 1136 5663 primum
1166 5601 1415 5648 omnium.

330 5686 406 5751 ta)
439 5687 462 5733 1
499 5684 748 5741 Retract.,
780 5694 897 5744 cap.
930 5682 1007 5740 15,
1039 5692 1096 5729 n.
1128 5680 1177 5731 4.

588 5802 853 5861 Parcet.
898 5794 1083 5857 XLII.

2007 461 2322 533 aliquando
2337 439 2608 533 discreta,
2634 482 2792 522 nunc
2816 482 2943 523 esse
2966 468 3303 524 commixta.
3319 469 3513 528 Genus
3531 473 3661 544 qui-

2007 551 2140 607 dem
2165 553 2599 608 commixtionis
2626 555 2802 626 hujus
2825 560 2881 612 et
2902 573 3146 613 causam
3170 559 3430 615 nondum
3456 562 3657 618 audie-

2004 656 2129 694 ram
2148 657 2167 694 :
2191 641 2291 697 sed
2316 646 2512 697 tamen
2531 643 2655 712 jam
2675 659 2932 715 quaerere
2950 651 3214 717 poteram
3236 648 3491 715 7,utrum
3511 649 3657 706 illud

2007 727 2227 784 malum
2246 746 2433 801 genus
2449 730 3125 805 animarum,antequam
3146 735 3296 792 bono
3314 736 3658 795 misceretur

2004 817 2311 874 habuisset
2333 818 2591 891 aliquam
2606 820 2960 877 voluntatem
2974 824 3053 878 .Si
3071 823 3224 879 enim
3242 841 3356 880 non
3378 825 3650 897 habebat,

2002 905 2129 962 sine
2151 912 2382 978 peccato
2407 912 2582 978 atque
2602 909 2882 966 innocens
2904 916 3051 977 erat,
3073 917 3130 968 et
3151 913 3279 969 ideo
3306 914 3465 971 nullo
3480 916 3652 972 modo

2003 993 2224 1052 malum
2260 996 2353 1069 (a).
2390 997 2449 1052 Si
2480 1001 2678 1053 autem
2711 999 2838 1056 ideo
2872 999 3117 1072 malum,
3154 1002 3292 1073 quia
3322 1002 3457 1060 licet
3497 1008 3654 1062 esset

2002 1083 2129 1140 sine
2141 1084 2461 1155 voluntate,
2482 1090 2763 1158 tanquam
2784 1088 2960 1161 ignis,
2978 1092 3174 1146 tamen
3202 1091 3251 1147 si
3272 1093 3490 1147 bonum
3516 1094 3648 1150 atti-

2000 1172 2201 1244 gisset,
2236 1174 2496 1245 violaret,
2532 1182 2708 1248 atque
2741 1184 3178 1251 corrumperet:
3226 1186 3512 1251 quantum
3563 1187 3651 1240 est

2000 1262 2248 1330 nefas,et
2268 1269 2542 1320 naturam
2568 1264 2707 1320 mali
2725 1270 2958 1322 tantum
2978 1267 3166 1323 valere
3187 1268 3257 1323 ad
3281 1276 3650 1326 commutan-

1999 1351 2135 1406 dam
2167 1350 2346 1407 ullam
2379 1352 2473 1409 Dei
2502 1357 2728 1424 partem
2750 1356 2789 1421 ’,
2819 1360 2877 1410 et
2902 1372 3206 1412 summum
3238 1356 3383 1413 illud
3429 1357 3650 1415 bonum

1997 1440 2376 1512 corruptibile
2407 1445 2464 1497 et
2491 1440 2762 1499 violabile
2791 1445 3023 1500 credere
3044 1446 3071 1500 ?
3102 1445 3263 1509 Quod
3298 1446 3349 1502 si
3378 1445 3651 1503 voluntas

1998 1528 2469 1602 inerat,profecto
2488 1530 2946 1604 inerat,eogente
2964 1533 3146 1603 nullo,
3163 1541 3358 1590 motus
3374 1536 3555 1593 animi
3573 1537 3646 1592 ad

1998 1618 2219 1690 aliquid
2241 1620 2327 1676 vel
2354 1637 2469 1677 non
2489 1620 2905 1692 amittendum,
2927 1622 3016 1679 vel
3040 1624 3508 1696 adipiscendum.
3538 1627 3652 1683 Hoc

1998 1712 2191 1764 autem
2226 1709 2471 1781 aliquid,
2506 1713 2608 1765 aut
2630 1710 2849 1766 bonum
2871 1714 3015 1779 erat,
3042 1717 3142 1767 aut
3166 1713 3383 1769 bonum
3406 1714 3652 1786 putaba-

1996 1800 2121 1852 tur:
2146 1815 2257 1853 non
2284 1798 2442 1853 enim
2479 1798 2649 1855 aliter
2684 1800 2880 1871 appeti
2915 1805 3132 1872 posset.
3176 1802 3286 1856 Sed
3325 1802 3383 1858 in
3416 1819 3650 1858 summo

1998 1886 2173 1951 malo,
2198 1892 2331 1942 ante
2345 1886 2816 1944 commixtionem
2841 1906 3015 1960 quam
3040 1890 3375 1962 praedicant,
3418 1891 3648 1947 nullum

1998 1991 2255 2046 unquam
2290 1977 2507 2032 bonum
2529 1976 2656 2032 fuit.
2682 1977 3135 2050 Undeigituribi
3161 1978 3247 2035 vel
3282 1980 3528 2036 scientia
3559 1979 3646 2037 vel

1996 2064 2192 2136 opinio
2214 2065 2348 2121 boni
2370 2082 2499 2122 esse
2512 2066 2700 2138 potuit
2717 2067 2835 2122 ‘IAn
2859 2066 3005 2123 nihil
3028 2067 3468 2141 volebantquod
3490 2070 3645 2142 apud

1995 2170 2058 2209 se
2081 2158 2253 2221 esset,
2282 2160 2457 2225 atque
2477 2154 2621 2210 illud
2646 2155 2865 2212 bonum
2887 2173 3111 2224 verum,
3138 2159 3294 2229 quod
3311 2162 3471 2214 extra
3500 2163 3644 2225 erat,

1996 2243 2383 2314 appetebant?
2405 2242 2522 2299 Ista
2542 2260 2674 2300 vero
2699 2244 2975 2316 praeclara
2996 2252 3053 2301 et
3076 2262 3290 2318 magna
3313 2245 3484 2302 laude
3505 2264 3647 2319 pra;-

1996 2331 2245 2386 dicanda
2275 2332 2541 2388 voluntas
2571 2338 2681 2399 est,
2703 2350 2814 2405 que
2839 2350 3141 2389 summum
3166 2336 3458 2407 appetitur
3477 2340 3533 2391 et
3555 2351 3646 2392 ve-

1996 2437 2127 2475 rum
2146 2420 2557 2477 bonum.Unde
2572 2422 2821 2495 igiturin
2839 2439 3075 2479 summo
3091 2422 3242 2479 malo
3258 2428 3450 2479 motus
3465 2424 3646 2481 animi

1993 2513 2157 2565 tanta
2177 2509 2348 2564 laude
2373 2511 2771 2582 dignissimus
2786 2512 2904 2567 ?An
2934 2512 3128 2568 studio
3143 2513 3389 2569 nocendi
3408 2518 3648 2585 appete—

1996 2597 2178 2653 bant?
2200 2597 2412 2669 Primo,
2445 2600 2651 2655 eodem
2685 2599 2995 2656 revolvitur
3026 2600 3193 2657 ratio.
3227 2602 3334 2667 Qui
3366 2601 3521 2658 enim
3546 2618 3648 2657 no-

1995 2702 2123 2742 cere
2151 2686 2293 2752 vult,
2328 2687 2479 2742 bono
2512 2687 2708 2759 aliquo
2737 2689 2863 2743 vult
2909 2689 3135 2760 privare
3181 2689 3362 2745 alium
3411 2694 3651 2762 propter

1995 2775 2217 2846 aliquot
2238 2776 2456 2830 bonum
2490 2793 2688 2831 suum.
2712 2777 2850 2832 Erat
2882 2777 3063 2849 igitur
3092 2778 3152 2832 in
3182 2778 3266 2833 eis
3290 2777 3377 2833 vel
3401 2780 3646 2834 scientia

1995 2863 2155 2931 boni,
2185 2863 2273 2918 vel
2303 2864 2519 2933 opinio,
2546 2880 2672 2936 quae
2697 2882 2933 2921 summo
2959 2865 3109 2922 malo
3133 2866 3293 2921 nullo
3321 2867 3491 2923 modo
3518 2883 3650 2923 esse

1995 2952 2260 3008 debebat.
2286 2953 2505 3008 Deinde
2527 2954 2750 3008 bonum
2776 2953 2918 3010 illud
2955 2960 3115 3010 extra
3146 2973 3208 3011 se
3240 2956 3520 3027 positum,
3551 2956 3646 3011 cui

1997 3057 2201 3097 nocere
2215 3042 2755 3107 studebant,utrum
2772 3044 3010 3099 omnino
3024 3046 3648 3115 esset,undecognove-

1997 3135 2127 3186 rant
2142 3130 2231 3186 ?Si
2253 3130 2822 3203 intellexerant,quid
2840 3131 2943 3187 tali
2966 3136 3160 3188 mente
3178 3132 3509 3205 praeclarius
3525 3134 3643 3190 ‘IAn

1999 3219 2322 3291 quidquam
2352 3225 2443 3275 est
2472 3220 2650 3291 aliud,
2684 3237 2799 3292 quo
2830 3222 3099 3293 magnis3
3128 3222 3427 3279 laboribus
3449 3223 3643 3280 omnis

1999 3309 2285 3364 bonorum
2305 3309 2637 3381 porrigatur
2664 3309 2928 3375 intentio,
2954 3310 3154 3366 nisiut
3175 3327 3475 3367 summum
3497 3311 3646 3367 illud

2001 3402 2056 3453 et
2077 3398 2367 3454 sincerum
2380 3399 2604 3453 bonum
2627 3397 3025 3472 intelligatur?
3038 3400 3198 3464 Quod
3219 3417 3354 3473 ergo
3377 3417 3534 3456 nunc
3554 3401 3649 3457 vix

2003 3487 2203 3559 paucis
2223 3486 2702 3559 bonisjustisque
2725 3488 3085 3560 conceditur,
3115 3490 3174 3545 id
3196 3494 3337 3545 tunc
3360 3490 3504 3545 illud
3532 3506 3649 3546 me-

2004 3592 2131 3631 rum
2169 3575 2388 3631 malum
2424 3575 2584 3632 nullo
2625 3578 2775 3633 bono
2807 3578 3118 3648 adjuvante
3142 3579 3265 3651 jam
3292 3579 3563 3650 poterat?
3590 3577 3652 3635 Si

2005 3670 2200 3721 autem
2221 3664 2330 3720 illae
2353 3664 2561 3720 animae
2583 3682 2823 3738 corpora
2843 3666 3143 3737 gerebant,
3168 3670 3225 3721 et
3244 3666 3300 3722 id
3339 3666 3525 3722 oculis
3563 3667 3653 3721 vi-

2008 3753 2238 3820 derant;
2271 3770 2397 3824 quze
2422 3752 2657 3826 linguae,
2683 3771 2809 3825 quis
2839 3759 3089 3825 pectora,
3110 3771 3237 3827 quas
3265 3754 3501 3826 ingenia
3524 3754 3652 3810 lau-

2008 3842 2218 3897 dandis
2232 3842 2360 3897 istis
2377 3842 2561 3898 oculis
2578 3843 3082 3915 praedicandisque
3103 3843 3656 3915 sufﬁciunt,quibus

2009 3932 2102 3985 vix
2124 3934 2366 3999 possunt
2378 3932 2910 4002 mentesjustorum
2931 3932 3489 4004 adaequarimuanta
3506 3933 3659 3989 bona

2009 4020 2343 4075 invenimus
2372 4019 2432 4074 in
2464 4036 2697 4076 summo
2738 4020 2889 4077 malo
2910 4021 2939 4077 Ἰ
2974 4022 3028 4076 Si
3057 4021 3214 4078 enim
3236 4021 3429 4078 videre
3469 4021 3656 4078 Deum

2011 4107 2232 4163 malum
2264 4113 2371 4178 est,
2397 4126 2508 4164 non
2536 4114 2623 4165 est
2645 4110 2865 4165 bonum
2894 4111 3075 4166 Deus:
3103 4109 3319 4166 bonum
3342 4114 3431 4167 est
3460 4115 3656 4166 autem

2012 4198 2167 4253 Deus
2187 4215 2198 4251 :
2217 4198 2434 4253 bonum
2459 4202 2549 4254 est
2569 4198 2748 4270 igitur
2768 4199 2953 4254 Deum
2973 4200 3198 4269 videre;
3223 4205 3279 4256 et
3299 4199 3494 4256 nescio
3517 4200 3660 4272 quid

2013 4280 2151 4341 huic
2177 4287 2327 4341 bono
2351 4287 2372 4320 ‘
2390 4287 2714 4359 comparari
2739 4293 2931 4359 queat.
2960 4288 3133 4344 Porro
3157 4289 3313 4360 quod
3338 4288 3530 4345 videre
3552 4290 3659 4344 bo-

2015 4392 2157 4430 num
2183 4376 2453 4440 est,unde
2476 4376 2601 4431 fieri
2626 4380 2893 4447 potestut
2914 4394 3084 4450 posse
3104 4377 3299 4434 videre
3318 4378 3395 4433 sit
3410 4376 3666 4433 malum?

2018 4467 2381 4536 Quapropter
2411 4464 2697 4536 quidquid
2730 4465 2817 4521 vel
2849 4466 2908 4520 in
2941 4465 3058 4522 illis
3089 4465 3273 4522 oculis
3304 4466 3391 4522 vel
3427 4466 3487 4522 in
3532 4466 3666 4523 istis

2018 4554 2315 4610 mentibus
2336 4553 2561 4624 fecit,ut
2574 4554 2644 4608 ab
2660 4553 2753 4609 his
2778 4554 3157 4625 possitvideri
3176 4554 3376 4610 divina
3388 4557 3497 4611 sub
3508 4559 3664 4612 stan-

2018 4644 2119 4713 tia,
2136 4659 2413 4714 magnum
2429 4646 2484 4697 et
2508 4641 2787 4697 ineffabili
2812 4642 2986 4699 laude
3006 4643 3425 4716 dignissimum
3448 4645 3669 4700 bonum

2020 4733 2170 4787 fecit.
2206 4732 2263 4787 Si
2295 4735 2489 4787 autem
2522 4748 2635 4787 non
2670 4731 2913 4800 factum,
2949 4734 3049 4789 sed
3081 4733 3279 4804 ipsum
3313 4751 3414 4806 per
3443 4750 3505 4789 se
3555 4732 3672 4790 tale

2022 4838 2087 4876 ac
2119 4821 2542 4891 sempiternum
2575 4826 2719 4890 erat,
2754 4822 2991 4877 difﬁcile
3020 4822 3129 4877 hoc
3162 4822 3315 4879 malo
3342 4823 3669 4896 quidquam

2025 4909 2236 4965 melius
2283 4910 2598 4965 invenitur.

2096 4998 3404 5064 17.I’ostremo,utnihilhorumlaudandorum
3420 4999 3673 5055 habeant

2026 5087 2136 5143 illis
2152 5087 2514 5159 animaa,quae
2529 5087 2767 5144 illorum
2784 5088 3110 5145 rationibus
3128 5089 3341 5145 habere
3358 5091 3667 5160 coguntur,

2029 5191 2347 5249 quaererem
2370 5180 2568 5232 utrum
2593 5175 2821 5249 aliquas
2840 5195 2913 5234 an
2940 5177 3132 5235 nullas
3150 5177 3376 5234 animas
3396 5177 3548 5234 Deus
3571 5178 3673 5234 da-

2095 5346 2109 5382 ι
2143 5344 2298 5413 Editi,
2331 5358 2556 5409 quaerere
2584 5360 2854 5411 ceperam.
2884 5346 3073 5397 Metius
3100 5344 3333 5396 vaticani
3360 5346 3507 5411 Mss.,
3537 5361 3675 5413 qua-

2029 5422 2141 5457 rere
2167 5411 2419 5471 poteram.

2095 5472 2116 5535 ξ
2144 5468 2383 5535 in_Mss.,
2407 5468 2558 5535 illam
2592 5468 2685 5520 Dei
2707 5474 2928 5535 partem.

2096 5534 2117 5570 ³
2143 5532 2264 5582 Sola
2294 5533 2454 5583 editio
2485 5534 2631 5594 Lov.,
2651 5532 2834 5596 magis.

2095 5598 2116 5633 t
2144 5598 2289 5654 Lov.,
2322 5600 2465 5645 tanta
2497 5596 2641 5645 bono.
2672 5595 2853 5655 Abest,
2885 5595 3043 5656 tanta,
3077 5609 3109 5647 α
3138 5597 3344 5648 caateris
3382 5596 3548 5649 libris.

2098 5678 2171 5741 (α)
2202 5679 2223 5726 t
2256 5676 2505 5738 Retract.,
2536 5689 2653 5740 cap.
2686 5678 2763 5726 15.
2793 5687 2848 5724 n.
2879 5677 2926 5725 5.

3315 5797 3354 5871 4
