4084 6194
242 349 352 410 109

238 486 587 537 exerceant:
625 480 753 536 ista:
777 485 972 536 autem
1006 480 1336 552 superiores
1359 479 1574 551 quibus
1605 478 1893 533 actionem

238 571 897 642 longefprzestantiorem
914 586 1107 625 rerum
1124 570 1476 624 moderatrix
1491 568 1716 640 justitia
1729 584 1892 623 sum-

239 676 332 714 ma
357 660 654 724 tribuerit,
690 661 739 716 si
782 660 915 715 illas
946 658 1248 715 inferiores
1286 659 1450 730 sequi
1481 658 1773 714 etimitari
1797 675 1892 712 vo-

237 749 476 818 luerint,
513 751 808 819 peccando
843 750 993 804 fiunt
1022 749 1208 817 malae,
1243 766 1358 803 non
1386 748 1524 820 quia
1549 747 1757 814 malas,
1790 747 1890 802 sed

236 838 375 907 quia
398 839 553 894 male
579 839 910 893 imitantur.
933 838 1018 892 Ab
1041 837 1156 892 illis
1179 839 1335 892 enim
1360 835 1888 908 agiturproprium,

233 927 304 981 ab
338 927 475 982 istis
511 927 810 999 appetitur
839 926 1124 992 alienum;
1159 926 1314 981 unde
1344 925 1452 980 illaa
1485 924 1542 979 in
1575 941 1682 978 suo
1704 924 1888 995 gradu

233 1019 499 1081 manent,
525 1017 634 1070 iste
656 1016 728 1070 ad
754 1015 1029 1070 inferiora
1051 1018 1416 1085 merguntur.
1440 1011 1611 1068 Velut
1633 1028 1765 1067 cum
1789 1012 1889 1067 ho-

233 1104 422 1159 mines
449 1104 640 1159 ferina
661 1109 981 1160 sectantur.
997 1103 1240 1158 Pulchre
1255 1119 1503 1172 namque
1518 1102 1887 1172 inceditqua-

230 1194 576 1265 drupedans
602 1210 820 1265 equus:
847 1199 904 1248 at
924 1194 970 1248 si
994 1193 1104 1248 hoc
1124 1193 1297 1248 homo
1320 1192 1567 1264 pedibus
1591 1191 1887 1246 manibus-

227 1299 336 1352 que
367 1282 658 1349 imitetur,
688 1283 821 1353 quis
846 1299 981 1337 eum
1019 1280 1107 1336 vel
1155 1281 1448 1352 palearum
1483 1281 1609 1334 cibo
1639 1280 1884 1352 dignum

225 1371 432 1442 putet?
456 1372 631 1426 Recte
651 1371 832 1441 igitur
856 1370 1199 1442 plerumque
1227 1371 1627 1442 improbemus
1649 1367 1880 1423 imitan-

225 1467 517 1524 tem,cum
533 1477 666 1515 eum
686 1477 859 1531 quem
878 1459 1141 1514 imitatur
1158 1458 1885 1530 probemuanprobamus

221 1559 423 1605 autem
451 1567 571 1604 non
596 1551 734 1621 quia
759 1566 873 1604 non
896 1550 971 1604 sit
996 1555 1326 1615 assecutus,
1360 1549 1458 1603 sed
1486 1548 1622 1619 quia
1645 1547 1882 1602 omnino

223 1639 466 1709 assequi
503 1639 706 1693 voluit.
758 1639 819 1691 In
868 1654 1016 1708 equo
1044 1638 1198 1692 enim
1235 1637 1552 1708 probamus
1586 1636 1752 1703 illud,
1789 1636 1881 1690 cui

223 1734 517 1798 quantum
540 1727 932 1798 praeponimus
948 1727 1266 1792 hominem,
1282 1731 1510 1780 tantum
1529 1725 1882 1779 offendimur

223 1818 380 1887 quod
405 1816 692 1871 inferiora
707 1821 981 1871 sectatur.
1003 1815 1151 1879 Quid
1171 1816 1322 1870 inter
1338 1814 1497 1886 ipsos
1517 1814 1803 1878 homines,
1821 1813 1879 1868 in

221 1907 554 1960 emittenda
569 1923 707 1961 voce
724 1922 912 1960 nonne
931 1906 1086 1976 quod
1107 1921 1291 1976 praeco
1313 1907 1456 1959 bene
1475 1904 1628 1970 facit,
1648 1903 1878 1959 etiamsi

221 1996 444 2049 clarius
466 2011 535 2049 ac
560 1994 769 2049 melius
795 1994 850 2048 id
877 1995 1051 2048 faciat
1073 1999 1309 2049 senator
1328 2009 1609 2063 prmcone,
1634 1993 1879 2047 insanus

221 2084 344 2139 est?
368 2084 646 2139 Caelestia
668 2083 927 2153 suscipe:
953 2082 1154 2138 lucens
1178 2081 1318 2136 luna
1336 2081 1630 2149 laudatur,
1655 2097 1878 2152 suoque

220 2189 399 2228 cursu
415 2177 599 2243 atque
611 2173 836 2227 vicibus
851 2173 994 2228 bene
1009 2172 1516 2227 considerantibus
1531 2171 1675 2226 satis
1692 2170 1878 2242 placet

220 2269 421 2316 tamen
447 2262 500 2316 si
524 2277 652 2316 eam
676 2260 761 2316 sol
789 2261 927 2315 velit
958 2260 1174 2314 imitari
1208 2261 1528 2330 (ﬁngamus
1559 2259 1714 2314 enim
1742 2275 1874 2313 eum

219 2366 393 2420 posse
412 2350 632 2404 habere
653 2350 990 2420 hujusmodi
1012 2348 1384 2419 voluntates),
1405 2347 1496 2403 cui
1517 2365 1628 2403 non
1645 2364 1876 2403 summe

217 2441 437 2508 acjure
459 2438 811 2510 displiceat?
833 2440 913 2492 Ex
933 2439 1147 2510 quibus
1174 2437 1317 2492 illud
1347 2443 1435 2492 est
1453 2437 1606 2507 quod
1630 2436 1873 2507 intelligi

216 2527 367 2581 volo.
399 2526 593 2581 Etiam
627 2527 671 2581 si
706 2532 845 2581 sunt
877 2527 1082 2581 animae
1117 2527 1290 2597 (quod
1327 2526 1560 2581 interim
1585 2527 1872 2581 incertum

218 2619 350 2685 est),
387 2617 689 2688 corporeis
722 2615 931 2670 ofﬁciis
964 2633 1078 2671 non
1111 2619 1368 2687 peccato,
1402 2616 1499 2670 sed
1536 2619 1746 2670 natura
1775 2616 1874 2670 de-

215 2706 373 2773 ditae,
401 2721 649 2776 nosque,
683 2721 1044 2776 quamquam
1068 2705 1188 2760 sint
1221 2705 1542 2767 inferiores.
1574 2703 1767 2774 aliqua
1787 2709 1874 2758 ta-

217 2811 350 2848 men
379 2793 691 2848 interiore‘
721 2793 1015 2848 vicinitate
1037 2793 1406 2865 contingunt,
1435 2809 1548 2847 non
1581 2793 1712 2848 illas
1746 2794 1874 2848 ideo

219 2882 409 2936 malas
432 2883 633 2937 haberi
653 2883 1083 2954 oportere,quia
1095 2887 1151 2936 et
1166 2899 1272 2938 nos
1285 2899 1419 2937 cum
1439 2898 1536 2937 eas
1549 2881 1871 2953 sequimur,

215 2977 267 3027 et
306 2987 596 3043 corporea
645 2971 970 3043 diligimus,
1004 2971 1141 3026 mali
1196 2989 1403 3027 sumus
1433 2971 1534 3043 (α).
1569 2971 1874 3043 PrOpterca

225 3061 389 3115 enim
419 3077 702 3132 corporea
730 3059 1024 3132 diligendo
1055 3061 1528 3133 peccamus,quia
1549 3059 1880 3132 spiritualia

218 3150 466 3222 diligere
499 3155 555 3204 et
579 3149 812 3221 justitia
835 3151 1116 3221 jubemur
1145 3155 1201 3206 et
1231 3156 1441 3206 natura
1465 3166 1799 3221 possumus,
1819 3154 1875 3206 et

216 3246 358 3294 tunc
394 3240 454 3293 in
521 3244 716 3295 nostro
774 3255 986 3311 genere
1042 3240 1248 3312 optimi
1307 3245 1364 3296 et
1420 3238 1742 3295 beatissimi
1776 3256 1872 3294 su-

219 3345 354 3383 mus
392 3329 490 3398 (b).

282 3419 378 3472 2t.
412 3417 828 3487 Quamobrem,
863 3418 1000 3488 quid
1045 3418 1221 3473 habet
1262 3416 1588 3488 argumenti
1618 3422 1874 3473 estuans

220 3505 273 3560 in
300 3512 622 3576 utramque
651 3512 870 3576 partem
895 3506 1252 3572 deliberatio,
1298 3509 1466 3561 modo
1490 3507 1547 3560 in
1572 3511 1873 3578 peccatum

221 3611 425 3666 prona,
462 3596 637 3649 modo
667 3597 722 3649 in
755 3600 907 3649 recte
937 3595 1152 3649 factum
1181 3596 1476 3664 subvecta,
1514 3601 1578 3649 ut
1609 3596 1724 3649 duo
1756 3595 1876 3650 ani-

220 3701 452 3738 marum
474 3699 966 3754 genera,quorum
987 3683 1226 3738 alterius
1244 3688 1452 3741 natura
1470 3699 1536 3738 ex
1559 3688 1666 3738 Deo
1686 3683 1871 3747 sit,al-

219 3775 404 3828 terius
422 3789 541 3827 non
563 3773 945 3844 sit,cogamur
964 3772 1385 3843 accipere,cum
1401 3772 1542 3827 alias
1566 3777 1650 3827 tot
1666 3788 1873 3827 causas

218 3861 569 3917 alternantis
593 3860 962 3931 cogitationis
985 3861 1269 3930 conjicere
1290 3860 1618 3916 liceat?Sed
1645 3861 1761 3916 haec
1776 3862 1874 3915 ob-

219 3967 395 4006 scura
413 3956 628 4014 esse,et
645 3950 941 4004 incassum
958 3951 1028 4005 ab
1043 3949 1257 4004 animis
1275 3949 1655 4021 lippientibus
1672 3950 1870 4020 quteri,

219 4039 496 4109 quisquis
529 4038 716 4092 bonus
739 4054 931 4092 rerum
953 4038 1314 4093 existimator
1336 4043 1443 4106 est,
1476 4039 1647 4093 videt.
1683 4040 1871 4103 Quare

215 4128 313 4182 illa
328 4128 529 4199 potius
544 4144 669 4198 quae
685 4127 755 4182 de
769 4126 1064 4181 voluntate
1079 4132 1254 4199 atque
1277 4133 1511 4198 peccato
1532 4128 1688 4182 dicta
1710 4132 1867 4195 sunt,

215 4217 335 4284 illa,
364 4217 638 4286 inquam,
664 4232 792 4287 quae
821 4217 1303 4286 summajustitia
1325 4216 1616 4272 neminem
1651 4216 1872 4271 ratione

214 4312 486 4360 utentem
519 4320 785 4375 ignorare
819 4303 1125 4375 permittit,
1157 4304 1259 4359 illa
1290 4322 1416 4376 quae
1448 4305 1496 4360 si
1531 4305 1870 4359 auferantur

216 4395 408 4462 nobis,
443 4392 594 4447 nihil
629 4400 715 4447 est
748 4395 901 4448 unde
934 4393 1245 4464 disciplina
1274 4394 1508 4448 virtutis
1540 4393 1869 4458 inchoetur,

217 4483 362 4537 nihil
401 4482 557 4536 unde
588 4499 622 4536 a
641 4480 913 4536 vitiorum
938 4484 1157 4536 morte“
1180 4489 1475 4553 surgatur,
1498 4483 1672 4537 etiam
1697 4488 1870 4553 atque

218 4574 399 4626 etiam
435 4571 806 4626 considerata
836 4571 982 4627 satis
1012 4570 1164 4626 clare
1194 4587 1260 4626 ac
1282 4570 1535 4625 dilucide
1562 4571 1869 4625 Manichae-

217 4677 389 4716 orum
423 4659 695 4714 haaresim
732 4659 938 4714 falsam
985 4676 1113 4715 esse
1143 4661 1510 4715 convincunt.

289 4748 534 4805 CAPUT
567 4748 708 4804 XIV.
744 4780 810 4789 -—
830 4750 918 4803 22.
945 4751 1179 4805 Rursum
1207 4765 1276 4804 ex
1301 4749 1603 4820 paenitendi
1630 4750 1875 4805 utilitate

219 4848 566 4895 monstratur
581 4841 797 4894 animas
817 4855 925 4894 non
947 4843 1147 4894 natura
1171 4839 1348 4893 malas
1369 4855 1506 4894 esse.
1529 4839 1874 4895 Demonstra-

217 4931 362 4983 tioni
390 4932 510 4981 tam
538 4930 697 4982 certa:
729 4929 952 4983 nonnisi
976 4944 1047 4982 ex
1075 4927 1470 4984 consuetudine
1489 4928 1724 4984 errandi
1743 4947 1872 4984 con-

219 5009 542 5062 tradicitur.
564 5007 780 5063 Horum
805 5008 997 5063 simile
1009 5015 1098 5064 est
1113 5009 1266 5080 quod
1282 5009 1351 5063 de
1371 5008 1701 5080 pcenitendo
1717 5027 1791 5064 nu
1803 5027 1872 5065 nc

227 5097 442 5152 dicam.
467 5095 634 5163 Nam,
661 5097 895 5152 utinter
915 5113 1116 5153 omnes
1148 5114 1323 5153 sanos
1353 5103 1602 5164 constat,
1630 5103 1684 5154 et
1715 5100 1871 5170 quod

232 5187 348 5258 ipsi
368 5184 669 5241 Manichaei
687 5203 802 5241 non
817 5185 1011 5243 solum
1026 5186 1299 5256 fatentur,
1316 5187 1416 5242 sed
1431 5191 1487 5242 et
1501 5187 1866 5258 praecipiunt,

286 5429 300 5462 ί
335 5428 420 5492 §ic
450 5428 508 5476 in
538 5428 659 5492 Mss.
697 5428 762 5477 At
790 5429 846 5477 in
882 5429 1103 5486 excusis,
1137 5427 1404 5492 inferiore.

285 5492 307 5525 ³
337 5491 495 5555 Editi,
520 5490 835 5555 alternantes
890 5490 1237 5555 cogitationes.
1292 5493 1628 5554 Castigantur
1657 5507 1719 5544 ex
1748 5496 1873 5546 Mss.

285 5555 306 5587 ⁸
339 5554 413 5601 Ita
441 5555 496 5600 in
529 5553 650 5602 Mss.
683 5555 749 5603 At
778 5555 834 5603 in
865 5553 1074 5603 excusis
1108 5555 1286 5618 vulgo,
1325 5553 1473 5604 mole.

290 5634 362 5698 (ei)
394 5634 698 5698 [Retractw
736 5648 854 5698 cap.
888 5637 965 5697 l5,
995 5648 1049 5686 n.
1077 5634 1128 5684 Ἰ.

287 5695 368 5760 (ὁ)
395 5695 553 5756 lbid.,
583 5711 640 5747 n.
672 5700 721 5747 8.

1691 347 1925 407 LIBER
1968 347 2199 408 UNUS.

3535 358 3654 415 HO

2002 477 2144 532 utile
2176 481 2264 532 est
2308 479 2583 549 poinitere
2612 482 2853 552 peccati.
2895 483 3044 546 Quid
3087 499 3191 555 ego
3223 501 3378 540 nunc
3407 485 3465 540 in
3499 485 3650 542 hanc

1999 583 2121 620 rem
2137 565 2903 639 divinarumScripturarum
2923 571 3415 645 testimoniaque:
3430 591 3646 646 usque-

1999 671 2231 726 quaque
2250 656 2462 712 diffusa
2479 662 2637 726 sunt,
2659 658 2930 730 colligam
2949 659 2976 713 ?
2991 660 3112 716 Vox
3129 666 3217 717 est
3234 664 3407 718 etiam
3431 663 3524 718 isti
3551 682 3650 720 na-

2001 750 2140 799 turae
2166 761 2178 799 :
2207 745 2498 800 neminem
2533 746 2777 802 stultum
2810 749 2891 802 rei
2915 748 3092 819 hujus
3118 752 3323 806 notitia
3347 752 3605 808 deseruit
3631 777 3646 820 ;

1999 834 2103 888 hoc
2129 834 2294 888 nobis
2316 834 2428 890 nisi
2453 837 2686 907 penitus
2711 837 2954 892 insitum
2979 845 3153 905 esset,
3175 841 3518 911 periremus.
3541 842 3647 898 Po-

1995 927 2108 976 test
2129 922 2341 993 aliquis
2365 924 2575 990 dicere,
2611 941 2724 979 non
2760 942 2821 980 se
2853 942 3127 996 peccare:
3164 946 3278 984 non
3311 934 3509 984 autem
3536 931 3649 992 sibi

1994 1028 2142 1080 esse,
2168 1011 2217 1067 si
2242 1014 2581 1083 peccaverit,
2607 1015 3032 1086 pmnitendum,
3057 1017 3217 1072 nulla
3240 1019 3536 1075 barbaries
3558 1019 3646 1075 di-

1994 1115 2122 1155 cere
2171 1102 2427 1156 audebit.
2473 1102 2608 1166 Qua:
2641 1119 2775 1158 cum
2808 1103 2888 1159 ita
2915 1105 3056 1171 sint,
3089 1122 3283 1177 quaero
3316 1123 3384 1162 ex
3414 1109 3647 1165 duobus

1993 1187 2108 1244 illis
2123 1191 2435 1260 generibus
2455 1192 2811 1264 animarum,
2831 1195 3000 1264 cujus
3017 1194 3093 1249 sit
3107 1195 3383 1266 pcenitere
3400 1197 3649 1268 peccati?

1991 1278 2121 1333 Scio
2143 1279 2379 1348 quidem
2403 1297 2588 1352 neque
2609 1281 2766 1336 illius
2785 1299 2913 1338 esse
2934 1299 3126 1354 posse,
3147 1283 3246 1354 qui
3269 1284 3417 1340 male
3437 1286 3645 1356 facere,

1992 1383 2180 1438 neque
2212 1366 2365 1422 illius
2396 1370 2496 1439 qui
2529 1369 2674 1426 bene
2705 1371 2891 1426 facere
2945 1389 3057 1427 non
3094 1377 3324 1443 potest:
3371 1390 3552 1445 quare
3584 1379 3648 1431 ut

1990 1472 2191 1511 eorum
2223 1457 2412 1512 verbis
2441 1462 2591 1527 utar,
2631 1460 2678 1514 si
2724 1460 2982 1515 animam
3013 1462 3387 1517 tenebrarum
3421 1464 3643 1534 peccati

1988 1545 2247 1614 penitet,
2286 1563 2397 1600 non
2433 1555 2522 1602 est
2553 1549 2622 1603 de
2645 1549 2978 1605 substantia
3001 1551 3218 1606 summi
3243 1551 3380 1606 mali
3406 1578 3419 1618 ;
3443 1553 3492 1607 si
3517 1553 3643 1608 ani-

1990 1649 2144 1687 mam
2169 1633 2336 1702 lucis,
2365 1651 2478 1689 non
2499 1641 2587 1690 est
2604 1637 2674 1691 de
2691 1638 3022 1693 substantia
3041 1640 3258 1694 summi
3276 1641 3435 1695 boni.
3457 1642 3643 1697 Paeni-

1988 1723 2146 1776 tendi
2169 1723 2324 1778 enim
2348 1725 2588 1781 affectus
2614 1725 2710 1781 ille
2735 1727 2834 1797 qui
2869 1729 3127 1798 prodest,
3162 1735 3219 1783 et
3249 1729 3402 1784 male
3435 1731 3642 1788 fecisse

1989 1811 2358 1879 poenitenlem
2377 1817 2415 1882 ⁸,
2437 1819 2494 1868 et
2515 1815 2659 1869 bene
2687 1817 2871 1871 facere
2894 1817 3156 1887 potuisse
3188 1824 3454 1874 testatur.
3482 1820 3640 1883 Quo-

1988 1899 2159 1954 modo
2183 1900 2360 1972 igitur
2381 1918 2447 1957 ex
2471 1919 2563 1958 me
2586 1903 2731 1958 nihil
2759 1905 2920 1969 mali,
2944 1906 2991 1962 si
3017 1922 3120 1977 ego
3146 1923 3450 1978 perperam
3481 1910 3586 1964 feci
3611 1909 3640 1964 ‘?

1986 1993 2086 2042 aut
2108 1991 2397 2059 quomodo
2422 2008 2514 2047 me
2537 1998 2688 2047 recte
2709 1994 2967 2064 poenitet,
2988 1996 3036 2050 si
3057 2012 3161 2067 ego
3186 2013 3300 2050 non
3320 1997 3467 2052 feci?
3485 1999 3636 2053 Audi

1986 2082 2208 2148 partem
2227 2076 2466 2134 alteram
2491 2098 2502 2135 :
2532 2081 2832 2144 Quomodo
2857 2100 2923 2138 ex
2955 2100 3046 2138 me
3079 2084 3220 2138 nihil
3240 2085 3378 2140 boni
3410 2092 3518 2153 est,
3542 2087 3635 2142 cui

1986 2166 2136 2221 bona
2158 2167 2427 2223 voluntas
2451 2169 2648 2224 inest?
2670 2175 2770 2225 aut
2791 2174 3083 2242 quomodo
3109 2190 3201 2228 me
3224 2181 3377 2229 recte
3396 2176 3637 2246 poenitet

1983 2255 2167 2310 sinon
2195 2257 2390 2312 inest?
2413 2257 2802 2321 Quamobrem
2829 2266 2930 2316 aut
2954 2267 3166 2333 negent
3193 2263 3286 2318 isti
3311 2281 3439 2318 esse
3457 2265 3636 2336 paeni.

1983 2345 2142 2399 tendi
2170 2362 2442 2417 magnam
2469 2348 2804 2415 utilitatem,
2835 2355 3028 2404 utnon
3050 2351 3240 2406 solum
3259 2369 3291 2406 a
3311 2352 3630 2409 christiano

1982 2433 2240 2504 nomine,
2273 2437 2371 2490 sed
2405 2437 2476 2490 ab
2506 2438 2665 2492 omni
2698 2439 2871 2493 etiam
2904 2441 2988 2494 vel
3031 2439 3374 2510 imaginaria
3403 2443 3630 2497 ratione

1983 2521 2315 2592 pellantur;
2350 2530 2453 2580 aut
2485 2526 2814 2582 animarum
2835 2527 2933 2582 illa
2956 2529 3071 2583 duo
3094 2545 3326 2599 genera,
3353 2547 3536 2586 unum
3561 2547 3632 2586 ex

1982 2628 2096 2682 quo
2121 2612 2266 2666 nihil
2290 2613 2448 2678 mali,
2475 2615 2767 2670 alternum
2793 2634 2861 2671 ex
2882 2634 2997 2688 quo
3020 2617 3164 2672 nihil
3196 2619 3330 2673 boni
3355 2619 3452 2690 sit,
3477 2620 3629 2676 dice-

1982 2701 2078 2754 re’
2103 2706 2276 2772 atque
2306 2703 2510 2758 docere
2534 2705 2660 2774 jam
2700 2706 3008 2761 desinant:
3072 2708 3225 2778 quod
3289 2707 3338 2762 si
3395 2709 3630 2776 faciant,

1981 2789 2284 2845 Manichaei
2317 2807 2445 2846 esse
2476 2793 2674 2863 utique
2697 2794 2824 2864 jam
2859 2795 3165 2864 desinent;
3215 2813 3350 2851 nam
3385 2801 3504 2852 tota
3534 2797 3634 2854 illa

1981 2884 2140 2934 secta
2173 2879 2286 2934 ista
2315 2880 2560 2952 bicipiti,
2608 2881 2696 2937 vel
2746 2883 2942 2954 potius
2984 2884 3265 2957 praecipiti
3298 2885 3630 2951 animarum

1980 2968 2253 3023 varietate
2286 2968 2541 3026 fulcitur.
2591 3007 2611 3032 .

2051 3057 2140 3111 23.
2168 3063 2248 3112 Ac
2271 3058 2411 3112 mihi
2438 3059 2674 3130 quidem
2707 3061 2849 3116 satis
2872 3067 2960 3117 est
2995 3062 3078 3118 sic
3101 3063 3249 3119 scire
3269 3063 3420 3134 quod
3447 3064 3630 3120 Mani-

1981 3145 2123 3200 chaei
2147 3151 2358 3211 errent,
2384 3151 2448 3201 ut
2469 3147 2586 3203 scio
2611 3151 3010 3220 pmnitendum
3033 3168 3162 3207 esse
3187 3153 3405 3224 peccati
3431 3169 3444 3206 :
3467 3158 3523 3209 et
3542 3158 3630 3209 ta-

1982 3251 2112 3288 men
2137 3235 2184 3289 si
2210 3252 2365 3290 nunc
2387 3236 2710 3292 amicorum
2734 3255 2998 3294 meorum
3023 3240 3298 3312 aliquem,
3320 3241 3421 3313 qui
3441 3258 3630 3313 usque

1980 3323 2170 3378 adhuc
2194 3323 2324 3379 illos
2343 3325 2668 3382 audiendos
2690 3332 2876 3399 putat,
2902 3330 3398 3401 compellemjure
3422 3330 3627 3386 amici-

1979 3413 2092 3480 tia,
2113 3417 2168 3468 et
2184 3414 2232 3468 ei
2249 3413 2670 3480 dicam,Scisne
2689 3417 2832 3472 utile
2849 3434 3136 3484 esse,cum
3152 3419 3404 3490 quisque
3422 3436 3624 3491 pecca-

1980 3504 2143 3564 verit.
2169 3503 2446 3574 paenitere
2467 3503 2494 3556 ?
2516 3504 2642 3559 sine
2665 3506 3028 3562 dubitatione
3051 3525 3112 3562 se
3134 3507 3281 3563 scire
3303 3509 3536 3577 iurabit.
3566 3508 3626 3563 Si

1981 3607 2115 3662 ergo
2135 3596 2189 3646 te
2209 3594 2392 3647 fecero
2412 3593 2492 3647 ita
2509 3594 2656 3648 scire
2676 3593 2882 3650 falsam
2897 3612 3027 3651 esse
3044 3596 3492 3652 Manichaeorum
3512 3597 3627 3651 hai—

1938 3743 1944 3748 _
1983 3680 2181 3744 resim,
2197 3680 2630 3736 desiderabisne
2645 3682 2931 3754 amplius?
2945 3684 3091 3747 Quid
3109 3685 3366 3755 amplius
3381 3701 3442 3740 se
3459 3701 3630 3756 posse

1981 3768 2038 3822 in
2064 3768 2170 3824 hac
2197 3786 2256 3824 re
2277 3769 2643 3825 desiderare3
2675 3773 3041 3842 respondeat.
3075 3775 3226 3829 Bene
3249 3775 3485 3845 quidem
3512 3774 3628 3829 huc

1983 3875 2188 3929 usque.
2222 3859 2328 3912 Sed
2363 3875 2497 3913 cum
2529 3860 2837 3915 ostendere
2881 3877 3105 3933 cmpero
3137 3868 3323 3918 certas
3358 3879 3629 3918 necessa-

1983 3948 2212 4017 riasque
2235 3946 2509 4018 rationes,
2534 3965 2663 4019 quas
2686 3947 2843 4005 illam
2869 3951 3326 4024 propositionem
3351 3951 3630 4008 adaman-

1984 4037 2143 4102 tinis,
2167 4041 2232 4090 ut
2255 4037 2488 4105 dicitur,
2509 4037 2729 4094 catenis
2748 4039 2968 4094 innexae
2992 4045 3452 4112 consequuntur,
3479 4057 3631 4096 rem-

1982 4142 2094 4196 que
2126 4131 2304 4180 totam
2340 4126 2410 4180 ad
2442 4127 2876 4184 conclusionem
2910 4145 3024 4200 qua
3052 4128 3150 4184 illa
3179 4131 3455 4185 evertitur
3473 4134 3630 4186 secta

1981 4214 2302 4285 perduxero
2326 4231 2338 4280 ;
2365 4215 2600 4286 negabit
2622 4233 2683 4271 se
2706 4217 2948 4272 forsitan
2968 4218 3116 4273 scire
3136 4218 3444 4274 utilitatem
3465 4218 3627 4274 illam

1982 4302 2321 4372 pcenitendi,
2347 4319 2524 4372 quam
2548 4321 2717 4360 nemo
2741 4307 2966 4373 doctus,
2991 4323 3159 4362 nemo
3179 4307 3449 4362 indoctus
3468 4308 3629 4378 igno-

1983 4396 2105 4458 rat;
2129 4397 2186 4445 et
2208 4393 2403 4462 potius
2427 4409 2488 4447 se
2506 4393 2654 4448 scire
2679 4396 3009 4460 contendet,
3043 4412 3176 4450 cum
3202 4396 3538 4451 dubitamus
3569 4400 3628 4451 et

1982 4479 2553 4547 deliberamus,duas
2567 4481 2622 4536 in
2642 4483 2808 4537 nobis
2823 4484 3048 4539 animas
3062 4485 3382 4555 patrocinia
3396 4485 3632 4557 propria

1981 4569 2236 4640 singulis
2256 4569 2594 4640 quaestionis
2613 4571 2880 4642 partibus
2898 4573 3192 4629 adhibere.
3210 4574 3630 4629 Oconsuetudo

1982 4659 2232 4729 peccati!
2259 4675 2290 4712 ο
2314 4674 2508 4713 comes
2535 4662 2737 4730 poana‘
2759 4661 3010 4732 peccati!
3037 4661 3150 4717 Vos
3182 4679 3274 4717 me
3298 4668 3439 4718 tunc
3472 4681 3505 4718 a
3535 4679 3627 4718 re-

1984 4763 2115 4801 rum
2130 4751 2248 4801 tam
2266 4746 2706 4802 manifestarum
2722 4749 3184 4806 consideratione
3197 4751 3510 4819 avertistis;
3528 4751 3630 4806 sed

1985 4852 2098 4890 non
2126 4834 2395 4890 sentienti
2423 4836 2721 4892 nocebatis
2748 4853 2760 4892 :
2797 4855 2952 4894 nunc
2982 4856 3116 4896 vero
3147 4840 3206 4895 in
3242 4839 3629 4896 familiarissi-

1985 4923 2098 4978 mis
2130 4923 2276 4978 meis
2307 4923 2580 4979 similiter
2613 4943 2727 4980 non
2759 4928 3148 4984 sentientibus
3170 4929 3402 5000 mejam
3426 4927 3628 4983 vulne-

1987 5013 2128 5068 ratis
2159 5013 2562 5084 torquetisque
2593 5015 2958 5074 sentientem.
3509 5066 3511 5069 .

2057 5101 2284 5159 CAPUT
2315 5103 2429 5157 XV.
2455 5135 2522 5146 —
2542 5105 2630 5158 24.
2659 5104 2786 5161 Orat
2817 5123 2914 5178 pro
2945 5110 3138 5163 amicis
3168 5124 3299 5180 quos
3329 5107 3520 5161 habuit
3540 5121 3626 5161 er-

1986 5194 2135 5247 roris
2155 5194 2344 5250 socios.
2361 5194 2658 5250 Attendite
2671 5194 2804 5264 ista,
2822 5213 3038 5269 quaeso,
3057 5195 3391 5253 charissimi
3408 5211 3421 5250 :
3439 5198 3628 5251 vestra

2053 5391 2069 5424 ¹
2088 5387 2186 5455 _Sic
2216 5402 2402 5455 omnes
2433 5389 2555 5455 Mss.
2592 5390 2727 5440 Editi
2756 5405 2904 5451 vero,
2953 5391 3157 5455 aﬂectio
3197 5389 3288 5440 illa
3318 5403 3430 5453 qua
3452 5389 3632 5454 prodit

1989 5450 2124 5501 male
2151 5453 2332 5515 fecisse
2355 5453 2703 5515 pauitantem.

2052 5517 2074 5549 ³
2102 5513 2254 5576 Apud
2283 5513 2366 5562 Er;
2400 5514 2563 5577 Lugd.
2606 5516 2734 5565 Ven.
2767 5517 2910 5575 Lov.,
2943 5515 3153 5565 discere.
3189 5516 3256 5565 M.

2053 5579 2074 5612 ³
2101 5575 2255 5647 Editi:
2307 5591 2416 5647 esse
2444 5575 2693 5647 potest‘in
2721 5579 2816 5628 hac
2845 5594 2899 5627 re
2946 5579 3362 5629 desiderandum.
3413 5579 3481 5629 At
3507 5575 3632 5630 Mss.

1994 5654 2043 5689 re
2055 5653 2206 5738 posse
2234 5639 2286 5686 in
2316 5637 2410 5688 hac
2439 5637 2495 5686 ῐοε
2518 5639 2823 5689 desiderare.

2107 5701 2227 5738 Rnln
2258 5699 2365 5738 fama
2395 5701 2558 5738 nditin
2598 5702 2741 5738 Inv,
2773 5717 2823 5738 τυ

2106 5701 2230 5752 Sola
2257 5699 2365 5752 fere
2395 5701 2558 5752 editio
2595 5702 2745 5762 Lov.,
2769 5715 2951 5768 pene.
