4084 6194
473 332 584 390 111
1137 330 1447 389 CONTRA
1499 331 2042 392 FOltTUNATUM
2087 331 2618 401 MANlCH/EUM,
2669 331 2732 388 S.
2781 327 3212 390 AUGUSTINI
3748 335 3855 396 112

472 461 708 535 ingenia
738 461 881 516 bene
909 460 1060 516 novi.
1093 460 1150 517 Si
1184 460 1328 515 mihi
1363 478 1518 517 nunc
1547 478 1647 517 vos
1677 462 2123 533 qualiscumque
2235 461 2435 516 mittas
2460 461 2556 532 (τι).
2581 461 2762 516 Video
2787 460 3038 515 maxime
3061 457 3382 531 exspectari
3412 458 3520 515 hoc
3551 460 3691 529 loco,
3723 481 3860 536 quo-

472 551 727 608 hominis
751 555 1006 605 mentem
1026 550 1428 620 rationemque
1447 551 1789 617 conceditis,
1807 551 1990 606 multo
2006 568 2124 605 cer-
2234 550 2405 604 modo
2426 551 2603 604 etiam
2625 549 2939 605 catholicas
2963 549 3295 620 Scripturas
3321 549 3689 607 aManichmis
3710 570 3862 610 accu-

469 641 621 697 tiora
647 643 802 707 sunt,
830 655 1008 710 quam
1033 655 1162 710 qua:
1185 639 1265 694 ibi
1287 639 1374 694 vel
1397 640 1738 696 videbamur
1768 640 2008 708 discere,
2032 637 2120 695 vel
2233 643 2392 694 satas
2413 637 2499 693 vel
2520 641 2659 692 tunc
2681 638 3073 703 defenderem,
3100 637 3170 702 si,
3188 637 3638 705 utdico,cautus
3652 659 3861 714 essem;

473 730 664 802 magis
685 730 917 784 credere
942 729 1316 800 cogebamur.
1337 729 1490 785 Deus
1514 745 1746 802 magne,
1769 736 1916 786 Deus
1940 729 2124 785 omni—
2231 726 2317 782 vel
2343 744 2497 782 nunc
2525 727 2756 782 defendi
2780 743 2949 797 posse
2973 727 3390 782 demonstrem.
3417 727 3525 784 Sed
3549 729 3606 783 in
3631 729 3757 787 aliis
3780 749 3863 788 vo-

473 823 700 892 potens,
735 823 884 873 Deus
913 834 1159 873 summae
1182 817 1487 886 bonitatis,
1522 834 1693 888 quem
1726 818 2120 874 inviolabilem
2232 815 2559 872 luminibus
2581 816 2736 872 Deus
2759 815 3060 887 adjuvabit
3083 815 3448 886 propositum
3481 833 3709 886 meum;
3735 837 3862 877 nam

439 972 441 975 ι
472 912 646 979 atque
668 906 1208 962 incommutabilem
1233 907 1388 961 credi
1423 912 1598 978 atque
1627 906 1870 979 intelligi
1903 907 1989 963 fas
2011 912 2118 976 est,
2231 905 2409 975 hujus
2433 905 2581 975 jam,
2616 909 2898 974 quantum
2929 904 3200 972 arbitror,
3225 904 3556 960 moderata'
3580 906 3733 978 parci
3757 909 3862 964 sibi

471 996 650 1052 Trina
671 996 889 1064 unitas,
916 1012 1094 1066 quam
1117 994 1408 1050 catholica
1425 995 1685 1051 Ecclesia
1700 996 1858 1064 colit,
1879 996 2123 1068 supplex
2231 992 2490 1065 postulat
2521 992 2847 1065 longitudo.

469 1101 591 1152 oro,
616 1089 888 1156 expertus
905 1084 963 1139 in
979 1101 1071 1139 me
1084 1084 1548 1140 misericordiam
1565 1088 1750 1150 tuam,
1767 1102 1836 1140 ne
1853 1085 2121 1141 homines

469 1189 605 1229 cum
637 1173 854 1242 quibus
901 1173 1046 1228 mihi
1095 1190 1127 1228 a
1158 1173 1402 1245 pueritia
1433 1173 1492 1229 in
1525 1173 1684 1229 omni
1719 1173 1981 1229 convictu
2013 1174 2123 1229 fuit

468 1279 708 1318 summa
730 1262 1060 1328 consensio,
1084 1261 1141 1316 in
1164 1265 1267 1318 tuo
1291 1261 1445 1318 caltu
1471 1278 1505 1317 a
1527 1277 1620 1318 me
1641 1263 1953 1318 dissentire
1985 1278 2118 1334 per-

2299 1141 2312 1172 ι
2342 1136 2513 1186 Editio
2542 1137 2645 1196 Er.,
2668 1135 3031 1186 immoderata.

2293 1217 2364 1280 (α)
2394 1217 2414 1266 I
2449 1218 2697 1277 Retract.,
2721 1231 2840 1280 cap.
2875 1219 2950 1276 15,
2979 1230 3034 1266 n.
3065 1218 3115 1269 8.

1185 1513 1330 1598 DE
1393 1512 2218 1626 SUBSEQUENTE
2279 1512 3147 1623 DISPUTATIONE,

1566 1679 1860 1719 POSSIDIUS
1902 1678 1959 1718 IN
1999 1677 2306 1719 AUGUSTINI
2345 1679 2497 1731 VITA,
2536 1678 2663 1718 CAP.
2703 1679 2778 1718 νι.

540 1813 688 1862 Sane
708 1811 846 1862 tunc
865 1806 924 1862 in
947 1807 1047 1862 illa
1077 1805 1429 1879 Hipponensi
1462 1805 1626 1873 urbe,
1661 1806 2110 1862 Manichaeorum
2135 1804 2465 1876 pestilentia
2489 1805 2958 1877 quamplurimos
2981 1805 3133 1861 cives
3160 1809 3215 1861 et
3237 1806 3578 1878 peregrinos
3603 1806 3874 1864 infecerat

470 1901 526 1952 et
558 1900 978 1969 penetraverat,
1014 1897 1327 1951 seducente
1359 1899 1415 1950 et
1446 1895 1769 1966 decipiente
1802 1895 2065 1964 ejusdem
2097 1894 2334 1949 haeresis
2361 1895 2615 1965 quodam
2649 1895 2982 1965 presbytero
3016 1895 3254 1950 nomine
3290 1895 3632 1966 Fortunato,
3659 1895 3871 1952 ibidem

469 1990 845 2041 conservante
878 1989 1050 2056 atque
1080 1988 1370 2039 manente.
1406 1983 1633 2044 Interea
1661 1985 2063 2056 Hipponenses
2090 1984 2241 2040 cives
2272 1987 2329 2039 et
2359 1983 2645 2055 peregrini
2678 1983 2992 2039 Christiani
3018 1988 3138 2038 tam
3169 1983 3446 2039 Catholici
3483 2001 3666 2056 quam
3698 1985 3871 2042 etiam

466 2073 778 2128 Donatistae
812 2074 1031 2128 adeunt
1061 2073 1456 2145 Augustinum
1490 2074 1916 2144 presbyterum,
1951 2078 2126 2143 atque
2148 2073 2471 2144 deposcunt
2491 2078 2556 2126 ut
2579 2070 2746 2126 illum
2777 2071 3075 2126 hominem
3099 2072 3554 2128 Manichaeorum
3579 2074 3872 2145 presbyte-

466 2180 620 2227 rum,
653 2179 828 2233 quem
861 2163 1098 2217 doctum
1131 2162 1468 2229 credebant,
1498 2161 1740 2227 videret,
1769 2166 1825 2216 et
1857 2178 1990 2215 cum
2023 2162 2223 2216 eodem
2258 2161 2328 2216 de
2379 2162 2527 2233 Lege
2576 2164 2871 2216 tractaret.
2923 2161 3084 2224 Quod
3136 2160 3313 2232 idem,
3348 2166 3413 2216 ut
3441 2163 3735 2233 scriptum
3770 2166 3876 2228 est,

466 2254 703 2323 paratus
735 2252 804 2306 ad
838 2250 1278 2322 responsionem
1312 2250 1468 2306 omni
1500 2250 1762 2322 poscenti
1811 2267 1872 2306 se
1922 2250 2206 2305 rationem
2256 2251 2326 2305 de
2380 2250 2491 2305 ﬁde
2542 2255 2600 2305 et
2646 2267 2748 2321 spe
2792 2266 2919 2321 quae
2958 2249 3016 2304 in
3052 2251 3231 2305 Deum
3262 2254 3350 2305 est
3379 2252 3424 2321 (Ι
3456 2252 3613 2306 Petr.
3651 2269 3733 2317 ιιι,
3770 2250 3876 2322 15),

465 2346 787 2412 potensque
844 2340 1137 2396 exhortari
1195 2340 1254 2395 in
1313 2339 1578 2394 doctrina
1636 2356 1800 2407 sana,
1861 2343 1917 2394 et
1964 2340 2427 2395 contradicentes
2480 2339 2830 2411 redarguere
2880 2339 3003 2411 (Tit.
3054 2355 3094 2410 ι,
3125 2340 3201 2411 9),
3237 2339 3482 2395 minime
3515 2340 3735 2396 renuit.
3771 2340 3878 2396 Sed

469 2435 668 2486 utrum
700 2430 877 2484 etiam
910 2429 1017 2485 hoc
1050 2429 1399 2484 Fortunatus
1431 2429 1555 2484 fieri
1587 2428 1774 2499 vellet,
1808 2428 2143 2484 sciscitatus
2177 2433 2283 2483 est.
2312 2431 2383 2482 At
2408 2427 2491 2482 illi
2515 2428 2823 2483 confestim
2848 2429 2917 2483 ad
2942 2428 3136 2499 ipsum
3165 2428 3557 2485 Fortunatum
3582 2429 3640 2484 id
3666 2428 3879 2485 detule-

470 2525 626 2586 runt,
662 2523 920 2590 petentes
952 2522 1007 2574 et
1037 2519 1408 2574 exhortantes
1438 2535 1501 2574 ac
1532 2518 1881 2589 ﬂagitantes,
1916 2519 2069 2589 quod
2103 2518 2158 2572 id
2194 2517 2437 2572 minime
2470 2522 2782 2573 recusaret.
2836 2518 2987 2573 Sane
3020 2517 3297 2589 quoniam
3331 2517 3491 2573 idem
3525 2519 3882 2574 Fortunatus

464 2610 588 2679 jam
614 2609 768 2679 apud
792 2607 1199 2680 Carthaginem
1223 2612 1492 2663 sanctum
1509 2612 1745 2662 noverat
1757 2607 2152 2677 Augustinum
2173 2606 2363 2662 adhuc
2378 2607 2434 2660 in
2451 2607 2653 2661 eodem
2669 2623 2868 2662 secum
2893 2623 3086 2662 errore
3108 2609 3664 2674 constitutum,cum
3681 2608 3880 2663 eodem

467 2697 740 2768 congredi
760 2695 1490 2768 pavitabat.Verumtamen
1507 2713 1745 2751 suorum
1765 2695 2016 2750 maxime
2032 2695 2310 2750 instantia
2325 2700 2559 2750 coactus
2575 2712 2638 2750 ac
2655 2695 3377 2767 verecundatus,promisit
3390 2696 3668 2751 cominus
3684 2713 3746 2751 se
3758 2713 3880 2752 esse

463 2791 798 2851 venturum,
823 2790 1232 2858 certamenque
1249 2786 1587 2857 disputandi
1610 2786 1968 2841 subiturum.
1994 2786 2155 2840 Unde
2177 2786 2440 2840 condicto
2465 2785 2556 2840 die
2577 2790 2634 2840 et
2654 2784 2779 2841 loco
2800 2790 3194 2841 convenerunt
3211 2786 3267 2839 in
3288 2803 3500 2855 unum,
3522 2803 3879 2842 concurren-

461 2876 620 2930 tibus
635 2875 963 2946 quampluri
976 2875 1084 2930 mis
1103 2876 1243 2930 viris
1265 2875 1547 2931 studiosis
1565 2875 1872 2946 turbisque
1896 2875 2163 2940 curiosis,
2183 2879 2240 2929 et
2267 2875 2484 2945 apertis
2517 2875 2877 2930 notariorum
2910 2874 3150 2942 tabulis,
3184 2875 3509 2946 disputatio
3546 2880 3640 2931 est
3669 2880 3874 2946 ccepta,

462 2964 671 3035 primo,
705 2967 762 3018 et
789 2964 1046 3018 secundo
1078 2964 1242 3018 ﬁnita
1271 2969 1360 3019 est
1389 2964 1502 3018 die.
1541 2966 1601 3019 In
1635 2981 1750 3035 qua
1780 2963 1874 3018 ille
1901 2963 2259 3018 manichaeus
2285 2969 2622 3035 praeceptor,
2651 2969 2716 3019 ut
2738 2964 3047 3020 Gestorum
3068 2966 3326 3020 continet
3346 2963 3521 3032 ﬁdes,
3546 2980 3659 3019 nec
3679 2964 3878 3019 catho-

465 3051 638 3106 licam
673 3051 1054 3106 assertionem
1097 3051 1285 3122 potuit
1315 3068 1610 3121 evacuare,
1643 3068 1748 3107 nec
1775 3051 2224 3108 Manichaeorum
2255 3057 2478 3123 septam
2502 3052 2812 3108 subnixam
2843 3052 3085 3108 veritate
3117 3052 3300 3107 valuit
3320 3053 3712 3124 comprobare
3741 3069 3754 3108 :
3779 3051 3877 3107 sed

462 3140 740 3195 deﬁciens
772 3140 1171 3212 responsione,
1206 3140 1413 3195 ultimo
1445 3140 1794 3196 collaturum
1827 3158 1887 3197 se
1918 3157 2052 3196 cum
2082 3141 2207 3196 suis
2242 3140 2566 3211 majoribus
2597 3156 2663 3195 ea
2695 3158 2821 3212 quae,
2853 3140 3112 3196 refellere
3139 3157 3256 3196 non
3283 3140 3496 3212 potuit,
3523 3146 3881 3213 prosecutus

461 3232 588 3297 est;
623 3233 680 3284 et
711 3229 759 3284 si
791 3229 902 3284 sibi
934 3229 1081 3284 forte
1112 3229 1182 3284 de
1213 3228 1304 3284 his
1337 3229 1482 3286 satis
1515 3230 1756 3285 minime
1789 3231 2078 3296 fecissent,
2109 3246 2228 3285 sua:
2260 3230 2468 3285 animas
2498 3230 2942 3285 consulturum:
2977 3233 3152 3302 atque
3184 3229 3264 3285 ita
3295 3230 3366 3284 ab
3398 3230 3690 3286 omnibus
3725 3229 3879 3301 apud

463 3334 610 3389 quos
642 3333 892 3390 magnus
923 3321 981 3373 et
1020 3319 1227 3374 doctus
1251 3318 1577 3389 videbatur,
1612 3319 1757 3374 nihil
1789 3319 2043 3374 valuisse
2073 3319 2131 3373 in
2165 3335 2284 3374 suae
2319 3322 2489 3374 sectae
2519 3319 2841 3374 assertione
2883 3318 3186 3389 judicatus
3237 3322 3345 3373 est.
3379 3319 3510 3383 Qua
3544 3318 3646 3373 ille
3678 3318 3883 3373 confu-

459 3409 622 3462 sione
654 3407 917 3473 ati'ectus,
953 3412 1011 3462 et
1042 3408 1309 3478 sequenti
1340 3412 1599 3480 tempore
1629 3409 1700 3464 de
1733 3408 2089 3480 Hipponensi
2123 3407 2358 3462 civitate
2390 3408 2704 3478 profectus,
2740 3409 2807 3462 ad
2833 3408 3097 3463 eamdem
3121 3406 3376 3479 amplius
3401 3423 3525 3463 non
3553 3408 3843 3463 remeavit
3871 3423 3884 3462 :

462 3513 529 3551 ac
561 3495 644 3551 sic
674 3511 777 3566 per
805 3499 1196 3551 memoratum
1230 3495 1329 3551 Dei
1363 3496 1658 3552 hominem
1691 3497 1956 3552 omnium
1990 3497 2288 3562 cordibus,
2318 3495 2407 3551 vel
2438 3496 2537 3567 qui
2568 3497 2828 3567 aderant,
2859 3497 2947 3552 vel
2979 3496 3078 3568 qui
3111 3498 3380 3554 absentes
3410 3496 3520 3553 illa
3550 3513 3690 3569 qua:
3720 3499 3886 3570 gesta

462 3589 604 3641 sunt
629 3589 1042 3657 cognoverant,
1075 3601 1236 3640 error
1263 3585 1360 3641 ille
1394 3587 1648 3652 ablatus,
1686 3585 1969 3642 catholica
1999 3590 2088 3642 est
2118 3585 2391 3641 intimate
2421 3603 2487 3642 ac
2529 3590 2752 3642 retenta
2783 3586 3008 3642 sincera
3039 3585 3261 3659 religio.

541 3693 630 3754 De
657 3692 1033 3774 subsequente
1066 3692 1481 3774 Dz'sputatfone
1507 3693 1638 3774 vide
1669 3692 1775 3753 lib.
1814 3696 1841 3752 1
1878 3693 2142 3774 σαρηίὸ,
2179 3693 2742 3774 Retractationum,
2779 3702 2916 3753 tam.
2953 3695 3010 3766 1,
3043 3693 3150 3753 col.
3213 3693 3351 3764 612,
3387 3712 3453 3756 η.
3495 3696 3556 3768 1,
3592 3712 3634 3755 a
3666 3691 3882 3767 verbis,

461 3774 696 3835 Eodem
731 3779 1037 3852 tempore,
1071 3773 1252 3855 usque
1283 3773 1364 3834 ad
1390 3773 1570 3835 verba
1599 3794 1662 3833 η.
1697 3776 1758 3847 2,
1791 3773 2185 3834 Clarissimus
2215 3773 2600 3834 consulibus.
2634 3774 2716 3835 M.

456 3921 3893 3963 *Μ

1025 4076 1180 4205 S.
1273 4077 2089 4206 AUBELII
2177 4072 3280 4207 AUGUSTINI

1747 4267 1792 4321 H
1805 4265 2216 4323 IPPONENSIS
2258 4264 2573 4321 EPISCOPI

1190 4382 1612 4495 ACTA
1707 4383 2015 4493 SEU
2121 4382 3126 4493 DISPUTATIO

576 4566 1251 4691 CONTRA
1337 4566 2504 4690 FORTUNATUM
2607 4565 3764 4692 MANICHAEUM.

1793 4753 2083 4826 LIBER
2153 4752 2398 4825 UNUS
2437 4753 2535 4838 (α),

806 4983 1229 5040 DISPUTATIO
1281 4983 1530 5041 PRIMEE
1569 4986 1738 5041 DIEI.
2208 4984 2350 5040 tatio
2383 4985 2660 5041 adversus
2686 4985 3068 5041 Fortunatum
3091 4985 3552 5048 Manicbaorum
3584 4995 3901 5070 presbyte-

525 5075 737 5141 Quinto
760 5074 1034 5129 calendas
1057 5075 1426 5145 septembris,
1451 5075 1698 5130 Arcadio
1721 5077 1982 5146 Augusto
2008 5073 2100 5130 bis
2209 5091 2361 5143 rum,
2396 5074 2454 5130 in
2488 5075 2630 5130 urbe
2664 5074 3126 5147 Hipponensium
3177 5075 3512 5149 regionum,
3551 5081 3619 5139 in
3652 5084 3898 5142 Balneis

453 5168 509 5219 et
533 5164 741 5220 Rufino
762 5163 899 5218 viris
921 5161 1270 5218 clarissimis
1292 5163 1655 5230 consulibus,
1682 5163 1881 5219 habita
1900 5163 2097 5234 dispu-
2207 5164 2392 5219 Sossii
2415 5167 2453 5233 1,
2487 5165 2597 5219 sub
2630 5165 2940 5236 praesentia
2971 5165 3189 5236 populi.

1652 5297 1966 5335 ADMONITIO
2006 5298 2090 5336 PP.
2125 5297 2645 5337 BENEDICTINORUM.

491 5384 668 5455 .Liber
695 5390 879 5458 contra
910 5383 1261 5458 Fortun‘atum
1293 5383 1582 5458 castigatus
1612 5388 1690 5458 est
1713 5383 1948 5458 juvante‘
1971 5385 2155 5458 codice
2183 5385 2864 5458 Vaticano,_Arnulphens‘i,
2887 5390 2946 5458 et
2961 5387 3247 5458 Victorinis
3266 5388 3499 5448 duobus.
3528 5399 3747 5455 praeter
3768 5396 3888 5448 Bel-

453 5446 692 5507 gicorum
719 5449 875 5496 trium
906 5448 1079 5495 varias
1109 5446 1362 5495 lectiones
1395 5446 1520 5494 olim
1553 5461 1583 5496 a
1615 5447 2036 5496 Lovauiensibus
2072 5452 2240 5496 datas.
2280 5450 2522 5510 perlectis
2553 5446 2710 5498 etiam
2743 5446 2976 5512 antiquis
3008 5450 3352 5502 editionibus.

534 5542 1022 5606 Comdaravz'mus
1056 5555 1346 5624 praeterea
1377 5563 1472 5607 eas
1504 5565 1698 5607 omnes
1726 5545 2011 5607 editiones
2046 5547 2212 5608 initio
2247 5551 2418 5608 ltetr.
2450 5558 2507 5608 et
2534 5550 2835 5623 Confess,
2873 5557 2914 5608 t.
2952 5553 3008 5621 1,
3041 5559 3414 5613 memoratas.
3457 5553 3550 5613 M.

505 5660 579 5724 (α)
609 5658 847 5722 Scriptus
877 5672 1024 5709 anno
1051 5663 1162 5714 392.
2257 5665 2273 5699 ί
2306 5663 2480 5714 Editio
2510 5665 2658 5724 Lov.,
2690 5663 2843 5714 Sesti.
2872 5664 3057 5715 Crateri
3087 5663 3229 5728 libri,
3273 5665 3464 5718 Sossii.
