4084 6194
284 379 398 439 H3

352 510 405 565 1.
436 508 809 565 AUGUSTINUS
833 504 976 564 dixit
1003 507 1152 580 :Ego
1163 506 1288 580 jam
1308 522 1561 563 errorem
1584 509 1744 579 puto,
1760 522 1937 578 quam

277 602 452 655 antea
480 596 786 653 veritatem
818 596 1096 669 putabam
1122 612 1135 651 :
1170 601 1369 652 utrum
1402 600 1554 651 recte
1586 596 1935 663 existimem,

275 704 309 743 a
341 691 401 742 te
431 692 717 759 prasente
760 686 964 742 audire
1003 684 1173 757 cupio
1197 686 1235 742 ί.
1281 687 1343 741 In
1393 684 1599 758 primis
1632 701 1934 741 summum

273 792 540 832 errorem
594 780 757 848 puto,
794 776 1256 848 omnipotentem
1301 774 1509 842 Deum,
1564 775 1623 830 in
1673 791 1786 847 quo
1818 791 1935 830 una

271 866 447 921 nobis
481 881 616 937 spes
647 868 755 933 est,
787 881 856 920 ex
878 863 1075 934 aliqua
1103 868 1265 936 parte
1286 862 1640 930 violabilem,
1660 868 1761 918 aut
1782 863 1935 919 coin—

268 952 778 1027 quinabilem,aut
808 952 1244 1024 corruptibilem
1268 953 1521 1008 credere.
1545 954 1657 1008 Hoc
1678 958 1929 1008 vestram

268 1042 548 1098 haeresim
580 1042 877 1097 afﬁrmare
898 1042 1017 1098 scio
1041 1059 1054 1112 ;
1090 1058 1206 1097 non
1238 1041 1476 1113 quidem
1498 1041 1689 1097 verbis
1713 1042 1931 1113 quibus

262 1149 425 1187 nunc
450 1148 600 1188 usus
631 1149 762 1187 sum
788 1148 802 1187 :
830 1149 965 1188 nam
997 1136 1054 1187 et
1081 1148 1183 1188 vos
1214 1132 1549 1204 interrogati
1571 1130 1928 1187 confitemini

259 1218 452 1274 Deum
488 1234 620 1275 esse
654 1218 1156 1290 incorruptibilem
1179 1222 1235 1275 et
1264 1219 1503 1275 omnino
1535 1217 1927 1275 inviolabilem

256 1311 315 1362 et
348 1306 952 1379 ineoinquinabilem;
985 1308 1084 1363 sed
1118 1323 1251 1363 cum
1275 1308 1565 1379 cceperitis
1593 1311 1800 1363 caetera
1829 1324 1923 1363 ex-

254 1413 509 1470 pcnere,
544 1396 820 1468 cogimini
851 1412 986 1451 eum
1004 1394 1920 1469 corruptibilem,penetrabilem,

251 1490 309 1542 et
324 1485 837 1559 coinquinabilem
858 1485 1344 1558 proﬁteri.Dicitis
1363 1486 1521 1542 enim
1539 1484 1714 1542 aliam
1729 1484 1924 1542 nescio

253 1592 442 1647 quam
476 1578 713 1649 gentem
746 1575 1120 1631 tenebrarum
1138 1576 1417 1631 adversus
1439 1574 1539 1631 Dei
1563 1591 1809 1648 regnum
1833 1590 1920 1630 re-

253 1664 554 1721 bellasse:
588 1664 774 1721 Deum
807 1669 1000 1720 autem
1026 1664 1508 1736 omnipotentem,
1533 1681 1666 1720 cum
1698 1665 1921 1720 videret

257 1757 485 1827 quanta
520 1753 683 1810 labes
714 1759 773 1809 et
799 1752 1049 1810 vastitas
1068 1753 1401 1809 immineret
1418 1753 1607 1825 regnis
1638 1754 1785 1824 suis,
1804 1753 1917 1809 nisi

251 1843 532 1915 aliquid“l
577 1842 831 1898 adversae
872 1842 1027 1913 genti
1059 1846 1397 1916 opponeret,
1431 1848 1487 1898 et
1516 1843 1567 1899 ei
1600 1844 1915 1912 resisteret,

250 1932 498 1988 misisse
533 1931 681 1987 hanc
710 1931 1007 1998 virtutem,
1041 1932 1111 1987 de
1138 1931 1307 2003 cujus
1339 1932 1749 1989 commixtione
1781 1949 1914 1988 cum

252 2020 415 2077 malo
444 2025 507 2077 et
525 2021 900 2077 tenebrarum
939 2025 1111 2094 gente
1155 2022 1415 2077 mundus
1466 2023 1543 2078 sit
1574 2022 1912 2080 fabricatus.

247 2110 401 2166 Hine
432 2127 568 2166 esse
600 2110 755 2182 quod
781 2110 876 2166 hic
891 2111 1097 2165 animas
1128 2110 1292 2167 bonas
1316 2110 1606 2182 laborant,
1629 2112 1911 2184 serviunt,

247 2204 473 2265 errant,
513 2204 1006 2271 corrumpuntur:
1059 2205 1123 2255 ut
1168 2201 1565 2256 necessarium
1598 2200 1914 2257 haberent8

246 2287 657 2355 liberatorem,
689 2288 791 2360 qui
824 2304 922 2344 eas
944 2289 1015 2343 ab
1047 2304 1239 2344 errore
1270 2293 1567 2361 purgaret,
1600 2293 1657 2345 et
1686 2307 1718 2346 a
1747 2306 1911 2347 com-

246 2376 541 2433 mixtione
568 2376 840 2444 solveret,
871 2380 929 2433 et
957 2394 991 2433 a
1021 2377 1295 2434 servitute
1328 2369 1619 2434 liberaret.
1656 2379 1775 2435 Hoc
1804 2396 1910 2453 ego

246 2467 417 2522 nefas
450 2469 598 2538 puto
631 2468 891 2533 credere,
924 2466 1107 2522 Deum
1147 2467 1607 2540 omnipotentem
1649 2467 1909 2540 aliquam

245 2556 565 2611 adversam
599 2559 833 2628 gentem
862 2555 1157 2621 timuisse,
1191 2562 1293 2612 aut
1342 2558 1748 2614 necessitatem
1780 2574 1909 2615 esse

246 2660 523 2718 passum,
558 2651 625 2700 ut
654 2662 761 2700 nos
789 2644 848 2699 in
882 2661 1173 2701 aerumnas
1204 2645 1606 2718 praeipitaret.

316 2734 717 2790 FORTUNATUS
743 2734 918 2790 dixit:
968 2734 1112 2799 Quia
1155 2738 1213 2790 te
1262 2736 1523 2791 medium
1573 2736 1755 2793 fuisse
1804 2754 1907 2793 no-

242 2827 439 2878 strum
475 2824 621 2889 scio,
654 2823 712 2877 id
743 2827 848 2887 est,
885 2824 1036 2878 inter
1063 2824 1410 2880 Manichaeos
1437 2825 1904 2895 administrasse,

239 2912 365 2967 ista
398 2916 545 2967 sunt
572 2912 916 2985 principalia
938 2913 1072 2968 fidei
1094 2918 1325 2970 nostrai.
1359 2914 1440 2970 De
1469 2917 1907 2973 conversatione

241 3000 342 3057 hic
377 3002 600 3074 agitur,
638 3002 707 3057 de
740 3002 955 3073 quibus
999 3002 1162 3057 falsis
1193 3002 1543 3059 criminibus
1575 3003 1903 3076 pulsamur.

240 3091 324 3145 Ex
360 3095 421 3147 te
452 3107 595 3163 ergo
625 3096 945 3163 praesentes
975 3092 1217 3147 audiant
1245 3093 1381 3148 boni
1403 3092 1533 3163 viri,
1559 3099 1756 3149 utrum
1789 3095 1908 3150 sint

239 3196 385 3235 vera
402 3196 585 3250 super
610 3179 825 3251 quibus
846 3180 1230 3236 criminamur
1250 3185 1306 3237 et
1326 3182 1678 3253 appetimur,
1694 3199 1764 3238 an
1786 3182 1908 3240 sint

240 3269 416 3324 falsa.
452 3268 681 3324 Etenim
715 3284 782 3325 ex
807 3273 911 3324 tua
940 3270 1222 3339 doctrina,
1247 3274 1303 3325 et
1322 3287 1387 3326 ex
1418 3274 1521 3326 tua
1549 3272 1903 3343 expositione

240 3363 296 3413 et
327 3357 672 3414 ostensione
704 3358 1186 3429 poteruntverius
1209 3360 1356 3416 scire
1388 3366 1648 3417 nostram
1668 3378 1903 3418 conver-

244 3447 564 3514 sationem,
617 3446 666 3501 si
717 3464 751 3501 a
792 3450 849 3502 te
898 3446 1075 3503 fuerit
1122 3447 1370 3520 prodita.
1423 3449 1744 3506 Interfuisti
1777 3466 1903 3507 ora-

242 3535 417 3591 tioni.

310 3627 371 3678 2.
400 3625 557 3680 AUG.
591 3622 763 3679 dixit:
818 3624 1081 3681 Interfui.
1129 3626 1241 3682 Sed
1290 3627 1405 3683 alia
1434 3627 1679 3699 quaestio
1706 3632 1794 3684 est
1833 3630 1905 3685 de

239 3713 384 3780 fide,
416 3712 537 3768 alia
565 3713 637 3767 de
667 3713 968 3769 moribus:
993 3730 1097 3787 ego
1130 3714 1200 3770 de
1229 3715 1341 3771 ﬁde
1371 3717 1669 3787 proposui.
1712 3717 1821 3773 Sed
1854 3714 1903 3773 si

239 3803 325 3858 illi
347 3802 452 3875 qui
472 3802 712 3874 adsunt,
731 3802 959 3859 malunt
985 3804 1187 3859 audire
1214 3804 1285 3861 de
1302 3805 1586 3877 moribus,
1605 3822 1711 3862 nec
1729 3806 1902 3864 istam

238 3892 633 3965 quaestionem
665 3890 919 3965 defugio.

310 3982 489 4038 Fonr.
525 3980 702 4036 dixit:
738 3981 993 4055 Purgare
1035 3999 1128 4038 me
1157 3982 1322 4055 prius
1367 3981 1496 4039 volo
1538 4000 1716 4055 penes
1765 4002 1901 4040 con-

239 4070 557 4126 scientiam
606 4074 882 4136 vestram,
925 4087 1103 4143 penes
1150 4072 1369 4144 quam‘
1428 4072 1770 4146 polluimur,
1835 4090 1904 4129 ex

238 4158 439 4215 idonei
484 4157 597 4213 viri
628 4158 984 4227 testimonio,
1035 4160 1131 4232 qui
1168 4160 1312 4216 mihi
1355 4165 1410 4216 et
1453 4178 1609 4216 nunc
1658 4162 1903 4219 idoneus

240 4252 354 4315 est,
388 4251 447 4302 et
480 4247 541 4301 in
576 4247 773 4302 futura
789 4249 938 4319 justi
961 4249 1184 4321 judicia
1211 4249 1427 4306 Christi
1453 4251 1901 4320 examinatione,

242 4335 291 4391 si
322 4352 395 4391 ea
424 4352 558 4408 qua:
582 4336 877 4406 jactentur
920 4337 1065 4393 vidit
1093 4338 1153 4393 in
1198 4338 1387 4408 nobis,
1436 4339 1519 4396 vel
1552 4346 1903 4397 consecutus

239 4429 345 4481 est.

310 4510 370 4566 3.
405 4512 557 4567 Ave.
592 4510 762 4567 dixit:
797 4511 881 4567 Ad
913 4511 1070 4567 aliud
1118 4530 1308 4580 vocas,
1356 4530 1489 4571 cum
1538 4531 1640 4586 ego
1671 4516 1742 4572 de
1790 4517 1904 4579 ﬁde

241 4599 685 4674 proposuerim.
719 4600 799 4655 De
830 4601 1091 4657 moribus
1121 4607 1315 4658 autem
1333 4605 1546 4659 vestris
1570 4605 1734 4675 plene
1756 4607 1905 4661 seire

241 4693 500 4760 possunt
528 4687 629 4759 qui
651 4686 827 4743 Electi
855 4689 1031 4744 vestri
1051 4694 1203 4747 sunt.
1228 4691 1424 4747 Nostis
1450 4697 1644 4748 autem
1674 4709 1764 4748 me
1787 4710 1902 4748 non

238 4775 518 4833 Electum
548 4780 834 4846 vestrum,
896 4779 994 4833 sed
1044 4780 1381 4836 Auditorem
1431 4781 1633 4838 fuisse.
1684 4784 1901 4854 Itaque,

242 4863 522 4937 quamvis
553 4868 606 4920 et
636 4866 886 4921 orationi
919 4871 1122 4923 vestras
1157 4869 1543 4936 interfuerim,
1569 4875 1633 4926 ut
1657 4871 1903 4927 interro-

242 4951 437 5025 gasti;
464 4956 663 5010 utrum
697 4956 1010 5027 separatim
1038 4957 1339 5013 vobiscum
1360 4958 1628 5015 habeatis
1648 4960 1903 5032 aliquam

244 5041 601 5111 orationem,
649 5048 800 5099 Deus
846 5043 1010 5103 solus
1058 5051 1252 5118 potest
1309 5064 1503 5115 nosse,
1553 5053 1609 5104 et
1634 5066 1755 5106 vos.
1786 5051 1905 5122 Ego

245 5132 449 5187 tamen
480 5129 543 5186 in
573 5132 832 5188 oratione
861 5134 919 5188 in
951 5150 1067 5205 qua
1102 5136 1359 5204 interfui,
1400 5137 1546 5192 nihil
1577 5142 1746 5210 turpe
1782 5140 1905 5194 fieri

244 5219 403 5276 vidi:
448 5220 553 5275 sed
602 5220 795 5277 solum
842 5227 1042 5279 contra
1071 5224 1247 5280 fidem
1289 5226 1697 5293 animadverti,
1728 5244 1904 5301 quam

245 5315 450 5381 postea
481 5308 661 5366 didici
691 5315 748 5367 et
776 5312 1036 5383 probavi,
1080 5314 1235 5384 quod
1268 5319 1473 5371 contra
1501 5315 1684 5372 solem
1717 5317 1906 5375 facitis

314 5417 333 5449 ¹
356 5415 510 5480 Post,
538 5415 722 5464 audire
732 5416 898 5480 cupio,
920 5418 1204 5469 Vaticanus
1217 5420 1385 5470 codex
1403 5421 1575 5471 addit:
1589 5436 1907 5474 roa‘mnarus

250 5477 588 5589 gagaten
617 5477 842 5528 error-ein
869 5494 1137 5543 exponere.
1171 5484 1486 5535 AUGUSTINUS
1510 5484 1679 5534 dixit:
1712 5486 1772 5534 In
1798 5488 1908 5549 pri-

400 5554 505 5589 etc.

251 5554 655 5679 "utsyatieanuls
684 5602 870 5679 codex,
899 5606 1223 5679 regniasuis,‘
1251 5610 1310 5679 ut
1338 5607 1555 5679 aliquid,
1587 5612 1684 5659 etc.

322 5666 347 5703 ⁸
367 5666 516 5716 Idem
542 5664 728 5725 codex,
757 5670 808 5716 et
834 5664 1174 5719 neceisarium
1202 5664 1409 5720 habent.

317 5728 345 5765 ⁸
362 5728 429 5780 ιιι
455 5727 608 5792 ιιι,
630 5742 784 5793 perm
810 5743 955 5794 qm.

1619 372 2096 436 DISPUTATIO
2142 372 2382 434 PRIMA
2402 416 2415 431 .

3586 373 3701 438 114

2051 503 2395 561 orationem.
2428 507 2641 560 Praeter
2669 504 2779 562 hoc
2808 503 2867 561 ln
2899 503 3001 563 illa
3031 504 3292 562 oratione
3328 508 3524 563 vestra
3554 506 3680 563 nihi

2051 595 2183 651 novi
2213 595 2488 665 comperi.
2527 594 2803 666 Quisquis
2836 599 3033 651 autem
3059 594 3222 651 vobis
3262 595 3503 667 opponit
3540 614 3703 669 quis-

2048 683 2292 739 stionem
2320 683 2579 756 aliquam
2611 685 2681 739 de
2705 684 2991 749 moribus,
3040 683 3249 740 Electis
3278 684 3485 740 vestris
3516 703 3698 759 oppo-

2047 773 2192 828 nit‘.
2227 774 2375 841 Quid
2408 778 2602 829 autem
2640 773 2790 828 inter
2820 790 2919 827 vos
2948 774 3154 845 agatis,
3189 774 3289 845 qui
3322 774 3499 830 Electi
3531 776 3695 847 estis,

2043 877 2148 934 ego
2180 863 2328 918 scire
2352 879 2466 917 non
2496 878 2758 934 possum.
2783 861 2927 916 Nam
2959 866 3017 916 et
3048 862 3475 918 Eueharistiam
3498 863 3697 921 audivi

2043 967 2077 1005 a
2105 951 2272 1006 vobis
2304 967 2454 1023 saepe
2484 951 2636 1022 quod
2668 949 2999 1021 accipiatis:
3046 955 3278 1021 tempus
3309 956 3504 1006 autem
3536 952 3692 1007 acci-

2040 1038 2237 1111 piendi
2270 1056 2402 1094 cum
2438 1056 2527 1095 me
2554 1038 2780 1105 lateret,
2814 1039 2954 1111 quid
2989 1039 3311 1111 accipiatis,
3344 1041 3498 1096 unde
3520 1058 3692 1097 nosse

2039 1128 2243 1200 potui?
2274 1129 2476 1200 Itaque
2500 1145 2682 1198 serva,
2707 1128 2754 1182 si
2786 1127 2994 1199 placet,
3017 1128 3397 1201 quaestionem
3429 1130 3499 1185 de
3522 1130 3692 1186 mori-

2038 1216 2171 1285 bus,
2208 1222 2271 1273 ut
2301 1218 2452 1273 inter
2484 1217 2707 1273 Electos
2738 1220 2960 1272 vestros
2992 1217 3359 1286 discutiatur,
3393 1217 3442 1273 si
3473 1219 3686 1275 discuti

2036 1311 2245 1377 potest.
2280 1307 2418 1362 Mihi
2450 1307 2592 1362 fides
2618 1307 2753 1361 data
2784 1311 2874 1362 est
2899 1323 2933 1362 a
2962 1306 3143 1374 vobis,
3168 1322 3347 1379 quam
3378 1307 3551 1363 hodie
3574 1309 3684 1363 im-

2035 1397 2235 1467 probo.
2256 1396 2338 1452 De
2362 1396 2491 1468 ipsa
2508 1396 2813 1469 proposui:
2833 1396 2901 1451 ad
2926 1395 3289 1468 propositum
3316 1412 3514 1453 meum
3536 1397 3685 1452 mihi

2032 1487 2474 1557 respondeatur.

2103 1575 2271 1630 Foa'r.
2331 1575 2511 1630 dixit:
2546 1579 2615 1631 Et
2654 1579 2855 1631 nostra
2903 1574 3185 1647 professio
3223 1575 3352 1648 ipsa
3382 1579 3490 1644 est,
3525 1576 3677 1648 quod

2028 1662 2486 1736 incorruptibilis
2505 1665 2581 1721 sit
2598 1669 2770 1733 Deus,
2804 1665 2957 1736 quod
2980 1664 3231 1731 lucidus,
3251 1665 3403 1737 quod
3428 1666 3679 1721 inadibi-

2025 1751 2903 1826 lis,intenibilis,impassibilis,
2930 1755 3085 1827 quod
3114 1757 3387 1810 aeternam
3414 1752 3603 1810 lucem
3624 1761 3682 1810 et

2025 1843 2320 1915 prepriam
2334 1842 2622 1915 inhabitet
2638 1843 2692 1899 ἐ
2728 1843 2881 1915 quod
2898 1842 3043 1899 nihil
3057 1859 3125 1899 ex
3144 1859 3271 1900 sese
3301 1844 3679 1915 eorruptibile

2024 1932 2295 2002 proferat,
2330 1949 2436 1988 nec
2465 1933 2755 2000 tenebras,
2776 1949 2881 1988 nec
2912 1933 3223 2000 daemones,
3248 1950 3353 1989 nec
3383 1937 3677 2002 atanam,

2021 2036 2127 2076 nec
2158 2019 2379 2092 aliquid
2414 2022 2724 2078 adversum
2755 2021 2814 2077 in
2834 2038 3011 2093 regno
3041 2022 3169 2094 ejus
3198 2021 3437 2094 reperiri
3457 2022 3673 2094 possit.

2020 2108 2120 2163 Sui
2154 2113 2349 2164 autem
2384 2109 2636 2166 similem
2669 2110 3029 2167 Salvatorem
3062 2110 3367 2167 direxisse:
3418 2110 3676 2166 Verbum

2020 2201 2224 2252 natum
2243 2214 2277 2252 a
2294 2199 2709 2255 constitutione
2727 2198 2932 2255 mundi
2955 2215 3091 2255 cum
3124 2200 3417 2255 mundum
3436 2199 3681 2256 fabrica-

2018 2287 2160 2354 ret3,
2196 2291 2327 2358 post
2356 2289 2563 2343 mundi
2607 2289 2888 2345 fabricam
2921 2288 3076 2343 inter
3112 2288 3377 2344 homines
3406 2289 3636 2345 venisse

2018 2374 2227 2447 dignas
2252 2375 2361 2431 sibi
2394 2377 2619 2433 animas
2652 2377 2936 2450 elegisse‘
2967 2386 3177 2434 sanctae
3208 2395 3327 2433 suae
3356 2376 3666 2445 voluntati,

2017 2465 2310 2520 mandatis
2323 2466 2448 2521 suis
2465 2466 2800 2523 caelestibus
2823 2467 3428 2535 sanctificatas,ﬁdeae
3444 2467 3668 2523 ratione

2017 2552 2275 2608 imbutas
2290 2554 2611 2610 caelestium
2627 2572 2853 2622 rerum;
2871 2555 2997 2627 ipso
3011 2556 3252 2611 ductore
3264 2555 3399 2611 hinc
3417 2556 3665 2612 iterum‘

2013 2643 2249 2698 easdem
2281 2643 2508 2699 animas
2539 2644 2609 2698 ad
2642 2659 2886 2716 regnum
2919 2644 3018 2699 Dei
3048 2660 3380 2701 reversuras
3410 2660 3558 2710 esse,
3581 2661 3666 2699 se-

2013 2732 2274 2787 cundum
2304 2738 2567 2789 sanctam
2596 2733 2784 2806 ipsius
2808 2732 3310 2805 pollicitationem,
3340 2735 3441 2805 qui
3473 2735 3659 2789 dixit:

2010 2823 2130 2892 Ego
2156 2837 2278 2876 sum
2307 2823 2414 2891 via,
2462 2825 2688 2889 veritas,
2721 2827 2773 2877 et
2791 2823 3004 2894 janua;
3053 2827 3128 2891 et,
3182 2824 3353 2879 Nemo
3381 2830 3548 2894 potest
3582 2822 3657 2878 ad

2010 2910 2240 2965 Patrem
2265 2913 2574 2982 pervenire,
2605 2912 2720 2967 nisi
2733 2927 2833 2982 per
2860 2928 2967 2967 me.
3000 2911 3101 2967 His
3132 2912 3310 2967 rebus
3342 2928 3448 2968 nos
3478 2912 3668 2967 credi-

2012 3015 2168 3065 mus,
2200 3000 2339 3071 quia
2362 2999 2507 3056 alias
2540 2999 2747 3055 animas
2762 3001 2803 3071 θ,
2837 2999 2896 3056 id
2923 3005 3034 3071 est,
3078 2999 3191 3057 alio
3224 3000 3515 3057 mediante
3546 3017 3662 3056 non

2012 3092 2287 3159 poterunt
2314 3090 2384 3145 ad
2417 3106 2661 3161 regnum
2689 3089 2783 3144 Dei
2816 3089 3046 3161 reverti,
3077 3089 3191 3146 nisi
3221 3088 3419 3161 ipsum
3437 3104 3663 3162 repere-

2010 3176 2128 3231 rint
2156 3178 2329 3247 viam,
2362 3178 2689 3247 veritatem,
2739 3183 2795 3233 et
2817 3179 3083 3249 januam.
3119 3179 3247 3249 [pse
3291 3178 3447 3234 enim
3480 3178 3661 3234 dixit:

2008 3266 2119 3335 Qui
2144 3282 2232 3322 me
2259 3265 2414 3334 vidit,
2448 3266 2587 3321 vidit
2612 3275 2664 3322 et
2693 3269 2921 3322 Patrem
2948 3283 3134 3322 meum
3154 3268 3331 3338 (Joan.
3364 3284 3476 3333 x1v,
3497 3268 3552 3332 6,
3574 3266 3660 3337 9);

2009 3359 2085 3425 et,
2118 3356 2225 3424 Qui
2254 3357 2313 3410 in
2344 3372 2431 3411 me
2444 3356 2758 3423 tradiderit,
2778 3364 3008 3412 mortem
3024 3372 3133 3412 non
3154 3358 3399 3427 gustabit
3416 3358 3477 3411 in
3504 3364 3663 3413 teter.

2007 3460 2162 3515 num,
2193 3445 2284 3501 sed
2309 3447 2605 3501 transitum
2620 3447 2753 3517 facit
2773 3446 2839 3501 de
2864 3455 3043 3501 morte
3064 3445 3135 3499 ad
3152 3447 3347 3514 vitam,
3371 3454 3422 3500 et
3441 3447 3500 3501 in
3510 3446 3663 3516 judi‘

2007 3535 2156 3590 cium
2184 3550 2295 3589 non
2326 3536 2503 3590 veniet
2545 3534 2645 3603 (Id.
2677 3552 2731 3604 v,
2762 3535 2876 3603 24).
2927 3533 3024 3589 His
3054 3534 3229 3590 rebus
3259 3533 3575 3601 credimus,
3608 3537 3665 3588 et

2009 3622 2129 3678 haec
2176 3627 2265 3678 est
2313 3624 2459 3679 ratio
2505 3623 2638 3680 ﬁdei
2683 3628 2919 3690 nostras,
2956 3626 3015 3678 et
3058 3639 3161 3694 pro
3208 3622 3432 3677 viribus
3480 3621 3663 3678 animi

2007 3712 2193 3768 nostri
2226 3712 2520 3767 mandatis
2552 3714 2681 3783 ejus
2710 3712 3135 3783 obtemperare,
3167 3727 3343 3766 unam
3367 3711 3542 3766 fidem
3573 3727 3663 3766 se-

2008 3804 2234 3856 ctantes
2278 3800 2458 3872 hujus
2489 3799 2833 3870 Trinitatis,
2856 3800 3052 3857 Patris
3085 3804 3143 3856 et
3169 3798 3295 3855 Filii
3324 3803 3381 3855 et
3410 3799 3663 3873 Spiritus

2007 3889 2216 3945 sancﬁ.

2079 3977 2131 4034 4.
2166 3979 2307 4035 AUG.
2343 3978 2519 4035 dixit:
2553 3979 2669 4035 Has
2692 3977 2943 4048 animas,
2979 3994 3125 4050 quas
3157 3978 3228 4033 de
3258 3979 3444 4034 morte
3477 3978 3548 4033 ad
3579 3976 3661 4031 vi-

2005 4070 2127 4122 tam
2150 4082 2256 4138 per
2283 4066 2578 4122 Christum
2612 4067 2807 4123 venire
2837 4065 3124 4135 fatemini,
3156 4082 3283 4138 quae
3314 4082 3490 4122 causa
3518 4082 3663 4137 pras-

2008 4154 2269 4228 cipitavit
2292 4156 2350 4211 in
2384 4160 2633 4212 mortem
2651 4155 2679 4211 ?

2078 4244 2253 4299 Foa'r.
2287 4243 2459 4301 dixit:
2506 4245 2653 4301 Hine
2675 4245 2802 4316 jam
2849 4243 3092 4317 dignare
3128 4242 3404 4317 prosequi
3436 4248 3493 4299 et
3522 4259 3664 4300 con-

2005 4333 2204 4404 traire,
2230 4334 2279 4389 si
2317 4322 2463 4390 nihil
2494 4339 2699 4407 prater
2719 4334 2926 4390 Deum.

2076 4422 2131 4476 5.
2168 4423 2315 4479 Avo.
2369 4421 2541 4480 dixit:
2599 4425 2722 4480 Imo
2780 4426 2841 4478 tu
2898 4421 3139 4495 dignare
3197 4422 3546 4494 respondere
3604 4421 3662 4477 id

2006 4511 2159 4580 quod
2204 4511 2601 4584 interrogat-is,
2651 4512 2758 4567 has
2802 4510 3030 4567 animas
3084 4526 3212 4582 qum
3267 4526 3446 4566 causa
3489 4509 3665 4565 morti

2009 4598 2252 4655 dederit.

2080 4687 2253 4744 Foa'r.
2279 4689 2451 4745 dixit:
2478 4690 2602 4746 Imo
2628 4692 2689 4744 tu
2716 4688 2958 4760 dignare
2988 4688 3415 4758 dicere,utrum
3438 4686 3661 4760 aliquid

2008 4774 2086 4831 sit
2114 4781 2322 4847 prater
2354 4782 2557 4848 Deum,
2591 4795 2664 4832 an
2697 4777 2892 4832 omnia
2921 4777 2980 4831 in
3010 4776 3125 4832 Deo
3146 4777 3285 4832 sint.

2077 4865 2130 4919 6.
2164 4869 2313 4920 Avo.
2341 4864 2515 4921 dixit:
2545 4865 2692 4921 Illud
2710 4882 2816 4938 ego
2840 4866 3190 4938 respondere
3222 4881 3486 4937 possum,
3505 4865 3659 4937 quod

2071 4988 2274 5062 ξὲάίξίι
2310 4991 2552 5062 apportet
2580 4988 2907 5062 (ξριξείηηίυε
2935 4988 3082 5062 MSS.»
3113 4987 3339 5062 ρριξρηίιε
3514 5047 3548 5062 ..

2068 5051 2091 5085 ²
2118 5052 2178 5100 In
2212 5052 2284 5110 B.,
2316 5047 2457 5115 q'u'od
2484 5051 2767 5115 inadibilis,
2807 5047 3272 5115 quodiintenibilis,
3313 5047 3659 5115 impassibilis,

2005 5112 2457 5178 etemamulitcem
2503 5113 2772 5164 inhabitet.
2813 5112 2988 5178 Lugd.
3019 5116 3152 5166 Ven.
3208 5116 3333 5164 Lov.
3376 5112 3545 5162 secuti
3573 5126 3659 5160 su-

2008 5189 2180 5302 mlalsin
2211 5176 2466 5288 Vgticano
2496 5238 2698 5302 codice,
2741 5237 3081 5302 fabricaverit.

2070 5301 2093 5409 ἒ
2123 5300 2409 5351 Vaticanus
2438 5301 2622 5360 codex,
2645 5296 2847 5351 animus
2861 5299 3150 5364 exelegisse.
3170 5298 3234 5347 Et
3253 5296 3407 5355 infra,
3434 5296 3546 5362 ipso
3566 5297 3657 5345 du-

2091 5376 2194 5409 ore.

2036 5375 2151 5410 ator
2183 5399 2194 5411 .

2008 5376 2033 5411 ο
2071 5426 2092 5460 ⁵
2124 5377 2183 5473 1;
2214 5425 2358 5486 Mss.,
2389 5438 2447 5473 ac
2474 5426 2676 5476 ratione
2704 5425 2927 5475 imbutas
2953 5422 3227 5475 calestium
3245 5436 3418 5472 rerum
3448 5420 3553 5486 ipse
3572 5420 3661 5470 do-

2007 5487 2251 5547 minator,
2272 5490 2321 5536 et
2350 5487 2468 5537 hinc
2494 5489 2696 5549 iterum,
2727 5492 2808 5537 etc

2071 5552 2110 5598 θ.
2143 5546 2298 5609 Editi,
2322 5550 2436 5599 alia:
2463 5555 2583 5599 sunt
2611 5546 2812 5600 animae.
2835 5547 3206 5599 Emendantur
3221 5546 3658 5597 hieexVaticano

2009 5612 2208 5661 codice.
2242 5608 2425 5662 Pestea
2458 5614 2813 5662 Lovanienses
2878 5626 2958 5670 ro,
2990 5609 3093 5660 alio
3124 5610 3396 5667 mediante,
3427 5608 3532 5671 legi
3564 5622 3654 5657 vo-

2009 5673 2240 5723 luerunt.
2272 5675 2375 5723 alio
2409 5676 2560 5723 modo
2591 5678 2725 5723 ante.
2758 5626 2872 5723 Sed1
2898 5675 3235 5723 reluctantur
3275 5672 3443 5723 nostri
3474 5684 3654 5721 omnes

2007 5673 2240 5787 lhtiierunt,
2272 5675 2375 5724 alio
2409 5676 2560 5725 modo
2591 5678 2725 5724 ante.
2758 5672 2859 5725 Sed
2898 5675 3235 5725 reluctantur
3275 5672 3443 5723 nostri
3474 5684 3660 5721 omnes

2060 5751 2131 5787 ss.
