4058 6180
455 395 579 457 H5

462 520 556 560 me
569 519 740 560 nosse
752 502 1034 560 Dominus
1047 503 1249 572 voluit,
1269 505 1448 560 Deum
1467 507 1870 562 necessitatem
1888 506 2114 562 nullam

462 594 578 665 pati
617 609 805 663 posse,
841 609 1026 664 neque
1053 610 1122 648 ex
1151 593 1351 666 aliqua
1383 601 1543 666 parte
1569 595 1767 650 violari
1803 601 1974 666 atque
2001 613 2118 650 cor-

461 683 676 752 rumpi.
711 682 870 744 Quod
928 698 1058 736 cum
1096 687 1158 736 tu
1203 700 1434 754 quoque
1472 684 1729 750 fatearis,
1779 701 1972 755 quero
2004 701 2118 754 qua

462 769 810 825 necessitate
827 775 940 824 huc
965 771 1190 826 miserit
1221 789 1450 828 animas
1482 791 1630 845 quas
1662 773 1807 829 dicis
1828 790 1931 844 per
1951 773 2115 828 Chri-

462 861 620 912 stum
657 857 864 913 redire.

531 947 703 1001 Foa'r.
737 947 914 1002 dixit:
940 949 1099 1012 Quod
1133 953 1192 1004 tu
1229 951 1450 1020 dixisti,
1484 950 1624 1022 quia
1655 951 1764 1005 huc
1799 967 1985 1022 usque
2008 952 2091 1007 tib

460 1035 615 1091 Deus
651 1036 921 1092 revelavit
941 1039 1092 1108 quod
1123 1039 1589 1110 incorruptibilis
1612 1039 1707 1107 sit,
1741 1041 2094 1110 quemadmo

459 1124 599 1179 dum
628 1126 643 1159 ¹
679 1129 735 1180 et
758 1126 900 1180 mihi
931 1151 943 1192 ;
975 1128 1120 1182 ratio
1151 1129 1464 1198 querenda
1485 1134 1594 1193 est,
1621 1130 2117 1200 quemadmodum

458 1213 667 1268 anime
700 1218 756 1269 et
779 1215 850 1269 ob
876 1232 1052 1285 quam
1085 1233 1322 1271 causam
1349 1217 1526 1271 istum
1553 1217 1608 1272 in
1633 1218 1919 1272 mundum
1945 1234 2115 1273 vene-

460 1302 669 1367 rint,ut
687 1303 894 1358 merito
911 1321 1064 1360 nunc
1083 1322 1181 1360 eas
1201 1305 1681 1377 perunigenitum
1703 1306 1915 1361 Filium
1943 1323 2115 1361 suum

459 1407 525 1446 ac
555 1392 644 1446 sui
671 1391 924 1447 similem
950 1393 1020 1448 de
1043 1393 1152 1448 hoc
1181 1395 1401 1449 mundo
1428 1394 1784 1460 liberaret,si
1809 1393 1952 1450 nihil
1974 1412 2117 1466 pre-

455 1483 546 1535 ter
576 1481 792 1552 ipsum.

523 1571 580 1625 7.
612 1571 757 1624 AUG.
793 1569 975 1626 dixit:
1013 1571 1140 1626 Non
1175 1571 1456 1627 debemus
1493 1573 1772 1628 frustrare
1793 1576 1988 1628 tantos
2017 1556 2115 1644 qui

456 1665 772 1729 presentes
803 1663 965 1727 sunt,
1025 1665 1081 1715 et
1112 1661 1180 1716 de
1233 1662 1554 1732 questione
1599 1663 1896 1734 proposita
1927 1663 2009 1717 ire
2045 1663 2114 1717 ad

455 1744 636 1804 aliud.
670 1748 762 1803 Sic
795 1750 1150 1804 confitemur
1181 1751 1377 1816 ambo,
1425 1750 1508 1805 sic
1543 1751 1711 1806 nobis
1743 1751 2118 1808 concedimus

452 1851 580 1891 esse
610 1837 1119 1909 incorruptibilem
1158 1843 1217 1893 et
1248 1839 1640 1895 inviolabilcm
1662 1839 1869 1911 Deum,
1892 1845 1947 1895 et
1971 1841 2116 1896 nihil

451 1925 569 1997 pati
604 1926 895 1996 potuisse:
933 1944 1001 1980 ex
1053 1943 1168 1997 quo
1221 1931 1310 1982 est
1353 1944 1719 2001 consequens
1771 1933 1836 1983 ut
1867 1929 2011 1984 falsa
2043 1931 2120 1985 sit

451 2014 687 2069 heresis
720 2020 928 2085 vestra,
954 2033 1080 2087 que
1112 2016 1272 2084 dicit,
1317 2017 1500 2072 Deum
1528 2035 1660 2072 cum
1685 2018 1906 2072 videret
1927 2019 2116 2073 immi-

451 2120 588 2158 nere
617 2104 949 2158 vastitatem
972 2121 1037 2159 ac
1058 2105 1252 2160 labem
1283 2107 1484 2178 regnis
1515 2107 1660 2174 suis,
1688 2107 1922 2162 misisse
1940 2107 2116 2163 virtu'

461 2195 578 2247 tem
615 2209 739 2263 que
769 2209 904 2247 cum
935 2194 1308 2250 tenebrarum
1355 2201 1524 2268 gente
1555 2196 1816 2261 hellaret,
1865 2202 1922 2252 et
1950 2213 2018 2251 ex
2048 2214 2116 2253 ea

452 2281 866 2336 commixtione
909 2289 1142 2338 nostras
1181 2285 1406 2339 animas
1439 2284 1702 2340 laborare
1720 2287 1761 2340 ³.
1802 2287 1998 2341 Brevis
2027 2291 2117 2342 est

451 2385 588 2441 ergo
622 2370 770 2426 ratio
790 2388 940 2438 mea,
958 2376 1034 2442 et,
1067 2378 1354 2443 quantum
1379 2373 1670 2443 existimo,
1693 2375 1876 2430 cuivis
1900 2375 2117 2447 planiS’

455 2458 629 2514 sima.
667 2458 726 2514 Si
761 2461 915 2516 Deus
942 2461 1085 2515 nihil
1106 2462 1225 2532 pati
1259 2463 1446 2533 potuit
1474 2468 1692 2536 agente
1711 2466 2113 2532 tenebrarum,

455 2547 592 2620 quia
627 2549 985 2606 inviolabilis
1013 2554 1132 2617 est;
1180 2551 1306 2607 sine
1337 2569 1516 2608 causa
1547 2552 1660 2607 huc
1702 2569 1808 2608 nos
1839 2553 2021 2622 misit,
2053 2561 2116 2610 ut

457 2653 564 2692 nos
598 2637 689 2692 hic
739 2655 1032 2694 erumnas
1064 2639 1376 2710 patiamur.
1427 2641 1484 2694 Si
1516 2645 1712 2696 autem
1745 2643 1964 2713 aliquid
1998 2644 2115 2714 pati

457 2727 675 2797 potuit;
712 2744 826 2782 non
861 2732 949 2782 est
980 2728 1353 2799 inviolabilis,
1386 2734 1442 2784 et
1472 2730 1738 2802 decipitis
1767 2748 1865 2786 eos
1897 2733 2114 2804 quibus

456 2815 650 2871 dicitis
691 2833 818 2872 esse
871 2816 1264 2872 inviolabilem
1318 2817 1522 2873 Deum.
1573 2819 1690 2874 Hoc
1738 2820 1892 2875 enim
1926 2826 2116 2878 vestra

454 2902 694 2959 heresis
717 2910 919 2976 negat,
954 2922 1086 2960 cum
1121 2911 1326 2961 cetera
1347 2907 1658 2978 exponitis.

525 2994 697 3048 FOBT.
719 2994 864 3048 dixit
890 3013 901 3050 :
939 2994 1055 3049 Hoc
1077 2995 1389 3064 sentimus,
1407 2997 1562 3067 quod
1592 3013 1698 3051 nos
1719 2996 1959 3053 instruit
1979 2999 2112 3055 bea-

471 3085 569 3136 tus
600 3083 897 3152 apostolus
928 3083 1284 3154 Paulus,qui
1318 3085 1492 3139 dixit:
1516 3087 1623 3140 Iloc
1640 3089 1842 3141 sentite
1861 3087 1916 3140 in
1940 3089 2113 3143 vobis,

460 3171 603 3242 quod
641 3174 775 3227 etin
807 3172 1016 3228 Christo
1056 3175 1214 3240 Jesu;
1245 3175 1343 3244 qui
1381 3190 1506 3228 cum
1537 3177 1595 3229 in
1639 3177 1825 3244 forma
1855 3177 1956 3231 Dei
1980 3186 2115 3232 esset

461 3263 803 3333 constitutus,
821 3278 931 3316 non
950 3264 1205 3334 rapinam
1225 3263 1528 3318 arbitratus
1543 3268 1618 3318 est
1635 3280 1747 3319 esse
1766 3281 1821 3318 se
1838 3266 2113 3335 aequalem

453 3349 591 3410 Deo;
621 3353 717 3405 sed
745 3353 1091 3422 semetipsum
1119 3353 1454 3420 exinanivit,
1501 3358 1739 3424 formam
1782 3357 1928 3408 servi
1968 3357 2112 3409 acci-

444 3440 623 3509 piens,
647 3441 702 3492 in
722 3439 1092 3495 similitudine
1121 3441 1404 3494 hominum
1421 3443 1619 3510 factus,
1635 3447 1684 3496 et
1701 3443 1893 3497 habitu
1919 3446 2112 3499 inven-

458 3536 547 3582 tus
577 3536 638 3583 ut
669 3527 861 3585 homo:
911 3531 1234 3584 humiliavit
1279 3532 1659 3600 semetipsum,
1711 3541 1761 3585 et
1809 3535 1987 3601 factus
2034 3520 2112 3588 est

449 3616 699 3672 subditus
730 3635 898 3689 usque
919 3619 990 3674 ad
1015 3625 1252 3674 mortem
1277 3619 1547 3690 (Philipp.
1575 3637 1634 3685 Il,
1664 3621 1805 3686 5-8).
1836 3620 1954 3675 Hoc
1975 3637 2110 3692 ergo

445 3706 737 3763 sentimus
766 3709 836 3762 de
867 3708 1057 3773 nobis,
1092 3709 1244 3779 quod
1277 3712 1334 3763 et
1361 3709 1430 3763 de
1452 3708 1712 3777 Christo;
1743 3710 1842 3780 qui
1876 3726 2008 3764 cum
2053 3711 2110 3766 in

446 3795 634 3851 forma
646 3797 746 3852 Dei
761 3803 915 3852 esset
935 3798 1509 3867 constitutus,factus
1527 3802 1616 3854 est
1634 3799 1910 3854 subditus
1926 3817 2114 3872 usque

445 3885 516 3939 ad
551 3890 822 3951 mortem,
849 3891 912 3940 ut
933 3885 1386 3941 similitudinem
1413 3886 1742 3941 animarum
1774 3893 2107 3943 nostrarum

451 3974 804 4029 ostenderet.
841 3975 910 4029 Et
939 3975 1443 4045 quemadmodum
1476 3975 1532 4030 in
1567 3992 1630 4031 se
1661 3977 1864 4031 mortis
1900 3977 2109 4032 simili‘

446 4061 711 4118 tudinem
743 4063 1026 4132 ostendit,
1061 4067 1119 4118 et
1151 4078 1264 4118 sea
1298 4063 1458 4118 Patre
1488 4080 1617 4119 esse
1641 4065 1711 4118 de
1747 4065 1934 4120 medio
1958 4083 2109 4121 mor-

447 4154 684 4206 tuorum
719 4152 1133 4208 resuscitatum
1159 4169 1172 4218 ;
1206 4166 1272 4207 eo
1296 4153 1468 4207 modo
1492 4152 1781 4207 sentimus
1811 4157 1868 4209 et
1888 4155 1958 4210 de
1981 4155 2103 4209 ani-

451 4239 564 4294 mis
597 4240 813 4295 nostris
840 4239 1129 4306 futurum,
1149 4241 1301 4310 quod
1327 4257 1428 4312 per
1460 4241 1653 4311 ipsum
1687 4241 2011 4313 poterimus
2032 4244 2104 4298 ah

455 4327 565 4384 hac
598 4333 783 4388 morte
815 4327 1047 4383 liberari
1075 4346 1088 4384 :
1115 4345 1242 4400 que
1264 4335 1365 4384 aut
1387 4328 1576 4384 aliena
1607 4333 1695 4384 est
1725 4346 1758 4384 a
1779 4330 1913 4396 Deo,
1934 4336 2034 4386 aut
2054 4333 2103 4386 si

451 4418 688 4490 prepria
717 4423 806 4474 est
830 4418 948 4484 Dei,
981 4422 1037 4472 et
1068 4417 1467 4473 misericordia
1494 4419 1624 4488 ejus
1645 4423 1852 4490 cessat,
1876 4425 1932 4474 et
1960 4419 2102 4476 libe-

447 4507 658 4563 ratoris
689 4523 920 4576 nomen,
953 4511 1009 4562 et
1040 4524 1215 4578 opera
1243 4506 1566 4562 liberantis.

515 4597 571 4651 8.
602 4599 753 4652 Λυσι.
786 4596 1091 4669 dixitzEgo
1119 4613 1314 4668 quaero
1338 4598 1836 4668 quemadmodum
1863 4597 1921 4653 in
1946 4614 2100 4655 mor-

447 4689 563 4741 tem
599 4686 949 4754 venerimus,
969 4689 1026 4741 et
1041 4689 1106 4740 tu
1135 4684 1280 4741 dicis
1300 4686 1802 4757 quemadmodum
1821 4688 1892 4742 de
1915 4694 2102 4745 morte

445 4773 784 4830 liberemur.

521 4864 694 4920 Foa'r.
721 4862 895 4918 dixit:
931 4863 1013 4919 Ita
1042 4862 1353 4934 Apostolus
1388 4863 1534 4918 dixit
1564 4867 1855 4936 quomodo
1882 4867 2100 4923 sentire

450 4954 768 5010 debeamus
799 4952 869 5007 de
901 4951 1115 5008 animis
1149 4952 1384 5022 nostris,
1435 4953 1589 5023 quod
1631 4954 1898 5010 Christus
1930 4955 2097 5010 nobis

449 5042 722 5100 ostendit.
757 5040 816 5096 Si
867 5041 977 5097 fuit
1007 5039 1276 5095 Christus
1307 5041 1365 5094 in
1397 5041 1670 5113 passione
1702 5047 1759 5096 et
1805 5047 2009 5108 morte,
2043 5048 2100 5098 et

447 5147 587 5188 nos:
643 5131 693 5187 si
721 5128 1018 5186 voluntate
1047 5127 1236 5183 Patris
1267 5128 1567 5185 descendit
1599 5130 1658 5185 in
1690 5131 2020 5203 passionem
2042 5138 2099 5188 et

449 5224 721 5287 mortem,
752 5225 809 5276 et
836 5236 964 5276 nos.

514 5441 530 5476 ¹
558 5441 659 5506 _Hic
687 5441 1006 5492 auctoritate
1036 5439 1522 5503 manuscriptorum
1550 5439 1813 5502 addimus,
1851 5442 2095 5506 quemad-

449 5502 694 5614 Μεζᾱὲἔῖίί
724 5565 884 5627 vulgo
913 5566 1070 5624 male,
1099 5568 1147 5615 et
1173 5580 1237 5615 ea:
1266 5579 1325 5614 ea
1352 5565 1713 5616 commixtione
1750 5565 1866 5615 hinc
1895 5570 2098 5616 nostras

448 5629 652 5691 animos
676 5626 940 5691 liberaret.
987 5629 1274 5678 Vaticanus
1306 5642 1430 5691 vero
1463 5630 1560 5677 Ms.
1603 5629 1814 5686 omittit,
1853 5629 1995 5691 hinc;
2036 5643 2097 5678 ac

453 5692 594 5754 loco,
623 5689 884 5754 liberaret,
912 5690 1092 5754 habet,
1124 5691 1378 5741 laborare.
1402 5690 1494 5754 ,Sic
1514 5705 1694 5753 supra,
1715 5705 1768 5741 n.
1795 5695 1837 5751 1,
1863 5689 2092 5752 οοι.’113,

448 5750 588 5806 Hinc
606 5767 711 5803 esse
739 5751 878 5815 quod
904 5750 984 5800 hic
1011 5756 1194 5802 anime
1224 5754 1364 5806 bona
1391 5750 1646 5805 laboraui.

1131 399 1443 460 CONTRA
1489 401 2036 462 FORTUNATUM
2084 398 2609 472 MANICHEUM,
2657 401 2723 460 S.
2769 400 3206 462 AUGUSTINI

3762 402 3880 462 116

2293 506 2349 560 9.
2381 512 2522 561 Asc.
2558 506 2732 560 dixit:
2761 506 2974 561 Notum
3008 511 3097 561 est
3129 505 3402 561 omnibus
3435 504 3781 562 catholicam
3815 508 3881 562 ti-

2223 595 2351 648 dem
2371 596 2448 648 ita
2481 612 2541 650 se
2566 596 2798 664 habere,
2825 596 2978 666 quod
2996 595 3280 650 Dominus
3299 600 3518 658 noster,
3546 596 3604 650 id
3629 600 3737 661 est,
3755 597 3880 651 Vir-

2222 690 2318 738 tus
2351 689 2406 737 et
2436 684 2734 755 Sapientia
2765 684 2863 738 Dei
2915 686 2959 755 (Ι
2996 684 3119 739 Cor.
3155 702 3194 752 ι,
3226 685 3339 755 24),
3387 689 3444 740 et
3489 684 3745 740 Verbum
3777 702 3882 757 per

2223 773 2378 844 quod
2415 773 2562 827 facta
2591 778 2731 827 sunt
2753 773 2969 843 omnia,
3001 778 3057 828 et
3080 773 3207 829 sine
3239 790 3352 844 quo
3378 774 3588 831 factum
3621 779 3709 830 est
3729 775 3878 830 nihil

2223 863 2399 933 (Joan.
2438 880 2473 930 ι,
2507 862 2585 932 3),
2618 862 2688 916 ad
2717 861 3112 916 liberationem
3144 868 3406 918 nostram
3434 862 3726 919 hominem
3752 881 3881 920 sus-

2221 950 2390 1020 cepit.
2424 949 2484 1004 In
2512 951 2636 1022 ipso
2667 950 2905 1005 homine
2936 967 3109 1021 quem
3143 950 3422 1022 suscepit,
3459 951 3882 1008 demonstravit

2222 1037 2322 1093 illa
2351 1056 2476 1110 que
2509 1038 2810 1094 dicis.Nos
2841 1043 3033 1093 autem
3055 1056 3208 1093 nunc
3241 1039 3311 1094 de
3335 1040 3518 1110 ipsius
3541 1040 3639 1095 Dei
3662 1047 3718 1095 et
3740 1041 3884 1097 inef-

2222 1127 2418 1182 fabilis
2438 1128 2762 1196 majestatis
2781 1128 3115 1182 substantia
3129 1128 3672 1199 querimus,utrum
3695 1129 3742 1185 ei
3769 1130 3882 1185 ali-

2222 1215 2361 1287 quid
2399 1233 2603 1271 nocere
2626 1217 2830 1288 possit,
2855 1233 2926 1272 an
2963 1234 3074 1272 non
3101 1217 3301 1287 possit.
3343 1217 3400 1272 Si
3429 1217 3583 1272 enim
3616 1223 3807 1289 potest
3828 1219 3881 1274 ei

2223 1304 2444 1375 aliquid
2476 1321 2703 1372 nocere,
2727 1322 2838 1359 non
2876 1310 2965 1360 est
2994 1305 3373 1362 inviolabilis.
3400 1306 3456 1362 Si
3479 1323 3590 1361 non
3615 1311 3806 1377 potest
3829 1308 3882 1362 ei

2222 1393 2449 1465 aliquid
2483 1411 2708 1459 nocere,
2762 1394 2899 1465 quid
2934 1395 2985 1449 ei
3018 1395 3240 1450 factura
3281 1400 3405 1450 erat
3434 1411 3576 1466 gens
3605 1397 3882 1452 tenebra-

2222 1499 2377 1549 rum,
2412 1488 2616 1538 contra
2639 1499 2818 1553 quam
2840 1483 3032 1538 dicitis
3061 1482 3279 1538 bellum
3303 1489 3532 1554 gestum
3566 1501 3690 1539 esse
3709 1502 3742 1540 a
3765 1490 3881 1541 Deo

2222 1576 2355 1626 ante
2387 1571 2859 1626 constitutionem
2896 1571 3120 1642 mundi,
3151 1572 3208 1626 in
3243 1588 3357 1644 quo
3380 1571 3528 1627 bello
3560 1589 3685 1640 nos,
3711 1574 3765 1628 id
3791 1586 3883 1636 est

2222 1660 2472 1727 animas,
2507 1676 2652 1730 quas
2689 1662 2858 1715 modo
2883 1660 3144 1731 indigere
3179 1661 3481 1716 liberatore
3497 1662 3878 1718 manifestum

2221 1753 2329 1815 est,
2365 1750 2714 1804 commixtae
2741 1765 2869 1805 esse
2895 1749 3051 1804 omni
3085 1749 3258 1820 malo,
3283 1756 3340 1805 et
3362 1751 3534 1805 morti
3564 1750 3880 1823 implicitas

2221 1837 2525 1893 asseritis?
2559 1838 2749 1893 Redeo
2781 1839 2933 1893 enim
2970 1839 3038 1893 ad
3071 1837 3210 1893 illud
3235 1838 3749 1895 brevissimum:Si
3773 1857 3879 1912 po-

2220 1928 2367 1980 terat
2397 1926 2446 1980 ei
2472 1927 2689 1993 noceri,
2723 1944 2836 1981 non
2869 1932 2958 1981 est
2989 1926 3375 1993 inviolabilis;
3410 1927 3457 1982 si
3484 1945 3596 1981 non
3629 1933 3880 2000 poterat,

2219 2015 2533 2070 crudeliter
2562 2015 2674 2070 huc
2706 2033 2811 2071 nos
2845 2016 3026 2079 misit,
3063 2021 3124 2069 ut
3148 2017 3258 2070 ista
3286 2017 3598 2087 patiamur.

2289 2108 2460 2158 Foa'r.
2495 2103 2668 2159 dixit:
2701 2104 2913 2159 Anima
2945 2105 3047 2159 Dei
3079 2106 3224 2170 est',
3257 2122 3328 2159 an
3365 2106 3524 2160 non?

2292 2192 2377 2246 10.
2411 2199 2556 2247 AUG.
2591 2191 2769 2247 dixit:
2825 2193 2881 2247 Si
2930 2193 3160 2263 justum
3215 2197 3301 2248 est
3353 2198 3416 2248 ut
3466 2211 3578 2248 non
3631 2194 3879 2250 interro-

2219 2281 2368 2353 gatis
2394 2281 2538 2338 meis
2565 2284 3004 2354 respondeatur,
3038 2289 3094 2338 et
3123 2298 3228 2355 ego
3259 2283 3602 2355 interroger,
3627 2301 3869 2357 respon-

2219 2371 2390 2425 deho.

2291 2460 2466 2515 Foa'r.
2499 2459 2678 2516 dixit:
2730 2460 2783 2514 Si
2817 2461 2873 2515 in
2909 2460 3142 2532 proprio
3183 2461 3302 2534 agit
3332 2461 3563 2518 anima?
3614 2462 3727 2518 Hoc
3759 2480 3792 2518 a
3821 2467 3882 2519 te

2219 2565 2434 2620 quero.

2293 2639 2378 2692 11.
2413 2645 2560 2694 Anc.
2595 2640 2771 2694 dixit:
2805 2640 2923 2712 Ego
2946 2639 3181 2711 quidem
3204 2641 3356 2712 quod
3394 2640 3762 2713 interrogasti
3785 2642 3875 2697 di-

2220 2744 2379 2782 cam:
2409 2732 2636 2783 tantum
2669 2728 2810 2783 illud
2853 2729 3220 2796 memineris;
3253 2734 3310 2785 te
3341 2729 3602 2786 noluisse
3631 2748 3876 2803 respon-

2220 2817 2354 2871 dere
2400 2816 2772 2888 interrogatis
2803 2818 2972 2886 meis,
3004 2835 3096 2873 me
3127 2824 3322 2874 autem
3353 2820 3469 2874 tuis
3500 2821 3876 2892 respondere.

2221 2904 2278 2960 Si
2313 2906 2526 2976 queris
2558 2911 2753 2960 utrum
2787 2924 2818 2961 a
2871 2912 2981 2962 Deo
3013 2907 3378 2962 descenderit
3408 2909 3622 2977 anima,
3656 2925 3881 2981 magna

2220 2994 2456 3064 quidem
2490 2996 2732 3065 questio
2773 3002 2896 3052 est:
2932 2997 3030 3051 sed
3065 2997 3182 3051 sive
3205 3015 3235 3050 a
3267 3001 3380 3052 Deo
3405 2998 3726 3062 descendit,
3751 2998 3878 3055 sive

2219 3099 2374 3149 non;
2432 3081 2572 3137 illud
2607 3085 2678 3138 de
2729 3083 2926 3138 anima
2958 3085 3300 3156 respondeo,
3335 3103 3448 3140 non
3495 3103 3622 3142 esse
3652 3086 3876 3154 Deum;

2219 3170 2376 3225 aliud
2405 3188 2532 3226 esse
2563 3172 2765 3241 Deum,
2791 3172 2948 3226 aliud
2981 3175 3259 3228 animam.
3280 3173 3460 3228 Deum
3485 3191 3611 3230 esse
3633 3175 3882 3230 inviola-

2219 3259 3011 3331 bilem,incorruptibilem,et
3027 3263 3619 3333 impenetrabilem,et
3642 3264 3874 3318 incoin-

2219 3349 2601 3418 quinahilem,
2635 3353 2692 3403 et
2723 3351 2818 3419 qui
2855 3367 2923 3404 ex
2957 3349 3116 3405 nulla
3146 3357 3306 3422 parte
3338 3352 3629 3422 corrumpi
3665 3353 3874 3423 possit,

2219 3442 2274 3491 et
2299 3437 2390 3491 cui
2424 3436 2582 3492 nulla
2607 3455 2672 3492 ex
2705 3445 2865 3509 parte
2884 3439 3076 3494 noceri
3097 3445 3304 3511 potest.
3329 3441 3599 3495 Animam
3625 3457 3757 3495 voro
3783 3441 3876 3495 vi—

2217 3526 2422 3581 demus
2444 3532 2500 3581 et
2529 3527 2905 3598 peccatricem
2933 3545 3081 3594 esse,
3101 3535 3159 3583 et
3183 3529 3238 3583 in
3267 3547 3528 3583 erumna
3552 3529 3792 3599 versari,
3812 3535 3877 3585 et

2215 3616 2514 3670 veritatem
2549 3633 2824 3686 querere,
2855 3623 2910 3671 et
2943 3617 3250 3672 liberatore
3279 3618 3556 3689 indigere.
3584 3619 3711 3673 Hec
3735 3636 3874 3674 mu-

2218 3704 2357 3758 tatio
2375 3704 2587 3760 anime
2609 3707 2864 3760 ostendit
2885 3707 3026 3760 mihi
3052 3708 3206 3778 quod
3231 3707 3428 3762 anima
3454 3724 3564 3762 non
3589 3708 3666 3763 sit
3693 3710 3867 3764 Deus.

2216 3793 2362 3848 Nam
2397 3793 2444 3848 si
2478 3794 2675 3849 anima
2711 3795 3042 3850 substantia
3091 3795 3182 3850 Dei
3233 3802 3341 3862 est,
3401 3796 3737 3852 substantia
3773 3799 3873 3852 Dei

2216 3887 2392 3946 errat,
2425 3883 2751 3937 substantia
2793 3883 2889 3938 Dei
2939 3885 3355 3955 corrumpitur,
3407 3885 3738 3940 substantia
3771 3887 3874 3942 Dei

2213 3970 2483 4036 violatur,
2519 3972 2848 4027 substantia
2894 3972 2989 4028 Dei
3023 3973 3343 4044 decipitur:
3403 3974 3556 4045 quod
3587 3975 3748 4030 nefas
3779 3980 3876 4030 est

2213 4059 2424 4114 dicere.

2284 4149 2457 4204 Foa'r.
2492 4149 2674 4204 dixit:
2728 4150 2877 4220 Ergo
2919 4151 3144 4221 negasti
3177 4150 3432 4206 animam
3465 4168 3530 4207 ex
3567 4151 3682 4207 Deo
3714 4168 3869 4220 esse,

2213 4238 2492 4308 quamdiu
2527 4239 2776 4308 peccatis
2798 4255 2862 4293 ac
2884 4238 3038 4294 vitiis
3061 4244 3116 4294 et
3139 4242 3458 4295 mundanis
3482 4241 3655 4296 rebus
3677 4241 3875 4296 deser-

2212 4325 2313 4394 vit,
2345 4331 2402 4380 et
2431 4343 2622 4382 errore
2655 4327 2918 4384 ducitur:
2950 4330 3104 4399 quod
3141 4329 3261 4384 fieri
3296 4347 3407 4384 non
3445 4335 3654 4401 potest,
3681 4335 3745 4384 ut
3765 4336 3875 4386 aut

2212 4419 2362 4470 Deus
2395 4415 2501 4470 hoc
2533 4416 2805 4487 patiatur,
2855 4422 2957 4472 aut
3005 4418 3337 4473 substantia
3365 4420 3514 4488 ejus.
3559 4419 3660 4473 Est
3701 4419 3869 4475 enim

2212 4508 2360 4560 Deus
2383 4505 2866 4577 incorruptibilis,
2891 4512 2947 4560 et
2965 4507 3300 4562 substantia
3330 4508 3457 4577 ejus
3488 4507 3876 4564 immaculata

2209 4599 2299 4648 est
2327 4599 2385 4648 et
2414 4600 2634 4650 sancta.
2679 4596 2782 4650 Hic
2833 4612 2966 4650 vero
2998 4595 3278 4666 queritur
3321 4614 3353 4651 a
3383 4596 3550 4651 vobis
3571 4597 3613 4662 ²,
3665 4601 3870 4652 utrum

2209 4684 2406 4738 anima
2444 4700 2513 4738 ex
2565 4686 2673 4740 Deo
2723 4685 2818 4753 sit,
2872 4685 3093 4739 necne?
3144 4686 3308 4750 Quod
3355 4701 3460 4741 nos
3506 4685 3779 4751 fatemur,
3810 4692 3875 4742 et

2209 4773 2575 4828 ostendimus
2603 4791 2671 4828 ex
2704 4774 3019 4831 Salvatoris
3051 4776 3324 4843 adventu,
3348 4791 3416 4829 ex
3446 4774 3631 4846 ipsius
3662 4781 3873 4832 sancta

2208 4861 2642 4933 predicatione,
2669 4879 2735 4916 ex
2762 4863 2947 4933 ipsius
2980 4862 3260 4918 electione
3275 4864 3316 4928 ³,
3347 4865 3488 4918 dum
3519 4864 3732 4918 animis
3755 4864 3871 4920 mi-

2208 4955 2451 5015 seretur,
2483 4956 2542 5005 et
2563 4953 2885 5006 secundum
2918 4953 3046 5023 ejus
3079 4953 3385 5008 arbitrium
3421 4954 3617 5008 anima
3636 4952 3873 5010 venisse

2207 5039 2439 5110 dicitur,
2473 5045 2535 5094 ut
2566 5041 2830 5095 eamdem
2863 5042 2935 5096 de
2968 5046 3153 5096 morte
3185 5041 3478 5109 liberaret,
3513 5047 3568 5097 et
3591 5042 3872 5113 perduce-

2207 5132 2294 5184 ret
2331 5144 2456 5183 eam
2501 5129 2571 5182 ad
2619 5133 2892 5184 aeternam
2927 5129 3194 5202 gloriam,
3228 5138 3282 5185 et
3323 5131 3654 5186 restitueret
3685 5130 3871 5189 Patri.

2207 5217 2355 5284 Quid
2386 5233 2518 5273 vero
2542 5218 2612 5272 de
2640 5217 2837 5274 anima
2871 5223 2930 5273 tu
2957 5219 3081 5291 ipse
3112 5219 3260 5274 dicis
3282 5223 3386 5274 aut
3415 5225 3862 5290 speras,utrum

2207 5306 2286 5362 sit
2303 5305 2484 5374 aDeo,
2509 5305 2731 5362 necne?
2761 5307 3151 5364 substantiam
3173 5307 3293 5375 Dei,
3315 5324 3382 5364 ex
3396 5325 3513 5379 qua
3534 5325 3712 5380 negas
3733 5325 3871 5368 esse

2207 5397 2488 5465 animam,
2521 5395 2699 5452 nullis
2731 5396 3110 5468 passionibus
3140 5413 3314 5469 posse
3346 5397 3670 5468 subjacere.

2273 5631 2288 5664 ί
2321 5628 2404 5677 Sic
2437 5629 2560 5677 Mss.
2589 5629 2726 5678 Editi
2752 5642 2896 5686 vero,
2933 5629 3064 5678 Deus
3092 5631 3184 5678 est.

2269 5693 2291 5727 ³
2320 5690 2474 5746 Editi,
2506 5707 2536 5739 (ι
2570 5690 2732 5740 nobis.
2767 5693 2834 5740 At
2861 5692 3004 5751 Mss.,
3033 5707 3065 5740 α
3094 5692 3252 5740 vobis.

2267 5755 2290 5789 ⁸
2316 5755 2402 5804 Er.
2435 5757 2489 5804 et
2521 5755 2666 5813 Μιε..
2696 5753 2922 5804 lectione.
