4058 6180
262 384 365 444 H1

328 515 411 569 12.
434 514 576 567 AUG.
603 508 751 564 dixit
776 526 791 564 :
820 505 1096 562 Animam
1120 502 1205 559 sic
1236 498 1442 573 negavi
1470 512 1597 553 esse
1631 495 1903 552 substan-

258 608 394 661 tiam
416 602 536 666 Dei,
560 605 627 655 ut
653 613 863 670 negem
887 596 1048 651 illam
1076 609 1205 649 esse
1238 592 1417 646 Deum
1445 606 1456 643 :
1493 587 1592 643 sed
1624 591 1817 640 tamen
1843 600 1910 638 ex

259 694 366 749 Deo
390 695 626 747 auctore
647 705 798 753 esse,
825 685 963 758 quia
986 684 1135 739 facta
1157 684 1247 737 est
1266 698 1300 735 a
1331 680 1465 734 Deo.
1498 675 1659 731 Aliud
1689 677 1778 728 est
1808 672 1907 743 qui

256 782 407 844 fecit,
441 779 600 835 aliud
633 777 793 849 quod
828 773 979 829 fecit.
1015 772 1120 836 Qui
1154 770 1309 838 fecit,
1346 762 1750 837 corruptibilis
1780 777 1909 817 esse

258 869 495 927 omnino
527 884 644 923 non
680 869 908 939 potest:
946 861 1098 934 quod
1123 863 1319 914 autem
1346 856 1500 923 fecit,
1525 853 1763 909 omnino
1792 867 1907 905 non

258 963 447 1032 potest
478 955 703 1028 aequale
731 970 860 1009 esse
890 952 973 1006 illi
1007 950 1104 1022 qui
1136 948 1289 1004 fecit.

324 1049 499 1104 Fon'r.
532 1044 718 1101 dixit:
751 1042 866 1098 Nec
898 1057 1002 1113 ego
1035 1038 1151 1094 dixi
1184 1036 1465 1102 animam,
1499 1049 1627 1090 esse
1657 1029 1907 1086 similem

259 1141 391 1194 Deo.
426 1136 541 1191 Sed
576 1134 718 1207 quia
766 1129 965 1186 dixisti
1018 1127 1329 1184 factitiam‘
1379 1140 1507 1179 esse
1539 1120 1817 1184 animam,
1852 1121 1910 1173 et

251 1226 404 1283 nihil
438 1229 649 1298 prater
677 1222 901 1288 Deum;
948 1234 1140 1291 quaero
1186 1216 1481 1271 undenam
1514 1211 1669 1267 Deus
1701 1207 1909 1264 animai

254 1315 659 1373 substantiam
692 1308 1013 1367 adinvenit.

316 1406 416 1461 l3.
449 1407 600 1460 Ana.
633 1401 780 1457 dixit
806 1417 819 1455 :
846 1401 1102 1455 Tantum
1127 1395 1420 1450 memento
1442 1406 1533 1447 me
1555 1387 1907 1460 respondere

251 1496 317 1551 ad
342 1511 418 1551 ea
438 1510 570 1565 quae
590 1492 919 1562 interrogas
941 1506 957 1553 ;
983 1491 1037 1541 te
1059 1489 1255 1540 autem
1281 1482 1353 1537 ad
1376 1498 1444 1536 ea
1470 1495 1595 1552 quae
1615 1477 1908 1548 interrogo

252 1601 365 1639 non
393 1580 771 1653 respondere.
797 1575 1067 1633 Animam
1091 1573 1220 1628 dico
1246 1571 1454 1627 factam
1481 1585 1514 1624 a
1544 1573 1678 1636 Deo,
1714 1568 1778 1620 ut
1796 1581 1908 1619 caa-

248 1678 372 1728 tera
394 1670 604 1726 omnia
628 1686 755 1739 quae
778 1684 813 1721 a
842 1671 954 1720 Deo
992 1664 1138 1718 facta
1170 1664 1309 1716 sunt
1335 1677 1348 1727 ;
1381 1661 1437 1713 et
1467 1657 1617 1713 inter
1648 1654 1749 1710 illa
1781 1670 1909 1725 quae

252 1748 1351 1830 Deusomnipotensfecit,principalem
1368 1747 1556 1803 locum
1572 1746 1771 1799 datum
1784 1758 1912 1798 esse

251 1852 464 1907 anima
490 1848 592 1921 (a).
615 1848 673 1902 Si
692 1849 888 1901 autem
907 1841 1119 1915 quieris
1140 1839 1293 1894 unde
1314 1839 1463 1893 Deus
1483 1834 1736 1891 animam
1753 1832 1906 1902 fecit,

252 1945 558 1996 memento
580 1933 842 1992 conﬁteri
874 1949 965 1988 me
995 1930 1244 1993 tecum',
1272 1927 1455 1982 Deum
1487 1941 1616 1980 esse
1643 1922 1907 1993 omnipo-

248 2033 498 2085 tentem.
526 2025 909 2095 Omnipotens
926 2026 1118 2075 autem
1138 2035 1253 2072 non
1275 2020 1385 2082 est,
1404 2014 1501 2085 qui
1523 2011 1733 2084 quaerit
1748 2011 1911 2081 adju-

248 2118 371 2174 vari
396 2116 603 2188 aliqua
626 2112 874 2168 materia
889 2110 1043 2165 unde
1063 2107 1234 2162 faciat
1252 2104 1405 2177 quod
1423 2101 1579 2157 velit.
1598 2105 1805 2171 Exquo
1823 2101 1913 2153 est

252 2187 651 2277 consequens,
670 2206 735 2257 ut
751 2199 1075 2257 secundum
1096 2196 1271 2250 ﬁdem
1294 2196 1555 2248 nostram
1571 2187 1765 2246 omnia
1782 2203 1909 2258 quae

252 2298 413 2353 Deus
430 2274 571 2349 fecit
589 2308 691 2364 per
708 2289 959 2345 Verbum
977 2291 1035 2341 et
1049 2281 1409 2356 Sapientiam
1427 2294 1621 2345 suam,
1643 2278 1714 2332 de
1726 2274 1911 2331 nihilo

252 2385 476 2441 fecerit.
514 2382 610 2437 Sic
642 2380 798 2436 enim
825 2377 1077 2448 legimus
1100 2390 1113 2428 :
1139 2378 1260 2444 Ipse
1262 2371 1467 2444 jussit,
1490 2372 1543 2423 et
1571 2366 1721 2440 facta
1740 2367 1871 2420 sunt
1894 2380 1908 2432 ;

250 2478 363 2548 ipse
400 2470 715 2537 mandavit,
747 2476 797 2523 et
815 2466 1109 2522 constituta
1137 2466 1266 2518 sunt
1296 2459 1472 2533 (Psal.
1504 2472 1729 2526 CXLVIII,
1759 2454 1836 2526 5).

310 2564 500 2619 Fon'r.
538 2559 723 2615 dixit:
756 2558 838 2612 Ex
860 2554 1129 2623 jussione
1160 2552 1433 2606 constant
1461 2543 1776 2601 universa?

311 2652 410 2707 14.
440 2652 595 2705 Avo.
630 2646 813 2702 dixit:
846 2645 936 2700 Ita
966 2642 1158 2709 credo,
1193 2639 1295 2696 sed
1327 2636 1601 2693 universa
1629 2650 1756 2705 quae
1787 2632 1908 2688 fac-

246 2752 303 2799 ta
330 2743 506 2797 sunt.

312 2831 502 2886 Foa'r.
538 2825 724 2881 dixit:
759 2825 934 2880 Facta
990 2820 1333 2884 consonant,
1396 2813 1494 2870 sed
1542 2812 1680 2885 quia
1707 2810 1910 2866 incon.

243 2917 551 2975 venientia
579 2914 691 2970 sibi
726 2916 885 2977 sunt,
946 2926 1012 2965 ac
1071 2924 1172 2980 per
1226 2905 1337 2961 hoc
1369 2918 1505 2975 ergo
1536 2905 1763 2956 constat
1794 2915 1909 2954 non

244 3025 375 3066 esse
410 3020 600 3061 unam
653 2998 1068 3065 substantiam,
1128 2995 1268 3051 licet
1318 3009 1387 3048 ex
1444 2990 1619 3046 unius
1642 2987 1911 3060 jussione

242 3097 451 3151 eadem
492 3092 568 3147 ad
598 3085 1111 3160 compositionem”
1155 3081 1361 3138 mundi
1406 3079 1585 3150 hujus
1617 3081 1673 3132 et
1701 3075 1907 3131 faciem

244 3183 543 3239 venerint.
588 3178 872 3234 Caeterum
921 3173 1097 3229 rebus
1126 3170 1273 3244 ipsis
1301 3172 1457 3241 patet
1487 3166 1625 3239 quia
1654 3164 1798 3220 nihil
1831 3162 1908 3219 si-

244 3272 381 3327 mile
414 3269 684 3325 tenebra
713 3271 764 3320 et
798 3264 917 3335 lux,
952 3259 1101 3316 nihil
1134 3256 1325 3315 simile
1354 3256 1569 3312 veritas
1591 3258 1650 3309 et
1675 3253 1909 3308 menda-

241 3361 417 3428 cium,
454 3357 614 3414 nihil
650 3353 841 3411 simile
874 3368 1030 3407 mors
1061 3354 1117 3405 et
1146 3348 1282 3413 vita,
1316 3344 1463 3401 nihil
1497 3342 1686 3400 simile
1711 3341 1910 3398 anima

239 3455 293 3505 et
323 3464 579 3521 corpus,
614 3448 671 3499 et
699 3447 905 3498 caetera
931 3439 1065 3495 istis
1096 3436 1315 3493 similia
1342 3451 1469 3507 qua:
1491 3438 1548 3489 et
1569 3431 1907 3487 nominibus

240 3544 295 3594 et
325 3519 653 3611 speciebus
683 3533 907 3588 distant
937 3528 1009 3585 ab
1041 3526 1287 3583 invicem
1314 3541 1328 3579 :
1370 3528 1427 3579 et
1456 3520 1658 3578 merito
1691 3519 1908 3575 dixisse

240 3610 567 3684 Dominum
618 3626 909 3684 nostrum,
955 3617 1133 3673 Arbor
1160 3631 1325 3687 quam
1356 3628 1465 3667 non
1495 3610 1769 3682 plantavit
1796 3610 1903 3663 Pa-

239 3724 321 3772 ter
343 3731 513 3772 meus
540 3712 789 3776 caelestis,
822 3707 1227 3769 eradicabitur,
1250 3707 1300 3759 et
1329 3704 1389 3757 in
1421 3703 1602 3770 ignem
1631 3699 1902 3768 mittetur,

241 3808 374 3878 quia
407 3820 524 3860 non
558 3802 722 3873 aﬁ‘ert
768 3800 981 3870 [ructus
1031 3795 1192 3850 bonos
1242 3790 1449 3860 (Matth.
1491 3806 1585 3853 xv,
1618 3790 1706 3858 13,
1738 3792 1787 3843 et
1820 3804 1901 3855 III,

242 3896 328 3965 lO)
354 3897 453 3950 :et
479 3905 615 3946 esse
635 3888 901 3944 arborem
935 3882 1311 3939 radicatam‘.
1346 3879 1490 3934 Hinc
1520 3894 1650 3933 vere
1679 3880 1906 3932 constat

240 4001 307 4040 ex
330 3984 567 4039 ratione
593 3993 786 4034 rerum
806 3977 845 4041 ⁵,
871 3974 1024 4046 quod
1046 3972 1173 4027 dure
1196 3972 1336 4026 sunt
1359 3966 1699 4024 substantiae
1720 3965 1777 4020 in
1794 3965 1904 4021 hoc

241 4072 501 4135 mundo,
524 4084 653 4140 quae
676 4064 985 4138 speciebus
1007 4066 1063 4117 et
1078 4059 1416 4116 nominibus
1440 4059 1739 4112 constant:
1759 4072 1902 4126 qua-

240 4177 372 4217 rum
408 4163 507 4215 est
535 4173 657 4212 una
686 4152 969 4225 corporis,
1002 4150 1115 4206 alia
1144 4166 1277 4205 vero
1317 4151 1534 4202 aeterna
1562 4144 1750 4200 Patris
1778 4160 1903 4200 om-

244 4247 579 4322 nipotentis
612 4260 789 4317 quam
821 4242 922 4298 Dei
953 4257 1081 4297 esse
1111 4237 1460 4295 credimus“.

313 4340 404 4394 15.
449 4344 603 4392 Anc.
634 4333 818 4388 dixit:
854 4328 1155 4386 Contraria
1187 4328 1299 4382 ista
1325 4342 1451 4397 qua:
1486 4328 1542 4379 te
1566 4326 1816 4391 movent,
1842 4325 1906 4378 ut

240 4430 498 4484 adversa
528 4423 881 4487 sentiamus,
916 4422 1151 4492 propter
1181 4419 1482 4487 peccatum
1525 4418 1815 4479 nostrum,
1848 4412 1906 4467 id

238 4522 351 4586 est,
386 4518 639 4589 propter
693 4515 995 4583 peccatum
1046 4503 1303 4562 hominis
1334 4502 1722 4575 contigerunt.
1759 4501 1906 4556 Nam

239 4606 448 4663 omnia
470 4604 631 4659 Deus
653 4605 713 4656 et
730 4601 886 4655 bona
909 4596 1062 4662 fecit,
1086 4599 1142 4650 et
1163 4595 1309 4649 bene
1331 4591 1624 4648 ordinavit
1649 4608 1663 4659 ;
1702 4606 1904 4662 pecca-

240 4702 373 4751 tum
396 4697 607 4749 autem
631 4707 747 4745 non
778 4688 932 4754 fecit,
955 4690 1011 4741 et
1033 4685 1140 4740 hoc
1163 4687 1251 4738 est
1277 4680 1472 4737 solum
1509 4680 1664 4752 quod
1698 4678 1911 4733 dicitur

242 4784 501 4849 malum,
521 4777 922 4837 voluntarium
947 4777 1209 4830 nostrum
1230 4774 1555 4843 peccatum.
1572 4767 1908 4824 Estetaliud

245 4890 445 4948 genus
480 4868 643 4935 mali,
676 4866 829 4940 quod
863 4869 951 4920 est
984 4879 1153 4935 pinna
1183 4859 1423 4933 peccati.
1457 4862 1597 4913 Cum
1626 4873 1762 4929 ergo
1796 4857 1911 4913 duo

314 5091 329 5125 Ι
368 5087 462 5137 Sic
489 5086 616 5135 Mss.
646 5080 787 5131 Editi
814 5092 962 5136 vero,
992 5079 1271 5142 facturam.

310 5153 336 5188 1
362 5148 666 5198 Vaticanus
696 5143 883 5200 codex,
922 5139 1159 5202 conﬁteri
1186 5142 1234 5187 te
1263 5149 1478 5185 mecum.

310 5215 334 5250 ³
366 5211 499 5262 Sola
525 5209 694 5259 editio
723 5198 879 5265 Lov.,
909 5202 981 5265 ad
1008 5198 1239 5251 eamdem
1268 5198 1704 5265 compositionem.

310 5278 335 5312 ι
368 5273 549 5323 Editio
579 5271 687 5324 Er..
714 5262 1078 5316 radicandam.
1104 5263 1464 5313 Lovanienses
1486 5262 1840 5324 correxerunt
1858 5272 1919 5324 ex

251 5321 487 5389 duobus
506 5336 645 5389 Msa,
677 5321 1016 5380 eradicatam.
1051 5327 1156 5376 Nos
1185 5340 1248 5375 ex
1272 5324 1469 5389 nostris
1490 5323 1759 5389 ponimus,
1780 5321 1920 5389 radi-

254 5384 437 5449 Edim
457 5412 479 5459 ;
506 5384 773 5460 quaeivox
796 5392 1062 5460 respicere
1097 5390 1306 5438 videtur
1336 5384 1532 5437 bonam
1565 5386 1833 5445 arborem,
1854 5384 1919 5433 ab

262 5478 326 5513 es
356 5454 484 5513 qui:
507 5454 871 5509 eradicabitur
890 5454 1174 5503 diversam.

323 5510 663 5595 FVaticanus
693 5518 865 5593 codex
891 5531 904 5565 :
934 5516 1064 5595 {line
1090 5528 1203 5595 ve‘ro
1231 5513 1447 5570 constat,
1477 5513 1526 5561 et
1554 5510 1687 5560 ratio
1708 5510 1817 5574 ipsa
1828 5522 1919 5573 pa-

268 5591 359 5645 ιιι,
391 5590 444 5635 et
468 5582 723 5646 speciebus
751 5580 881 5641 ipsis
900 5580 950 5628 et
970 5578 1273 5627 discretione
1299 5590 1493 5623 rerum.

330 5651 355 5685 ⁸
384 5647 506 5699 Sola
534 5647 696 5697 editio
748 5646 898 5698 Lov..
957 5655 1059 5689 una
1114 5637 1427 5701 temporalis,
1458 5637 1563 5687 alia
1592 5650 1709 5685 vero
1735 5638 1925 5685 «eterna

270 5725 435 5781 quam
460 5712 625 5760 Patris
651 5703 1023 5771 omnipotentis
1052 5716 1159 5752 esee
1187 5700 1457 5751 credimus.

339 5792 427 5857 (α)
452 5791 476 5844 ι
498 5790 745 5850 Βάκιδι..
775 5799 900 5849 cap.
932 5784 1014 5847 i6,
1044 5795 1100 5835 n.
1130 5783 1178 5833 2.

1542 344 2040 424 ‘DISPUTATIO
2083 360 2355 422 PRIMA.

3549 365 3664 425 118

2012 492 2133 549 sint
2162 509 2375 565 genera
2421 495 2730 563 malorum,
2772 500 3076 569 peccatum
3108 500 3163 553 et
3193 514 3363 570 pcsna
3394 495 3611 569 peccati
3643 514 3657 564 ;

2012 590 2316 655 peccatum
2351 584 2422 638 ad
2455 585 2633 641 Deum
2672 604 2783 641 non
2818 587 3093 658 pertinet,
3143 603 3313 658 pana
3344 585 3559 658 peccati
3589 586 3661 641 ad

2011 673 2300 727 vindicem
2336 675 2606 745 pertinet.
2642 676 2871 731 Etenim
2904 681 2969 731 ut
3011 676 3201 732 bonus
3240 678 3329 731 est
3357 680 3527 741 Deus,
3561 674 3661 746 qui

2014 761 2213 818 omnia
2237 762 2571 830 constituit;
2590 764 2886 835 sicjustus
2904 769 3013 831 est,
3035 768 3098 819 ut
3113 764 3363 820 vindicet
3382 763 3439 819 in
3456 780 3660 834 pecca-

2013 855 2161 907 tum.
2186 851 2326 907 Cum
2351 868 2487 924 ergo
2516 853 2710 909 omnia
2733 854 2948 925 optime
2973 853 3090 909 sint
3112 853 3398 919 ordinata,
3424 868 3550 924 quae
3572 851 3656 905 vi-

2014 941 2226 996 dentur
2246 940 2416 995 nobis
2440 958 2595 997 nunc
2621 942 2865 998 adversa
2887 957 3033 1012 esse,
3060 941 3265 997 merito
3288 939 3531 1011 contigit
3550 938 3653 994 ho-

2016 1028 2191 1084 minis
2220 1028 2392 1101 lapsi,
2426 1029 2523 1099 qui
2561 1029 2747 1104 legem
2785 1030 2877 1085 Dei
2927 1046 3155 1085 servare
3199 1027 3403 1084 noluit.
3437 1028 3653 1083 Animis

2013 1117 2170 1173 enim
2196 1117 2466 1174 rationali
2498 1135 2622 1190 quae
2650 1123 2734 1174 est
2767 1119 2826 1174 in
2859 1118 3116 1185 homine,
3148 1117 3304 1173 dedit
3332 1117 3483 1172 Deus
3512 1116 3653 1173 libe-

2013 1223 2145 1262 rum
2171 1206 2503 1262 arbitrium.
2526 1209 2619 1263 Sic
2649 1208 2805 1264 enim
2829 1211 3026 1279 posset
3050 1207 3261 1263 habere
3283 1206 3583 1274 meritum,
3604 1205 3654 1260 si

2012 1295 2330 1368 voluntate,
2353 1313 2468 1352 non
2493 1297 2839 1353 necessitate
2861 1296 2998 1353 boni
3033 1312 3315 1352 essemus.
3349 1294 3491 1349 Cum
3521 1310 3656 1366 ergo

2013 1388 2278 1457 oporteat
2300 1402 2413 1441 non
2437 1386 2805 1457 necessitate,
2829 1386 2931 1442 sed
2954 1385 3249 1441 voluntate
3271 1385 3487 1441 bonum
3506 1399 3656 1451 esse,

2013 1475 2319 1547 Oportebat
2352 1479 2417 1530 ut
2446 1475 2600 1531 Deus
2631 1475 2839 1531 animas
2869 1476 3035 1530 daret
3056 1474 3302 1529 liberum
3327 1471 3655 1529 arbitrium.

2013 1563 2159 1619 Huic
2184 1568 2379 1619 autem
2404 1564 2610 1620 animae
2626 1563 3051 1637 obtemperanti
3065 1562 3291 1634 legibus
3307 1561 3447 1631 suis,
3462 1561 3659 1617 omnia

2015 1652 2266 1723 subjecit
2297 1653 2424 1708 sine
2454 1653 2840 1708 adversitate:
2892 1656 2957 1707 ut
3005 1652 3056 1707 ei
3110 1654 3314 1706 caetera
3344 1667 3470 1723 quae
3501 1649 3657 1706 Deus

2014 1740 2277 1797 condidit
2306 1742 2608 1808 servirent,
2637 1742 2685 1797 si
2717 1746 2773 1796 et
2800 1742 2930 1813 ipsa
2952 1745 3064 1796 Deo
3087 1740 3302 1796 servire
3349 1738 3651 1795 voluisset.

2012 1831 2068 1886 Si
2101 1834 2295 1886 autem
2326 1832 2455 1903 ipsa
2482 1830 2769 1887 noluisset
2792 1830 2907 1886 Deo
2939 1829 3173 1900 servire,
3196 1845 3265 1885 ea
3287 1845 3412 1901 qua:
3433 1827 3517 1883 illi
3540 1842 3656 1884 ser-

2012 1920 2266 1991 viebant,
2300 1921 2357 1975 in
2408 1936 2633 1992 pmnam
2684 1921 2811 1990 ejus
2862 1920 3351 1975 converterentur.
3385 1919 3575 1983 Quare
3606 1916 3654 1972 si

2014 2015 2169 2067 recte
2198 2010 2395 2067 omnia
2424 2028 2458 2065 a
2487 2010 2601 2066 Deo
2632 2009 2900 2065 ordinata
2946 2011 3103 2079 sunt,
3144 2011 3202 2064 et
3229 2008 3383 2063 bona
3412 2009 3571 2074 sunt,
3601 2008 3659 2061 et

2016 2103 2167 2154 Deus
2199 2115 2314 2154 non
2348 2098 2570 2170 patitur
2597 2097 2839 2153 malum.

2090 2189 2258 2243 Fon'r.
2291 2186 2474 2243 dixit:
2507 2191 2632 2243 Non
2666 2186 2907 2258 patitur,
2958 2186 3061 2242 sed
3105 2183 3383 2258 praevenit
3412 2180 3656 2239 malum.

2090 2277 2175 2331 16.
2208 2279 2355 2333 Auu.
2384 2275 2530 2331 dixit
2554 2293 2566 2331 :
2598 2278 2645 2330 A
2673 2291 2787 2346 quo
2817 2277 2975 2332 enim
3006 2290 3219 2347 passus
3247 2276 3415 2329 erat?

2091 2367 2258 2421 Foar.
2289 2365 2472 2421 dixit:
2510 2364 2627 2421 Hoc
2658 2380 2853 2420 meum
2898 2368 3007 2431 est,
3040 2363 3179 2435 quia
3208 2362 3522 2435 praevenire
3552 2378 3652 2417 vo-

2016 2454 2164 2511 luit:
2200 2470 2315 2510 non
2347 2446 2585 2521 t'emere,
2619 2454 2720 2508 sed
2752 2452 2963 2508 virtute
2992 2456 3050 2508 et
3078 2452 3461 2525 praescientia.
3487 2451 3660 2507 Caete-

2016 2561 2147 2599 rum
2180 2560 2327 2616 nega
2352 2543 2571 2598 malum
2598 2546 2807 2615 praeter
2827 2542 3010 2597 Deum
3034 2558 3162 2597 esse
3188 2559 3201 2610 ;
3224 2556 3357 2597 cum
3378 2544 3665 2613 praecepta

2016 2633 2242 2690 ostendi
2274 2635 2500 2703 queunt
2527 2630 2674 2687 alia’
2708 2646 2835 2702 quae
2868 2635 3074 2701 prater
3092 2629 3453 2686 voluntatem
3476 2628 3662 2701 ipsius

2015 2723 2182 2778 ﬁunt.
2209 2722 2566 2793 Praeceptum
2595 2738 2708 2776 non
2731 2718 3052 2785 intercedit,
3077 2718 3189 2773 nisi
3219 2719 3317 2773 ubi
3337 2723 3427 2773 est
3446 2722 3503 2772 et
3522 2733 3658 2772 con-

2014 2812 2302 2867 trarietas.
2333 2810 2531 2866 Libera
2554 2808 2803 2865 facultas
2822 2806 3049 2862 vivendi
3071 2824 3184 2862 non
3203 2807 3396 2873 datur,
3422 2805 3534 2861 nisi
3557 2804 3659 2860 ubi

2015 2902 2107 2955 est
2136 2899 2358 2971 lapsus,
2391 2899 2717 2954 secundum
2738 2895 3001 2969 Apostoli
3024 2896 3331 2963 rationem,
3355 2894 3456 2967 qui
3477 2894 3620 2949 dicit
3644 2910 3659 2951 :

2017 2993 2082 3045 Et
2109 3004 2203 3044 vos
2231 3004 2358 3043 cum
2387 2989 2573 3045 essetis
2592 2988 2798 3042 mortui
2832 2984 3043 3042 delictis
3064 2988 3115 3040 et
3132 2986 3372 3056 peccatis
3391 2985 3581 3040 vestris
3604 2986 3665 3039 in

2014 3078 2213 3150 quibus
2225 3077 2525 3148 aliquando
2538 3075 2862 3131 ambulastis
2873 3074 3170 3130 secundum
3180 3073 3556 3144 magisterium
3569 3074 3669 3127 hu-

2006 3168 2101 3241 jus
2112 3168 2339 3235 mundi,
2354 3165 2653 3221 secundum
2675 3165 2978 3235 principem
2996 3162 3286 3234 potestatis
3307 3163 3458 3216 aeris
3479 3160 3663 3232 hujus,

2013 3258 2244 3329 spiritus
2266 3256 2362 3326 qui
2371 3271 2519 3309 nunc
2530 3263 2795 3325 cperatur
2807 3255 2864 3307 in
2887 3252 3021 3321 ﬁliis
3032 3249 3452 3321 difﬁdentimdn
3467 3251 3663 3321 quibus

2013 3348 2065 3401 et
2084 3361 2182 3400 nos
2211 3348 2261 3400 et
2292 3360 2476 3400 omnes
2506 3342 2807 3414 aliquando
2823 3340 3129 3397 conversati
3145 3355 3336 3393 sumus
3359 3339 3421 3393 in
3445 3338 3659 3394 deside-

2012 3436 2117 3489 riis
2136 3435 2322 3489 carnis
2336 3437 2562 3498 nostrae,
2575 3434 2837 3503 facientes
2851 3429 3152 3485 voluntates
3166 3427 3521 3483 consiliorum
3534 3442 3659 3481 car-

2012 3526 2119 3594 nis,
2145 3526 2196 3578 et
2251 3539 2477 3577 eramus
2530 3521 2863 3576 naturaliter
2910 3518 3019 3589 ﬁlii
3045 3518 3165 3583 im,
3197 3517 3341 3571 sicut
3369 3521 3420 3570 et
3447 3518 3654 3572 caeteri.

2010 3614 2152 3668 Deus
2172 3616 2359 3667 autem
2379 3613 2476 3682 qui
2494 3611 2642 3665 dives
2661 3611 2738 3663 est
2762 3608 2821 3663 in
2845 3608 3002 3661 omni
3028 3604 3423 3672 misericordia,
3456 3606 3583 3658 mist
3599 3621 3655 3658 r-

2012 3710 2099 3757 tus
2119 3706 2197 3757 est
2217 3701 2394 3756 nobis.
2435 3702 2495 3755 Et
2514 3714 2639 3753 cum
2659 3697 2867 3753 mortui
2885 3710 3121 3750 essemus
3138 3696 3390 3765 peccatis,
3413 3693 3653 3747 convivi-

2010 3792 2194 3862 ﬁcavit
2210 3806 2311 3845 nos
2344 3791 2399 3844 in
2432 3788 2669 3851 Christo,
2690 3788 2844 3857 cujus
2867 3784 3055 3854 gratia
3073 3784 3204 3839 estis
3224 3781 3366 3837 salvi
3384 3782 3521 3851 facti
3539 3798 3559 3843 ;
3580 3782 3653 3835 si-

2009 3879 2127 3935 mul
2147 3883 2197 3934 et
2216 3878 2520 3946 suscitavit,
2544 3883 2593 3930 et
2614 3891 2737 3930 cum
2756 3889 2815 3929 eo
2840 3871 3126 3929 collocavit
3145 3872 3201 3925 in
3218 3870 3513 3926 caelestibus
3527 3885 3652 3924 cum

2015 3969 2236 4025 Christo
2254 3970 2405 4034 Iesu,
2428 3971 2489 4021 ut
2513 3964 2810 4021 ostenderet
2829 3963 2888 4017 in
2910 3962 3129 4018 arentis
3148 3960 3653 4032 supervenientibus

2011 4059 2355 4113 abundantes
2374 4055 2597 4110 divitias
2610 4054 2806 4124 gratiae
2826 4065 2946 4107 suae
2966 4052 3027 4105 in
3048 4051 3286 4105 bonitate
3298 4065 3461 4119 super
3478 4063 3575 4104 nos
3594 4050 3653 4102 in

2014 4149 2225 4205 Christo
2244 4148 2385 4203 Jesu.
2414 4143 2609 4199 Gratia
2629 4143 2776 4197 enim
2795 4142 2923 4196 estis
2946 4140 3149 4195 saluati
3164 4155 3262 4211 per
3279 4138 3472 4209 ﬁdem:
3486 4142 3538 4192 et
3559 4137 3657 4192 hoc

2011 4253 2123 4295 non
2151 4253 2222 4293 ex
2249 4236 2416 4304 vobis,
2449 4235 2547 4288 Dei
2574 4233 2724 4289 enim
2751 4230 2956 4286 donum
2986 4238 3106 4291 est;
3148 4244 3257 4283 non
3286 4244 3357 4283 ea:
3374 4226 3654 4299 operibus,

2012 4332 2163 4383 utne
2191 4328 2309 4398 quis
2329 4324 2618 4396 glorietur.
2644 4322 2818 4392 Ipsius
2839 4321 2989 4375 enim
3009 4334 3198 4374 sumus
3216 4318 3457 4391 factura,
3485 4315 3656 4371 creati

2014 4419 2075 4474 in
2099 4415 2315 4472 Christo
2333 4415 2461 4470 Iesu
2480 4414 2540 4467 in
2555 4411 2806 4482 operibus
2824 4410 2998 4473 bonis,
3020 4421 3144 4478 quae
3156 4408 3503 4478 praeparavit
3522 4406 3659 4461 Deus

2015 4514 2078 4563 ut
2112 4507 2173 4562 in
2206 4505 2317 4560 illis
2347 4502 2709 4558 ambulemus.
2741 4500 2970 4570 Pr0pter
3007 4495 3146 4567 quod
3175 4511 3441 4551 memores
3467 4496 3655 4562 estote,

2016 4594 2157 4669 quod
2176 4591 2487 4665 aliquando
2508 4605 2597 4647 vos
2617 4589 2786 4644 eratis
2808 4589 2989 4657 gentes
3013 4586 3071 4640 in
3098 4599 3280 4652 carne,
3312 4584 3409 4655 qui
3435 4583 3659 4639 diceba-

2016 4685 2161 4740 mini
2178 4681 2533 4754 przputium,
2546 4677 2613 4732 ab
2624 4689 2825 4748 eaquae
2836 4673 3043 4730 dicitur
3061 4672 3482 4728 circumcisioin
3494 4685 3662 4727 carne
3698 4712 3713 4719 -

2019 4779 2359 4843 manufacta,
2382 4771 2512 4840 quia
2532 4766 2704 4822 eratis
2727 4764 2823 4819 illo
2843 4765 3084 4834 tempore
3102 4762 3225 4815 sine
3256 4759 3486 4827 Christo,
3516 4759 3661 4813 alie-

2020 4863 2149 4918 nati
2168 4878 2201 4915 a
2225 4856 2628 4916 conversatione
2648 4853 2835 4919 Israel,
2859 4856 2911 4906 et
2931 4851 3171 4922 hospites
3194 4847 3663 4911 testamentorum,

2022 4950 2402 5025 promissionis
2448 4962 2597 5017 spem
2642 4959 2755 4998 non
2801 4941 3078 5005 habentes,
3123 4946 3174 4994 et
3200 4939 3319 4993 sine
3347 4938 3451 4992 Deo
3481 4938 3539 4990 in
3569 4935 3667 4990 hoc

2024 5024 2251 5096 mundo.
2275 5038 2429 5093 Nunc
2450 5042 2636 5090 autem
2657 5034 2715 5087 in
2740 5030 2956 5087 Christo
2976 5030 3123 5093 Iesu,
3143 5043 3238 5082 vos
3254 5027 3349 5097 qui
3362 5024 3668 5096 aliquando

2026 5130 2196 5187 eratis
2217 5128 2395 5197 longe,
2418 5125 2557 5195 facti
2575 5122 2703 5178 estis
2725 5136 2898 5191 prope
2922 5120 2979 5174 in
3003 5117 3278 5189 sanguine
3309 5112 3527 5170 Christi.
3550 5114 3671 5184 Ipse

2027 5222 2107 5275 est
2122 5218 2271 5274 enim
2285 5231 2400 5287 pax
2414 5214 2623 5281 nostra,
2643 5211 2736 5282 qui
2752 5209 2884 5282 fecit
2900 5213 3134 5277 utraque
3150 5219 3340 5271 unum,
3360 5208 3410 5257 et
3422 5200 3673 5258 medium

2029 5308 2291 5381 parietem
2311 5304 2562 5359 maceriae
2587 5297 2828 5365 solvens,
2860 5294 3180 5351 inimicitias
3190 5293 3430 5348 incarne
3441 5306 3543 5346 sua
3551 5308 3573 5354 ;
3594 5294 3668 5347 le-

2030 5413 2150 5469 gem
2170 5393 2563 5449 mandatorum
2582 5389 2809 5444 decretis
2830 5398 3116 5453 evacuans,
3146 5391 3208 5436 ut
3238 5380 3369 5436 duos
3399 5380 3594 5437 condat
3614 5383 3673 5436 in

2032 5486 2404 5555 semetipsum,
2427 5482 2488 5537 in
2514 5495 2689 5533 unum
2710 5490 2909 5532 novum
2931 5472 3226 5539 hominem,
3248 5470 3454 5542 faciens
3465 5486 3675 5543 pacem,

2035 5583 2095 5631 ut
2114 5571 2424 5630 reconciliet
2453 5568 2644 5624 ambos
2674 5568 2732 5621 in
2767 5578 2872 5619 uno
2900 5575 3132 5634 corpore
3158 5559 3281 5633 Deo,
3309 5575 3410 5634 per
3436 5575 3674 5629 crucem,

2106 5776 2123 5810 ι
2150 5770 2323 5823 Editlo
2352 5766 2435 5818 Er.
2468 5766 2592 5816 Mss.
2621 5759 2849 5814 ostendit
2875 5773 2986 5826 qua
3017 5760 3137 5810 sunt
3164 5757 3287 5809 alia.
