4058 6180
464 373 579 439 119

464 510 521 565 in
529 511 797 581 ter-ﬁciens
818 510 1143 567 inimicitias
1166 513 1222 566 in
1236 529 1349 566 sem
1362 515 1549 587 etipsn.
1571 516 1631 569 Et
1646 530 1737 568 ven
1746 515 1861 568 iens
1876 529 2111 577 evange-

468 601 657 656 litavit
672 616 863 672 pacem
882 602 1032 656 vobis
1055 603 1150 673 qui
1185 603 1362 674 longe,
1396 608 1446 658 et
1475 619 1661 673 pacem
1699 605 1767 656 iis
1797 603 1893 674 qui
1920 618 2109 671 prope.

470 691 743 759 Quoniam
770 705 867 760 per
896 692 1079 758 ipsum
1119 692 1378 747 habemus
1421 694 1643 763 utrique
1683 694 1739 746 in
1771 707 1881 747 uno
1911 692 2113 762 spiritu

469 795 735 834 accessum
770 778 841 833 ad
870 784 1096 835 Patrem
1127 781 1338 853 (Ephes.
1378 798 1443 849 ιι,
1476 780 1651 851 1-48).

542 873 688 921 Anc.
721 867 898 922 dixit:
953 868 1075 922 Ista
1123 869 1385 941 Apostoli
1446 869 1637 935 lectio,
1671 884 1841 939 quam
1872 868 2115 923 recitare

469 956 725 1024 voluisti,
759 957 810 1011 si
842 973 957 1012 non
980 957 1168 1021 fallor,
1193 976 1295 1030 pro
1321 975 1449 1014 mea
1472 957 1817 1030 plurimum,
1840 961 1896 1011 et
1917 961 2117 1011 contra

472 1047 631 1099 tuam
665 1045 838 1099 fidem
873 1046 1027 1099 facit.
1062 1046 1275 1115 Primo,
1312 1048 1449 1118 quia
1472 1048 1667 1117 ipsum
1695 1046 1942 1101 liberum
1966 1046 2117 1101 arbi-

469 1133 671 1201 trium,
705 1148 817 1205 quo
850 1148 953 1204 ego
986 1134 1101 1187 dixi
1136 1134 1259 1189 fieri
1291 1140 1357 1188 ut
1387 1135 1584 1189 anima
1611 1139 1826 1205 peccet,
1860 1134 1999 1189 satis
2024 1134 2117 1188 hic

469 1236 807 1294 expressum
822 1226 931 1290 est,
949 1239 1080 1276 cum
1098 1228 1331 1294 peccata
1344 1223 1685 1289 nominavit,
1701 1229 1756 1278 et
1769 1241 1900 1277 cum
1923 1240 2119 1278 recon-

469 1308 827 1366 ciliationem
862 1316 1121 1367 nostram
1155 1311 1301 1367 dixit
1334 1313 1459 1367 fieri
1494 1329 1625 1367 cum
1664 1317 1773 1367 Deo
1795 1329 1896 1384 per
1915 1314 2115 1368 Jesum

466 1399 791 1455 Christum.
825 1401 1122 1456 Peccando
1155 1402 1312 1456 enim
1337 1400 1524 1457 aversi
1547 1418 1783 1457 eramus
1808 1420 1839 1457 a
1862 1402 1978 1457 Deo
2004 1420 2016 1468 ;
2042 1406 2119 1457 te-

468 1488 660 1544 nendo
684 1492 878 1543 autem
904 1494 1189 1561 praecepta
1219 1490 1455 1555 Christi,
1489 1491 1932 1545 reconciliamur
1965 1496 2076 1546 Deo
2104 1509 2115 1546 :

470 1581 535 1633 ut
565 1578 665 1649 qui
697 1578 949 1649 peccatis
982 1579 1194 1633 mortui
1227 1596 1485 1647 eramus,
1517 1585 1812 1635 servantes
1836 1584 2121 1652 precepta

470 1665 598 1737 ejus
620 1666 1001 1737 viviﬁcemur,
1028 1672 1084 1723 et
1107 1684 1304 1739 pacem
1327 1668 1648 1724 habeamus
1667 1686 1798 1724 cum
1819 1669 1987 1724 illoin
2005 1687 2119 1725 uno

471 1753 747 1826 spiritu,a
765 1771 880 1825 quo
894 1755 1129 1811 alienati
1148 1773 1524 1826 eramus,non
1541 1763 1833 1813 servantes
1848 1758 2123 1813 mandata

471 1842 635 1914 ejus;
656 1842 827 1899 sicuti
852 1845 921 1898 de
945 1844 1179 1900 homine
1202 1846 1299 1917 qui
1322 1846 1545 1918 primus
1568 1851 1653 1901 est
1671 1846 2121 1913 constitutus,in

475 1932 589 1987 ﬁde
616 1940 817 1988 nostra
842 1934 1210 2003 praedicatur.
1238 1939 1383 2006 Ergo
1402 1953 1556 1990 nunc
1581 1953 1775 2007 quaero
1798 1937 1900 1991 abs
1932 1940 2007 2003 te,
2034 1953 2121 1991 se-

474 2022 734 2077 cundum
759 2038 883 2077 eam
913 2022 1219 2078 lectionem
1247 2041 1374 2095 quas
1398 2026 1544 2080 lecta
1572 2030 1679 2095 est,
1705 2027 1992 2094 quomodo
2018 2026 2121 2079 ha-

473 2110 719 2166 beamus
739 2116 994 2181 peccata,
1023 2112 1069 2166 si
1095 2117 1306 2167 natura
1329 2114 1617 2169 contraria
1642 2131 1746 2169 nos
1770 2114 1923 2184 cogit
1941 2115 2124 2169 facere

475 2199 631 2270 quod
655 2198 909 2255 facimus
925 2199 953 2253 ?
975 2202 1081 2265 Qui
1102 2203 1257 2256 enim
1285 2203 1512 2273 cogitur
1532 2204 1877 2258 necessitate
1902 2203 2123 2274 aliquid

472 2288 679 2353 facere,
705 2304 819 2342 non
847 2293 1063 2360 peccat.
1084 2290 1187 2353 Qui
1216 2297 1408 2345 autem
1434 2296 1661 2361 peccat,
1686 2291 1866 2346 libero
1886 2292 2123 2346 arbitrio

475 2380 695 2448 peccat.
722 2376 907 2439 Quare
931 2378 1007 2432 sit
1032 2378 1199 2433 nobis
1223 2380 1563 2450 pmnitentia
1593 2381 1902 2453 imperata,
1935 2381 1983 2435 si
2018 2398 2123 2435 nos

478 2464 625 2519 nihil
644 2465 1159 2533 malifecimus,sed
1176 2483 1320 2538 gens
1335 2468 2121 2535 tenebrarum?Quzeroitem,

470 2551 844 2625 indulgentia
862 2560 1230 2625 peccatorum
1252 2557 1343 2611 cui
1363 2557 1562 2624 detur;
1580 2558 1768 2623 nobis,
1784 2574 1855 2612 an
1874 2558 2125 2628 gestite-

470 2642 935 2699 nebrarum.Sed
952 2644 999 2698 si
1015 2646 1171 2715 genti
1188 2645 1561 2701 tenebrarum
1579 2646 2127 2718 daturindulgentia

474 2736 867 2803 peccatorum,
893 2734 1160 2805 regnabit
1181 2738 1236 2788 et
1256 2733 1385 2806 ipsa
1406 2752 1533 2790 cum
1561 2735 1694 2803 Deo,
1722 2736 2009 2807 accipiens
2032 2735 2126 2788 in-

479 2818 842 2891 dulgentiam
867 2827 1254 2893 peccatorum.
1278 2825 1335 2879 Si
1353 2829 1544 2879 autem
1570 2825 1736 2879 nobis
1755 2824 2128 2879 daturindul-

480 2909 679 2979 gentia
709 2915 1103 2982 peccatorum,
1138 2912 1513 2968 manifestum
1547 2917 1633 2967 est
1663 2914 1801 2983 quia
1830 2913 2126 2968 voluntate

480 2997 1031 3068 peccavimus.Satis
1044 2999 1198 3055 enim
1215 3000 1461 3055 stultum
1475 3000 1795 3072 estignosci
1810 3002 1859 3056 ei
1874 3001 2122 3072 quinihil

484 3084 624 3140 mali
646 3085 797 3141 fecit.
815 3086 969 3141 Nihil
989 3092 1180 3143 autem
1198 3087 1333 3143 mali
1352 3089 1503 3153 fecit,
1522 3088 1617 3159 qui
1634 3089 1777 3143 nihil
1798 3089 2123 3145 suavolun-

480 3177 601 3230 tate
616 3174 767 3229 fecit.
790 3177 968 3232 Hodie
983 3193 1118 3248 ergo
1138 3178 1333 3232 anima
1347 3178 1654 3249 pollicente
1670 3179 1778 3233 sibi
1800 3184 1906 3233 Deo
1925 3177 2124 3233 indul—

482 3263 738 3335 gentiam
760 3270 1129 3336 peccatorum
1156 3270 1211 3320 et
1252 3266 1799 3336 reconciliationem,
1822 3268 1867 3321 si
1890 3285 2124 3339 peccare

479 3350 786 3419 destiterit,
810 3356 866 3407 et
888 3354 956 3408 de
979 3355 1231 3425 peccatis
1254 3356 1653 3426 pmnitenliam
1680 3358 1940 3427 gesserit,
1962 3358 2007 3411 si
2035 3374 2120 3411 re-

474 3441 759 3511 spondeat
791 3443 1117 3497 secundum
1152 3449 1405 3498 vestram
1440 3444 1634 3511 fidem,
1672 3450 1727 3499 et
1757 3445 1945 3500 dicat:
1973 3446 2119 3511 Quid

470 3516 868 3600 enimpeccavi
888 3532 915 3585 ?
938 3531 1073 3602 quid
1101 3532 1421 3587 commerui
1442 3532 1629 3599 ?Quid
1654 3551 1741 3588 me
1760 3534 2029 3605 expulisti
2051 3536 2120 3591 de

468 3618 884 3686 regnistuis,ut
898 3624 1099 3674 contra
1115 3620 1313 3675 nescio
1329 3638 1503 3691 quam
1519 3627 1746 3692 gentem
1766 3623 2120 3693 pugnarem?

466 3703 751 3776 Depressa
766 3724 896 3762 sum
914 3711 953 3773 ί,
972 3709 1259 3779 permixta
1274 3726 1426 3777 sum,
1443 3715 1714 3781 corrupta
1728 3727 1856 3764 sum
1868 3755 1880 3773 ,
1898 3711 2120 3765 defecta

464 3796 652 3861 sum”,
679 3812 791 3850 non
816 3803 907 3850 est
930 3797 1069 3851 mihi
1098 3803 1389 3853 servatum
1414 3798 1660 3853 liberum
1682 3799 2011 3853 arbitrium.
2031 3800 2115 3854 Tu

463 3883 616 3937 nosti
640 3885 1045 3940 necessitatem
1064 3903 1182 3956 qua
1202 3903 1405 3956 pressa
1425 3904 1555 3941 sum
1575 3904 1698 3942 :cur
1716 3889 1857 3943 mihi
1878 3889 2116 3943 vulnera

464 3970 722 4041 imputas
746 3990 873 4043 quae
896 3975 1175 4045 suscepi?
1196 3978 1383 4040 Quare
1410 3992 1501 4029 me
1534 3978 1692 4047 cogis
1724 3978 1792 4031 ad
1828 3978 2109 4048 poeniten-

463 4057 631 4128 tiam,
651 4076 787 4115 cum
810 4066 869 4116 tu
898 4063 978 4117 sis
1010 4079 1185 4117 causa
1216 4064 1524 4119 vulnerum
1558 4082 1861 4131 meorum;
1896 4083 2024 4120 cum
2049 4071 2111 4121 tu

463 4148 636 4220 scias,
663 4166 791 4221 quae
815 4168 989 4221 passa
1012 4169 1163 4218 sum,
1190 4158 1419 4220 gentem
1448 4155 1818 4209 tenebrarum
1838 4154 1896 4209 in
1917 4172 2009 4210 me
2028 4156 2113 4209 fe-

461 4235 612 4291 cisse
644 4240 699 4292 te
730 4242 984 4303 auctore,
1030 4239 1127 4310 qui
1160 4239 1362 4293 violari
1400 4256 1512 4293 non
1542 4246 1795 4311 poteras,
1828 4246 1884 4295 et
1915 4246 2111 4297 tamen

452 4324 661 4380 volens
678 4342 875 4381 cavere
898 4329 1092 4397 regnis
1114 4328 1254 4395 tuis,
1276 4328 1491 4399 quibus
1510 4329 1655 4383 nihil
1688 4329 1877 4384 noceri
1904 4332 2107 4400 possit,

454 4429 548 4468 me
562 4414 618 4469 in
636 4413 899 4470 miserias
920 4416 1391 4487 praecipitasti?Si
1408 4424 1557 4471 certe
1572 4434 1677 4489 ego
1693 4436 1825 4489 pars
1842 4424 1941 4473 tua
1954 4436 2108 4489 sum,

458 4516 586 4573 quas
607 4502 677 4557 de
694 4503 1011 4559 visceribus
1034 4504 1149 4558 tuis
1170 4505 1447 4576 processi,
1467 4504 1516 4560 si
1535 4506 1605 4559 de
1636 4522 1811 4577 regno
1834 4512 1934 4561 tuo
1967 4512 2023 4562 et
2041 4509 2110 4563 de

462 4606 559 4644 ore
576 4594 675 4645 tuo
693 4608 705 4660 ;
725 4591 779 4645 in
799 4591 905 4647 hac
923 4597 1095 4664 gente
1115 4594 1485 4649 tenebrarum
1504 4593 1721 4665 aliquid
1744 4597 1861 4665 pati
1883 4613 1994 4651 non
2010 4598 2109 4651 de-

458 4678 580 4748 hui,
608 4682 673 4733 ut
696 4695 783 4734 me
806 4680 1165 4753 incorrupta,
1186 4682 1285 4737 illa
1304 4682 1709 4754 subjiceretur,
1731 4684 1776 4739 si
1801 4702 1933 4756 pars
1947 4702 2103 4741 eram

461 4767 712 4823 Domini.
738 4768 905 4824 Nunc
928 4775 1122 4826 autem
1150 4788 1283 4826 cum
1308 4771 1407 4825 illa
1428 4774 1735 4843 temperari
1762 4791 1876 4829 non
1912 4781 2107 4846 posset

358 4888 369 4893 -
460 4856 571 4913 nisi
598 4873 728 4912 mea
748 4859 1138 4930 corruptione,
1174 4861 1465 4930 quomodo
1496 4867 1595 4915 aut
1626 4880 1758 4933 pars
1790 4868 1891 4919 tua
1921 4864 2099 4934 dicor,

460 4950 561 5002 aut
576 4950 637 4999 tu
659 4944 1011 5001 inviolabilis
1031 4964 1253 5014 manes,
1276 4954 1376 5003 aut
1394 4966 1507 5003 non
1527 4965 1587 5004 es
1606 4952 1878 5019 crudelis,
1900 4954 1995 5023 qui
2013 4970 2104 5007 me

458 5034 577 5105 pati
594 5033 825 5089 voluisti
842 5051 943 5106 pro
960 5035 1052 5090 his
1067 5037 1505 5107 regnis,quibus
1522 5038 1664 5092 nihil
1682 5040 2105 5111 nocaripoterat

456 5124 529 5178 ab
559 5122 660 5178 illa
690 5129 862 5196 gente
892 5126 1264 5180 tenebrarum
1286 5126 1313 5179 ‘?
1339 5128 1416 5180 Ad
1442 5127 1547 5180 hoc
1572 5129 1882 5198 rosponde,
1909 5130 1953 5183 si
1982 5130 2100 5200 pla-

456 5216 545 5266 cet
566 5230 578 5267 :
599 5218 654 5267 et
675 5214 918 5285 dignare
935 5214 1111 5269 etiam
1137 5214 1281 5269 illud
1310 5215 1454 5269 mihi
1480 5232 1788 5287 exponere,
1810 5220 2101 5288 quomodo

453 5298 673 5356 dictum
707 5309 793 5358 est
814 5320 847 5359 a
870 5303 1043 5361 Paulo
1066 5305 1348 5376 apostolo,
1378 5310 1615 5361 Eramus
1636 5315 1831 5361 natura
1845 5306 1977 5363 liter
1996 5310 2105 5379 ﬁlii

518 5540 537 5574 ι
571 5538 856 5610 Vaticanus
911 5544 1034 5594 Mss.
1089 5559 1327 5610 eppressa
1356 5560 1468 5595 sum
1494 5559 1509 5607 ;
1541 5546 1776 5610 itemque
1804 5548 1942 5596 intra
1969 5548 2099 5608 loco,

450 5614 644 5668 pressa,
676 5602 854 5668 habet,
885 5602 1140 5668 Oppressa'.

518 5664 745 5732 {Plures
776 5664 1239 5732 Mss.,'_'de/atiyata
1295 5685 1427 5719 sum.
1486 5672 1639 5720 Forte
1678 5670 1983 5732 legendum,
2019 5674 2103 5721 de-

455 5730 597 5795 cepta
627 5741 755 5795 sum.
787 5729 1073 5795 defatigata
1102 5729 1210 5779 sum
1233 5746 1251 5793 ;
1271 5748 1389 5795 qum
1420 5732 1525 5783 duo
1547 5734 1706 5783 verba
1727 5729 1953 5785 Terentii
1974 5729 2101 5785 Sunt

457 5790 515 5838 in
547 5790 712 5839 Andr.
749 5794 850 5841 act.
882 5793 927 5850 4,
958 5805 1101 5841 seen.
1134 5798 1176 5851 1,
1211 5790 1350 5844 vers.
1386 5798 1461 5845 15.

1132 378 1446 441 CONTRA
1490 380 2033 442 FORTUNATUM
2083 377 2609 455 MANICHIEUM,
2656 378 2721 440 S.
2767 375 3200 440 AUGUSTINI

3732 380 3841 442 120

2221 513 2349 579 irae,
2382 528 2529 583 quos
2559 510 2959 567 reconciliatos
2991 510 3132 566 dicit
3161 510 3297 566 Deo.
3328 510 3384 566 Si
3407 526 3540 583 ergo
3567 514 3835 569 naturali-

2219 607 2305 657 ter
2338 601 2439 655 ﬁlii
2475 602 2571 655 irae
2605 604 2830 667 erant‘,
2863 600 3156 672 quomodo
3186 599 3334 654 diois
3364 599 3696 656 naturaliter
3723 603 3842 657 ani-

2219 706 2375 745 mam
2411 689 2591 744 filiam
2625 706 2753 744 esse
2786 694 2843 744 et
2872 689 3196 759 portionem
3228 688 3379 743 Dei?

2290 779 2460 834 Fon'r.
2497 778 2644 833 dixit
2668 794 2679 832 :
2707 778 2766 834 Si
2790 778 3113 832 secundum
3142 776 3399 832 animam
3426 776 3663 833 dixisset
3679 780 3843 850 Apos-

2216 868 2373 923 tolus
2400 867 2554 938 quod
2587 866 2773 922 simus
2799 866 3141 921 naturaliter
3166 865 3267 919 filii
3290 865 3409 931 iraa,
3437 864 3680 921 alienata
3700 873 3843 924 esset

2220 957 2417 1013 anima
2446 972 2544 1011 ore
2575 953 2833 1027 Apostoli
2868 972 2900 1009 a
2931 956 3066 1010 Deo.
3115 955 3183 1009 Et
3208 954 3317 1009 hac
3345 954 3512 1010 modo
3542 958 3602 1009 tu
3636 956 3843 1012 ratione

2220 1045 2481 1100 ostendis
2510 1046 2662 1117 quod
2690 1046 2886 1100 anima
2910 1061 3023 1099 non
3048 1043 3125 1099 sit
3145 1042 3247 1098 Dei
3274 1060 3286 1110 ;
3344 1043 3479 1114 quia
3504 1045 3848 1112 naturaliter,

2220 1134 2431 1205 inquit,
2454 1134 2793 1206 Apostolus,
2818 1150 3007 1189 sumus
3028 1133 3139 1202 ﬁlii
3159 1134 3279 1187 irae.
3304 1133 3362 1188 Si
3385 1149 3517 1188 vero
3543 1134 3849 1189 secundum

2220 1223 2376 1292 quod
2437 1222 2559 1293 lege
2618 1223 2928 1277 tenebatur
2976 1220 3134 1277 idem
3184 1220 3503 1292 apostolus,
3545 1236 3613 1276 ex
3641 1222 3849 1277 semine

2221 1310 2559 1377 Abrahe,ut
2576 1311 2701 1382 ipse
2732 1310 3475 1376 contestatur,descendens
3498 1308 3667 1381 (Rom.
3690 1312 3845 1379 xI,i);

2224 1404 2452 1455 constat
2468 1416 2602 1455 eum
2622 1400 3000 1472 corporaliter
3019 1399 3367 1469 dixisse,nos
3386 1398 3566 1455 fuisse
3583 1398 3852 1468 filiosirse,

2223 1488 2376 1545 sicut
2403 1492 2459 1544 et
2489 1492 2745 1546 caeteros.
2780 1490 3003 1544 Anima:
3032 1505 3166 1544 vero
3197 1487 3588 1544 substantiam
3613 1489 3853 1544 ostendit

2223 1578 2377 1649 quod
2410 1578 2486 1632 sit
2515 1593 2583 1633 ex
2612 1578 2747 1644 Deo,
2780 1583 2837 1633 et
2866 1577 3123 1633 animam
3148 1576 3316 1633 aliter
3337 1594 3450 1633 non
3476 1594 3643 1649 posse
3664 1593 3849 1633 recon-

2223 1666 2406 1721 ciliari
2439 1671 2575 1733 Deo,
2608 1667 2719 1721 nisi
2752 1684 2855 1739 per
2883 1668 3228 1739 magistrum
3256 1668 3353 1738 qui
3377 1671 3467 1724 est
3487 1666 3748 1722 Christus
3765 1666 3857 1722 Je-

2225 1772 2345 1811 sus.
2406 1756 2714 1811 Interfecta
2774 1755 2930 1811 enim
2981 1755 3307 1823 inimicitia,
3341 1755 3645 1811 videbatur
3673 1755 3863 1811 anima

2226 1845 2467 1915 indigna
2497 1844 2789 1900 exstitisse
2810 1845 2946 1900 Deo.
2971 1845 3080 1899 Sed
3105 1845 3244 1915 quia
3268 1844 3454 1899 missa
3474 1852 3580 1911 est,
3600 1844 3709 1899 hoc
3728 1860 3859 1899 con-

2227 1934 2480 1999 fitemur,
2515 1950 2549 1989 a
2578 1938 2690 1988 Deo
2718 1940 2908 1989 tamen
2934 1933 3353 2004 omnipotente,
3378 1938 3436 1988 et
3455 1933 3732 2006 originem
3758 1938 3864 1989 tra-

2226 2022 2395 2087 hens,
2414 2026 2469 2077 et
2496 2022 2678 2077 missa
2700 2024 2769 2077 ad
2798 2023 2983 2093 ipsius
3004 2020 3360 2077 voluntatem
3382 2022 3857 2094 consignandam.

2227 2111 2735 2175 Quemadmodum
2768 2118 2827 2166 et
2856 2112 3215 2166 Salvatorem
3248 2110 3549 2165 Christum
3577 2111 3859 2166 credimus

2229 2201 2299 2255 de
2329 2200 2471 2255 ccelo
2501 2200 2751 2270 venisse,
2782 2200 3141 2255 voluntatem
3174 2201 3365 2255 Patris
3396 2199 3706 2273 complere.
3738 2201 3865 2264 Quae

2228 2287 2497 2344 voluntas
2530 2288 2720 2344 Patris
2747 2288 2869 2344 haec
2901 2293 3043 2353 erat,
3076 2289 3303 2344 animas
3327 2295 3563 2345 nostras
3586 2289 3656 2344 de
3676 2290 3865 2345 eadem

2229 2377 2539 2432 inimicitia
2556 2377 2821 2446 liberare,
2844 2377 3145 2432 interfecta
3165 2379 3367 2432 eadem
3391 2376 3720 2433 inimicitia.
3741 2377 3869 2441 Quae

2231 2466 2554 2522 si‘adversa
2579 2466 2692 2522 Deo
2726 2484 2839 2521 non
2872 2465 3096 2537 fuisset,
3122 2482 3227 2521 nec
3246 2465 3560 2522 inimicitia
3580 2471 3871 2522 vocaretur

2230 2554 2330 2611 ubi
2359 2560 2482 2611 erat
2511 2554 2724 2625 unitas,
2760 2572 2864 2611 nec
2896 2556 3217 2612 interfectio
3259 2556 3555 2613 diceretur
3583 2560 3685 2613 aut
3714 2556 3869 2611 fieret

2231 2644 2331 2700 ubi
2362 2645 2478 2700 vita
2502 2650 2642 2700 erat.

2302 2734 2390 2790 48.
2424 2738 2569 2791 Auc.
2605 2734 2783 2790 dixit:
2823 2734 3115 2790 Memento
3140 2735 3294 2807 quod
3318 2734 3636 2807 Apostolus
3657 2733 3876 2801 dixerit,

2232 2823 2667 2879 conversatione
2700 2840 2801 2878 nos
2831 2822 3116 2879 alienatos
3148 2840 3181 2879 a
3211 2823 3328 2879 Deo
3358 2840 3511 2879 esse.

2304 2912 2469 2968 Foa'r.
2506 2911 2687 2966 dixit:
2719 2912 2908 2967 Trado
2941 2927 3045 2984 ego
3080 2913 3227 2967 duas
3278 2912 3651 2969 substantias
3682 2913 3873 2970 fuisse.

2232 3004 2294 3055 In
2328 3000 2474 3055 lucis
2505 3000 2839 3055 substantia
2870 3000 3071 3056 haberi
3109 3002 3310 3068 Deum,
3344 3006 3410 3056 ut
3442 3002 3716 3073 superius
3745 3002 3879 3057 dixi-

2232 3105 2382 3157 mus,
2415 3088 2916 3160 incorruptibilem
2943 3107 2955 3145 :
3010 3089 3190 3145 fuisse
3219 3106 3350 3145 vero
3381 3091 3740 3147 contrariam
3772 3108 3868 3146 na-

2230 3183 2421 3233 turam
2453 3178 2850 3243 tenebrarum,
2883 3194 3011 3234 eam
3044 3196 3218 3249 quam
3249 3179 3463 3236 virtute
3486 3180 3587 3236 Dei
3610 3180 3759 3236 vinci
3780 3180 3873 3235 ho-

2230 3266 2321 3322 die
2353 3283 2584 3338 quoque
2615 3268 2911 3335 confiteor,
2946 3274 3003 3323 et
3049 3269 3120 3323 ad
3154 3284 3351 3323 meum
3387 3286 3722 3341 regressum
3758 3268 3869 3325 sal-

2228 3360 2488 3411 vatorem
2520 3373 2649 3411 esse
2705 3356 3002 3411 Christum
3060 3356 3369 3423 emissum,
3426 3364 3492 3413 ut
3543 3363 3678 3415 ante
3719 3358 3867 3415 idem

2226 3444 2527 3516 apostolus
2558 3444 2655 3499 ait.

2296 3533 2538 3588 49.Auc.
2555 3533 2721 3589 dixit:
2738 3533 3083 3589 Rationibus
3096 3538 3161 3589 ut
3177 3534 3529 3591 discuterem
3540 3553 3609 3591 us
3622 3536 3867 3592 duarum

2226 3625 2565 3677 naturarum
2591 3622 2786 3689 fidem,
2812 3623 3154 3695 impositum
3185 3628 3273 3678 est
3302 3624 3374 3678 ab
3408 3624 3481 3679 iis
3512 3626 3615 3697 qui
3637 3641 3743 3680 nos
3770 3640 3869 3678 au-

2224 3710 2412 3767 diunt.
2432 3712 2540 3766 Sed
2558 3711 2838 3783 quoniam
2853 3712 2923 3767 ad
2944 3712 3273 3783 Scripturas
3297 3712 3517 3767 iterum
3540 3712 3869 3786 confugisti,

2224 3802 2293 3856 ad
2318 3816 2416 3855 eas
2438 3817 2544 3872 ego
2566 3801 2876 3865 descendo,
2901 3816 2966 3856 ac
2988 3801 3133 3856 nihil
3158 3802 3728 3872 praetermittendum
3750 3817 3871 3857 esse

2226 3894 2482 3961 postulo,
2516 3907 2587 3944 ne
2620 3890 2974 3961 quibusdam
3020 3890 3310 3962 capitibus
3344 3894 3603 3957 utentes,
3637 3890 3871 3947 nebulas

2224 3979 2539 4033 aﬂ‘eramus
2581 3979 2666 4034 eis
2715 3978 2931 4049 quibus
2961 3984 3109 4034 nota:
3141 3979 3456 4050 Seripturaa
3490 3998 3608 4036 non
3642 3984 3800 4036 sunt.
3830 3981 3873 4035 A

2222 4068 2413 4138 capite
2444 4067 2624 4139 igitur
2654 4068 2808 4138 quod
2843 4068 3018 4123 habet
3045 4067 3356 4139 Apostolus
3388 4068 3445 4123 in
3484 4069 3748 4142 Epistola
3771 4085 3873 4125 sua

2226 4155 2295 4211 ad
2330 4154 2623 4211 Romanos
2651 4156 3109 4223 consideremus,
3146 4161 3209 4211 In
3248 4158 3437 4229 prima
3468 4159 3632 4213 enim
3665 4158 3873 4231 pagina

2221 4249 2313 4299 est
2343 4244 2496 4315 quod
2546 4244 2919 4299 vehementer
2965 4251 3169 4300 contra
3214 4263 3316 4301 vos
3346 4250 3455 4302 est.
3494 4247 3648 4303 Dicit
3678 4248 3866 4302 enim:

2217 4333 2425 4388 Paulus
2454 4349 2638 4388 servus
2669 4332 2885 4388 Christi
2911 4335 3058 4399 Jesu,
3092 4338 3311 4390 vocatus
3334 4336 3871 4407 apostolus,separa-

2218 4430 2304 4477 tus
2332 4423 2393 4476 in
2424 4424 2783 4494 Evangelium
2842 4424 2987 4479 Dei’.
3054 4424 3198 4494 quod
3256 4427 3382 4479 ante
3416 4426 3753 4495 promiserat
3778 4439 3873 4496 per

2216 4511 2511 4583 Prophetas
2542 4528 2665 4567 suos
2693 4514 2749 4565 in
2782 4511 3084 4580 Seripturis
3114 4514 3336 4581 sanctis,
3369 4512 3443 4568 de
3471 4514 3617 4568 Filio
3639 4529 3760 4582 suo,
3784 4513 3873 4584 qui

2214 4601 2391 4671 factus
2421 4610 2495 4655 est
2525 4600 2577 4656 ei
2605 4617 2676 4655 (ac
2703 4602 2912 4656 semine
2943 4600 3115 4655 David
3155 4600 3454 4656 secundum
3503 4618 3751 4668 carnem,
3780 4601 3874 4672 qui

2212 4689 2628 4759 prazdeslinalus
2657 4693 2733 4744 est
2763 4689 2935 4744 Filius
2966 4690 3071 4744 Dei
3098 4691 3157 4745 in
3185 4692 3406 4758 virtute,
3439 4691 3749 4747 secundum
3768 4690 3875 4762 spi-

2215 4780 2388 4833 ritum
2416 4778 2868 4847 sanetiﬁcationis
2897 4795 2966 4834 ea:
2998 4781 3392 4835 resurrectione
3417 4786 3777 4837 mortuorum
3797 4780 3875 4836 Je-

2214 4884 2279 4922 su
2310 4867 2515 4922 Christi
2547 4867 2763 4921 Domini
2790 4870 2965 4923 nostri
2991 4867 3097 4940 (Id.
3133 4885 3170 4933 1,
3207 4868 3348 4939 1-4).
3379 4868 3669 4925 Videmus
3689 4870 3870 4942 Apos-

2213 4955 2395 5011 tolum
2430 4956 2501 5010 de
2534 4955 2779 5010 Domino
2831 4962 3030 5011 nostro
3074 4974 3180 5012 nos
3212 4958 3439 5027 docere,
3475 4964 3543 5013 ut
3574 4964 3635 5015 et
3664 4960 3873 5015 virtute

2218 5044 2315 5100 Dei
2348 5049 2481 5099 ante
2507 5060 2741 5099 carnem
2767 5046 3214 5115 praedestinatus
3238 5046 3434 5111 fuerit,
3459 5052 3518 5101 et
3539 5047 3871 5102 secundum

2214 5148 2450 5188 carnem
2487 5133 2673 5189 factus
2702 5134 2779 5189 sit
2799 5134 2849 5188 ei
2882 5151 2949 5188 ex
2972 5134 3195 5189 semine
3223 5134 3423 5189 David.
3450 5133 3571 5189 Hoc
3600 5152 3708 5189 vos
3736 5149 3869 5190 cum

2214 5238 2445 5294 semper
2476 5222 2818 5293 negaveritis
2850 5227 2905 5278 et
2938 5223 3183 5294 negetis,
3215 5224 3507 5295 quomodo
3529 5224 3867 5295 Scripturas

2215 5309 2511 5383 ﬂagitatis,
2542 5314 2608 5366 ut
2636 5311 2959 5367 secundum
2990 5326 3088 5367 eas
3117 5312 3315 5382 potius
3347 5312 3717 5368 disseramus
3740 5312 3769 5367 ?

2286 5399 2455 5455 Fon'r.
2479 5398 2653 5456 dixit:
2672 5400 3001 5455 Secundum
3024 5416 3257 5455 carnem
3278 5399 3543 5457 asseritis
3558 5416 3630 5456 ex
3644 5399 3868 5457 semine

2214 5488 2413 5559 David,
2427 5504 2560 5544 cum
2579 5488 2925 5560 praedicetur
2940 5504 3007 5545 ex
3020 5488 3242 5561 virgine
3258 5505 3387 5546 esse
3406 5491 3583 5545 natus
3596 5489 3757 5561 (1εαί.
3771 5506 3870 5556 v11,

2277 5615 2292 5647 ί
2330 5612 2423 5677 ilic
2452 5626 2516 5677 ex
2544 5613 2664 5677 Mss:
2682 5613 3023 5677 Arestituimus
3052 5612 3166 5677 haec
3197 5613 3375 5677 verba,
3408 5625 3532 5677 quos
3553 5611 3874 5677 reconcillia-

2213 5678 2296 5740 tos
2318 5675 2441 5740 dicit
2473 5675 2595 5722 Deo.
2632 5674 2691 5723 Si
2717 5688 2836 5738 ergo
2870 5675 3180 5725 naturaliter
3205 5676 3309 5740 ﬁlii
3336 5674 3431 5724 iri
3456 5678 3612 5724 erant
3636 5691 3650 5738 ;
3673 5689 3796 5740 quas
3818 5676 3871 5723 in

2214 5738 2372 5786 editis
2400 5736 2611 5786 desunt.

2275 5800 2297 5835 ί
2322 5801 2382 5849 In
2411 5798 2554 5860 Mss.,
2584 5799 2979 5862 predestinatus
3008 5801 3062 5852 in
3091 5799 3431 5864 Bvangelium
3466 5798 3586 5851 Dei.
