4058 6180
261 367 341 429 195
1444 362 1918 426 DlSPUTA'I‘lO
1967 360 2352 422 SECUNDA.

259 514 408 556 sumus
419 495 594 551 dicere
618 498 691 551 ad
717 497 862 553 mali
887 498 1124 570 stirpem
1143 515 1253 553 non
1271 497 1660 571 pertinere.Ut
1677 496 1832 552 enim

259 589 484 644 vobiscum
507 585 600 640 his
623 588 818 642 verbis
838 605 1025 660 agam,
1047 605 1172 659 qua:
1201 590 1422 642 utinam
1449 588 1603 642 sicut
1633 587 1702 640 de
1740 602 1836 640 ore

259 685 393 732 vestro
418 691 517 730 non
551 677 856 742 recedunt,
888 677 967 732 ita
997 683 1050 732 et
1069 678 1240 733 corde
1265 677 1668 749 intelligantur
1693 693 1704 730 :
1736 680 1838 730 0er

257 765 547 823 Paracletum
578 765 858 834 juratis'.
893 767 948 821 Si
982 783 1117 839 ergo
1147 765 1323 821 vultis
1355 765 1601 836 experiri
1635 780 1833 819 verum

256 872 344 911 esse
360 853 486 924 quod
512 854 664 922 dico,
687 853 979 910 instituite
1003 873 1114 910 non
1135 853 1647 924 jurare.Videbitis
1675 852 1833 906 illam

257 942 665 1000 consuetudinem
702 943 836 997 ferri
872 960 986 1014 quo
1018 943 1182 998 solet.
1217 945 1285 997 Et
1307 943 1415 997 hoc
1439 948 1528 997 est
1551 944 1703 1014 quod
1734 942 1835 998 ad-

254 1048 400 1086 versus
426 1031 678 1084 animam
711 1036 954 1103 pugnat,
979 1031 1342 1086 consuetudo
1374 1032 1526 1086 facta
1557 1031 1614 1084 in
1639 1049 1833 1087 carne.

254 1125 345 1190 ipsa
360 1119 720 1173 estnimirum
747 1122 938 1174 carnis
964 1121 1291 1191 prudentia,
1312 1137 1437 1191 quae
1453 1121 1732 1191 quamdiu
1759 1121 1838 1175 ita

251 1208 330 1278 legi
357 1207 436 1261 Dei
467 1207 682 1276 subjici
706 1225 820 1261 non
849 1213 1057 1279 potest,
1083 1209 1286 1263 tandiu
1311 1209 1620 1279 prudentia
1641 1211 1835 1265 carnis

251 1296 745 1351 estzsedillumitata
768 1296 1320 1362 anima,desinitilla
1333 1314 1462 1352 esse
1486 1298 1676 1352 carnis
1698 1316 1834 1368 pru-

249 1385 410 1440 dentia.
431 1383 516 1438 Sic
540 1383 698 1438 enim
719 1383 941 1439 dictum
971 1390 1078 1455 est,
1105 1385 1475 1456 prudentiam
1494 1387 1686 1441 carnis
1721 1405 1836 1442 non

249 1490 371 1546 posse
391 1473 483 1544 legi
512 1475 614 1529 Dei
636 1490 764 1529 esse
787 1475 1133 1545 subjectam,
1157 1477 1656 1546 quemadmodum
1678 1477 1726 1531 si
1749 1477 1835 1530 di-

248 1569 432 1632 ceretur,
459 1562 765 1634 glacialem
795 1563 984 1618 nivem
1021 1563 1271 1619 calidam
1313 1581 1440 1620 esse
1485 1582 1599 1619 non
1643 1582 1833 1636 posse.

245 1651 370 1708 Nullo
397 1652 541 1706 enim
575 1657 764 1722 pacto,
790 1653 1069 1723 quamdiu
1103 1652 1200 1708 nix
1228 1658 1338 1719 est,
1370 1653 1558 1709 calida
1581 1670 1708 1711 esse
1732 1671 1835 1724 po-

246 1741 434 1796 test.Sed
457 1741 958 1810 quemadmodum
986 1740 1080 1795 illa
1105 1742 1202 1796 nix
1231 1742 1419 1796 calore
1445 1742 1838 1807 resolvitur,et

245 1829 401 1884 desinit
425 1831 510 1884 nix
537 1846 690 1896 esse,
717 1836 780 1884 ut
817 1830 1342 1901 possitcalescere:
1381 1831 1463 1886 sic
1507 1831 1610 1886 illa
1645 1833 1836 1887 carnis

245 1919 508 1988 prudentia,
545 1919 606 1972 id
639 1925 745 1987 est,
774 1920 1134 1974 consuetudo
1157 1921 1304 1974 facta
1327 1927 1676 1988 cum‘carne,
1702 1937 1833 1976 cum

242 2005 531 2062 lueritmens
550 2006 1184 2077 nostrailluminata,et
1206 2010 1275 2063 ad
1303 2009 1614 2064 arbitrium
1630 2010 1834 2064 divinae

241 2093 347 2165 legis
363 2100 531 2150 totum
555 2095 856 2150 hominem
897 2096 1007 2151 sibi
1051 2096 1204 2151 Deus
1238 2097 1572 2166 subjecerit,
1602 2115 1704 2169 pro
1735 2098 1837 2153 illa

240 2184 610 2239 consuetudine
628 2185 838 2240 anime
864 2185 1017 2239 mala
1048 2186 1184 2240 facit
1217 2187 1703 2242 consuetudinem
1740 2188 1836 2242 bo-

242 2290 354 2327 nam.
383 2275 452 2328 Ex
479 2290 601 2344 quo
632 2273 745 2327 illae
779 2275 906 2328 duas
939 2275 1195 2345 arbores,
1228 2275 1382 2330 bona
1412 2276 1586 2331 arbor
1607 2280 1662 2331 et
1684 2277 1837 2331 mala

237 2363 361 2416 arbor
385 2379 517 2432 quas
549 2364 1052 2433 commemorasti,
1085 2365 1388 2420 verissime
1419 2365 1636 2419 dictum
1685 2370 1774 2420 est
1803 2383 1836 2420 a

238 2449 429 2505 Domino
459 2452 618 2523 quod
652 2468 791 2506 suos
824 2452 1048 2507 fructus
1075 2453 1369 2520 habeant;
1407 2453 1460 2507 id
1496 2458 1604 2520 est,
1648 2471 1836 2526 neque

236 2538 348 2593 bona
373 2542 546 2611 possit
585 2542 724 2596 dare
758 2541 945 2597 malos
969 2541 1216 2610 fructus,
1241 2559 1430 2612 neque
1454 2542 1606 2597 mala
1629 2543 1832 2612 bonos,

238 2630 307 2682 sed
333 2630 599 2698 quamdiu
634 2629 788 2684 mala
819 2635 925 2686 est.
964 2630 1335 2702 Accipiamus
1356 2632 1502 2686 duos
1525 2631 1792 2688 homines
1820 2650 1832 2700 ;

238 2716 404 2772 bonum
422 2717 750 2785 hominem,
775 2723 831 2773 et
853 2719 1074 2774 malum
1092 2720 1708 2784 hominem.Quamdiu
1735 2722 1833 2776 bo-

234 2821 312 2859 nus
331 2810 423 2869 est,
462 2807 655 2862 malos
702 2808 924 2862 fructus
967 2809 1104 2863 dare
1133 2825 1245 2862 non
1291 2813 1515 2880 potest;
1553 2811 1833 2881 quamdiu

237 2894 382 2949 malus
406 2900 507 2961 est,
536 2897 770 2952 fructus
798 2898 980 2952 bonus
1003 2898 1140 2952 dare
1162 2914 1276 2952 non
1307 2902 1514 2970 potest.
1537 2899 1644 2953 Sed
1672 2905 1733 2953 ut
1755 2900 1836 2953 in-

233 2983 414 3055 telligas
436 2985 576 3040 istas
600 2986 754 3040 duas
779 2986 1014 3040 arbores
1040 2987 1122 3042 sic
1165 3003 1292 3042 esse
1324 3005 1357 3042 a
1391 2988 1638 3043 Domino
1675 2989 1834 3060 posi-

233 3076 312 3139 tas,
333 3079 388 3126 ut
410 3073 480 3128 ibi
505 3075 951 3146 significaretur
975 3075 1225 3132 liberum
1245 3076 1577 3142 arbitrium,
1599 3095 1711 3132 non
1738 3096 1835 3133 na-

230 3165 353 3216 turas
371 3179 487 3218 esse
508 3163 662 3218 istas
689 3165 836 3219 duas
852 3165 1214 3229 arbores,sed
1229 3166 1558 3221 voluntates
1577 3172 1832 3234 nostras,

231 3247 320 3318 ipse
335 3251 406 3304 ait
430 3252 481 3305 in
515 3252 830 3323 Evangelia
857 3269 870 3306 :
895 3255 1003 3308 Aut
1021 3256 1190 3324 facite
1211 3255 1462 3310 arborem
1486 3255 1704 3322 bonam,
1731 3267 1835 3312 aut

225 3337 352 3406 facile
370 3341 625 3396 arborem
669 3343 878 3396 malum
919 3344 1126 3412 (Matth.
1159 3361 1260 3414 xn,
1292 3345 1406 3415 33).
1440 3345 1579 3410 Quis
1609 3352 1698 3400 est
1731 3347 1831 3417 qui

226 3429 364 3494 possit
393 3429 577 3485 facere
607 3436 881 3486 naturam
899 3431 926 3485 ?
943 3432 995 3485 Si
1020 3448 1154 3503 ergo
1178 3433 1527 3504 imperatum
1551 3439 1640 3488 est
1663 3435 1832 3490 nobis

225 3519 268 3567 ut
280 3514 823 3574 faciamusarborem
853 3525 953 3574 aut
975 3521 1188 3576 bonam
1207 3527 1306 3575 aut
1323 3521 1830 3589 malam,nostrum

226 3605 488 3677 estcligere
510 3609 669 3679 quod
700 3608 964 3664 velimus.
998 3611 1070 3664 De
1096 3610 1208 3664 isto
1231 3625 1367 3681 ergo
1395 3617 1625 3681 peccato
1643 3613 1829 3666 homi-

226 3689 304 3756 nis,
331 3696 467 3751 etde
499 3697 616 3751 ista
641 3698 1064 3752 consuetudine
1095 3698 1303 3752 animae
1329 3699 1479 3753 facta
1504 3716 1633 3754 cum
1659 3717 1830 3756 carne

225 3784 484 3849 Apostolus
517 3786 666 3840 dicit
688 3787 708 3819 ²
737 3804 748 3839 :
783 3786 946 3841 Nemo
993 3803 1086 3841 vos
1138 3787 1358 3841 seducet
1401 3788 1612 3857 (Ephes.
1645 3805 1701 3858 ν,
1732 3791 1826 3861 6):

225 3873 357 3925 mnis
375 3879 634 3929 creatura
650 3892 772 3946 qua
791 3893 824 3929 a
850 3879 964 3929 Deo
984 3878 1135 3947 facta
1150 3885 1249 3942 est,
1267 3876 1412 3931 bona
1434 3886 1510 3932 est
1529 3879 1544 3948 (
1555 3882 1578 3932 Ι
1598 3879 1729 3933 Tim.
1749 3895 1826 3950 Iv,

226 3958 407 4024 i).Dicit
428 3964 582 4018 idem
598 3963 904 4034 apostolus
924 3981 1095 4034 quem
1111 3969 1173 4019 tu
1189 3965 1312 4035 ipse
1327 3967 1825 4023 commemorasti:

225 4045 332 4101 Sicut
351 4068 446 4122 per
490 4055 668 4107 unius
715 4053 1161 4123 i-nobedientiam,
1211 4059 1514 4126 peccatores
1551 4058 1831 4112 constituti

221 4148 312 4190 sunt
327 4141 514 4207 multi;
536 4145 624 4196 sic
646 4145 698 4196 et
715 4158 813 4212 per
831 4144 996 4197 unius
1015 4142 1407 4208 obedientiam,
1436 4145 1583 4212 justi
1621 4147 1826 4200 consti-

223 4231 566 4284 luenturmulti
579 4233 759 4300 (Rom.
786 4247 834 4298 ν,
862 4231 967 4303 19).
991 4232 1260 4299 Quoniam
1270 4249 1368 4302 per
1391 4231 1664 4287 hominem
1684 4250 1831 4290 mors

220 4319 253 4367 et
267 4332 344 4384 per
354 4319 625 4376 hominem
651 4322 981 4376 resurrectio
996 4329 1356 4376 mortuorum.
1383 4323 1668 4386 Quamdiu
1692 4339 1827 4394 ergo

221 4410 470 4470 portamus
504 4409 828 4482 imaginem
852 4411 1068 4465 terreni
1097 4409 1357 4466 hominis
1389 4411 1434 4482 (Ι
1469 4411 1587 4466 Cor.
1613 4430 1704 4477 xv,
1734 4414 1824 4481 21,

220 4491 298 4562 4‘9},
315 4495 362 4549 id
384 4505 487 4564 est,
510 4497 805 4570 quamdiu
829 4500 1152 4553 secundum
1179 4516 1414 4554 carnem
1437 4500 1709 4568 vivimus,
1727 4502 1826 4572 qui

219 4588 342 4637 vetus
369 4586 539 4642 etiam
576 4587 758 4643 homo
800 4587 1156 4653 nominatur,
1191 4589 1478 4642 habemus
1510 4590 1826 4644 necessita-

220 4675 300 4724 tem
316 4677 755 4730 consuetudinis
780 4681 1008 4743 nostras,
1036 4681 1100 4730 ut
1131 4693 1243 4731 non
1269 4678 1424 4748 quod
1449 4678 1720 4733 volumus
1745 4680 1826 4734 fa-

221 4759 564 4819 :iamus.Cum
582 4771 782 4820 autem
800 4764 1091 4837 gratiaDei
1107 4782 1364 4820 amorem
1382 4767 1549 4821 nobis
1562 4767 1824 4823 divinum

221 4843 631 4924 inspiraverit,et
645 4870 749 4908 nos
765 4871 880 4909 suae
898 4854 1178 4908 voluntati
1196 4855 1463 4910 subditos
1480 4856 1827 4926 fecerit,qui-

221 4933 298 4990 bus
313 4940 512 4997 dictum
533 4947 653 5009 est,
682 4943 772 4997 Vos
787 4946 842 4996 in
869 4943 1187 4998 libertatem
1207 4947 1382 4999 vocati
1401 4946 1536 4998 estis
1556 4944 1823 5011 (Gatat.v,

222 5021 309 5092 l3);
335 5033 399 5095 et,
423 5029 617 5085 Gratia
645 5031 740 5085 Dei
765 5030 1020 5086 liberavit
1043 5049 1129 5086 me
1148 5049 1181 5087 a
1209 5033 1320 5103 lege
1339 5035 1546 5103 peccati
1565 5041 1616 5088 et
1635 5034 1825 5087 mortis

218 5111 344 5174 (Rom.
369 5134 483 5187 vm,
505 5119 590 5189 2).
621 5120 737 5175 Lex
768 5125 964 5175 autem
987 5121 1208 5191 peccati
1236 5126 1345 5187 est,
1373 5126 1435 5176 ut
1467 5121 1824 5193 quicumque

217 5208 498 5275 peccaverit,
534 5208 848 5264 moriatur.
882 5209 967 5264 Ah
996 5209 1112 5266 ista
1143 5209 1269 5282 lege
1301 5211 1645 5278 liberamur,
1686 5227 1820 5266 cum

218 5289 319 5355 justi
341 5311 456 5352 esse
475 5297 858 5368 cmperimus.
885 5299 997 5353 Lex
1015 5300 1220 5354 mortis
1234 5305 1340 5370 est,
1357 5316 1473 5371 qua
1487 5301 1707 5355 dictum
1735 5304 1825 5356 est

267 5461 278 5493 ‘
303 5463 379 5513 Hic
406 5467 694 5534 Vaticanus
714 5466 1039 5534 codesaddit
1056 5467 1215 5534 :‘Non
1237 5468 1456 5534 potestis
1489 5468 1654 5534 dicere
1683 5469 1823 5534 quod

229 5534 319 5593 squ
334 5531 655 5593 tenebrarum
691 5528 923 5593 dernobis
947 5545 1041 5593 per
1065 5528 1380 5580 Paracletum
1391 5532 1564 5593 furat.

249 5585 349 5662 ηιμ
377 5592 628 5662 vaticano
655 5591 856 5662 codice,
902 5585 1069 5662 post,_
1086 5593 1345 5662 apostolus
1391 5585 1534 5662 dicit,
1584 5592 1814 5662 additur,

231 5642 448 5702 Ρηίίεηιὶα
475 5655 658 5702 carni:
694 5642 1000 5702 inimica'est
1028 5642 1150 5704 Deo.
1185 5655 1258 5704 De
1293 5657 1464 5705 carnis
1510 5642 1680 5704 autem
1727 5642 1816 5704 na;

232 5711 311 5756 "In
331 5715 436 5765 dicit
462 5716 568 5765 alio
606 5717 722 5765 loco
749 5716 1034 5780 Apostolus.
1065 5718 1224 5768 Nemo
1256 5733 1342 5769 vos
1369 5721 1596 5768 seducat.

3481 358 3596 420 126

1958 491 2212 547 homini:
2248 494 2411 547 Terra
2441 509 2514 559 es,
2537 502 2592 546 et
2617 494 2672 547 in
2709 496 2914 548 terram
2935 492 3038 547 ibis
3073 491 3219 560 (Gen.
3255 509 3339 559 ιιι,
3367 491 3476 561 19).
3521 493 3600 547 Ex

1957 582 2082 654 ipso
2106 582 2257 637 enim
2293 599 2494 637 omnes
2519 585 2535 618 ¹
2571 585 2652 637 sic
2685 582 3004 648 nascimur,
3031 582 3168 653 quia
3191 587 3345 636 terra
3368 600 3595 652 sumus,

1956 678 2012 727 et
2040 672 2098 725 in
2134 677 2346 726 terram
2371 672 2589 726 ibimus
2622 677 2855 742 propter
2880 672 3156 726 meritum
3183 672 3397 742 peccati
3423 672 3597 743 primi

1958 760 2231 815 hominis.
2270 761 2508 832 Propter
2538 766 2733 815 autem
2757 760 3006 831 gratiam
3034 760 3155 824 Dei,
3181 777 3307 831 quas
3326 777 3430 814 nos
3455 760 3599 816 libe-

1957 855 2102 904 rata
2132 850 2252 920 lege
2285 850 2502 921 peccati
2534 855 2589 904 et
2619 849 2843 915 mortis,
2879 850 2947 904 ad
2990 850 3282 920 justitiam
3335 851 3598 904 conversi

1957 939 2312 994 liberamur:
2348 943 2410 992 ut
2440 943 2639 1009 postea
2691 939 2891 992 eadem
2952 939 3079 1008 ipsa
3124 955 3256 992 caro
3314 954 3440 1008 quae
3495 954 3599 992 nos

1960 1029 2145 1100 poenis
2179 1029 2341 1084 torsit
2366 1030 2422 1082 in
2453 1028 2702 1100 peccatis
2727 1032 3048 1095 manentes,
3074 1027 3416 1097 subjiciatur
3432 1028 3601 1081 nobis

1958 1119 2013 1172 in
2051 1118 2492 1182 resurrectione,
2529 1123 2583 1172 et
2615 1117 2774 1172 nulla
2805 1117 3151 1172 adversitate
3201 1133 3306 1170 nos
3354 1117 3601 1186 quatiat,

1958 1207 2274 1278 quominus
2309 1208 2490 1277 legem
2526 1207 2620 1262 Dei
2656 1211 2712 1261 et
2741 1207 2937 1261 divina
2972 1209 3255 1276 prmccpta
3296 1221 3597 1260 servemus

1959 1296 2054 1367 (a).
2079 1295 2238 1350 Unde
2265 1296 2542 1366 quoniam
2564 1312 2669 1367 ego
2692 1295 2960 1365 respondi
2982 1292 3368 1365 tuis,dignare
3389 1297 3446 1346 tu
3475 1310 3593 1348 res-

1961 1385 2220 1455 pondere
2270 1384 2412 1439 illud
2447 1385 2598 1455 quod
2635 1383 2920 1446 desidero,
2951 1381 3447 1452 quemadmodum
3474 1380 3597 1435 fieri

1959 1473 2148 1544 possit
2172 1479 2236 1528 ut
2267 1473 2315 1528 si
2339 1479 2426 1529 est
2452 1479 2561 1528 Deo
2585 1478 2794 1527 natura
2824 1470 3132 1539 contraria,
3157 1470 3326 1525 nobis
3349 1469 3603 1542 impute-

1962 1567 2060 1616 tur
2091 1568 2413 1633 peccatum,
2448 1564 2546 1632 qui
2581 1563 2637 1616 in
2681 1563 2840 1616 illam
2874 1565 3139 1614 naturam
3175 1577 3288 1614 non
3336 1558 3602 1615 volunta-

1969 1657 2044 1721 te,
2079 1653 2177 1706 sed
2212 1653 2282 1706 ab
2315 1654 2439 1724 ipso
2473 1653 2608 1720 Deo,
2644 1652 2737 1707 cui
2771 1650 2962 1705 noceri
2997 1648 3141 1704 nihil
3172 1647 3604 1720 poterat,missi

1959 1757 2187 1796 ευιηυε.

2031 1829 2200 1884 Foar.
2231 1830 2374 1883 dixit
2403 1846 2416 1883 ε
2444 1830 2559 1884 Hoc
2577 1846 2786 1900 genere
2802 1828 3292 1900 quemadmodum
3317 1831 3373 1882 et
3405 1826 3606 1882 Domi-

1960 1935 2071 1973 nus
2095 1918 2239 1973 dixit
2260 1918 2566 1989 discipulis
2590 1919 2738 1984 suis,
2766 1923 2893 1974 Ecce
2909 1934 3005 1986 ego
3030 1919 3183 1972 mitto
3206 1933 3292 1972 vos
3315 1917 3452 1972 sicut
3480 1931 3602 1971 oves

1958 2009 2019 2061 in
2040 2008 2214 2062 medio
2237 2009 2489 2078 luporum
2511 2007 2717 2072 (Matth.
2743 2025 2797 2072 x,
2824 2008 2930 2079 16).
2956 2006 3101 2061 Hinc
3124 2005 3427 2060 sciendum
3468 2009 3557 2058 est
3579 2003 3600 2038 ²

1959 2098 2107 2167 quod
2136 2114 2250 2152 non
2272 2096 2511 2152 inimica
2535 2102 2726 2152 mente
2750 2096 3013 2152 Salvator
3026 2100 3223 2151 noster
3242 2110 3425 2166 agnos
3443 2110 3602 2159 suos,

1957 2185 2015 2241 id
2038 2187 2475 2257 est,discipulos
2499 2185 2708 2242 suosin
2735 2185 3211 2257 medioluporum
3237 2183 3484 2254 dirigere
3505 2198 3604 2238 vo-

1958 2273 2088 2343 luit,
2124 2274 2236 2329 nisi
2265 2279 2422 2331 esset
2452 2275 2648 2346 aliqua
2681 2274 3080 2340 contrarietas,
3104 2289 3226 2344 quae
3250 2272 3308 2326 in
3333 2270 3608 2328 similitu-

1959 2364 2092 2418 dine
2125 2363 2396 2434 luporum
2425 2380 2552 2418 eam
2576 2365 2908 2434 deponeret,
2933 2361 3098 2417 ubiet
3121 2361 3438 2431 discipulos
3461 2376 3599 2415 suos

1959 2452 2237 2507 miserat:
2261 2457 2470 2523 utquaa
2491 2453 2636 2507 forte
2654 2452 2712 2506 in
2731 2451 2920 2506 medio
2938 2450 3212 2521 luporum
3235 2447 3442 2503 animm
3467 2464 3597 2521 pos-

1959 2545 2088 2596 sent
2109 2541 2318 2612 decipi,
2345 2542 2417 2596 ad
2443 2540 2732 2612 propriam
2754 2539 3144 2595 substantiam
3167 2540 3601 2594 revocarentur.

1960 2630 2104 2685 Hinc
2136 2646 2271 2701 ergo
2305 2635 2548 2702 apparet
2568 2629 2888 2700 antiquitas
2914 2634 3243 2699 temporum
3267 2632 3599 2683 nostrorum

1959 2735 2137 2790 quam
2188 2719 2527 2790 repetimus,
2580 2723 2635 2773 et
2679 2734 2966 2772 annorum
3033 2718 3429 2787 nostrorum",
3476 2720 3608 2771 ante

1960 2807 2163 2863 mundi
2191 2807 2665 2862 constitutionem
2691 2806 2798 2861 hoc
2817 2822 2976 2861 more
2996 2805 3206 2860 missas
3226 2821 3353 2860 esse
3376 2805 3604 2861 animas

1961 2903 2163 2952 contra
2190 2896 2542 2951 contrariam
2578 2900 2844 2950 naturam
2879 2937 2892 2962 ,
2929 2899 2993 2949 ut
3023 2894 3290 2950 eamdem
3333 2911 3440 2949 sua
3479 2911 3613 2965 pas-

1960 2987 2121 3042 sione
2153 2986 2555 3054 subjicientes,
2605 2985 2843 3040 victoria
2893 2986 3002 3040 Deo
3049 2985 3410 3039 redderetur.
3462 2983 3607 3039 Nam

1959 3077 2103 3131 dixit
2127 3076 2278 3130 idem
2311 3074 2631 3146 apostolus,
2666 3075 2816 3146 quod
2852 3091 2966 3128 non
3009 3073 3200 3128 solum
3233 3077 3387 3129 esset
3415 3072 3602 3128 lucta-

1959 3166 2038 3221 tio
2071 3170 2274 3220 contra
2303 3181 2536 3219 carnem
2560 3168 2616 3218 et
2638 3163 3007 3234 sanguinem,
3030 3163 3125 3217 sed
3151 3168 3206 3216 et
3232 3167 3432 3217 contra
3456 3163 3608 3234 prin-

1959 3256 2116 3327 cipes
2147 3259 2201 3309 et
2221 3258 2559 3325 potestates,
2588 3257 2646 3307 et
2669 3252 2997 3324 spiritualia
3025 3252 3401 3323 nequitias,'ot
3423 3251 3609 3306 domi—

1959 3345 2254 3399 nationem
2288 3344 2666 3398 tenebrarum
2692 3341 2921 3413 (Ephes.
2957 3358 3032 3406 νι,
3069 3341 3176 3411 12).
3211 3341 3268 3395 Si
3293 3357 3428 3412 ergo
3452 3344 3608 3395 utro-

1956 3434 2133 3504 bique
2165 3431 2318 3487 mala
2348 3437 2656 3487 versantur
2677 3433 2698 3466 ⁴
2729 3435 2785 3486 et
2815 3430 3087 3502 nequitiae
3121 3429 3450 3496 habentur;
3482 3431 3610 3500 jam

1958 3540 2072 3578 non
2104 3521 2296 3577 solum
2329 3525 2418 3576 est
2449 3519 2666 3575 malum
2700 3520 2758 3574 in
2792 3520 3007 3574 nostris
3041 3519 3406 3589 corporibus,
3425 3518 3526 3574 sed
3553 3518 3610 3573 in

1955 3617 2075 3667 toto
2109 3611 2350 3677 mundo,
2386 3609 2484 3664 ubi
2513 3609 2788 3664 videntur
2817 3607 3034 3663 versari
3068 3607 3298 3678 animas,
3335 3624 3460 3679 qua
3493 3607 3603 3663 sub

1957 3701 2100 3757 cmlo
2125 3700 2236 3755 isto
2269 3703 2576 3754 versantur
2603 3703 2660 3753 et
2689 3697 2998 3769 implicatae
3021 3700 3177 3752 sunt.

2023 3790 2112 3843 23.
2155 3794 2298 3843 Anc.
2325 3786 2502 3842 dixit:
2531 3792 2726 3858 Agnos
2749 3803 2888 3841 suos
2916 3786 3199 3842 Dominus
3222 3786 3278 3840 in
3307 3785 3500 3841 medio
3521 3784 3611 3840 lu-

1956 3894 2163 3950 porum
2189 3877 2370 3942 misit,
2393 3877 2449 3931 id
2474 3881 2583 3944 est,
2608 3875 2876 3932 homines
2894 3877 3088 3948 justus
3113 3877 3170 3929 in
3195 3875 3384 3930 medio
3407 3874 3597 3930 homi-

1955 3985 2097 4022 num
2125 3972 2514 4038 peccatorum,
2538 3967 2610 4021 ad
2635 3966 3102 4037 praedicationem
3123 3963 3417 4036 Evangelii
3447 3969 3596 4018 tem-

1954 4073 2092 4130 pore
2117 4055 2372 4111 hominis
2395 4055 2650 4127 suscepti
2665 4053 3142 4110 abinaestimahili
3159 4053 3596 4125 divinaSapien-

1954 4146 2057 4213 tia,
2091 4150 2218 4200 uta
2261 4149 2493 4216 peccato
2541 4144 2611 4198 ad
2647 4142 2942 4214 justitiam
2989 4159 3095 4197 nos
3137 4146 3382 4198 vocaret.
3433 4142 3594 4207 Quod

1955 4239 2148 4290 autem
2170 4234 2250 4287 ait
2273 4232 2604 4304 Apostolus,
2635 4231 2803 4287 nobis
2825 4230 3289 4286 colluctationem
3324 4248 3437 4286 non
3469 4246 3598 4286 esse

1956 4324 2236 4378 adversus
2259 4338 2490 4376 carnem
2511 4326 2567 4376 et
2588 4319 3061 4391 sanguinem,sed
3079 4319 3357 4375 adversus
3378 4319 3595 4391 princi-

1957 4429 2057 4484 pes
2079 4416 2135 4465 et
2155 4415 2554 4483 potestates,et
2574 4414 2778 4464 caetera
2795 4426 2920 4481 quae
2938 4413 3073 4463 sunt
3100 4414 3557 4464 commemorata
3580 4425 3594 4478 ;

1955 4501 2065 4557 hoc
2089 4501 2381 4573 signiﬁcat
2410 4499 2706 4554 diabolum
2730 4505 2785 4554 et
2808 4498 3046 4571 angelos
3069 4500 3217 4569 ejus,
3244 4499 3398 4554 sicut
3417 4498 3593 4554 etiam

1956 4608 2084 4660 nos,
2127 4595 2360 4661 peccato
2391 4589 2667 4645 cecidisse
2695 4594 2752 4644 et
2781 4589 2977 4660 lapsos
3008 4605 3157 4651 esse,
3181 4593 3238 4643 et
3271 4589 3597 4644 obtinuisse

1954 4685 2206 4744 terrena,
2231 4680 2287 4733 id
2313 4683 2401 4733 est
2417 4677 2684 4733 homines
2699 4677 3153 4748 peccatores,qui
3171 4677 3452 4748 quamdiu
3474 4693 3600 4750 pec-

1954 4774 2180 4824 catores
2203 4785 2432 4830 sumus,
2456 4767 2717 4838 subjugo
2731 4783 2930 4821 eorum
2957 4783 3202 4834 sumus;
3227 4767 3598 4837 quemadmo-

1954 4859 2117 4922 dum,
2145 4873 2275 4912 cum
2297 4857 2435 4926 justi
2461 4854 2937 4922 erimus,erimus
2960 4855 3486 4925 subjugojustitia':
3509 4871 3520 4920 ;
3541 4857 3598 4910 et

1953 4951 2154 5001 contra
2175 4945 2305 4999 illos
2330 4943 2545 4998 luctam
2571 4944 2874 5010 habemus,
2901 4947 2965 4996 ut
2988 4943 3306 5014 migrantes
3331 4941 3594 5013 adjusti-

1955 5035 2119 5102 tiam,
2145 5035 2216 5089 ab
2239 5050 2442 5088 eorum
2468 5032 2862 5087 dominatione
2888 5031 3220 5087 liberemur.
3272 5035 3417 5102 Ergo
3450 5035 3506 5085 et
3531 5037 3594 5087 tu

1954 5123 2194 5196 dignare
2227 5121 2370 5177 mihi
2402 5122 2652 5178 breviter
2680 5122 2750 5176 ad
2786 5137 2967 5176 unum
3002 5120 3154 5192 quod
3187 5120 3479 5192 interrogo
3505 5137 3592 5176 re-

1951 5213 2259 5285 spondere.
2283 5209 2486 5266 Noceri
2514 5215 2626 5266 Deo
2655 5227 2768 5265 non
2791 5214 3033 5281 poterat,
3070 5225 3142 5262 an
3180 5208 3449 5279 poterat?
3479 5209 3591 5264 Sed

2016 5323 2033 5356 ¹
2066 5321 2150 5370 Sic
2183 5321 2302 5368 Mss.
2330 5321 2395 5368 At
2423 5319 2550 5368 editi
2579 5354 2588 5365 .
2623 5319 2701 5367 Ex
2728 5317 2839 5381 ipsa
2868 5317 3004 5381 enim
3036 5313 3275 5381 homines.

2014 5387 2036 5420 8
2075 5384 2360 5432 Vaticanus
2391 5383 2524 5431 Ms.:
2556 5381 2646 5430 Hic
2671 5377 2987 5428 sentiendum
3016 5381 3106 5426 est.
3159 5377 3424 5441 Pauloque
3471 5382 3592 5441 post

1949 5447 2089 5497 idem
2118 5445 2302 5504 codex,
2333 5459 2485 5509 quam
2517 5444 2572 5493 in
2599 5441 2939 5492 similitudine
2966 5441 3202 5502 tuporum
3231 5440 3478 5491 eamdem
3492 5455 3588 5508 po-

1948 5512 2149 5621 nerelttir.
2180 5569 2345 5634 Lugd.
2375 5573 2428 5619 et
2456 5568 2608 5634 veni,
2640 5546 2928 5614 animorum
2955 5566 3264 5634 nostrorum.
3294 5565 3360 5615 Μ.

2013 5637 2036 5671 9
2062 5636 2119 5683 In
2151 5629 2284 5683 Mss:
2304 5636 2356 5681 et
2385 5630 2524 5692 apud
2555 5630 2658 5689 Er.,
2689 5629 3068 5676 conservantur.

2011 5717 2083 5778 (a)
2116 5716 2139 5763 1
2172 5714 2420 5770 ΒΘΗ-δαὶ..
2451 5723 2566 5772 cap.
2601 5711 2679 5770 16,
2707 5721 2763 5758 ιι.
2793 5711 2838 5758 2.
