2043 3093
214 172 270 203 127

214 247 312 276 quaeso
327 239 398 266 mihi
414 240 456 266 ut.
473 239 535 266 Non
552 240 674 275 poterat,
690 240 878 275 respondeas.

249 284 335 312 Foa'r.
353 283 425 310 dixit
440 292 445 310 :
463 285 525 311 Non
541 285 655 319 poterat
670 284 776 311 noceri.

249 327 293 355 24.
309 328 381 355 AUG.
399 327 489 355 dixit:
507 328 602 359 Quare
616 335 684 364 ergo
699 327 757 356 huc
774 336 826 356 nos
842 327 922 356 misit
934 336 1035 356 secun-

214 372 284 400 dum
300 374 426 399 vestram
442 372 531 399 ﬁdem
543 372 557 400 ?

250 416 336 444 Foa'r.
353 417 442 445 dixit:
461 416 603 445 Professio
620 425 685 445 mea
699 416 760 445 hac
774 419 830 451 est,
846 417 915 454 quia
937 417 1035 445 noceri

212 469 270 489 non
286 463 398 497 poterat
412 461 482 495 Deo,
498 463 526 489 et
541 461 617 497 quod
630 461 707 489 Deus
718 461 775 490 huc
788 470 840 490 nos
852 461 965 489 direxit.
978 462 1034 490 Sed

211 506 281 542 quia
296 505 324 533 id
342 505 396 534 tibi
412 506 591 534 contrarium
607 508 661 540 est,
678 508 709 533 tu
726 506 772 535 dic
788 515 846 542 qua
860 506 972 534 ratione
987 506 1035 535 hic

210 550 346 587 apparuit
365 550 475 584 anima,
492 558 580 586 quam
598 558 675 578 nunc
691 550 774 587 cupit
790 552 865 579 Deus
881 553 990 585 noster,
1008 553 1036 580 et

211 596 369 628 mandatis,
386 597 414 622 et
431 594 545 630 proprio
561 594 631 622 F'ilio
643 595 752 623 directo
763 595 911 623 liberare?

246 639 290 666 25.
307 640 380 666 Auc.
407 639 497 666 dixit:
522 639 665 672 Quoniam
692 638 774 667 video
796 641 825 667 te
848 639 1035 676 interrogatis

212 684 285 711 meis
301 684 475 719 respondere
491 692 549 711 non
562 683 703 719 potuisse,
719 685 748 711 et
764 691 810 712 me
821 684 932 720 aliquid
943 684 1035 712 inter-

212 736 313 763 rogare
329 728 465 760 voluisse,
482 736 547 756 ecce
559 728 706 756 satisfacio
722 728 786 763 tibi,
802 729 962 757 dummodo
974 737 1034 757 me-

213 772 334 800 mineris
349 775 376 799 te
393 773 425 799 ad
446 772 472 799 id
489 773 565 808 quod
577 772 753 809 interrogavi
766 781 823 801 non
835 773 1034 810 respondisse.

211 817 313 844 Anima
329 826 416 852 quare
428 817 474 844 hic
486 816 560 844 sitin
572 817 682 846 mundo
693 817 824 846 involuta
834 817 1034 852 miscriis,non

211 862 308 894 modo,
328 863 376 888 sed
392 862 478 897 paulo
494 863 560 890 ante
576 862 673 890 nescio
690 862 805 898 quoties
820 871 837 891 a
852 871 898 891 me
922 863 1034 891 dictum

211 908 266 934 est.
279 906 409 933 Peccavit
420 907 529 942 anima,
542 908 569 934 et
580 906 644 935 ideo
659 907 767 935 misera
775 909 828 935 est.
840 907 974 935 Liberum
986 915 1036 935 ar-
1063 912 1069 918 ί

212 950 332 979 bitrium
351 950 469 986 accepit,
480 959 531 978 usa
545 952 589 978 est
599 950 690 979 libero
701 952 832 986 arbitrio,
844 952 1034 988 quemadmo-

213 996 283 1023 dum
299 995 407 1022 voluit:
424 995 508 1030 lapsa
520 997 575 1029 est,
589 996 682 1031 ejecta
693 996 728 1023 de
739 996 929 1030 beatitudine,
939 996 1035 1032 impli-

213 1042 277 1067 cata
292 1042 333 1067 est
349 1040 483 1067 miseriis.
499 1040 541 1067 Ad
558 1039 612 1067 hoc
628 1040 680 1068 tibi
697 1040 812 1069 recitavi
833 1041 1035 1069 testimonium

211 1084 341 1120 Apostoli
358 1084 480 1111 dicentis
495 1092 501 1110 :
518 1084 594 1111 Sicut
608 1093 659 1120 per
682 1093 768 1113 unum
793 1085 930 1113 hominem
950 1094 1033 1119 mors,

212 1129 253 1157 sic
267 1132 294 1156 et
316 1137 366 1164 per
389 1137 475 1156 unum
499 1129 638 1157 hominem
662 1131 829 1158 resurrectio
852 1134 1034 1158 mortuorum.

212 1173 293 1205 Quod
322 1174 426 1209 quieris
455 1173 610 1209 amplius?
633 1174 716 1202 Unde
741 1176 773 1202 tu
798 1175 961 1210 responde;
987 1175 1035 1202 cui

212 1218 310 1247 noceri
327 1226 383 1245 non
401 1220 525 1253 poterat,
542 1226 633 1254 quare
648 1218 707 1246 huc
722 1227 775 1247 nos
791 1218 893 1247 misit?

248 1263 335 1290 Fon’r.
353 1262 425 1289 dixit
439 1271 445 1290 τ
464 1262 557 1290 Causa
571 1262 632 1291 hinc
646 1264 803 1299 querenda
818 1265 873 1298 est,
899 1272 951 1291 cur
976 1263 1034 1292 huc

211 1308 323 1335 venerit
336 1307 443 1340 anima,
461 1309 512 1334 aut
526 1315 616 1343 quare
631 1308 764 1335 eamdem
781 1308 857 1335 Deus
873 1308 940 1336 hinc
956 1308 1048 1344 cupit‘

213 1352 348 1386 liberare,
365 1360 427 1387 quas
441 1352 470 1379 in
487 1352 580 1379 medio
595 1352 740 1380 malorum
758 1353 839 1380 vivit.

249 1397 293 1424 26.
310 1398 382 1424 Auc.
401 1396 490 1423 dixit:
509 1396 588 1424 Hanc
603 1405 722 1424 causam
740 1398 792 1424 abs
809 1399 837 1425 te
865 1406 961 1433 quaero
976 1407 983 1431 ;
1006 1398 1035 1425 id

213 1443 267 1476 est,
291 1441 315 1469 si
340 1441 397 1469 Deo
424 1441 520 1469 noceri
544 1450 601 1468 non
627 1444 751 1477 poterat,
777 1450 866 1477 quare
891 1442 948 1470 huc
982 1451 1035 1470 nos

213 1486 316 1515 misit?

247 1531 333 1559 Foa'r.
347 1530 437 1557 dixit:
451 1530 594 1563 Quaeritur
606 1539 621 1558 a
634 1531 728 1564 nobis,
741 1531 766 1558 si
779 1532 833 1559 Deo
851 1531 962 1559 malum
983 1540 1035 1559 no-

213 1583 278 1604 cere
294 1583 350 1603 non
368 1575 471 1610 possit,
488 1583 576 1610 quare
592 1575 648 1602 huc
663 1576 761 1603 anima
772 1576 861 1604 missa
874 1576 969 1610 fuerit,
985 1579 1036 1604 aut

215 1628 274 1656 qua
289 1620 401 1647 ratione
418 1620 527 1647 mundo
544 1619 686 1655 permixta
703 1621 749 1647 sit.
767 1621 847 1654 Quod
860 1621 888 1647 in
901 1629 933 1648 eo
945 1621 1036 1648 mani.

216 1665 323 1693 festum
334 1666 376 1692 est
386 1665 462 1699 quod
472 1664 512 1691 ait
521 1664 675 1700 Apostolus
687 1674 692 1693 :
702 1665 837 1701 Numquid
848 1666 1035 1700 dicit/igmen-

214 1711 273 1737 tum
283 1710 309 1737 ei
324 1710 372 1744 qui
386 1717 414 1737 se
429 1709 512 1744 ﬁnxit
524 1718 535 1736 .·
551 1709 605 1736 Cur
620 1718 662 1737 me
678 1711 716 1737 ila
731 1711 895 1744 formaveris
909 1711 1035 1744 (Rom.1x,

214 1754 283 1788 20)?
300 1753 328 1781 Si
346 1762 413 1789 ergo
430 1754 579 1781 causanda
595 1756 638 1781 est
654 1754 713 1782 haec
728 1763 783 1789 res,
810 1755 1036 1790 interrogandus

214 1801 259 1827 est
273 1807 325 1827 cur
340 1798 469 1826 animam
485 1799 609 1826 direxit!
628 1799 709 1826 nulla
725 1802 845 1834 cogente
861 1807 891 1827 se
911 1800 1038 1827 necessi-

213 1845 283 1873 tate.
304 1844 333 1871 Si
354 1845 450 1871 autem
476 1843 636 1871 necessitas
661 1843 714 1870 fuit
737 1844 871 1871 mittendi
896 1844 1036 1879 animam,

215 1888 319 1916 merito
336 1890 379 1915 est
394 1890 422 1915 et
438 1887 574 1915 voluntas
589 1887 731 1915 liberandi
747 1897 821 1916 eam.

251 1933 297 1960 27.
315 1936 388 1959 AUG.
407 1932 497 1959 dixit:
516 1932 660 1959 Premitur
676 1941 743 1967 ergo
755 1933 832 1960 Deus
843 1933 1038 1960 necessitate?

253 1977 338 2004 Fon'r.
355 1976 444 2003 dixit:
462 1976 526 2003 Jam
543 1976 596 2003 hoc
612 1979 675 2004 est:
694 1976 752 2004 noli
766 1978 800 2005 ad
813 1977 950 2004 invidiam
963 1978 1037 2005 exci—

217 2023 281 2049 tare
296 2021 324 2048 id
340 2021 416 2056 quod
435 2021 545 2048 dictum
569 2023 623 2055 est,
640 2022 717 2057 quod
734 2030 790 2048 non
807 2022 971 2049 necessitati
1001 2022 1039 2049 t'a-

217 2065 312 2094 cimus
328 2065 478 2093 subditum
496 2074 558 2093 esse
572 2066 672 2099 Deum,
689 2066 739 2093 sed
751 2066 912 2094 voluntarie
924 2066 1039 2094 misisse

218 2110 358 2138 animam.

252 2154 297 2181 ‘28.
314 2155 387 2181 Auc.
405 2154 495 2181 dixit:
514 2154 613 2181 Recita
628 2155 704 2190 quod
718 2163 807 2190 supra
818 2155 929 2184 dictum
942 2157 994 2182 est.
1007 2156 1041 2182 Et

218 2198 371 2226 recitatum
389 2200 449 2225 est:
468 2198 498 2225 Si
512 2203 600 2226 autem
616 2200 762 2226 necessitas
771 2201 823 2234 [uit
835 2200 962 2227 mittendi
979 2201 1040 2227 ani-

219 2251 306 2276 mum,
318 2244 414 2270 merito
426 2245 464 2270 est
474 2246 500 2270 et
513 2243 639 2271 voluntas
651 2244 787 2271 liberandi
799 2244 1039 2272 eam.Auo.dixit:

219 2288 412 2316 Audivimus:
429 2288 460 2315 Si
481 2290 570 2315 autem
592 2291 736 2316 necessitas
760 2290 815 2324 fuit
832 2290 959 2317 mittendi
979 2290 1041 2316 ani-

220 2340 306 2367 mam,
323 2332 420 2360 merito
434 2336 472 2359 cst
487 2337 514 2360 et
530 2332 656 2360 uoluntas
672 2333 808 2361 liberandi
823 2342 892 2361 cum.
916 2334 957 2361 Tu
975 2341 1042 2369 ergo

221 2376 320 2405 dixisti
338 2377 427 2404 fuisse
447 2378 649 2405 necessitatem
667 2378 802 2405 mittendi
819 2378 960 2406 animam.
986 2378 1041 2406 Sed

222 2421 247 2450 si
262 2421 349 2449 modo
363 2421 543 2449 voluntatem
559 2422 602 2449 vis
618 2422 739 2457 discere,
756 2425 784 2450 et
799 2422 853 2450 hoc
865 2423 939 2450 addo
950 2423 959 2440 ²
973 2431 978 2450 2
992 2422 1043 2449 Cui

221 2466 318 2495 noceri
336 2465 408 2493 nihil
421 2468 541 2501 poterat,
559 2467 684 2494 crudelis
696 2467 831 2494 voluntas
843 2467 897 2495 fuit
908 2467 1043 2494 mittendi

222 2511 351 2539 animam
371 2510 407 2538 ad
423 2513 518 2538 tantas
535 2511 678 2538 miserias.
695 2511 775 2542 Quod
793 2511 941 2539 refellendi
956 2519 1044 2539 causa

223 2556 291 2591 quia
305 2555 420 2591 loquor,
441 2555 554 2583 veniam
571 2558 636 2590 peto
652 2556 687 2583 ab
713 2555 792 2583 illius
818 2555 905 2583 unius
931 2556 1044 2583 miseri-

225 2600 334 2631 cordia,
346 2600 373 2627 in
391 2608 448 2635 quo
465 2608 546 2636 spem
558 2599 739 2628 liberationis
752 2600 895 2628 habemus
907 2600 941 2628 ab
953 2600 1044 2628 omni-

224 2644 280 2671 bus
299 2644 446 2672 erroribus
463 2644 676 2672 haereticorum.

261 2688 347 2716 Foar.
363 2689 453 2717 dixit:
470 2689 528 2717 Nos
544 2689 639 2717 dicere
655 2697 803 2717 asseveras
819 2688 966 2716 crudelem
982 2697 1046 2717 esse

281 2758 408 2783 Victorini
423 2760 483 2784 Mss.
500 2761 698 2792 interrogandus
718 2761 754 2784 est
775 2760 819 2792 qui
843 2760 956 2783 animam
979 2759 1047 2783 dire-

224 2791 470 2879 :lg'lngrictorinis
485 2823 558 2850 Mss.
574 2825 598 2847 et
613 2823 649 2847 ad
669 2822 714 2848 hoc
733 2822 810 2847 addo.
826 2823 855 2847 ln
875 2822 1005 2850 vaticaao,
1023 2822 1048 2846 et

243 2859 271 2878 oc
284 2860 318 2879 au
338 2860 371 2878 ιο.

243 2859 271 2878 oc
284 2859 371 2879 audio.

345 171 503 203 CONTRA
525 172 798 204 FORTUNATUM
821 167 1084 210 MANICH/EUM,
1108 173 1141 204 S.
1163 173 1389 212 AUGUSTINI,
1412 173 1569 206 DISPUT.
1592 173 1783 206 SECUNDA.

1850 177 1904 208 ηε

1086 239 1177 267 Deum
1194 240 1338 268 mittendo
1351 239 1479 268 animam
1491 249 1497 268 :
1508 240 1610 268 fecisse
1624 248 1691 269 vero
1703 240 1794 270 Deum
1813 242 1901 271 homi-

1087 292 1164 317 nem,
1180 286 1209 311 et
1224 284 1393 313 insultlasse
1403 286 1411 302 ¹
1428 284 1458 312 in
1472 292 1539 312 eum
1555 285 1699 319 animam,
1711 294 1796 321 quam
1808 287 1902 323 utique

1087 327 1232 364 praiscivit
1246 328 1276 356 in
1293 329 1421 357 futuram
1434 328 1584 357 miseriam
1597 329 1711 363 involvi,
1727 334 1754 358 ct
1769 330 1900 360 beneficio

1088 372 1232 401 malorum
1246 382 1304 401 non
1319 381 1406 409 posse
1430 373 1591 402 hareditati
1616 382 1675 402 eum
1699 376 1900 411 reprresentari.

1086 417 1146 445 Hoc
1162 419 1213 445 aut
1227 417 1388 453 ignorantis
1403 420 1458 451 est,
1473 420 1524 446 aut
1539 418 1637 446 dantis
1653 418 1780 447 animam
1796 420 1830 447 ad
1844 420 1901 448 haec

1088 461 1166 489 mala
1180 470 1243 497 quae
1259 470 1349 498 supra
1364 464 1525 490 memorata
1540 464 1619 490 sunt.
1631 463 1662 490 Id
1672 465 1902 499 commemoravi,

1087 506 1157 542 quia
1172 506 1270 534 dixisti
1285 508 1352 535 ante
1367 509 1485 543 tempus
1496 515 1553 535 non
1570 506 1707 539 multum,
1721 508 1798 543 quod
1815 508 1902 544 adop-

1086 550 1191 578 taverit
1205 550 1261 578 sibi
1279 553 1353 578 Deus
1368 550 1510 584 animam,
1526 559 1583 579 non
1608 551 1686 587 quod
1708 551 1744 579 ab
1767 551 1828 588 ipso
1848 553 1902 587 sit;

1088 594 1166 622 aliud
1182 596 1227 623 est
1241 594 1319 623 enim
1335 595 1485 631 adoptare.

1122 639 1328 667 29.Auc.dixit:
1340 641 1378 667 De
1387 639 1542 675 adoptione
1549 641 1649 667 nostra
1657 639 1778 667 memini
1786 648 1831 668 me
1842 642 1905 669 ante

1087 683 1150 711 dies
1159 684 1170 701 ²
1185 683 1295 712 dixisse
1324 684 1484 712 secundum
1495 684 1696 712 testimonium
1707 684 1846 721 Apostoli,
1858 684 1904 720 qui

1087 727 1158 755 dicit
1172 736 1225 756 nos
1239 730 1356 756 vocatos
1371 729 1400 755 in
1416 728 1602 763 adoptionem
1618 728 1745 756 ﬁliorum
1760 729 1865 764 (Ephes.
1885 737 1903 764 ι,

1086 772 1124 807 5).
1140 772 1204 800 Non
1218 780 1286 808 ergo
1302 781 1401 801 meum
1417 772 1472 800 fuit
1483 772 1567 805 illud,
1579 773 1628 800 sed
1643 772 1835 808 apostolicum
1845 782 1902 802 res-

1087 825 1225 853 ponsum.
1240 817 1281 845 De
1296 825 1356 853 qua
1370 825 1411 852 re,
1425 817 1454 845 id
1470 819 1525 852 est,
1541 817 1576 845 de
1591 816 1648 845 ista
1662 817 1829 853 adoptione,
1852 826 1903 847 suo

1087 863 1228 897 tempore,
1245 861 1270 889 si
1286 861 1391 898 placet,
1407 861 1608 898 inquiramus:
1626 863 1654 890 et
1668 862 1704 890 de
1720 861 1771 890 illa
1786 862 1847 890 sine
1860 862 1903 890 di-

1086 905 1194 934 latione
1218 906 1426 943 respondebo“,
1450 914 1518 934 cum
1543 909 1575 934 tu
1600 905 1672 935 meis
1693 906 1903 942 objectionibus

1086 950 1281 987 responderis.
1558 951 1562 956 ’

1123 995 1209 1023 Foa'r.
1217 995 1290 1023 dixit
1300 1003 1306 1022 :
1316 997 1507 1032 Progressum
1521 994 1585 1024 dico
1594 995 1685 1024 fuisse
1696 995 1801 1023 animis
1811 997 1906 1024 contra

1087 1040 1262 1068 contrariam
1278 1042 1426 1075 naturam,
1441 1049 1503 1076 qua:
1518 1042 1622 1068 natura
1636 1042 1692 1068 Deo
1708 1048 1812 1069 nocere
1834 1040 1903 1069 nihil

1087 1085 1210 1120 poterat.

1122 1128 1167 1155 30.
1182 1129 1256 1156 Ana.
1274 1128 1365 1157 dixit:
1386 1128 1460 1161 Quid
1482 1137 1556 1165 opus
1576 1130 1639 1156 erat
1662 1127 1719 1156 isto
1743 1136 1905 1165 progressu,

1087 1172 1137 1200 ubi
1153 1172 1226 1200 nihil
1242 1173 1375 1201 'habebat
1395 1173 1472 1202 Deus
1494 1173 1571 1209 quod
1594 1174 1716 1208 caveret,
1740 1173 1787 1201 cui
1809 1181 1907 1201 nocere

1088 1217 1161 1245 nihil
1177 1217 1314 1253 poterat?

1123 1262 1207 1290 Foa-r.
1226 1261 1299 1289 dixit
1310 1270 1316 1290 :
1333 1262 1455 1290 Constat
1463 1262 1540 1298 apud
1551 1262 1761 1291 conscientiam
1769 1266 1902 1298 vestram,

1087 1315 1105 1335 a
1120 1306 1179 1334 Deo
1193 1306 1308 1334 venisse
1323 1306 1473 1335 Christum
1485 1309 1499 1335 7

1122 1351 1166 1379 31.
1183 1352 1256 1379 Anc.
1273 1351 1360 1380 dixit:
1377 1351 1485 1379 iterum
1503 1359 1550 1380 me
1568 1351 1807 1388 interrogas?Ad
1824 1352 1906 1380 inter-

1086 1399 1188 1432 rogata
1202 1396 1355 1432 responde.

1122 1441 1208 1474 Fons.
1225 1440 1315 1468 dixit:
1331 1441 1378 1469 Sic
1391 1440 1489 1478 accepi
1510 1441 1540 1469 in
1565 1441 1632 1477 ﬁde,
1657 1442 1736 1478 quod
1759 1441 1906 1470 voluntate

1085 1484 1137 1513 Dei
1152 1485 1215 1521 ipse
1229 1484 1287 1513 huc
1301 1485 1420 1513 venerit.

1125 1529 1169 1558 32.
1185 1530 1258 1557 Avo.
1275 1529 1367 1558 dixit:
1384 1529 1418 1558 Et
1432 1538 1485 1566 ego
1502 1530 1587 1558 dico:
1610 1530 1688 1558 Deus
1709 1530 1904 1566 omnipotens,

1087 1574 1274 1608 inviolabilis,
1297 1574 1558 1609 incommutabilis,
1578 1575 1625 1603 cui
1640 1575 1738 1603 noceri
1754 1575 1827 1603 nihil
1842 1584 1906 1612 pos-

1087 1619 1125 1647 sit
1140 1627 1230 1655 quare
1246 1619 1303 1648 huc
1319 1620 1448 1648 animam
1464 1620 1499 1647 ad
1516 1620 1659 1654 miserias,
1676 1620 1712 1648 ad
1722 1628 1862 1654 errorem,
1872 1620 1905 1648 ad

1086 1664 1145 1692 ista
1160 1672 1223 1700 quae
1239 1664 1378 1700 patimur,
1395 1664 1500 1692 misit?

1123 1709 1209 1737 Foar.
1227 1708 1318 1737 dixit:
1334 1709 1449 1737 Dictum
1464 1711 1509 1737 est
1524 1709 1622 1737 enim:
1636 1709 1808 1737 Potestatem
1823 1708 1904 1736 habeo

1086 1753 1208 1788 ponendi
1221 1754 1345 1781 animam
1358 1761 1457 1787 meam,
1473 1755 1499 1781 et
1510 1754 1669 1789 potestatem
1678 1753 1835 1790 accipiendi
1847 1760 1905 1781 eam

1088 1798 1176 1832 (Joan.
1190 1806 1218 1831 x,
1235 1797 1291 1833 18).
1307 1798 1391 1826 Nunc
1406 1798 1494 1826 dixit‘
1510 1798 1588 1835 quod
1602 1797 1755 1826 voluntate
1775 1798 1826 1826 Dei
1841 1805 1906 1833 pro-

1087 1849 1189 1879 gressa
1203 1843 1248 1870 est
1261 1842 1370 1870 anima.

1123 1885 1168 1914 33.
1184 1888 1259 1914 Anc.
1276 1886 1435 1922 dixitzEgo
1452 1887 1548 1914 autem
1565 1894 1685 1914 causam
1697 1894 1808 1922 quaero,
1822 1892 1908 1922 quare

1089 1938 1156 1959 cum
1173 1932 1228 1958 Deo
1244 1930 1340 1959 noceri
1356 1930 1429 1958 nihil
1446 1930 1589 1967 possit'...
1600 1930 1614 1958 ‘t

1124 1976 1212 2002 Foa'r.
1228 1974 1315 2003 dixit:
1332 1974 1410 2002 Nihil
1426 1974 1522 2003 noceri
1538 1974 1596 2003 Deo
1608 1974 1672 2010 jam
1688 1974 1828 2007 diximus,
1844 1972 1910 2002 etin

1090 2018 1237 2047 contraria
1249 2021 1353 2047 natura
1362 2027 1427 2047 esse
1435 2019 1565 2047 animam
1574 2018 1714 2052 diximus,
1724 2018 1791 2047 ideo
1800 2020 1833 2046 ut
1846 2026 1912 2046 con-

1089 2063 1185 2091 trarias
1201 2065 1311 2091 natura:
1326 2064 1446 2091 modum
1461 2063 1645 2100 imponeret:
1666 2063 1755 2091 modo
1777 2061 1912 2099 imposito

1091 2108 1242 2136 contrariae
1257 2110 1378 2142 naturas,
1393 2108 1483 2136 sumit
1498 2108 1632 2136 eamdem
1647 2108 1735 2136 Deus.
1751 2107 1817 2144 Ipse
1836 2106 1912 2135 enim

1092 2152 1174 2188 dixit,
1188 2153 1350 2181 Potestatem
1360 2153 1444 2180 habeo
1453 2152 1577 2188 ponendi
1586 2153 1711 2180 animam
1721 2160 1812 2180 meam
1826 2153 1851 2180 et
1865 2158 1913 2187 po-

1092 2198 1217 2225 testatem
1225 2197 1358 2225 sumendi
1367 2199 1521 2225 cam.Hanc
1532 2198 1617 2225 Pater
1623 2196 1695 2224 mihi
1702 2196 1784 2224 dedit
1790 2197 1914 2233 potesta-

1093 2244 1152 2270 tem
1164 2241 1291 2278 ponendi
1302 2241 1430 2269 animam
1442 2250 1548 2275 meam,
1560 2244 1588 2269 et
1601 2241 1739 2269 sumendi
1751 2249 1828 2270 eam.
1841 2241 1914 2269 Deus

1092 2294 1160 2323 ergo
1176 2286 1226 2323 qui
1238 2285 1412 2323 loquebatur
1422 2286 1452 2314 in
1466 2286 1547 2321 Filio,
1559 2286 1659 2323 dequa
1673 2286 1774 2315 anima
1788 2284 1916 2314 diceret?

1127 2381 1135 2398 ¹
1148 2380 1291 2405 Vaticanus
1305 2380 1396 2408 codex.
1412 2380 1437 2405 et
1451 2378 1605 2405 insibilaue.

1124 2413 1135 2429 ¹
1149 2411 1292 2447 νυελάξεε,
1305 2418 1367 2447 guis
1382 2411 1544 2447 tri-editione
1559 2411 1624 2447 Lov._
1639 2410 1783 2447 exciderat,
1799 2409 1915 2435 restitui-

1094 2445 1137 2477 ιιιε
1150 2450 1183 2477 ex
1199 2442 1351 2477 libriaalii!
1361 2442 1438 2477 editis
1449 2444 1478 2477 ςι
1492 2442 1689 2477 ωελιιιξεοξὲριίξ-
1715 2472 1731 2477 ..
1741 2471 1758 2477 ..
1779 2472 1796 2477 ..

1125 2474 1136 2492 ³
1150 2475 1210 2499 Mss.
1226 2474 1353 2498 Gallicani
1367 2476 1393 2499 et
1407 2474 1535 2503 Vaticani,
1554 2473 1585 2499 de
1600 2471 1646 2499 illo
1669 2471 1844 2497 irm'bilatione
1866 2477 1917 2496 re:-

1093 2505 1218 2539 pondclio.
1228 2505 1310 2539 Forte
1324 2505 1387 2537 quia
1401 2511 1488 2539 supra
1506 2503 1916 2539 Fortunatushpronineuﬂlaue,

1095 2534 1206 2566 dixerat,
1222 2534 1373 2565 insibilaise,
1389 2534 1466 2561 sicuti
1482 2536 1508 2560 in
1524 2537 1615 2562 codice
1629 2534 1727 2568 legitur
1740 2534 1879 2559 Vaticano.

1126 2569 1137 2586 δ
1150 2567 1228 2593 Editi.
1244 2574 1295 2592 non
1310 2567 1386 2592 dixit.
1403 2566 1495 2592 Melior
1509 2567 1615 2593 videtur
1628 2567 1706 2592 lectio
1721 2566 1918 2592 Victorinorum

1095 2586 1611 2634 φαηᾞῖἓιῖέιέξᾷἶᾳῖξιὲιῆἴῖιῖεὲιϊῗἑῖἓξ
1626 2586 1917 2634 astutiarum

1096 2632 1151 2655 sive
1165 2626 1315 2661 Augustini.
1331 2626 1409 2685 eug’us
1423 2636 1522 2666 nomen
1537 2630 1565 2655 in
1579 2629 1722 2655 Victorini!
1735 2627 1840 2665 iisdem.
1855 2626 1917 2652 Mel.

1098 2662 1245 2685 collocatur
1259 2663 1338 2685 ante:
1383 2668 1432 2685 unc
1447 2661 1516 2685 ᾱιειι
1539 2661 1610 2685 quod
1636 2661 1763 2685 voluntate
1790 2659 1839 2684 De:
1861 2665 1917 2685 nro-

1098 2659 1245 2698 collocatur
1259 2663 1338 2698 ante:
1358 2659 1432 2686 Nunc
1447 2661 1516 2698 dixit
1539 2661 1610 2698 quod
1636 2661 1763 2686 voluntate
1790 2659 1840 2684 Dei
1860 2665 1917 2691 pro-

1095 2695 1357 2757 ⁹⁷ἕ³ἷι⁴ἒὲἓξιέἶι¹ἒ⁷¹⁸ιῗέῖ
1370 2694 1606 2757 ῗὲξῖίέἒξεθὲἲο
1621 2729 1715 2757 quare,
1729 2729 1787 2757 εωη
1801 2722 1862 2757 ηερ,
1873 2727 1920 2757 ηρ.

1096 2762 1152 2788 cere
1165 2755 1234 2781 nihil
1246 2757 1338 2788 posset.
1354 2762 1400 2779 cur
1413 2754 1462 2788 huc
1474 2752 1588 2788 animum
1606 2752 1715 2788 "fixerit.
1729 2754 1807 2788 Fons:
1816 2760 1823 2777 :
1834 2752 1901 2788 digit
1910 2758 1919 2776 :

1100 2785 1188 2812 Videri
1201 2783 1272 2819 quod
1287 2786 1417 2819 uoluntate
1433 2786 1479 2810 Dei
1490 2793 1626 2818 progressa
1641 2787 1676 2811 sit
1689 2786 1784 2819 anim_a,
1796 2784 1842 2809 hoc
1852 2783 1917 2807 dico.

1099 2819 1165 2850 Ago.
1180 2816 1248 2850 dixit
1257 2825 1266 2843 :
1284 2818 1440 2850 Egoautem
1449 2816 1552 2842 audeam
1567 2825 1665 2850 quare,
1680 2824 1736 2842 cum
1749 2816 1802 2841 Deo
1829 2820 1918 2839 nocere

1097 2849 1166 2875 nihil
1172 2849 1261 2882 ponit,
1275 2848 1321 2875 cur
1334 2848 1383 2875 huc
1396 2848 1512 2875 animum
1528 2848 1608 2875 mniit.
