4086 6186
420 355 529 417 131

426 492 517 545 est
546 489 908 563 intelligatur
932 507 1033 562 per
1066 488 1301 544 verbum
1326 504 1460 543 eum
1494 488 1700 544 fecisse
1731 488 1886 559 quod
1908 485 2061 542 fecit.

423 577 678 635 Verbum
712 585 906 635 autem
929 577 1111 634 Patris
1135 577 1337 633 Filius.
1378 577 1502 634 Non
1523 593 1659 649 ergo
1680 582 1928 649 repugat
1956 575 2066 631 hoc

423 667 745 740 capitulum
769 667 1080 733 Geneseos,
1096 667 1195 721 ubi
1218 667 1504 739 scriptum
1522 672 1629 734 est,
1654 668 1717 721 Et
1739 668 1891 721 Dixit
1903 666 2063 730 Deus,

418 759 556 824 Fiat,
580 765 630 813 et
647 760 857 828 factum
881 766 989 826 est;
1016 756 1097 811 illi
1122 756 1246 813 loco
1286 756 1581 830 Evangelii
1609 756 1705 811 ubi
1747 756 1982 825 dicitur,
2006 756 2068 808 Et

414 846 651 902 mundus
670 865 773 918 per
799 862 921 901 eum
940 848 1120 918 factus
1152 848 1250 911 est,
1284 845 1341 900 id
1375 850 1464 901 est
1484 862 1585 917 per
1613 845 1926 901 Dominum
1962 859 2065 898 no-

414 940 603 991 strum
631 936 802 1007 ;quia
827 935 953 1008 ipse
974 942 1063 991 est
1092 935 1351 990 Verbum
1386 934 1569 1006 patris
1595 951 1694 1006 per
1727 934 1882 1006 quod
1917 933 2068 988 facta

417 1028 556 1079 sunt
574 1024 791 1080 omnia.
815 1026 1134 1092 Postremo,
1151 1026 1199 1081 si
1222 1029 1427 1095 propte
1437 1024 1601 1080 reain
1615 1023 1823 1079 Genesi
1847 1039 1961 1078 non
1984 1020 2069 1075 in-

421 1113 923 1187 telligiturFilius,
948 1115 1086 1186 quia
1121 1132 1236 1171 non
1268 1119 1359 1172 est
1387 1114 1630 1170 diuitum
1655 1112 1809 1185 quod
1831 1128 1933 1184 per
1972 1109 2068 1166 Fi-

426 1202 575 1260 lium
601 1210 749 1260 Deus
772 1205 996 1271 fecerit;
1022 1222 1126 1261 nec
1153 1206 1210 1261 in
1235 1204 1544 1277 Evangelia
1566 1220 1667 1275 per
1686 1202 1896 1258 Filium
1914 1200 2070 1256 Deus

426 1297 484 1348 et
529 1309 663 1349 aves
702 1293 912 1365 pascit,
961 1298 1017 1349 et
1050 1294 1171 1349 lilia
1202 1295 1376 1350 vestit
1413 1293 1623 1364 (Matth.
1655 1310 1733 1359 v1,
1763 1291 1971 1363 26-30),
2013 1294 2071 1346 et

420 1386 626 1438 caetera
654 1381 1107 1438 innumerabilia
1127 1399 1255 1454 quae
1276 1383 1401 1455 ipse
1414 1382 1698 1437 Dominus
1729 1381 1869 1437 dicit
1886 1385 2066 1435 Deum

418 1472 605 1527 facere
636 1476 867 1527 Patrem
903 1490 916 1528 :
950 1472 1217 1544 quamvis
1252 1490 1365 1527 non
1397 1472 1551 1527 dicat
1578 1472 1732 1543 quod
1766 1488 1832 1525 ea
1855 1487 1956 1543 per
1974 1469 2065 1525 Fi-

417 1558 561 1615 lium
583 1560 945 1625 faciat.Quod
965 1566 1161 1616 autem
1180 1561 1354 1616 etiam
1374 1560 1778 1617 testimonium
1800 1558 2064 1631 Apostoli

411 1649 925 1723 adjungunt,quod
949 1650 1031 1705 ait
1055 1651 1123 1705 de
1149 1651 1390 1706 Domino
1414 1654 1612 1705 nostro
1641 1650 1780 1705 Jesu
1812 1648 2063 1715 Christo,

410 1739 529 1809 Ipse
556 1744 634 1795 est
658 1742 1062 1812 primogenitus
1092 1741 1260 1795 totius
1297 1744 1602 1800 creaturae;
1650 1748 1703 1795 et
1732 1740 1918 1794 omnia
1963 1753 2064 1808 per

412 1829 591 1899 ipsum
612 1831 759 1899 facta
772 1839 900 1884 sunt
914 1830 973 1883 in
986 1830 1120 1885 caelo
1136 1837 1185 1884 et
1205 1831 1261 1884 in
1286 1832 1458 1894 terra,
1473 1828 1718 1884 visibilia
1747 1836 1797 1882 et
1814 1827 2063 1882 invisibi-

410 1916 490 1971 lia
543 1916 773 1989 (Coloss.
808 1935 846 1983 ι,
881 1918 1103 1989 15-16);
1156 1922 1213 1973 et
1242 1917 1352 1974 hoc
1383 1916 1705 1989 capitulum
1750 1916 2057 1971 adversum

411 2019 539 2060 esse
557 2005 761 2060 dicunt
780 2005 1010 2077 Genesi,
1029 2006 1126 2061 ubi
1152 2007 1299 2062 Deus
1320 2006 1401 2062 ita
1423 2006 1636 2061 dicitur
1658 2004 1862 2061 fecisse
1886 2022 2056 2059 mun-

407 2094 571 2162 dum,
599 2100 662 2150 ut
681 2095 1011 2166 specialiter
1029 2095 1211 2151 Filius
1234 2096 1314 2152 ibi
1338 2113 1453 2152 non
1473 2095 1549 2151 sit
1573 2095 1939 2151 nominatus:
1959 2110 2052 2149 ve-

411 2183 716 2239 hementer
745 2190 975 2252 errant;
1010 2202 1077 2240 ea
1110 2201 1224 2241 non
1256 2186 1473 2255 vident,
1508 2186 1557 2240 si
1600 2185 1680 2240 ita
1728 2189 1814 2240 est
1856 2184 2051 2256 ipsum

404 2273 751 2344 Apostolum
767 2273 876 2328 sibi
900 2291 1027 2330 esse
1049 2275 1571 2344 contrarium,cum
1590 2273 1842 2329 alioloco
1867 2290 2049 2329 unum

403 2362 565 2436 dicit,
588 2380 659 2418 ea:
688 2379 791 2434 quo
829 2366 1039 2432 omnia,
1068 2380 1167 2436 per
1195 2380 1353 2435 quem
1390 2365 1596 2435 omnia,
1621 2365 1680 2419 in
1715 2379 1818 2434 quo
1856 2364 2051 2419 omnia

401 2430 576 2524 (Rbm.
600 2469 677 2519 x1,
696 2430 815 2523 36);
849 2456 906 2508 et
927 2430 1135 2508 Filium
1156 2430 1269 2508 non
1313 2430 1597 2508 nominat.
1623 2430 1922 2516 Quomodo
1945 2468 2047 2507 au-

402 2544 521 2596 tem
535 2540 628 2596 hic
653 2540 831 2596 Filius
845 2540 1181 2597 nominatus
1200 2558 1314 2597 non
1332 2547 1440 2609 est,
1460 2540 1807 2613 intelligitur
1827 2544 2044 2607 tamen;

400 2629 482 2684 ita
512 2633 570 2686 et
598 2630 659 2685 in
692 2630 901 2686 Genesi
927 2646 939 2685 :
962 2636 1016 2685 et
1039 2631 1330 2702 quomodo
1360 2631 1472 2686 sibi
1504 2631 1623 2685 haec
1644 2630 1760 2686 duo
1791 2629 2049 2701 capitula

396 2717 563 2774 Pauli
596 2735 709 2775 non
742 2721 1133 2775 adversantur
1157 2744 1171 2783 ς
1195 2719 1278 2775 ita
1306 2736 1409 2775 nec
1441 2719 1684 2775 Genesis
1713 2718 2043 2791 Evangelio.

464 2807 696 2865 CAPUT
750 2810 821 2864 ιι.
856 2839 922 2850 -
956 2810 1007 2864 1.
1058 2810 1133 2865 De
1170 2825 1236 2865 eo
1279 2809 1431 2881 quod
1482 2808 1766 2880 scriptum
1815 2814 1950 2863 est:
1983 2808 2050 2863 Et

392 2900 788 2953 consummavit
806 2899 947 2954 Deus
971 2900 1060 2954 die
1072 2903 1223 2955 sexto
1235 2899 1422 2954 omnia
1441 2913 1605 2969 opera
1624 2914 1725 2953 sua
1747 2911 1873 2968 quae
1890 2898 2042 2967 [ecit,

394 2988 444 3041 et
462 2988 757 3058 inseptimo
770 2990 1042 3059 requievit
1059 2988 1128 3044 ab
1150 2988 1362 3044 eisdem
1377 2987 1629 3043 omnibus
1648 2987 1904 3060 operibus
1924 3002 2044 3058 quae

395 3077 601 3145 fecerat
623 3075 779 3147 (Gen.
805 3094 869 3140 ιι,
889 3078 966 3148 2).
993 3077 1141 3133 Huic
1161 3077 1336 3133 etiam
1352 3076 1474 3133 loco
1494 3076 1798 3132 Manichaei
1820 3076 2041 3132 calum-

394 3164 552 3219 niam
577 3170 829 3233 movent,
864 3170 921 3221 et
949 3165 1152 3221 dicunt
1181 3169 1336 3221 Novo
1350 3167 1725 3221 Testamento
1748 3164 2042 3221 adversari

395 3253 545 3324 quod
572 3254 630 3309 in
655 3255 859 3311 Genesi
896 3256 1180 3328 scriptum
1204 3261 1313 3324 est,
1341 3256 1525 3312 Deum
1552 3256 1802 3328 septimo
1834 3256 1926 3311 die
1947 3272 2039 3312 re-

391 3342 682 3413 quievisse
712 3345 784 3399 ab
815 3345 1090 3401 omnibus
1121 3345 1396 3417 operibus
1428 3345 1552 3401 suis
1585 3363 1712 3417 quae
1744 3345 1879 3401 fecit
1900 3360 2039 3417 quo-

388 3432 549 3488 niam
581 3432 863 3489 Dominus
894 3433 954 3489 in
978 3433 1289 3507 Evangelio
1313 3434 1475 3502 dicit,
1504 3439 1668 3491 Pater
1688 3451 1839 3491 meus
1869 3451 2041 3506 usque

386 3537 538 3577 nunc
554 3526 819 3593 operatur
838 3524 1028 3594 (Joan.
1052 3540 1106 3578 ν.
1133 3523 1397 3593 17)Quod
1421 3520 1580 3577 nullo
1606 3523 1778 3579 modo
1801 3528 2035 3578 contra-

387 3610 541 3665 rium
563 3616 670 3666 est.
699 3612 976 3667 Dominus
995 3612 1152 3667 enim
1169 3612 1505 3667 Judaaorum
1530 3612 1736 3667 refellit
1753 3628 2031 3681 errorem,

392 3698 491 3771 qui
523 3702 811 3772 putabant
832 3705 1012 3757 Deum
1050 3701 1135 3756 sic
1166 3701 1521 3773 requievisse
1552 3702 1643 3757 die
1665 3701 1938 3773 septimo,
1970 3704 2037 3757 ut

390 3805 458 3843 ex
476 3787 576 3844 illo
597 3806 838 3862 prorsus
860 3788 1005 3845 nihil
1035 3795 1391 3861 operaretur.
1426 3790 1725 3862 ttequievit
1745 3795 1938 3847 autem
1961 3790 2032 3846 ab

389 3878 663 3933 omnibus
685 3878 958 3949 operibus
982 3878 1107 3934 suis
1138 3895 1265 3950 quae
1290 3878 1444 3948 fecit,
1468 3885 1533 3933 ut
1564 3880 1691 3951 jam
1735 3878 1888 3935 ultra
1918 3897 2031 3936 non

386 3966 602 4021 faceret
622 3967 912 4022 mundum
934 3984 1067 4023 cum
1090 3968 1365 4024 omnibus
1388 3985 1514 4039 quas
1535 3967 1594 4022 in
1618 3984 1683 4023 eo
1707 3973 1845 4023 sunt
1869 3984 1883 4023 :
1916 3986 2032 4025 non

388 4059 588 4111 tamen
608 4060 671 4111 ut
690 4057 866 4111 etiam
890 4073 924 4111 a
946 4057 1150 4112 mundi
1175 4057 1683 4112 administratione
1706 4058 2033 4129 requiesce-

392 4146 501 4199 ret.
536 4149 660 4200 Non
682 4144 838 4200 enim
863 4145 1146 4216 scriptum
1174 4150 1283 4216 est,
1330 4148 1616 4217 Requieoit
1647 4146 1783 4202 Deus
1814 4147 1889 4202 ab
1913 4163 2031 4202 om-

385 4232 550 4288 nibus
578 4233 827 4304 operibus
857 4235 974 4289 suis
999 4249 1123 4305 qua
1139 4236 1306 4306 fecit:
1328 4238 1393 4290 ut
1427 4234 1635 4290 deinde
1680 4252 1792 4291 non
1848 4235 1906 4291 in
1945 4236 2029 4293 fa-

382 4321 589 4378 ciendo
620 4324 856 4393 mundo,
880 4340 913 4379 a
938 4340 1050 4395 quo
1072 4340 1243 4395 Opere
1261 4328 1391 4396 post
1406 4324 1815 4396 perfectionem
1839 4342 2029 4382 cessa-

380 4416 562 4479 verat;
581 4412 683 4467 sed
708 4411 767 4467 in
791 4412 1254 4470 administrando
1272 4418 1629 4486 operaretur,
1652 4413 1711 4469 in
1727 4430 1841 4486 quo
1859 4431 2029 4487 opere

385 4515 520 4556 eum
552 4516 681 4557 esse
711 4503 994 4558 Dominus
1018 4502 1325 4559 intimavit.
1344 4504 1458 4559 Nec
1482 4502 2027 4576 illarequies,quasi

385 4594 518 4662 post
538 4588 797 4646 laborem
828 4596 1005 4646 Deum
1030 4610 1272 4663 pausam
1296 4592 1595 4665 quaesisse,
1619 4594 1718 4649 sed
1751 4594 1823 4649 ab
1854 4593 2028 4649 insti-

382 4678 619 4734 tuendis
641 4695 835 4735 rerum
864 4686 1091 4736 naturis
1112 4686 1245 4753 post
1264 4698 1467 4737 earum
1504 4698 1699 4737 rerum
1722 4682 2026 4754 perfectio-

382 4783 516 4823 nem
557 4784 821 4824 cessasse
852 4769 1169 4841 significat,
1196 4771 1466 4843 quamvis
1492 4787 1681 4843 usque
1725 4772 1914 4829 adhuc
1963 4773 2024 4828 in

379 4857 864 4913 administrandis
902 4864 1189 4930 operetur.

448 4946 502 5000 2.
537 4946 775 5001 Sabbati
808 4952 1002 5002 autem
1026 4948 1460 5004 observationes
1485 4965 1599 5004 non
1622 4948 2027 5021 intelligebant

380 5034 588 5103 Judaei,
622 5036 723 5109 qui
756 5037 1042 5108 putabant
1071 5038 1143 5092 ab
1176 5037 1247 5093 iis
1284 5037 1461 5093 etiam
1492 5039 1766 5110 operibus
1795 5056 1919 5110 quae
1952 5039 2023 5094 ad

381 5124 628 5181 salutem
654 5126 958 5182 hominum
975 5124 1455 5199 valent,oportere
1475 5127 2025 5185 cessari.Undeillos

382 5212 665 5270 Dominus
688 5214 862 5271 etiam
886 5214 1020 5271 aliis
1041 5214 1204 5283 locis,
1227 5216 1297 5270 de
1322 5216 1461 5271 bove
1486 5216 1583 5286 qui
1609 5219 1625 5253 ί
1672 5216 1730 5271 in
1781 5222 2023 5289 puteum

381 5303 610 5370 cecidit,
636 5306 977 5376 etjumento
997 5306 1152 5377 quod
1177 5304 1515 5360 solvendum
1539 5311 1703 5361 estut
1718 5308 1790 5362 ad
1809 5325 2024 5380 aquam

380 5392 648 5461 ducatur,
681 5394 929 5451 mirifica
948 5393 1383 5467 comparatione
1408 5394 1694 5468 redarguit
1728 5397 1880 5467 (Luc.
1904 5414 2020 5467 xxv,

380 5481 436 5547 5,
457 5489 507 5536 et
527 5499 650 5551 xm,
677 5484 783 5555 15),
802 5484 1125 5540 Sabbatum
1148 5489 1365 5553 autem,
1389 5500 1504 5539 non
1523 5485 2022 5555 repudiatum,sed

380 5568 740 5654 intellectum
772 5589 806 5627 a
833 5573 1177 5629 Christianis
1207 5573 1433 5629 destitit
1457 5573 1692 5645 quidem
1716 5576 2026 5632 carnaliter

443 5705 459 5740 ί
489 5702 549 5753 ln
576 5702 726 5764 Mss.,
744 5703 808 5752 de
835 5717 926 5754 ove
953 5718 1083 5767 qua.

920 356 1228 418 CONTRA
1278 353 1757 417 ADIMANTUM
1800 353 2209 415 MANlCH/EI
2252 356 2755 435 DlSClPULUM,
2805 358 2870 419 S.
2917 359 3347 423 AUGUSTINI

3706 370 3811 432 133

2181 487 2500 554 observari,
2534 491 2634 544 sed
2674 490 3060 563 spiritualiter
3083 491 3362 548 retinetur
3390 509 3423 548 a
3451 496 3681 564 sanctis,
3710 502 3804 573 qui

2168 577 2505 650 intelligunt
2520 595 2717 635 vocem
2748 580 2974 636 Domini
2997 582 3259 638 vocantis
3282 583 3351 637 ad
3373 584 3709 655 requiem,et
3729 589 3808 645 di-

2172 666 2358 722 centis
2382 685 2397 725 :
2428 668 2612 723 Venite
2636 668 2711 724 ad
2738 672 2948 743 me,qui
2970 670 3251 738 laboratis,
3275 679 3327 726 et
3338 687 3435 742 ego
3456 677 3812 750 vosreﬁciam.

2178 757 2364 813 Tollite
2374 756 2573 829 jugum
2591 774 2774 813 meum
2794 775 2961 831 super
2982 775 3090 831 vos,
3113 768 3164 815 et
3182 759 3378 816 discite
3400 779 3434 816 a
3452 779 3537 818 me
3553 766 3681 835 quia
3707 769 3809 822 mi-

2172 846 2241 900 tis
2250 862 2376 901 sum
2390 852 2443 902 et
2460 846 2695 903 humilis
2706 848 2886 914 corde,
2904 856 2955 904 et
2975 850 3266 905 invenietis
3286 852 3522 922 requiem
3536 855 3813 912 animabus

2172 936 2386 991 vestris.
2409 937 2610 1007 Iugum
2639 938 2789 992 enim
2806 953 2988 993 meum
3008 938 3130 993 lene
3147 941 3245 1007 est,
3271 943 3324 994 et
3342 944 3563 995 sarcina
3593 959 3713 999 mea
3742 944 3813 1002 te-

2172 1025 2255 1079 vis
2281 1027 2359 1080 est
2386 1024 2593 1096 (Matth.
2619 1042 2694 1092 ιι,
2716 1026 2929 1098 28-30).
2959 1026 3077 1082 Hoc
3103 1027 3439 1099 sabbatum,
3462 1028 3519 1085 id
3544 1037 3649 1101 est,
3671 1033 3813 1091 hanc

2174 1113 2434 1184 requiem
2465 1114 2764 1186 Scriptura
2790 1114 2894 1171 illa
2922 1116 3234 1188 significat,
3269 1134 3445 1188 quam
3475 1118 3658 1175 Judaei
3702 1139 3811 1180 non

2173 1200 2598 1275 intelligebant,
2614 1209 2669 1259 et
2689 1221 2790 1275 pro
2806 1209 3139 1276 temporum
3163 1205 3596 1277 dispensatione
3615 1225 3812 1268 carna-

2174 1289 2302 1346 liter
2324 1292 2721 1363 sequebantur
2751 1293 3047 1361 umbram,
3073 1294 3244 1363 cujus
3264 1295 3485 1351 umbrm
3506 1298 3673 1367 quasi
3699 1315 3814 1356 cor-

2172 1380 2377 1450 pus.id
2410 1386 2518 1450 est,
2543 1380 2754 1437 veritas
2796 1381 2965 1438 nobis
2995 1382 3190 1437 danda
3219 1388 3363 1439 erat.
3396 1385 3508 1440 Sed
3542 1388 3811 1457 quemad-

2173 1470 2409 1524 modum
2444 1470 2545 1525 illa
2576 1470 2805 1542 requies
2853 1471 2951 1526 Dei
2986 1476 3116 1544 post
3152 1472 3498 1528 fabricatum
3533 1477 3810 1533 mundum

2170 1556 2637 1626 insinuatur;sic
2661 1560 2944 1631 requiem,
2961 1577 3086 1633 quae
3111 1561 3280 1617 nobis
3301 1563 3815 1637 promittitur,post

2168 1663 2344 1719 opera
2365 1665 2492 1720 qua:
2526 1648 2583 1703 in
2616 1648 2724 1703 hoc
2757 1649 2974 1704 mundo
2996 1649 3306 1717 habemus,
3331 1651 3561 1720 sijusta
3582 1652 3812 1723 fuerint,

2169 1752 2619 1807 consequemur,
2672 1737 2923 1809 septima
2971 1738 3195 1794 scilicet
3241 1741 3564 1812 eademque
3613 1742 3815 1799 ultima

2166 1831 2330 1895 parte
2347 1825 2565 1895 saeculi,
2594 1827 2667 1882 de
2691 1825 3062 1899 qualongum
3085 1831 3176 1882 est
3196 1828 3517 1899 disputare.
3543 1830 3665 1885 Non
3682 1848 3814 1904 ergo

2163 1912 2449 1970 Dominus
2481 1915 2761 1970 rescindit
2791 1915 3143 1987 scripturam
3178 1918 3403 1973 Veteris
3433 1918 3810 1987 Testamenti,

2161 2003 2262 2057 sed
2293 2003 2448 2076 cogit
2479 2002 2764 2076 intelligi:
2798 2020 2903 2060 nec
2934 2005 3244 2061 sabbatum
3296 2006 3467 2062 solvit
3518 2013 3584 2063 ut
3622 2014 3817 2079 pereat

2160 2093 2310 2161 quod
2357 2093 2742 2166 ﬁgurabatur,
2796 2094 2897 2149 sed
2946 2093 3135 2167 aperit
3182 2095 3377 2166 potius
3434 2100 3502 2151 ut
3540 2103 3813 2169 appareat

2158 2181 2310 2251 quod
2344 2182 2666 2253 tegebatur.

2226 2270 2671 2327 CAPUTII[.—i
2688 2313 2700 2326 .
2724 2271 2804 2327 De
2826 2288 2890 2327 eo
2905 2272 3056 2343 quod
3075 2272 3359 2344 scriptum
3371 2277 3464 2329 est
3484 2274 3543 2329 in
3562 2275 3806 2333 Genesi:

2155 2358 2219 2412 Et
2238 2358 2384 2414 dicit
2404 2364 2573 2427 Deus,
2597 2377 2708 2415 non
2727 2365 2808 2415 est
2834 2362 3035 2416 bonum
3054 2362 3235 2417 solum
3254 2364 3536 2419 hominem
3557 2380 3693 2432 esse;
3718 2368 3806 2438 fa-

2152 2449 2368 2503 ciamus
2392 2450 2448 2503 ei
2465 2449 2824 2521 adjutorium.
2839 2452 2903 2505 Et
2917 2452 3149 2506 immisit
3169 2453 3310 2507 Deus
3324 2453 3450 2507 Ade
3466 2469 3723 2510 somnum
3734 2501 3746 2521 ,
3761 2463 3813 2512 et

2152 2536 2508 2606 obdormivit;
2530 2541 2835 2611 etsumpsit
2855 2556 3024 2595 unam
3044 2540 3108 2595 de
3128 2543 3290 2596 costis
3310 2542 3449 2613 ejus,
3481 2560 3555 2599 ex
3574 2560 3684 2615 qua
3703 2548 3816 2615 for-

2153 2628 2323 2682 mavit
2342 2628 2531 2695 Evam,
2556 2644 2727 2699 quam
2747 2629 2977 2684 adduxit
2997 2629 3068 2685 ad
3086 2630 3281 2691 Adam;
3301 2641 3351 2686 et
3372 2634 3478 2701 ait,
3504 2632 3820 2689 ldeorelin-

2151 2718 2274 2786 quet
2296 2717 2458 2773 homo
2478 2722 2693 2789 patrem
2714 2723 2770 2774 et
2792 2727 3044 2785 matrem,
3083 2722 3138 2774 et
3165 2719 3485 2777 adhaerebit
3508 2725 3688 2777 uxori
3704 2739 3822 2779 suae

2148 2808 2308 2873 (Gen.
2365 2823 2426 2872 ιι,
2469 2806 2680 2879 18-24).
2729 2807 2871 2863 Huic
2903 2824 3107 2863 rursus
3138 2807 3264 2864 loco
3300 2808 3617 2866 Manichaei
3651 2811 3820 2867 calu-

2150 2895 2471 2961 mniantur,
2532 2895 2791 2952 dicentes
2841 2900 3043 2953 contra
3093 2900 3323 2952 Novum
3365 2898 3819 2956 Testamentum

2148 2999 2277 3038 esse
2305 2981 2479 3039 istam
2513 2984 2886 3053 sententiam,
2919 3002 3035 3057 qua
3067 2989 3219 3043 Deus
3249 2987 3538 3043 scribitur
3586 2994 3647 3045 et
3697 2990 3814 3046 for-

2148 3088 2342 3128 masse
2391 3072 2719 3142 mulierem,
2771 3078 2828 3129 et
2865 3075 2986 3130 viro
3034 3075 3444 3146 conjunxisse:
3476 3084 3817 3151 propterea,

2146 3160 2285 3231 quia
2301 3161 2358 3216 in
2382 3161 2690 3234 Evangelio
2710 3162 2851 3218 dicit
2866 3163 3170 3229 Dominus,
3188 3164 3376 3220 Omnis
3395 3169 3503 3238 qui
3522 3168 3822 3242 reliquerit

2142 3249 2488 3318 domum,aut
2511 3268 2738 3308 uxorem
2759 3262 2857 3307 aut
2865 3256 3144 3324 parentes,
3171 3261 3268 3309 aut
3285 3255 3530 3327 fratres,
3554 3263 3657 3313 aut
3668 3259 3818 3328 ﬁlios

2140 3345 2362 3410 propter
2388 3356 2625 3410 regnum
2655 3339 2951 3409 calorum,
2974 3342 3177 3397 centies
3208 3347 3423 3397 tantum
3453 3347 3725 3417 accipiet‘
3754 3347 3816 3402 in

2142 3426 2241 3483 hoc
2283 3432 2539 3499 tempore,
2572 3438 2625 3484 et
2677 3431 2738 3485 in
2782 3433 2971 3501 futuro
3024 3431 3228 3487 saeculo
3280 3433 3593 3502 possidebit
3642 3437 3819 3490 vitam

2139 3524 2402 3571 aeternam
2434 3518 2655 3589 (Matth.
2688 3535 2805 3586 xxx,
2824 3519 2918 3587 29;
2942 3519 3104 3574 Marc.
3132 3537 3190 3591 χ,
3209 3520 3401 3587 29-30,
3420 3532 3477 3578 et
3502 3524 3617 3578 Luc
3636 3541 3802 3590 xvm,

2138 3605 2441 3675 29-30).In
2494 3623 2612 3677 qua
2662 3606 2956 3663 calumnia
3004 3608 3187 3664 miror
3237 3625 3337 3665 eos
3376 3611 3464 3666 sic
3499 3629 3639 3669 esse
3702 3630 3821 3669 cae-

2140 3698 2320 3765 catos,
2353 3695 2439 3751 vel
2494 3696 2687 3766 potius
2717 3713 2831 3752 non
2864 3697 3043 3753 miror
3075 3713 3088 3752 :
3122 3698 3427 3755 Exczcavit
3449 3703 3616 3757 enim
3660 3703 3809 3773 illos,

2139 3783 2293 3839 sicut
2321 3784 2609 3855 scriptum
2641 3789 2749 3854 est,
2777 3786 3004 3841 malitia
3034 3802 3222 3842 eorum
3250 3786 3397 3858 (Sap.
3432 3805 3503 3857 ιι,
3537 3792 3659 3859 21).
3696 3792 3811 3847 Sed

2137 3876 2335 3928 tamen
2368 3874 2502 3945 quis
2552 3890 2667 3929 non
2700 3874 2857 3929 videt
2889 3878 3051 3930 tanta
3096 3874 3157 3929 in
3204 3875 3359 3931 Novo
3413 3877 3815 3935 Testamento

2137 3967 2423 4034 praecepta
2453 3963 2523 4017 de
2554 3979 2731 4019 uxore
2755 3962 3055 4036 diligenda
3075 3964 3103 4019 ?
3134 3963 3248 4019 Cur
3267 3964 3421 4020 enim
3460 3971 3678 4039 potius
3713 3969 3821 4025 Ve-

2136 4055 2232 4106 tus
2252 4052 2694 4107 Testamentum
2736 4053 2941 4107 dicunt
2970 4053 3263 4109 adversari
3300 4053 3438 4110 huic
3494 4058 3819 4114 sententiae

2136 4138 2383 4208 Domini,
2406 4156 2523 4211 qua
2552 4140 2694 4195 dicit
2724 4140 3174 4212 relinquendam
3207 4159 3334 4199 esse
3368 4161 3627 4202 uxorem
3672 4165 3820 4220 pro-

2134 4232 2265 4300 pter
2294 4245 2538 4301 regnum
2566 4230 2868 4299 ccelorum,
2913 4235 2971 4286 et
3001 4248 3117 4287 non
3172 4231 3368 4303 ipsum
3414 4237 3659 4291 Novum
3695 4237 3817 4292 sibi

2136 4316 2476 4372 adversari?
2496 4319 2656 4383 Quod
2684 4319 2845 4374 nefas
2874 4324 2962 4375 est
2993 4320 3198 4376 dicere.
3230 4320 3634 4394 Intelligenda
3651 4328 3819 4381 enim

2135 4410 2294 4472 sunt,
2326 4422 2444 4461 non
2479 4412 2696 4462 temore
2729 4409 3077 4479 accusanda,
3111 4426 3242 4480 quae
3268 4409 3572 4482 imperitis
3606 4414 3822 4471 viden-

2132 4497 2229 4549 tur
2259 4511 2388 4550 esse
2417 4495 2733 4552 contraria.

2202 4583 2414 4639 2.Nam
2439 4591 2496 4640 et
2527 4585 2811 4642 Dominus
2841 4585 3237 4659 interrogatus
3270 4588 3578 4658 aJudaeis,
3607 4600 3823 4651 utrum

2132 4673 2183 4728 ei
2207 4671 2461 4744 placeret
2481 4675 2619 4730 dato
2642 4674 2837 4730 libello
2860 4677 3085 4747 repudii
3107 4676 3403 4733 dimittere
3423 4694 3822 4750 uxorem,re-

2131 4762 2372 4833 spondit
2412 4762 2497 4818 eis
2519 4763 2751 4819 dicens:
2776 4765 2898 4820 Non
2912 4765 3119 4836 legistis
3142 4767 3400 4836 quoniam
3421 4771 3529 4838 qui
3549 4773 3692 4841 fecit
3713 4777 3819 4829 Ιιο-

2130 4852 2333 4906 minem
2347 4852 2414 4906 ab
2428 4852 2932 4922 initio,masculum
2943 4858 2994 4909 et
3012 4857 3279 4925 feminam
3294 4858 3429 4927 fecit
3438 4873 3537 4913 eos
3552 4870 3612 4915 et
3626 4862 3821 4930 dixit,

2127 4941 2357 5009 Propter
2378 4940 2479 4997 hoc
2498 4942 2935 5013 retinquethomo
2952 4952 3167 5015 patrem
3188 4949 3238 4999 et
3259 4949 3586 5013 matrem,et
3611 4949 3824 5007 adher-

2129 5030 2275 5085 rebit
2296 5032 2464 5085 uxori
2482 5040 2673 5097 suae,et
2690 5041 2855 5088 erunt
2873 5032 2979 5089 duo
3001 5035 3063 5088 in
3082 5049 3247 5089 carne
3268 5050 3381 5089 una
3400 5038 3425 5088 .9
3453 5036 3667 5107 Itaque
3683 5041 3818 5110 jam

2128 5134 2239 5174 non
2260 5123 2388 5175 sunt
2406 5118 2530 5191 duo,
2560 5120 2653 5176 sed
2674 5137 2785 5176 una
2806 5138 2954 5178 caro.
2990 5122 3140 5191 Quod
3158 5138 3284 5194 ergo
3307 5124 3450 5179 Deus
3485 5127 3822 5196 conjunxit

2127 5210 2188 5263 in
2217 5209 2450 5276 unum’,
2481 5208 2643 5265 homo
2672 5226 2779 5266 non
2804 5219 3035 5283 separet,
3072 5212 3278 5266 Dicunt
3309 5213 3399 5266 illi
3428 5230 3448 5267 :
3476 5213 3640 5281 Quid
3673 5232 3817 5285 ergo

2128 5296 2333 5369 Moyses
2359 5298 2650 5354 mandavit
2677 5299 2804 5354 dari
2831 5300 3084 5355 libellum
3107 5300 3348 5372 repudii,
3377 5309 3427 5356 et
3449 5302 3817 5361 dimittere!

2127 5388 2276 5443 Dicit
2297 5388 2413 5443 illis
2432 5388 2617 5444 Iesus:
2645 5389 2786 5458 Quia
2814 5390 2885 5446 ad
2913 5390 3381 5447 duritiamcordis
3395 5393 3578 5447 vestri
3596 5395 3821 5465 permi-

2194 5586 2209 5619 ι
2248 5586 2307 5633 ln
2337 5585 2481 5694 riis,
2510 5586 2695 5648 septies
2738 5589 2942 5636 tantum
2980 5586 3211 5650 accipiet.
3230 5586 3313 5637 Sic
3340 5588 3715 5649 Augustinus
3748 5592 3830 5641 ci-

2194 5660 2242 5694 re
2272 5660 2332 5694 so
2357 5660 2384 5694 e
2414 5683 2425 5694 .

2129 5650 2427 5770 “283$;
2450 5709 2510 5761 in
2537 5724 2718 5772 unum,
2748 5711 2814 5762 ab
2835 5710 3039 5776 aliquot
3064 5710 3477 5775 manuscriptis.
