  <div class='ocr_page' id='page_1' title='image "/cluster/home/n/w/nwhite01/storage/ocr_20150623/42/hvd.32044096580642/072.png"; bbox 0 0 4086 6186; ppageno 0'>
   <div class='ocr_carea' id='block_1_1' title="bbox 216 319 1807 391">
    <p class='ocr_par' dir='ltr' id='par_1_1' title="bbox 216 319 1807 391">
     <span class='ocr_line' id='line_1_1' title="bbox 216 319 1807 391; baseline 0.006 -24"><span class='ocrx_word' id='word_1_1' title='bbox 216 332 299 391; x_wconf 59' lang='grc'><strong><em>133</em></strong></span> <span class='ocrx_word' id='word_1_2' title='bbox 1596 319 1807 380; x_wconf 73' lang='lat' dir='ltr'>LIBEF</span> 
     </span>
    </p>
   </div>
   <div class='ocr_carea' id='block_1_2' title="bbox 1915 319 2108 391">
    <p class='ocr_par' dir='ltr' id='par_1_2' title="bbox 1915 319 2108 381">
     <span class='ocr_line' id='line_1_2' title="bbox 1915 319 2108 381; baseline 0.01 -4"><span class='ocrx_word' id='word_1_3' title='bbox 1915 319 2108 381; x_wconf 75' lang='lat' dir='ltr'><strong><em>lNUS.</em></strong></span> 
     </span>
    </p>
   </div>
   <div class='ocr_carea' id='block_1_3' title="bbox 209 452 1795 529">
    <p class='ocr_par' dir='ltr' id='par_1_3' title="bbox 209 452 1795 529">
     <span class='ocr_line' id='line_1_3' title="bbox 209 452 1795 529; baseline -0.008 -11"><span class='ocrx_word' id='word_1_4' title='bbox 209 466 260 519; x_wconf 74' lang='lat' dir='ltr'><strong><em>sit</em></strong></span> <span class='ocrx_word' id='word_1_5' title='bbox 272 460 392 517; x_wconf 81' lang='lat' dir='ltr'><strong><em>vobis</em></strong></span> <span class='ocrx_word' id='word_1_6' title='bbox 418 458 601 529; x_wconf 72' lang='lat' dir='ltr'><strong><em>Moyses</em></strong></span> <span class='ocrx_word' id='word_1_7' title='bbox 618 456 896 511; x_wconf 73' lang='lat' dir='ltr'><strong><em>dimittere</em></strong></span> <span class='ocrx_word' id='word_1_8' title='bbox 917 471 1123 511; x_wconf 70' lang='lat' dir='ltr'><strong><em>uxores</em></strong></span> <span class='ocrx_word' id='word_1_9' title='bbox 1150 460 1352 511; x_wconf 83' lang='lat' dir='ltr'><strong><em>vestras</em></strong></span> <span class='ocrx_word' id='word_1_10' title='bbox 1378 480 1391 520; x_wconf 85' lang='lat'><strong><em>-,</em></strong></span> <span class='ocrx_word' id='word_1_11' title='bbox 1424 454 1498 509; x_wconf 88' lang='lat' dir='ltr'><strong><em>ab</em></strong></span> <span class='ocrx_word' id='word_1_12' title='bbox 1524 452 1679 508; x_wconf 89' lang='lat' dir='ltr'><strong><em>initio</em></strong></span> <span class='ocrx_word' id='word_1_13' title='bbox 1699 468 1795 506; x_wconf 86' lang='lat' dir='ltr'><strong><em>au-</em></strong></span> 
     </span>
    </p>
   </div>
   <div class='ocr_carea' id='block_1_4' title="bbox 209 542 1800 617">
    <p class='ocr_par' dir='ltr' id='par_1_4' title="bbox 209 542 1800 617">
     <span class='ocr_line' id='line_1_4' title="bbox 209 542 1800 617; baseline -0.006 -11"><span class='ocrx_word' id='word_1_14' title='bbox 209 562 285 607; x_wconf 83' lang='lat' dir='ltr'><strong><em>tem</em></strong></span> <span class='ocrx_word' id='word_1_15' title='bbox 305 566 393 604; x_wconf 86' lang='lat' dir='ltr'><strong><em>non</em></strong></span> <span class='ocrx_word' id='word_1_16' title='bbox 419 549 518 617; x_wconf 85' lang='lat' dir='ltr'><strong><em>fuit</em></strong></span> <span class='ocrx_word' id='word_1_17' title='bbox 544 548 639 601; x_wconf 79' lang='lat' dir='ltr'><strong><em>sic.</em></strong></span> <span class='ocrx_word' id='word_1_18' title='bbox 662 547 789 601; x_wconf 87' lang='lat' dir='ltr'><strong><em>Dico</em></strong></span> <span class='ocrx_word' id='word_1_19' title='bbox 810 550 988 602; x_wconf 89' lang='lat' dir='ltr'><strong><em>autem</em></strong></span> <span class='ocrx_word' id='word_1_20' title='bbox 1015 545 1179 614; x_wconf 88' lang='lat' dir='ltr'><strong><em>vobis,</em></strong></span> <span class='ocrx_word' id='word_1_21' title='bbox 1197 546 1543 617; x_wconf 78' lang='lat' dir='ltr'><strong><em>quicumque,</em></strong></span> <span class='ocrx_word' id='word_1_22' title='bbox 1569 542 1800 597; x_wconf 84' lang='lat' dir='ltr'><strong><em>dimise.</em></strong></span> 
     </span>
    </p>
   </div>
   <div class='ocr_carea' id='block_1_5' title="bbox 207 633 1798 703">
    <p class='ocr_par' dir='ltr' id='par_1_5' title="bbox 207 633 1798 703">
     <span class='ocr_line' id='line_1_5' title="bbox 207 633 1798 703; baseline -0.004 -10"><span class='ocrx_word' id='word_1_23' title='bbox 207 644 258 694; x_wconf 84' lang='lat' dir='ltr'><strong><em>rit</em></strong></span> <span class='ocrx_word' id='word_1_24' title='bbox 282 652 468 693; x_wconf 75' lang='lat' dir='ltr'><strong><em>uxorem</em></strong></span> <span class='ocrx_word' id='word_1_25' title='bbox 494 652 650 690; x_wconf 87' lang='lat' dir='ltr'><strong><em>suam</em></strong></span> <span class='ocrx_word' id='word_1_26' title='bbox 680 636 792 689; x_wconf 87' lang='lat' dir='ltr'><strong><em>nisi</em></strong></span> <span class='ocrx_word' id='word_1_27' title='bbox 843 634 906 690; x_wconf 91' lang='lat' dir='ltr'><strong><em>ob</em></strong></span> <span class='ocrx_word' id='word_1_28' title='bbox 955 651 1181 690; x_wconf 90' lang='lat' dir='ltr'><strong><em>causam</em></strong></span> <span class='ocrx_word' id='word_1_29' title='bbox 1221 634 1627 703; x_wconf 88' lang='lat' dir='ltr'><strong><em>fornicationis,</em></strong></span> <span class='ocrx_word' id='word_1_30' title='bbox 1662 633 1798 702; x_wconf 82' lang='lat' dir='ltr'><strong><em>facit</em></strong></span> 
     </span>
    </p>
   </div>
   <div class='ocr_carea' id='block_1_6' title="bbox 209 721 1799 794">
    <p class='ocr_par' dir='ltr' id='par_1_6' title="bbox 209 721 1799 794">
     <span class='ocr_line' id='line_1_6' title="bbox 209 721 1799 794; baseline -0.006 -10"><span class='ocrx_word' id='word_1_31' title='bbox 209 745 299 784; x_wconf 78' lang='lat' dir='ltr'><strong><em>eam</em></strong></span> <span class='ocrx_word' id='word_1_32' title='bbox 326 724 572 781; x_wconf 44' lang='lat' dir='ltr'><strong><em>iniec/tari</em></strong></span> <span class='ocrx_word' id='word_1_33' title='bbox 596 740 610 778; x_wconf 87' lang='lat'><strong>:</strong></span> <span class='ocrx_word' id='word_1_34' title='bbox 647 727 700 779; x_wconf 88' lang='lat' dir='ltr'><strong><em>et</em></strong></span> <span class='ocrx_word' id='word_1_35' title='bbox 728 722 841 794; x_wconf 87' lang='lat' dir='ltr'><strong><em>ipse</em></strong></span> <span class='ocrx_word' id='word_1_36' title='bbox 861 725 911 778; x_wconf 91' lang='lat' dir='ltr'><strong><em>si</em></strong></span> <span class='ocrx_word' id='word_1_37' title='bbox 939 724 1177 779; x_wconf 83' lang='lat' dir='ltr'><strong><em>alteram</em></strong></span> <span class='ocrx_word' id='word_1_38' title='bbox 1199 722 1440 789; x_wconf 76' lang='lat' dir='ltr'><strong><em>duxerit,</em></strong></span> <span class='ocrx_word' id='word_1_39' title='bbox 1463 721 1799 776; x_wconf 78' lang='lat' dir='ltr'><strong><em>adulterium</em></strong></span> 
     </span>
    </p>
   </div>
   <div class='ocr_carea' id='block_1_7' title="bbox 208 811 1799 884">
    <p class='ocr_par' dir='ltr' id='par_1_7' title="bbox 208 811 1799 884">
     <span class='ocr_line' id='line_1_7' title="bbox 208 811 1799 884; baseline -0.006 -12"><span class='ocrx_word' id='word_1_40' title='bbox 208 816 441 872; x_wconf 83' lang='lat' dir='ltr'><strong><em>committit</em></strong></span> <span class='ocrx_word' id='word_1_41' title='bbox 467 812 671 884; x_wconf 77' lang='lat' dir='ltr'><strong><em>(Matth.</em></strong></span> <span class='ocrx_word' id='word_1_42' title='bbox 705 830 822 883; x_wconf 81' lang='lat' dir='ltr'><strong><em>x1x,</em></strong></span> <span class='ocrx_word' id='word_1_43' title='bbox 854 813 1004 879; x_wconf 86' lang='lat'><strong><em>3-9).</em></strong></span> <span class='ocrx_word' id='word_1_44' title='bbox 1039 817 1180 867; x_wconf 85' lang='lat' dir='ltr'><strong><em>Ecce</em></strong></span> <span class='ocrx_word' id='word_1_45' title='bbox 1214 812 1431 867; x_wconf 91' lang='lat' dir='ltr'><strong><em>habent</em></strong></span> <span class='ocrx_word' id='word_1_46' title='bbox 1490 811 1799 866; x_wconf 80' lang='lat' dir='ltr'><strong><em>conﬁrma-</em></strong></span> 
     </span>
    </p>
   </div>
   <div class='ocr_carea' id='block_1_8' title="bbox 210 897 1802 972">
    <p class='ocr_par' dir='ltr' id='par_1_8' title="bbox 210 897 1802 972">
     <span class='ocr_line' id='line_1_8' title="bbox 210 897 1802 972; baseline -0.005 -13"><span class='ocrx_word' id='word_1_47' title='bbox 210 912 295 959; x_wconf 78' lang='lat' dir='ltr'><strong><em>tam</em></strong></span> <span class='ocrx_word' id='word_1_48' title='bbox 322 902 642 958; x_wconf 85' lang='lat' dir='ltr'><strong><em>sententiam</em></strong></span> <span class='ocrx_word' id='word_1_49' title='bbox 667 900 895 957; x_wconf 76' lang='lat' dir='ltr'><strong><em>Veteris</em></strong></span> <span class='ocrx_word' id='word_1_50' title='bbox 924 901 1279 957; x_wconf 85' lang='lat' dir='ltr'><strong><em>Testamenti</em></strong></span> <span class='ocrx_word' id='word_1_51' title='bbox 1308 902 1379 955; x_wconf 90' lang='lat' dir='ltr'><strong><em>ab</em></strong></span> <span class='ocrx_word' id='word_1_52' title='bbox 1405 900 1532 972; x_wconf 90' lang='lat' dir='ltr'><strong><em>ipso</em></strong></span> <span class='ocrx_word' id='word_1_53' title='bbox 1558 897 1802 954; x_wconf 91' lang='lat' dir='ltr'><strong><em>Domino</em></strong></span> 
     </span>
    </p>
   </div>
   <div class='ocr_carea' id='block_1_9' title="bbox 209 989 1805 1063">
    <p class='ocr_par' dir='ltr' id='par_1_9' title="bbox 209 989 1805 1063">
     <span class='ocr_line' id='line_1_9' title="bbox 209 989 1805 1063; baseline -0.005 -13"><span class='ocrx_word' id='word_1_54' title='bbox 209 996 427 1050; x_wconf 74' lang='lat' dir='ltr'><strong><em>adversus</em></strong></span> <span class='ocrx_word' id='word_1_55' title='bbox 446 990 793 1063; x_wconf 81' lang='lat' dir='ltr'><strong><em>imperitiam</em></strong></span> <span class='ocrx_word' id='word_1_56' title='bbox 815 991 1173 1046; x_wconf 74' lang='lat' dir='ltr'><strong><em>Judteorum.</em></strong></span> <span class='ocrx_word' id='word_1_57' title='bbox 1197 989 1386 1045; x_wconf 87' lang='lat' dir='ltr'>Simul</span> <span class='ocrx_word' id='word_1_58' title='bbox 1410 989 1585 1045; x_wconf 90' lang='lat' dir='ltr'><strong><em>etiam</em></strong></span> <span class='ocrx_word' id='word_1_59' title='bbox 1618 989 1805 1059; x_wconf 70' lang='lat' dir='ltr'><strong><em>Moysi</em></strong></span> 
     </span>
    </p>
   </div>
   <div class='ocr_carea' id='block_1_10' title="bbox 210 1077 1802 1156">
    <p class='ocr_par' dir='ltr' id='par_1_10' title="bbox 210 1077 1802 1156">
     <span class='ocr_line' id='line_1_10' title="bbox 210 1077 1802 1156; baseline -0.003 -19"><span class='ocrx_word' id='word_1_60' title='bbox 210 1081 443 1156; x_wconf 76' lang='lat' dir='ltr'><strong><em>perhibuit</em></strong></span> <span class='ocrx_word' id='word_1_61' title='bbox 463 1079 1043 1152; x_wconf 87' lang='lat' dir='ltr'><strong><em>testimonium,quod</em></strong></span> <span class='ocrx_word' id='word_1_62' title='bbox 1062 1084 1301 1153; x_wconf 81' lang='lat' dir='ltr'><strong><em>propter</em></strong></span> <span class='ocrx_word' id='word_1_63' title='bbox 1315 1079 1591 1135; x_wconf 85' lang='lat' dir='ltr'><strong><em>duritiam</em></strong></span> <span class='ocrx_word' id='word_1_64' title='bbox 1609 1077 1802 1133; x_wconf 86' lang='lat' dir='ltr'><strong><em>cordis</em></strong></span> 
     </span>
    </p>
   </div>
   <div class='ocr_carea' id='block_1_11' title="bbox 210 1168 1802 1242">
    <p class='ocr_par' dir='ltr' id='par_1_11' title="bbox 210 1168 1802 1242">
     <span class='ocr_line' id='line_1_11' title="bbox 210 1168 1802 1242; baseline -0.004 -14"><span class='ocrx_word' id='word_1_65' title='bbox 210 1188 358 1228; x_wconf 83' lang='lat' dir='ltr'><strong><em>eorum</em></strong></span> <span class='ocrx_word' id='word_1_66' title='bbox 377 1170 670 1242; x_wconf 85' lang='lat' dir='ltr'><strong><em>repudium</em></strong></span> <span class='ocrx_word' id='word_1_67' title='bbox 689 1170 814 1225; x_wconf 90' lang='lat' dir='ltr'><strong><em>dari</em></strong></span> <span class='ocrx_word' id='word_1_68' title='bbox 830 1168 1418 1241; x_wconf 89' lang='lat' dir='ltr'><strong><em>permisit.Numquid</em></strong></span> <span class='ocrx_word' id='word_1_69' title='bbox 1432 1169 1604 1224; x_wconf 88' lang='lat' dir='ltr'><strong><em>etiam</em></strong></span> <span class='ocrx_word' id='word_1_70' title='bbox 1624 1168 1802 1223; x_wconf 85' lang='lat' dir='ltr'><strong><em>Evan-</em></strong></span> 
     </span>
    </p>
   </div>
   <div class='ocr_carea' id='block_1_12' title="bbox 211 1256 1802 1334">
    <p class='ocr_par' dir='ltr' id='par_1_12' title="bbox 211 1256 1802 1334">
     <span class='ocr_line' id='line_1_12' title="bbox 211 1256 1802 1334; baseline -0.002 -19"><span class='ocrx_word' id='word_1_71' title='bbox 211 1262 376 1334; x_wconf 83' lang='lat' dir='ltr'><strong><em>gelium</em></strong></span> <span class='ocrx_word' id='word_1_72' title='bbox 400 1258 697 1331; x_wconf 88' lang='lat' dir='ltr'><strong><em>Evangelio</em></strong></span> <span class='ocrx_word' id='word_1_73' title='bbox 749 1259 954 1315; x_wconf 91' lang='lat' dir='ltr'><strong><em>dicunt</em></strong></span> <span class='ocrx_word' id='word_1_74' title='bbox 993 1275 1121 1316; x_wconf 90' lang='lat' dir='ltr'><strong><em>esse</em></strong></span> <span class='ocrx_word' id='word_1_75' title='bbox 1148 1260 1503 1316; x_wconf 86' lang='lat' dir='ltr'><strong><em>contrarium</em></strong></span> <span class='ocrx_word' id='word_1_76' title='bbox 1520 1259 1548 1313; x_wconf 66' lang='lat'><strong><em>‘2</em></strong></span> <span class='ocrx_word' id='word_1_77' title='bbox 1569 1258 1728 1322; x_wconf 92' lang='lat' dir='ltr'><strong><em>Quod</em></strong></span> <span class='ocrx_word' id='word_1_78' title='bbox 1751 1256 1802 1313; x_wconf 90' lang='lat' dir='ltr'><strong><em>si</em></strong></span> 
     </span>
    </p>
   </div>
   <div class='ocr_carea' id='block_1_13' title="bbox 216 1347 1800 1419">
    <p class='ocr_par' dir='ltr' id='par_1_13' title="bbox 216 1347 1800 1419">
     <span class='ocr_line' id='line_1_13' title="bbox 216 1347 1800 1419; baseline -0.003 -14"><span class='ocrx_word' id='word_1_79' title='bbox 216 1348 476 1405; x_wconf 87' lang='lat' dir='ltr'><strong><em>dicunthoc</em></strong></span> <span class='ocrx_word' id='word_1_80' title='bbox 492 1347 814 1419; x_wconf 84' lang='lat' dir='ltr'><strong><em>capitulum</em></strong></span> <span class='ocrx_word' id='word_1_81' title='bbox 832 1348 1043 1403; x_wconf 82' lang='lat' dir='ltr'><strong><em>falsum</em></strong></span> <span class='ocrx_word' id='word_1_82' title='bbox 1062 1354 1281 1419; x_wconf 85' lang='lat' dir='ltr'><strong><em>esse,et</em></strong></span> <span class='ocrx_word' id='word_1_83' title='bbox 1307 1366 1340 1404; x_wconf 86' lang='lat' dir='ltr'><strong><em>a</em></strong></span> <span class='ocrx_word' id='word_1_84' title='bbox 1360 1347 1800 1419; x_wconf 83' lang='lat' dir='ltr'><strong><em>corruptoribus</em></strong></span> 
     </span>
    </p>
   </div>
   <div class='ocr_carea' id='block_1_14' title="bbox 219 1436 1799 1509">
    <p class='ocr_par' dir='ltr' id='par_1_14' title="bbox 219 1436 1799 1509">
     <span class='ocr_line' id='line_1_14' title="bbox 219 1436 1799 1509; baseline -0.001 -16"><span class='ocrx_word' id='word_1_85' title='bbox 219 1439 585 1509; x_wconf 84' lang='lat' dir='ltr'><strong><em>Scripturarum</em></strong></span> <span class='ocrx_word' id='word_1_86' title='bbox 618 1453 747 1493; x_wconf 89' lang='lat' dir='ltr'><strong><em>esse</em></strong></span> <span class='ocrx_word' id='word_1_87' title='bbox 769 1437 1198 1508; x_wconf 80' lang='lat' dir='ltr'><strong><em>additum(nam</em></strong></span> <span class='ocrx_word' id='word_1_88' title='bbox 1218 1437 1327 1492; x_wconf 89' lang='lat' dir='ltr'><strong><em>hoc</em></strong></span> <span class='ocrx_word' id='word_1_89' title='bbox 1351 1436 1799 1507; x_wconf 88' lang='lat' dir='ltr'><strong><em>solent,quando</em></strong></span> 
     </span>
    </p>
   </div>
   <div class='ocr_carea' id='block_1_15' title="bbox 209 1524 1799 1597">
    <p class='ocr_par' dir='ltr' id='par_1_15' title="bbox 209 1524 1799 1597">
     <span class='ocr_line' id='line_1_15' title="bbox 209 1524 1799 1597; baseline -0.001 -16"><span class='ocrx_word' id='word_1_90' title='bbox 209 1545 288 1581; x_wconf 88' lang='lat' dir='ltr'><strong><em>non</em></strong></span> <span class='ocrx_word' id='word_1_91' title='bbox 315 1525 598 1580; x_wconf 88' lang='lat' dir='ltr'><strong><em>inveniunt</em></strong></span> <span class='ocrx_word' id='word_1_92' title='bbox 631 1526 767 1595; x_wconf 91' lang='lat' dir='ltr'><strong><em>quid</em></strong></span> <span class='ocrx_word' id='word_1_93' title='bbox 804 1526 1215 1597; x_wconf 81' lang='lat' dir='ltr'><strong><em>respondeant,</em></strong></span> <span class='ocrx_word' id='word_1_94' title='bbox 1252 1526 1467 1595; x_wconf 87' lang='lat' dir='ltr'><strong><em>dicere)</em></strong></span> <span class='ocrx_word' id='word_1_95' title='bbox 1502 1544 1514 1593; x_wconf 89' lang='lat'><strong>;</strong></span> <span class='ocrx_word' id='word_1_96' title='bbox 1552 1526 1715 1596; x_wconf 89' lang='lat' dir='ltr'><strong><em>quid,</em></strong></span> <span class='ocrx_word' id='word_1_97' title='bbox 1748 1524 1799 1580; x_wconf 90' lang='lat' dir='ltr'><strong><em>si</em></strong></span> 
     </span>
    </p>
   </div>
   <div class='ocr_carea' id='block_1_16' title="bbox 209 1614 1799 1687">
    <p class='ocr_par' dir='ltr' id='par_1_16' title="bbox 209 1614 1799 1687">
     <span class='ocr_line' id='line_1_16' title="bbox 209 1614 1799 1687; baseline -0.001 -17"><span class='ocrx_word' id='word_1_98' title='bbox 209 1617 315 1670; x_wconf 78' lang='lat' dir='ltr'><strong><em>alius</em></strong></span> <span class='ocrx_word' id='word_1_99' title='bbox 335 1615 473 1670; x_wconf 86' lang='lat' dir='ltr'><strong><em>dicat</em></strong></span> <span class='ocrx_word' id='word_1_100' title='bbox 493 1614 638 1669; x_wconf 89' lang='lat' dir='ltr'><strong><em>illud</em></strong></span> <span class='ocrx_word' id='word_1_101' title='bbox 662 1631 789 1670; x_wconf 87' lang='lat' dir='ltr'><strong><em>esse</em></strong></span> <span class='ocrx_word' id='word_1_102' title='bbox 814 1614 1148 1670; x_wconf 85' lang='lat' dir='ltr'><strong><em>immissum</em></strong></span> <span class='ocrx_word' id='word_1_103' title='bbox 1175 1624 1232 1670; x_wconf 88' lang='lat' dir='ltr'><strong><em>et</em></strong></span> <span class='ocrx_word' id='word_1_104' title='bbox 1252 1616 1488 1681; x_wconf 82' lang='lat' dir='ltr'><strong><em>falsum,</em></strong></span> <span class='ocrx_word' id='word_1_105' title='bbox 1509 1616 1663 1687; x_wconf 91' lang='lat' dir='ltr'><strong><em>quod</em></strong></span> <span class='ocrx_word' id='word_1_106' title='bbox 1689 1614 1799 1686; x_wconf 86' lang='lat' dir='ltr'><strong><em>ipsi</em></strong></span> 
     </span>
    </p>
   </div>
   <div class='ocr_carea' id='block_1_17' title="bbox 218 1703 1801 1776">
    <p class='ocr_par' dir='ltr' id='par_1_17' title="bbox 218 1703 1801 1776">
     <span class='ocr_line' id='line_1_17' title="bbox 218 1703 1801 1776; baseline 0 -17"><span class='ocrx_word' id='word_1_107' title='bbox 218 1706 457 1776; x_wconf 77' lang='lat' dir='ltr'><strong><em>proferunt</em></strong></span> <span class='ocrx_word' id='word_1_108' title='bbox 485 1703 719 1759; x_wconf 86' lang='lat' dir='ltr'><strong><em>dicente</em></strong></span> <span class='ocrx_word' id='word_1_109' title='bbox 751 1703 1016 1769; x_wconf 86' lang='lat' dir='ltr'><strong><em>Domino,</em></strong></span> <span class='ocrx_word' id='word_1_110' title='bbox 1044 1706 1240 1760; x_wconf 84' lang='lat' dir='ltr'><strong><em>Omnis</em></strong></span> <span class='ocrx_word' id='word_1_111' title='bbox 1271 1706 1369 1775; x_wconf 88' lang='lat' dir='ltr'><strong><em>qui</em></strong></span> <span class='ocrx_word' id='word_1_112' title='bbox 1397 1704 1681 1775; x_wconf 82' lang='lat' dir='ltr'><strong><em>reliquerit</em></strong></span> <span class='ocrx_word' id='word_1_113' title='bbox 1710 1703 1801 1759; x_wconf 88' lang='lat' dir='ltr'><strong><em>do-</em></strong></span> 
     </span>
    </p>
   </div>
   <div class='ocr_carea' id='block_1_18' title="bbox 224 1794 1801 1865">
    <p class='ocr_par' dir='ltr' id='par_1_18' title="bbox 224 1794 1801 1865">
     <span class='ocr_line' id='line_1_18' title="bbox 224 1794 1801 1865; baseline 0 -18"><span class='ocrx_word' id='word_1_114' title='bbox 224 1811 332 1847; x_wconf 80' lang='lat' dir='ltr'><strong><em>mum</em></strong></span> <span class='ocrx_word' id='word_1_115' title='bbox 346 1802 428 1849; x_wconf 87' lang='lat' dir='ltr'><strong><em>aut</em></strong></span> <span class='ocrx_word' id='word_1_116' title='bbox 444 1810 675 1849; x_wconf 77' lang='lat' dir='ltr'><strong><em>uxorem</em></strong></span> <span class='ocrx_word' id='word_1_117' title='bbox 690 1797 785 1847; x_wconf 87' lang='lat' dir='ltr'><strong><em>aut</em></strong></span> <span class='ocrx_word' id='word_1_118' title='bbox 805 1802 1052 1864; x_wconf 75' lang='lat' dir='ltr'><strong><em>parentes</em></strong></span> <span class='ocrx_word' id='word_1_119' title='bbox 1064 1802 1159 1848; x_wconf 90' lang='lat' dir='ltr'><strong><em>aut</em></strong></span> <span class='ocrx_word' id='word_1_120' title='bbox 1179 1794 1319 1864; x_wconf 91' lang='lat' dir='ltr'><strong><em>ﬁlios</em></strong></span> <span class='ocrx_word' id='word_1_121' title='bbox 1335 1797 1559 1865; x_wconf 80' lang='lat' dir='ltr'><strong><em>propter</em></strong></span> <span class='ocrx_word' id='word_1_122' title='bbox 1572 1810 1801 1861; x_wconf 82' lang='lat' dir='ltr'><strong><em>regnum</em></strong></span> 
     </span>
    </p>
   </div>
   <div class='ocr_carea' id='block_1_19' title="bbox 218 1880 1798 1954">
    <p class='ocr_par' dir='ltr' id='par_1_19' title="bbox 218 1880 1798 1954">
     <span class='ocr_line' id='line_1_19' title="bbox 218 1880 1798 1954; baseline 0 -18"><span class='ocrx_word' id='word_1_123' title='bbox 218 1881 707 1947; x_wconf 72' lang='lat' dir='ltr'><strong><em>ralorum,etc.?Non</em></strong></span> <span class='ocrx_word' id='word_1_124' title='bbox 731 1880 1066 1954; x_wconf 89' lang='lat' dir='ltr'><strong><em>intelligunt</em></strong></span> <span class='ocrx_word' id='word_1_125' title='bbox 1087 1882 1285 1938; x_wconf 85' lang='lat' dir='ltr'><strong><em>miseri</em></strong></span> <span class='ocrx_word' id='word_1_126' title='bbox 1308 1882 1798 1952; x_wconf 83' lang='lat' dir='ltr'><strong><em>quemadmodum</em></strong></span> 
     </span>
    </p>
   </div>
   <div class='ocr_carea' id='block_1_20' title="bbox 214 1970 1802 2039">
    <p class='ocr_par' dir='ltr' id='par_1_20' title="bbox 214 1970 1802 2039">
     <span class='ocr_line' id='line_1_20' title="bbox 214 1970 1802 2039; baseline 0 -14"><span class='ocrx_word' id='word_1_127' title='bbox 214 1988 386 2026; x_wconf 86' lang='lat' dir='ltr'><strong><em>omnem</em></strong></span> <span class='ocrx_word' id='word_1_128' title='bbox 402 1971 565 2026; x_wconf 81' lang='lat' dir='ltr'><strong><em>ﬁdem</em></strong></span> <span class='ocrx_word' id='word_1_129' title='bbox 582 1970 1130 2035; x_wconf 85' lang='lat' dir='ltr'><strong><em>christianam,cum</em></strong></span> <span class='ocrx_word' id='word_1_130' title='bbox 1154 1971 1265 2027; x_wconf 91' lang='lat' dir='ltr'><strong><em>ista</em></strong></span> <span class='ocrx_word' id='word_1_131' title='bbox 1285 1972 1802 2039; x_wconf 88' lang='lat' dir='ltr'><strong><em>dicunt,conentur</em></strong></span> 
     </span>
    </p>
   </div>
   <div class='ocr_carea' id='block_1_21' title="bbox 215 2060 1797 2117">
    <p class='ocr_par' dir='ltr' id='par_1_21' title="bbox 215 2060 1797 2117">
     <span class='ocr_line' id='line_1_21' title="bbox 215 2060 1797 2117; baseline 0 -3"><span class='ocrx_word' id='word_1_132' title='bbox 215 2065 422 2115; x_wconf 74' lang='lat' dir='ltr'><strong><em>evertere.</em></strong></span> <span class='ocrx_word' id='word_1_133' title='bbox 448 2060 617 2115; x_wconf 84' lang='lat' dir='ltr'><strong><em>Fides</em></strong></span> <span class='ocrx_word' id='word_1_134' title='bbox 640 2065 834 2116; x_wconf 88' lang='lat' dir='ltr'><strong><em>autem</em></strong></span> <span class='ocrx_word' id='word_1_135' title='bbox 860 2077 993 2115; x_wconf 86' lang='lat' dir='ltr'><strong><em>vera</em></strong></span> <span class='ocrx_word' id='word_1_136' title='bbox 1016 2066 1072 2115; x_wconf 91' lang='lat' dir='ltr'><strong><em>et</em></strong></span> <span class='ocrx_word' id='word_1_137' title='bbox 1099 2060 1362 2117; x_wconf 64' lang='lat' dir='ltr'><strong><em>Ecclesiae</em></strong></span> <span class='ocrx_word' id='word_1_138' title='bbox 1385 2060 1678 2116; x_wconf 68' lang='lat' dir='ltr'><strong><em>catholicm</em></strong></span> <span class='ocrx_word' id='word_1_139' title='bbox 1712 2060 1797 2115; x_wconf 90' lang='lat' dir='ltr'><strong><em>di-</em></strong></span> 
     </span>
    </p>
   </div>
   <div class='ocr_carea' id='block_1_22' title="bbox 214 2147 1801 2219">
    <p class='ocr_par' dir='ltr' id='par_1_22' title="bbox 214 2147 1801 2219">
     <span class='ocr_line' id='line_1_22' title="bbox 214 2147 1801 2219; baseline 0.001 -16"><span class='ocrx_word' id='word_1_140' title='bbox 214 2147 399 2219; x_wconf 78' lang='lat' dir='ltr'><strong><em>sciplina</em></strong></span> <span class='ocrx_word' id='word_1_141' title='bbox 422 2155 736 2219; x_wconf 88' lang='lat' dir='ltr'><strong><em>utrumque</em></strong></span> <span class='ocrx_word' id='word_1_142' title='bbox 757 2166 957 2204; x_wconf 88' lang='lat' dir='ltr'><strong><em>verum</em></strong></span> <span class='ocrx_word' id='word_1_143' title='bbox 986 2154 1042 2204; x_wconf 91' lang='lat' dir='ltr'><strong><em>et</em></strong></span> <span class='ocrx_word' id='word_1_144' title='bbox 1072 2168 1106 2205; x_wconf 87' lang='lat' dir='ltr'><strong><em>a</em></strong></span> <span class='ocrx_word' id='word_1_145' title='bbox 1145 2150 1386 2205; x_wconf 89' lang='lat' dir='ltr'><strong><em>Domino</em></strong></span> <span class='ocrx_word' id='word_1_146' title='bbox 1417 2151 1638 2205; x_wconf 90' lang='lat' dir='ltr'><strong><em>dictum</em></strong></span> <span class='ocrx_word' id='word_1_147' title='bbox 1673 2165 1801 2205; x_wconf 86' lang='lat' dir='ltr'><strong><em>esse</em></strong></span> 
     </span>
    </p>
   </div>
   <div class='ocr_carea' id='block_1_23' title="bbox 215 2238 1803 2309">
    <p class='ocr_par' dir='ltr' id='par_1_23' title="bbox 215 2238 1803 2309">
     <span class='ocr_line' id='line_1_23' title="bbox 215 2238 1803 2309; baseline 0.002 -19"><span class='ocrx_word' id='word_1_148' title='bbox 215 2240 479 2307; x_wconf 80' lang='lat' dir='ltr'><strong><em>conﬁrmat,</em></strong></span> <span class='ocrx_word' id='word_1_149' title='bbox 512 2243 569 2292; x_wconf 91' lang='lat' dir='ltr'><strong><em>et</em></strong></span> <span class='ocrx_word' id='word_1_150' title='bbox 601 2238 764 2293; x_wconf 90' lang='lat' dir='ltr'><strong><em>nullo</em></strong></span> <span class='ocrx_word' id='word_1_151' title='bbox 798 2240 969 2294; x_wconf 92' lang='lat' dir='ltr'><strong><em>modo</em></strong></span> <span class='ocrx_word' id='word_1_152' title='bbox 1001 2256 1127 2295; x_wconf 90' lang='lat' dir='ltr'><strong><em>esse</em></strong></span> <span class='ocrx_word' id='word_1_153' title='bbox 1154 2240 1513 2294; x_wconf 89' lang='lat' dir='ltr'><strong><em>contrarium</em></strong></span> <span class='ocrx_word' id='word_1_154' title='bbox 1549 2255 1561 2294; x_wconf 93' lang='lat'>:</span> <span class='ocrx_word' id='word_1_155' title='bbox 1588 2239 1727 2309; x_wconf 87' lang='lat' dir='ltr'><strong><em>quia</em></strong></span> <span class='ocrx_word' id='word_1_156' title='bbox 1746 2243 1803 2293; x_wconf 91' lang='lat' dir='ltr'><strong><em>et</em></strong></span> 
     </span>
    </p>
   </div>
   <div class='ocr_carea' id='block_1_24' title="bbox 214 2326 1797 2395">
    <p class='ocr_par' dir='ltr' id='par_1_24' title="bbox 214 2326 1797 2395">
     <span class='ocr_line' id='line_1_24' title="bbox 214 2326 1797 2395; baseline 0.003 -16"><span class='ocrx_word' id='word_1_157' title='bbox 214 2326 480 2395; x_wconf 82' lang='lat' dir='ltr'><strong><em>conjunctio</em></strong></span> <span class='ocrx_word' id='word_1_158' title='bbox 503 2327 704 2382; x_wconf 86' lang='lat' dir='ltr'><strong><em>mariti</em></strong></span> <span class='ocrx_word' id='word_1_159' title='bbox 728 2332 784 2382; x_wconf 93' lang='lat' dir='ltr'><strong><em>et</em></strong></span> <span class='ocrx_word' id='word_1_160' title='bbox 815 2332 1009 2383; x_wconf 82' lang='lat' dir='ltr'><strong><em>uxoris</em></strong></span> <span class='ocrx_word' id='word_1_161' title='bbox 1042 2345 1075 2383; x_wconf 89' lang='lat' dir='ltr'><strong><em>a</em></strong></span> <span class='ocrx_word' id='word_1_162' title='bbox 1102 2327 1347 2383; x_wconf 89' lang='lat' dir='ltr'><strong><em>Domino</em></strong></span> <span class='ocrx_word' id='word_1_163' title='bbox 1379 2333 1553 2395; x_wconf 89' lang='lat' dir='ltr'><strong><em>est,et</em></strong></span> <span class='ocrx_word' id='word_1_164' title='bbox 1576 2326 1797 2383; x_wconf 90' lang='lat' dir='ltr'><strong><em>relictio</em></strong></span> 
     </span>
    </p>
   </div>
   <div class='ocr_carea' id='block_1_25' title="bbox 214 2416 1799 2489">
    <p class='ocr_par' dir='ltr' id='par_1_25' title="bbox 214 2416 1799 2489">
     <span class='ocr_line' id='line_1_25' title="bbox 214 2416 1799 2489; baseline 0.001 -20"><span class='ocrx_word' id='word_1_165' title='bbox 214 2417 357 2471; x_wconf 75' lang='lat' dir='ltr'><strong><em>uxoris</em></strong></span> <span class='ocrx_word' id='word_1_166' title='bbox 377 2422 605 2489; x_wconf 90' lang='lat' dir='ltr'><strong><em>pr0pter</em></strong></span> <span class='ocrx_word' id='word_1_167' title='bbox 628 2432 873 2488; x_wconf 86' lang='lat' dir='ltr'><strong><em>regnum</em></strong></span> <span class='ocrx_word' id='word_1_168' title='bbox 906 2416 1182 2472; x_wconf 67' lang='lat' dir='ltr'><strong><em>caelorum</em></strong></span> <span class='ocrx_word' id='word_1_169' title='bbox 1215 2435 1248 2472; x_wconf 89' lang='lat' dir='ltr'><strong><em>a</em></strong></span> <span class='ocrx_word' id='word_1_170' title='bbox 1266 2417 1511 2473; x_wconf 92' lang='lat' dir='ltr'><strong><em>Domino</em></strong></span> <span class='ocrx_word' id='word_1_171' title='bbox 1542 2423 1649 2472; x_wconf 90' lang='lat' dir='ltr'><strong><em>est.</em></strong></span> <span class='ocrx_word' id='word_1_172' title='bbox 1676 2416 1799 2472; x_wconf 92' lang='lat' dir='ltr'><strong><em>Non</em></strong></span> 
     </span>
    </p>
   </div>
   <div class='ocr_carea' id='block_1_26' title="bbox 215 2502 1805 2574">
    <p class='ocr_par' dir='ltr' id='par_1_26' title="bbox 215 2502 1805 2574">
     <span class='ocr_line' id='line_1_26' title="bbox 215 2502 1805 2574; baseline 0.002 -18"><span class='ocrx_word' id='word_1_173' title='bbox 215 2502 321 2558; x_wconf 86' lang='lat' dir='ltr'><strong><em>enim</em></strong></span> <span class='ocrx_word' id='word_1_174' title='bbox 338 2506 457 2574; x_wconf 87' lang='lat' dir='ltr'><strong><em>quia</em></strong></span> <span class='ocrx_word' id='word_1_175' title='bbox 470 2505 964 2561; x_wconf 83' lang='lat' dir='ltr'><strong><em>suscitavitJesus</em></strong></span> <span class='ocrx_word' id='word_1_176' title='bbox 976 2506 1243 2562; x_wconf 83' lang='lat' dir='ltr'><strong><em>Christus</em></strong></span> <span class='ocrx_word' id='word_1_177' title='bbox 1266 2515 1546 2573; x_wconf 82' lang='lat' dir='ltr'><strong><em>mortuos,</em></strong></span> <span class='ocrx_word' id='word_1_178' title='bbox 1568 2510 1623 2561; x_wconf 89' lang='lat' dir='ltr'><strong><em>et</em></strong></span> <span class='ocrx_word' id='word_1_179' title='bbox 1643 2504 1805 2560; x_wconf 85' lang='lat' dir='ltr'><strong><em>dedit</em></strong></span> 
     </span>
    </p>
   </div>
   <div class='ocr_carea' id='block_1_27' title="bbox 216 2590 1805 2665">
    <p class='ocr_par' dir='ltr' id='par_1_27' title="bbox 216 2590 1805 2665">
     <span class='ocr_line' id='line_1_27' title="bbox 216 2590 1805 2665; baseline 0.004 -23"><span class='ocrx_word' id='word_1_180' title='bbox 216 2590 272 2644; x_wconf 80' lang='lat' dir='ltr'><strong><em>eis</em></strong></span> <span class='ocrx_word' id='word_1_181' title='bbox 306 2592 479 2661; x_wconf 81' lang='lat' dir='ltr'><strong><em>vitam,</em></strong></span> <span class='ocrx_word' id='word_1_182' title='bbox 515 2597 825 2665; x_wconf 84' lang='lat' dir='ltr'><strong><em>propterea</em></strong></span> <span class='ocrx_word' id='word_1_183' title='bbox 852 2593 982 2665; x_wconf 85' lang='lat' dir='ltr'><strong><em>ipsa</em></strong></span> <span class='ocrx_word' id='word_1_184' title='bbox 1012 2593 1129 2649; x_wconf 88' lang='lat' dir='ltr'><strong><em>vita</em></strong></span> <span class='ocrx_word' id='word_1_185' title='bbox 1158 2611 1271 2649; x_wconf 92' lang='lat' dir='ltr'><strong><em>non</em></strong></span> <span class='ocrx_word' id='word_1_186' title='bbox 1302 2599 1392 2649; x_wconf 90' lang='lat' dir='ltr'><strong><em>est</em></strong></span> <span class='ocrx_word' id='word_1_187' title='bbox 1422 2594 1805 2665; x_wconf 87' lang='lat' dir='ltr'><strong><em>relinquenda</em></strong></span> 
     </span>
    </p>
   </div>
   <div class='ocr_carea' id='block_1_28' title="bbox 217 2680 1804 2755">
    <p class='ocr_par' dir='ltr' id='par_1_28' title="bbox 217 2680 1804 2755">
     <span class='ocr_line' id='line_1_28' title="bbox 217 2680 1804 2755; baseline 0.002 -22"><span class='ocrx_word' id='word_1_188' title='bbox 217 2684 390 2749; x_wconf 80' lang='lat' dir='ltr'><strong><em>prapter</em></strong></span> <span class='ocrx_word' id='word_1_189' title='bbox 417 2697 662 2752; x_wconf 84' lang='lat' dir='ltr'><strong><em>regnum</em></strong></span> <span class='ocrx_word' id='word_1_190' title='bbox 687 2680 986 2737; x_wconf 62' lang='lat' dir='ltr'><strong><em>caelorum.</em></strong></span> <span class='ocrx_word' id='word_1_191' title='bbox 1018 2683 1110 2738; x_wconf 90' lang='lat' dir='ltr'><strong><em>Sic</em></strong></span> <span class='ocrx_word' id='word_1_192' title='bbox 1152 2699 1287 2755; x_wconf 90' lang='lat' dir='ltr'><strong><em>ergo</em></strong></span> <span class='ocrx_word' id='word_1_193' title='bbox 1320 2682 1587 2754; x_wconf 83' lang='lat' dir='ltr'><strong><em>quamvis</em></strong></span> <span class='ocrx_word' id='word_1_194' title='bbox 1610 2682 1804 2737; x_wconf 85' lang='lat' dir='ltr'><strong><em>Domi-</em></strong></span> 
     </span>
    </p>
   </div>
   <div class='ocr_carea' id='block_1_29' title="bbox 216 2770 1803 2844">
    <p class='ocr_par' dir='ltr' id='par_1_29' title="bbox 216 2770 1803 2844">
     <span class='ocr_line' id='line_1_29' title="bbox 216 2770 1803 2844; baseline 0.003 -23"><span class='ocrx_word' id='word_1_195' title='bbox 216 2786 292 2822; x_wconf 84' lang='lat' dir='ltr'><strong><em>nus</em></strong></span> <span class='ocrx_word' id='word_1_196' title='bbox 315 2770 517 2825; x_wconf 83' lang='lat' dir='ltr'><strong><em>dederit</em></strong></span> <span class='ocrx_word' id='word_1_197' title='bbox 539 2786 781 2825; x_wconf 78' lang='lat' dir='ltr'><strong><em>uxorem</em></strong></span> <span class='ocrx_word' id='word_1_198' title='bbox 812 2771 955 2838; x_wconf 91' lang='lat' dir='ltr'><strong><em>viro,</em></strong></span> <span class='ocrx_word' id='word_1_199' title='bbox 992 2772 1374 2844; x_wconf 84' lang='lat' dir='ltr'><strong><em>relinquenda</em></strong></span> <span class='ocrx_word' id='word_1_200' title='bbox 1397 2778 1484 2827; x_wconf 90' lang='lat' dir='ltr'><strong><em>est</em></strong></span> <span class='ocrx_word' id='word_1_201' title='bbox 1512 2777 1732 2841; x_wconf 90' lang='lat' dir='ltr'><strong><em>tamen,</em></strong></span> <span class='ocrx_word' id='word_1_202' title='bbox 1754 2771 1803 2827; x_wconf 91' lang='lat' dir='ltr'><strong><em>si</em></strong></span> 
     </span>
    </p>
   </div>
   <div class='ocr_carea' id='block_1_30' title="bbox 220 2860 1805 2931">
    <p class='ocr_par' dir='ltr' id='par_1_30' title="bbox 220 2860 1805 2931">
     <span class='ocr_line' id='line_1_30' title="bbox 220 2860 1805 2931; baseline 0.003 -22"><span class='ocrx_word' id='word_1_203' title='bbox 220 2872 323 2926; x_wconf 85' lang='lat' dir='ltr'><strong><em>opus</em></strong></span> <span class='ocrx_word' id='word_1_204' title='bbox 348 2862 444 2928; x_wconf 90' lang='lat' dir='ltr'><strong><em>est,</em></strong></span> <span class='ocrx_word' id='word_1_205' title='bbox 480 2864 719 2930; x_wconf 88' lang='lat' dir='ltr'><strong><em>propter</em></strong></span> <span class='ocrx_word' id='word_1_206' title='bbox 750 2875 994 2931; x_wconf 89' lang='lat' dir='ltr'><strong><em>regnum</em></strong></span> <span class='ocrx_word' id='word_1_207' title='bbox 1026 2860 1327 2916; x_wconf 71' lang='lat' dir='ltr'><strong><em>caelorum.</em></strong></span> <span class='ocrx_word' id='word_1_208' title='bbox 1361 2860 1486 2915; x_wconf 83' lang='lat' dir='ltr'><strong><em>Non</em></strong></span> <span class='ocrx_word' id='word_1_209' title='bbox 1517 2860 1673 2917; x_wconf 89' lang='lat' dir='ltr'><strong><em>enim</em></strong></span> <span class='ocrx_word' id='word_1_210' title='bbox 1696 2861 1805 2916; x_wconf 87' lang='lat' dir='ltr'><strong><em>hoc</em></strong></span> 
     </span>
    </p>
   </div>
   <div class='ocr_carea' id='block_1_31' title="bbox 214 2948 1808 3021">
    <p class='ocr_par' dir='ltr' id='par_1_31' title="bbox 214 2948 1808 3021">
     <span class='ocr_line' id='line_1_31' title="bbox 214 2948 1808 3021; baseline 0.004 -23"><span class='ocrx_word' id='word_1_211' title='bbox 214 2960 389 3016; x_wconf 80' lang='lat' dir='ltr'><strong><em>semper</em></strong></span> <span class='ocrx_word' id='word_1_212' title='bbox 417 2964 651 3003; x_wconf 81' lang='lat' dir='ltr'><strong><em>necesse</em></strong></span> <span class='ocrx_word' id='word_1_213' title='bbox 677 2953 786 3017; x_wconf 70' lang='lat' dir='ltr'><strong><em>est,</em></strong></span> <span class='ocrx_word' id='word_1_214' title='bbox 820 2949 972 3003; x_wconf 85' lang='lat' dir='ltr'><strong><em>sicut</em></strong></span> <span class='ocrx_word' id='word_1_215' title='bbox 992 2948 1305 3021; x_wconf 87' lang='lat' dir='ltr'><strong><em>Apostolus</em></strong></span> <span class='ocrx_word' id='word_1_216' title='bbox 1336 2949 1475 3004; x_wconf 87' lang='lat' dir='ltr'><strong><em>dicit</em></strong></span> <span class='ocrx_word' id='word_1_217' title='bbox 1500 2967 1513 3004; x_wconf 89' lang='lat'><strong>:</strong></span> <span class='ocrx_word' id='word_1_218' title='bbox 1540 2949 1808 3021; x_wconf 89' lang='lat' dir='ltr'><strong><em>Siquisﬁ-</em></strong></span> 
     </span>
    </p>
   </div>
   <div class='ocr_carea' id='block_1_32' title="bbox 212 3033 1807 3107">
    <p class='ocr_par' dir='ltr' id='par_1_32' title="bbox 212 3033 1807 3107">
     <span class='ocr_line' id='line_1_32' title="bbox 212 3033 1807 3107; baseline 0.005 -21"><span class='ocrx_word' id='word_1_219' title='bbox 212 3033 308 3087; x_wconf 73' lang='lat' dir='ltr'><strong><em>deli:</em></strong></span> <span class='ocrx_word' id='word_1_220' title='bbox 325 3036 467 3091; x_wconf 82' lang='lat' dir='ltr'><strong><em>habet</em></strong></span> <span class='ocrx_word' id='word_1_221' title='bbox 484 3053 722 3093; x_wconf 72' lang='lat' dir='ltr'><strong><em>uxorem</em></strong></span> <span class='ocrx_word' id='word_1_222' title='bbox 740 3036 1034 3107; x_wconf 81' lang='lat' dir='ltr'><strong><em>infidelem,</em></strong></span> <span class='ocrx_word' id='word_1_223' title='bbox 1060 3046 1110 3093; x_wconf 89' lang='lat' dir='ltr'><strong><em>et</em></strong></span> <span class='ocrx_word' id='word_1_224' title='bbox 1136 3039 1249 3093; x_wconf 53' lang='lat' dir='ltr'><strong><em>hac</em></strong></span> <span class='ocrx_word' id='word_1_225' title='bbox 1268 3041 1532 3094; x_wconf 80' lang='lat' dir='ltr'><strong><em>consentit</em></strong></span> <span class='ocrx_word' id='word_1_226' title='bbox 1556 3038 1807 3094; x_wconf 86' lang='lat' dir='ltr'><strong><em>habitare</em></strong></span> 
     </span>
    </p>
   </div>
   <div class='ocr_carea' id='block_1_33' title="bbox 211 3124 1806 3200">
    <p class='ocr_par' dir='ltr' id='par_1_33' title="bbox 211 3124 1806 3200">
     <span class='ocr_line' id='line_1_33' title="bbox 211 3124 1806 3200; baseline 0.005 -24"><span class='ocrx_word' id='word_1_227' title='bbox 211 3136 297 3177; x_wconf 76' lang='lat' dir='ltr'><strong><em>tum</em></strong></span> <span class='ocrx_word' id='word_1_228' title='bbox 322 3124 425 3190; x_wconf 88' lang='lat' dir='ltr'><strong><em>illo,</em></strong></span> <span class='ocrx_word' id='word_1_229' title='bbox 454 3141 561 3180; x_wconf 88' lang='lat' dir='ltr'><strong><em>non</em></strong></span> <span class='ocrx_word' id='word_1_230' title='bbox 594 3125 842 3181; x_wconf 83' lang='lat' dir='ltr'><strong><em>dimittat</em></strong></span> <span class='ocrx_word' id='word_1_231' title='bbox 869 3142 991 3181; x_wconf 88' lang='lat' dir='ltr'><strong><em>eam</em></strong></span> <span class='ocrx_word' id='word_1_232' title='bbox 1011 3125 1057 3197; x_wconf 85' lang='grc' dir='ltr'><strong><em>(Ι</em></strong></span> <span class='ocrx_word' id='word_1_233' title='bbox 1079 3130 1202 3184; x_wconf 88' lang='lat' dir='ltr'><strong><em>Cor.</em></strong></span> <span class='ocrx_word' id='word_1_234' title='bbox 1234 3144 1336 3194; x_wconf 84' lang='lat' dir='ltr'><strong><em>vn,</em></strong></span> <span class='ocrx_word' id='word_1_235' title='bbox 1366 3128 1473 3198; x_wconf 83' lang='grc'><strong><em>12).</em></strong></span> <span class='ocrx_word' id='word_1_236' title='bbox 1506 3128 1806 3200; x_wconf 80' lang='lat' dir='ltr'><strong><em>Significat</em></strong></span> 
     </span>
    </p>
   </div>
   <div class='ocr_carea' id='block_1_34' title="bbox 212 3212 1802 3286">
    <p class='ocr_par' dir='ltr' id='par_1_34' title="bbox 212 3212 1802 3286">
     <span class='ocr_line' id='line_1_34' title="bbox 212 3212 1802 3286; baseline 0.004 -22"><span class='ocrx_word' id='word_1_237' title='bbox 212 3212 361 3281; x_wconf 82' lang='lat' dir='ltr'><strong><em>utique</em></strong></span> <span class='ocrx_word' id='word_1_238' title='bbox 374 3214 516 3284; x_wconf 91' lang='lat' dir='ltr'><strong><em>quod</em></strong></span> <span class='ocrx_word' id='word_1_239' title='bbox 534 3215 581 3269; x_wconf 90' lang='lat' dir='ltr'><strong><em>si</em></strong></span> <span class='ocrx_word' id='word_1_240' title='bbox 610 3231 726 3270; x_wconf 89' lang='lat' dir='ltr'><strong><em>non</em></strong></span> <span class='ocrx_word' id='word_1_241' title='bbox 748 3215 1039 3270; x_wconf 83' lang='lat' dir='ltr'><strong><em>consentit</em></strong></span> <span class='ocrx_word' id='word_1_242' title='bbox 1053 3214 1315 3271; x_wconf 86' lang='lat' dir='ltr'><strong><em>habitare</em></strong></span> <span class='ocrx_word' id='word_1_243' title='bbox 1329 3234 1461 3272; x_wconf 88' lang='lat' dir='ltr'><strong><em>cum</em></strong></span> <span class='ocrx_word' id='word_1_244' title='bbox 1476 3216 1595 3286; x_wconf 89' lang='lat' dir='ltr'><strong><em>illo,</em></strong></span> <span class='ocrx_word' id='word_1_245' title='bbox 1620 3216 1676 3271; x_wconf 91' lang='lat' dir='ltr'><strong><em>id</em></strong></span> <span class='ocrx_word' id='word_1_246' title='bbox 1692 3222 1802 3284; x_wconf 89' lang='lat' dir='ltr'><strong><em>est,</em></strong></span> 
     </span>
    </p>
   </div>
   <div class='ocr_carea' id='block_1_35' title="bbox 213 3300 1806 3379">
    <p class='ocr_par' dir='ltr' id='par_1_35' title="bbox 213 3300 1806 3379">
     <span class='ocr_line' id='line_1_35' title="bbox 213 3300 1806 3379; baseline 0.006 -27"><span class='ocrx_word' id='word_1_247' title='bbox 213 3300 245 3353; x_wconf 83' lang='lat' dir='ltr'><strong><em>si</em></strong></span> <span class='ocrx_word' id='word_1_248' title='bbox 267 3308 564 3359; x_wconf 78' lang='lat' dir='ltr'><strong><em>exsecratur</em></strong></span> <span class='ocrx_word' id='word_1_249' title='bbox 590 3304 655 3358; x_wconf 90' lang='lat' dir='ltr'><strong><em>in</em></strong></span> <span class='ocrx_word' id='word_1_250' title='bbox 680 3303 779 3359; x_wconf 90' lang='lat' dir='ltr'><strong><em>illo</em></strong></span> <span class='ocrx_word' id='word_1_251' title='bbox 799 3304 974 3359; x_wconf 87' lang='lat' dir='ltr'><strong><em>ﬁdem</em></strong></span> <span class='ocrx_word' id='word_1_252' title='bbox 995 3304 1231 3371; x_wconf 90' lang='lat' dir='ltr'><strong><em>Christi,</em></strong></span> <span class='ocrx_word' id='word_1_253' title='bbox 1255 3311 1311 3361; x_wconf 90' lang='lat' dir='ltr'><strong><em>et</em></strong></span> <span class='ocrx_word' id='word_1_254' title='bbox 1358 3323 1472 3361; x_wconf 93' lang='lat' dir='ltr'><strong><em>non</em></strong></span> <span class='ocrx_word' id='word_1_255' title='bbox 1495 3323 1628 3361; x_wconf 91' lang='lat' dir='ltr'><strong><em>eum</em></strong></span> <span class='ocrx_word' id='word_1_256' title='bbox 1654 3306 1806 3379; x_wconf 85' lang='lat' dir='ltr'><strong><em>pati-</em></strong></span> 
     </span>
    </p>
   </div>
   <div class='ocr_carea' id='block_1_36' title="bbox 216 3392 1807 3467">
    <p class='ocr_par' dir='ltr' id='par_1_36' title="bbox 216 3392 1807 3467">
     <span class='ocr_line' id='line_1_36' title="bbox 216 3392 1807 3467; baseline 0.007 -27"><span class='ocrx_word' id='word_1_257' title='bbox 216 3392 432 3458; x_wconf 87' lang='lat' dir='ltr'><strong><em>tur,quod</em></strong></span> <span class='ocrx_word' id='word_1_258' title='bbox 456 3392 738 3449; x_wconf 79' lang='lat' dir='ltr'><strong><em>Christian</em></strong></span> <span class='ocrx_word' id='word_1_259' title='bbox 750 3410 819 3448; x_wconf 90' lang='lat' dir='ltr'><strong><em>us</em></strong></span> <span class='ocrx_word' id='word_1_260' title='bbox 839 3399 928 3449; x_wconf 86' lang='lat' dir='ltr'><strong><em>est</em></strong></span> <span class='ocrx_word' id='word_1_261' title='bbox 948 3393 1331 3465; x_wconf 90' lang='lat' dir='ltr'><strong><em>relinquenda</em></strong></span> <span class='ocrx_word' id='word_1_262' title='bbox 1359 3400 1447 3450; x_wconf 90' lang='lat' dir='ltr'><strong><em>est</em></strong></span> <span class='ocrx_word' id='word_1_263' title='bbox 1465 3400 1699 3467; x_wconf 89' lang='lat' dir='ltr'><strong><em>propter</em></strong></span> <span class='ocrx_word' id='word_1_264' title='bbox 1719 3413 1807 3451; x_wconf 89' lang='lat' dir='ltr'><strong><em>re-</em></strong></span> 
     </span>
    </p>
   </div>
   <div class='ocr_carea' id='block_1_37' title="bbox 218 3480 1808 3555">
    <p class='ocr_par' dir='ltr' id='par_1_37' title="bbox 218 3480 1808 3555">
     <span class='ocr_line' id='line_1_37' title="bbox 218 3480 1808 3555; baseline 0.005 -25"><span class='ocrx_word' id='word_1_265' title='bbox 218 3491 351 3546; x_wconf 80' lang='lat' dir='ltr'><strong><em>gnum</em></strong></span> <span class='ocrx_word' id='word_1_266' title='bbox 378 3480 653 3536; x_wconf 76' lang='lat' dir='ltr'><strong><em>cmlorum</em></strong></span> <span class='ocrx_word' id='word_1_267' title='bbox 685 3498 697 3535; x_wconf 87' lang='lat'><strong>:</strong></span> <span class='ocrx_word' id='word_1_268' title='bbox 726 3482 880 3537; x_wconf 83' lang='lat' dir='ltr'><strong><em>sicut</em></strong></span> <span class='ocrx_word' id='word_1_269' title='bbox 910 3482 1062 3536; x_wconf 87' lang='lat' dir='ltr'><strong><em>idem</em></strong></span> <span class='ocrx_word' id='word_1_270' title='bbox 1096 3483 1393 3553; x_wconf 85' lang='lat' dir='ltr'><strong><em>apostolus</em></strong></span> <span class='ocrx_word' id='word_1_271' title='bbox 1424 3483 1483 3537; x_wconf 94' lang='lat' dir='ltr'><strong><em>in</em></strong></span> <span class='ocrx_word' id='word_1_272' title='bbox 1518 3485 1808 3555; x_wconf 89' lang='lat' dir='ltr'><strong><em>sequenti-</em></strong></span> 
     </span>
    </p>
   </div>
   <div class='ocr_carea' id='block_1_38' title="bbox 220 3565 1809 3639">
    <p class='ocr_par' dir='ltr' id='par_1_38' title="bbox 220 3565 1809 3639">
     <span class='ocr_line' id='line_1_38' title="bbox 220 3565 1809 3639; baseline 0.004 -20"><span class='ocrx_word' id='word_1_273' title='bbox 220 3565 298 3621; x_wconf 85' lang='lat' dir='ltr'><strong><em>bus</em></strong></span> <span class='ocrx_word' id='word_1_274' title='bbox 322 3568 464 3637; x_wconf 84' lang='lat' dir='ltr'><strong><em>dicit,</em></strong></span> <span class='ocrx_word' id='word_1_275' title='bbox 496 3570 653 3637; x_wconf 84' lang='lat' dir='ltr'><strong><em>Quod</em></strong></span> <span class='ocrx_word' id='word_1_276' title='bbox 681 3571 732 3625; x_wconf 87' lang='lat' dir='ltr'><strong><em>si</em></strong></span> <span class='ocrx_word' id='word_1_277' title='bbox 766 3570 1010 3639; x_wconf 88' lang='lat' dir='ltr'><strong><em>inﬁdelis</em></strong></span> <span class='ocrx_word' id='word_1_278' title='bbox 1030 3571 1277 3636; x_wconf 86' lang='lat' dir='ltr'><strong><em>discedit,</em></strong></span> <span class='ocrx_word' id='word_1_279' title='bbox 1310 3571 1562 3634; x_wconf 85' lang='lat' dir='ltr'><strong><em>dicedat;</em></strong></span> <span class='ocrx_word' id='word_1_280' title='bbox 1593 3588 1703 3627; x_wconf 87' lang='lat' dir='ltr'><strong><em>non</em></strong></span> <span class='ocrx_word' id='word_1_281' title='bbox 1731 3575 1809 3628; x_wconf 88' lang='lat' dir='ltr'><strong><em>est</em></strong></span> 
     </span>
    </p>
   </div>
   <div class='ocr_carea' id='block_1_39' title="bbox 221 3658 1807 3733">
    <p class='ocr_par' dir='ltr' id='par_1_39' title="bbox 221 3658 1807 3733">
     <span class='ocr_line' id='line_1_39' title="bbox 221 3658 1807 3733; baseline 0.006 -26"><span class='ocrx_word' id='word_1_282' title='bbox 221 3658 328 3709; x_wconf 69' lang='lat' dir='ltr'><strong><em>eum</em></strong></span> <span class='ocrx_word' id='word_1_283' title='bbox 346 3660 607 3728; x_wconf 78' lang='lat' dir='ltr'><strong><em>subjectus</em></strong></span> <span class='ocrx_word' id='word_1_284' title='bbox 631 3661 882 3714; x_wconf 84' lang='lat' dir='ltr'><strong><em>servituti</em></strong></span> <span class='ocrx_word' id='word_1_285' title='bbox 900 3664 1081 3729; x_wconf 89' lang='lat' dir='ltr'><strong><em>[rater</em></strong></span> <span class='ocrx_word' id='word_1_286' title='bbox 1102 3662 1197 3715; x_wconf 90' lang='lat' dir='ltr'><strong><em>aut</em></strong></span> <span class='ocrx_word' id='word_1_287' title='bbox 1216 3676 1369 3716; x_wconf 88' lang='lat' dir='ltr'><strong><em>soror</em></strong></span> <span class='ocrx_word' id='word_1_288' title='bbox 1383 3663 1445 3715; x_wconf 88' lang='lat' dir='ltr'><strong><em>in</em></strong></span> <span class='ocrx_word' id='word_1_289' title='bbox 1474 3661 1807 3733; x_wconf 77' lang='lat' dir='ltr'><strong><em>hujusmodi,</em></strong></span> 
     </span>
    </p>
   </div>
   <div class='ocr_carea' id='block_1_40' title="bbox 222 3740 1810 3821">
    <p class='ocr_par' dir='ltr' id='par_1_40' title="bbox 222 3740 1810 3821">
     <span class='ocr_line' id='line_1_40' title="bbox 222 3740 1810 3821; baseline 0.009 -28"><span class='ocrx_word' id='word_1_290' title='bbox 222 3740 261 3794; x_wconf 85' lang='lat' dir='ltr'><strong><em>Si</em></strong></span> <span class='ocrx_word' id='word_1_291' title='bbox 282 3746 391 3814; x_wconf 85' lang='lat' dir='ltr'><strong><em>quis</em></strong></span> <span class='ocrx_word' id='word_1_292' title='bbox 417 3762 551 3819; x_wconf 87' lang='lat' dir='ltr'><strong><em>ergo</em></strong></span> <span class='ocrx_word' id='word_1_293' title='bbox 578 3746 863 3819; x_wconf 86' lang='lat' dir='ltr'><strong><em>relinquit</em></strong></span> <span class='ocrx_word' id='word_1_294' title='bbox 892 3764 1136 3820; x_wconf 88' lang='lat' dir='ltr'><strong><em>regnum</em></strong></span> <span class='ocrx_word' id='word_1_295' title='bbox 1166 3748 1467 3821; x_wconf 63' lang='lat' dir='ltr'><strong><em>caelorum,</em></strong></span> <span class='ocrx_word' id='word_1_296' title='bbox 1502 3752 1643 3805; x_wconf 89' lang='lat' dir='ltr'><strong><em>dum</em></strong></span> <span class='ocrx_word' id='word_1_297' title='bbox 1695 3769 1810 3807; x_wconf 87' lang='lat' dir='ltr'><strong><em>non</em></strong></span> 
     </span>
    </p>
   </div>
   <div class='ocr_carea' id='block_1_41' title="bbox 222 3831 1809 3908">
    <p class='ocr_par' dir='ltr' id='par_1_41' title="bbox 222 3831 1809 3908">
     <span class='ocr_line' id='line_1_41' title="bbox 222 3831 1809 3908; baseline 0.008 -24"><span class='ocrx_word' id='word_1_298' title='bbox 222 3831 312 3886; x_wconf 76' lang='lat' dir='ltr'><strong><em>vult</em></strong></span> <span class='ocrx_word' id='word_1_299' title='bbox 335 3833 653 3908; x_wconf 74' lang='lat' dir='ltr'><strong><em>relinquam</em></strong></span> <span class='ocrx_word' id='word_1_300' title='bbox 683 3853 921 3892; x_wconf 83' lang='lat' dir='ltr'><strong><em>uxorem</em></strong></span> <span class='ocrx_word' id='word_1_301' title='bbox 955 3855 1070 3893; x_wconf 91' lang='lat' dir='ltr'><strong><em>non</em></strong></span> <span class='ocrx_word' id='word_1_302' title='bbox 1099 3838 1377 3895; x_wconf 85' lang='lat' dir='ltr'><strong><em>ferentem</em></strong></span> <span class='ocrx_word' id='word_1_303' title='bbox 1423 3840 1809 3896; x_wconf 86' lang='lat' dir='ltr'><strong><em>christianum</em></strong></span> 
     </span>
    </p>
   </div>
   <div class='ocr_carea' id='block_1_42' title="bbox 221 3919 1814 4001">
    <p class='ocr_par' dir='ltr' id='par_1_42' title="bbox 221 3919 1814 4001">
     <span class='ocr_line' id='line_1_42' title="bbox 221 3919 1814 4001; baseline 0.008 -28"><span class='ocrx_word' id='word_1_304' title='bbox 221 3919 383 3988; x_wconf 71' lang='lat' dir='ltr'><strong><em>virum,</em></strong></span> <span class='ocrx_word' id='word_1_305' title='bbox 415 3924 785 3997; x_wconf 83' lang='lat' dir='ltr'><strong><em>improbatur</em></strong></span> <span class='ocrx_word' id='word_1_306' title='bbox 814 3944 847 3983; x_wconf 91' lang='lat' dir='ltr'><strong><em>a</em></strong></span> <span class='ocrx_word' id='word_1_307' title='bbox 877 3926 1122 3984; x_wconf 89' lang='lat' dir='ltr'><strong><em>Domino</em></strong></span> <span class='ocrx_word' id='word_1_308' title='bbox 1151 3944 1163 3982; x_wconf 88' lang='lat'><strong>:</strong></span> <span class='ocrx_word' id='word_1_309' title='bbox 1189 3932 1247 3984; x_wconf 88' lang='lat' dir='ltr'><strong><em>et</em></strong></span> <span class='ocrx_word' id='word_1_310' title='bbox 1286 3929 1425 3985; x_wconf 90' lang='lat' dir='ltr'><strong><em>item</em></strong></span> <span class='ocrx_word' id='word_1_311' title='bbox 1456 3929 1503 3984; x_wconf 92' lang='lat' dir='ltr'><strong><em>si</em></strong></span> <span class='ocrx_word' id='word_1_312' title='bbox 1539 3930 1671 4001; x_wconf 89' lang='lat' dir='ltr'><strong><em>quis</em></strong></span> <span class='ocrx_word' id='word_1_313' title='bbox 1726 3931 1814 3986; x_wconf 90' lang='lat' dir='ltr'><strong><em>vir</em></strong></span> 
     </span>
    </p>
   </div>
   <div class='ocr_carea' id='block_1_43' title="bbox 220 4010 1815 4089">
    <p class='ocr_par' dir='ltr' id='par_1_43' title="bbox 220 4010 1815 4089">
     <span class='ocr_line' id='line_1_43' title="bbox 220 4010 1815 4089; baseline 0.008 -27"><span class='ocrx_word' id='word_1_314' title='bbox 220 4010 440 4083; x_wconf 73' lang='lat' dir='ltr'><strong><em>relinquit</em></strong></span> <span class='ocrx_word' id='word_1_315' title='bbox 470 4031 713 4071; x_wconf 82' lang='lat' dir='ltr'><strong><em>uxorem</em></strong></span> <span class='ocrx_word' id='word_1_316' title='bbox 741 4016 875 4071; x_wconf 90' lang='lat' dir='ltr'><strong><em>dato</em></strong></span> <span class='ocrx_word' id='word_1_317' title='bbox 907 4015 1103 4072; x_wconf 83' lang='lat' dir='ltr'><strong><em>libello</em></strong></span> <span class='ocrx_word' id='word_1_318' title='bbox 1156 4017 1407 4089; x_wconf 89' lang='lat' dir='ltr'><strong><em>repudii,</em></strong></span> <span class='ocrx_word' id='word_1_319' title='bbox 1461 4036 1592 4075; x_wconf 90' lang='lat' dir='ltr'><strong><em>cum</em></strong></span> <span class='ocrx_word' id='word_1_320' title='bbox 1638 4036 1815 4076; x_wconf 85' lang='lat' dir='ltr'><strong><em>causa</em></strong></span> 
     </span>
    </p>
   </div>
   <div class='ocr_carea' id='block_1_44' title="bbox 220 4101 1813 4180">
    <p class='ocr_par' dir='ltr' id='par_1_44' title="bbox 220 4101 1813 4180">
     <span class='ocr_line' id='line_1_44' title="bbox 220 4101 1813 4180; baseline 0.008 -30"><span class='ocrx_word' id='word_1_321' title='bbox 220 4112 301 4153; x_wconf 86' lang='lat' dir='ltr'><strong><em>non</em></strong></span> <span class='ocrx_word' id='word_1_322' title='bbox 327 4101 504 4158; x_wconf 77' lang='lat' dir='ltr'><strong><em>existit</em></strong></span> <span class='ocrx_word' id='word_1_323' title='bbox 534 4108 639 4158; x_wconf 85' lang='lat' dir='ltr'><strong><em>aut</em></strong></span> <span class='ocrx_word' id='word_1_324' title='bbox 673 4104 1095 4170; x_wconf 76' lang='lat' dir='ltr'><strong><em>fornicationis,</em></strong></span> <span class='ocrx_word' id='word_1_325' title='bbox 1147 4110 1250 4161; x_wconf 86' lang='lat' dir='ltr'><strong><em>aut</em></strong></span> <span class='ocrx_word' id='word_1_326' title='bbox 1300 4107 1603 4163; x_wconf 86' lang='lat' dir='ltr'><strong><em>obtinendi</em></strong></span> <span class='ocrx_word' id='word_1_327' title='bbox 1653 4107 1813 4180; x_wconf 88' lang='lat' dir='ltr'><strong><em>regni</em></strong></span> 
     </span>
    </p>
   </div>
   <div class='ocr_carea' id='block_1_45' title="bbox 220 4187 1814 4266">
    <p class='ocr_par' dir='ltr' id='par_1_45' title="bbox 220 4187 1814 4266">
     <span class='ocr_line' id='line_1_45' title="bbox 220 4187 1814 4266; baseline 0.009 -28"><span class='ocrx_word' id='word_1_328' title='bbox 220 4187 466 4256; x_wconf 64' lang='lat' dir='ltr'><strong><em>calorum,</em></strong></span> <span class='ocrx_word' id='word_1_329' title='bbox 499 4192 775 4249; x_wconf 89' lang='lat' dir='ltr'><strong><em>similiter</em></strong></span> <span class='ocrx_word' id='word_1_330' title='bbox 808 4194 1179 4266; x_wconf 89' lang='lat' dir='ltr'><strong><em>improbatur</em></strong></span> <span class='ocrx_word' id='word_1_331' title='bbox 1208 4212 1240 4250; x_wconf 93' lang='lat' dir='ltr'><strong><em>a</em></strong></span> <span class='ocrx_word' id='word_1_332' title='bbox 1264 4195 1527 4251; x_wconf 90' lang='lat' dir='ltr'><strong><em>Domino.</em></strong></span> <span class='ocrx_word' id='word_1_333' title='bbox 1578 4198 1663 4253; x_wconf 86' lang='lat' dir='ltr'><strong><em>Ita</em></strong></span> <span class='ocrx_word' id='word_1_334' title='bbox 1710 4212 1814 4254; x_wconf 88' lang='lat' dir='ltr'><strong><em>nec</em></strong></span> 
     </span>
    </p>
   </div>
   <div class='ocr_carea' id='block_1_46' title="bbox 219 4274 1816 4355">
    <p class='ocr_par' dir='ltr' id='par_1_46' title="bbox 219 4274 1816 4355">
     <span class='ocr_line' id='line_1_46' title="bbox 219 4274 1816 4355; baseline 0.009 -27"><span class='ocrx_word' id='word_1_335' title='bbox 219 4274 300 4331; x_wconf 84' lang='lat' dir='ltr'><strong><em>ista</em></strong></span> <span class='ocrx_word' id='word_1_336' title='bbox 322 4279 424 4335; x_wconf 90' lang='lat' dir='ltr'><strong><em>duo</em></strong></span> <span class='ocrx_word' id='word_1_337' title='bbox 453 4282 715 4353; x_wconf 86' lang='lat' dir='ltr'><strong><em>capitula</em></strong></span> <span class='ocrx_word' id='word_1_338' title='bbox 762 4282 1095 4355; x_wconf 87' lang='lat' dir='ltr'><strong><em>evangelica</em></strong></span> <span class='ocrx_word' id='word_1_339' title='bbox 1145 4284 1523 4340; x_wconf 88' lang='lat' dir='ltr'><strong><em>inveniuntur</em></strong></span> <span class='ocrx_word' id='word_1_340' title='bbox 1553 4286 1661 4340; x_wconf 89' lang='lat' dir='ltr'><strong><em>sibi</em></strong></span> <span class='ocrx_word' id='word_1_341' title='bbox 1688 4301 1816 4341; x_wconf 89' lang='lat' dir='ltr'><strong><em>esse</em></strong></span> 
     </span>
    </p>
   </div>
   <div class='ocr_carea' id='block_1_47' title="bbox 221 4369 1818 4446">
    <p class='ocr_par' dir='ltr' id='par_1_47' title="bbox 221 4369 1818 4446">
     <span class='ocr_line' id='line_1_47' title="bbox 221 4369 1818 4446; baseline 0.008 -30"><span class='ocrx_word' id='word_1_342' title='bbox 221 4369 476 4438; x_wconf 81' lang='lat' dir='ltr'><strong><em>contraria,</em></strong></span> <span class='ocrx_word' id='word_1_343' title='bbox 497 4387 601 4427; x_wconf 86' lang='lat' dir='ltr'><strong><em>nec</em></strong></span> <span class='ocrx_word' id='word_1_344' title='bbox 630 4372 1005 4444; x_wconf 85' lang='lat' dir='ltr'><strong><em>Evangelium</em></strong></span> <span class='ocrx_word' id='word_1_345' title='bbox 1028 4372 1220 4428; x_wconf 88' lang='lat' dir='ltr'><strong><em>Veteri</em></strong></span> <span class='ocrx_word' id='word_1_346' title='bbox 1243 4373 1614 4429; x_wconf 86' lang='lat' dir='ltr'><strong><em>Testamento</em></strong></span> <span class='ocrx_word' id='word_1_347' title='bbox 1641 4391 1653 4428; x_wconf 88' lang='lat'>:</span> <span class='ocrx_word' id='word_1_348' title='bbox 1679 4375 1818 4446; x_wconf 91' lang='lat' dir='ltr'><strong><em>quia</em></strong></span> 
     </span>
    </p>
   </div>
   <div class='ocr_carea' id='block_1_48' title="bbox 221 4450 1817 4536">
    <p class='ocr_par' dir='ltr' id='par_1_48' title="bbox 221 4450 1817 4536">
     <span class='ocr_line' id='line_1_48' title="bbox 221 4450 1817 4536; baseline 0.011 -33"><span class='ocrx_word' id='word_1_349' title='bbox 221 4450 275 4505; x_wconf 89' lang='lat' dir='ltr'><strong><em>ibi</em></strong></span> <span class='ocrx_word' id='word_1_350' title='bbox 297 4472 419 4512; x_wconf 81' lang='lat' dir='ltr'><strong><em>uxor</em></strong></span> <span class='ocrx_word' id='word_1_351' title='bbox 445 4459 828 4532; x_wconf 89' lang='lat' dir='ltr'><strong><em>conjungitur</em></strong></span> <span class='ocrx_word' id='word_1_352' title='bbox 860 4460 1002 4531; x_wconf 89' lang='lat' dir='ltr'><strong><em>viro,</em></strong></span> <span class='ocrx_word' id='word_1_353' title='bbox 1037 4466 1101 4516; x_wconf 89' lang='lat' dir='ltr'><strong><em>ut</em></strong></span> <span class='ocrx_word' id='word_1_354' title='bbox 1122 4460 1299 4517; x_wconf 91' lang='lat' dir='ltr'><strong><em>simul</em></strong></span> <span class='ocrx_word' id='word_1_355' title='bbox 1330 4468 1663 4518; x_wconf 87' lang='lat' dir='ltr'><strong><em>mereantur</em></strong></span> <span class='ocrx_word' id='word_1_356' title='bbox 1690 4481 1817 4536; x_wconf 84' lang='lat' dir='ltr'><strong><em>pos-</em></strong></span> 
     </span>
    </p>
   </div>
   <div class='ocr_carea' id='block_1_49' title="bbox 220 4542 1818 4622">
    <p class='ocr_par' dir='ltr' id='par_1_49' title="bbox 220 4542 1818 4622">
     <span class='ocr_line' id='line_1_49' title="bbox 220 4542 1818 4622; baseline 0.01 -29"><span class='ocrx_word' id='word_1_357' title='bbox 220 4542 366 4599; x_wconf 84' lang='lat' dir='ltr'><strong><em>sidere</em></strong></span> <span class='ocrx_word' id='word_1_358' title='bbox 394 4564 636 4620; x_wconf 85' lang='lat' dir='ltr'><strong><em>regnum</em></strong></span> <span class='ocrx_word' id='word_1_359' title='bbox 670 4549 979 4617; x_wconf 67' lang='lat' dir='ltr'><strong><em>caelorum;</em></strong></span> <span class='ocrx_word' id='word_1_360' title='bbox 1031 4555 1089 4604; x_wconf 88' lang='lat' dir='ltr'><strong><em>et</em></strong></span> <span class='ocrx_word' id='word_1_361' title='bbox 1118 4549 1201 4605; x_wconf 84' lang='lat' dir='ltr'><strong><em>ita</em></strong></span> <span class='ocrx_word' id='word_1_362' title='bbox 1248 4568 1391 4605; x_wconf 86' lang='lat' dir='ltr'><strong><em>uxor</em></strong></span> <span class='ocrx_word' id='word_1_363' title='bbox 1439 4552 1818 4622; x_wconf 87' lang='lat' dir='ltr'><strong><em>relinquenda</em></strong></span> 
     </span>
    </p>
   </div>
   <div class='ocr_carea' id='block_1_50' title="bbox 222 4638 1817 4713">
    <p class='ocr_par' dir='ltr' id='par_1_50' title="bbox 222 4638 1817 4713">
     <span class='ocr_line' id='line_1_50' title="bbox 222 4638 1817 4713; baseline 0.009 -29"><span class='ocrx_word' id='word_1_364' title='bbox 222 4643 315 4685; x_wconf 83' lang='lat' dir='ltr'><strong><em>esse</em></strong></span> <span class='ocrx_word' id='word_1_365' title='bbox 336 4638 677 4709; x_wconf 71' lang='lat' dir='ltr'><strong><em>praecipitur,</em></strong></span> <span class='ocrx_word' id='word_1_366' title='bbox 709 4638 757 4694; x_wconf 92' lang='lat' dir='ltr'><strong><em>si</em></strong></span> <span class='ocrx_word' id='word_1_367' title='bbox 790 4638 979 4694; x_wconf 90' lang='lat' dir='ltr'><strong><em>virum</em></strong></span> <span class='ocrx_word' id='word_1_368' title='bbox 1004 4640 1079 4693; x_wconf 93' lang='lat' dir='ltr'><strong><em>im</em></strong></span> <span class='ocrx_word' id='word_1_369' title='bbox 1089 4639 1283 4711; x_wconf 88' lang='lat' dir='ltr'><strong><em>pediat</em></strong></span> <span class='ocrx_word' id='word_1_370' title='bbox 1304 4641 1373 4695; x_wconf 86' lang='lat' dir='ltr'><strong><em>ad</em></strong></span> <span class='ocrx_word' id='word_1_371' title='bbox 1399 4642 1817 4713; x_wconf 90' lang='lat' dir='ltr'><strong><em>possidendum</em></strong></span> 
     </span>
    </p>
   </div>
   <div class='ocr_carea' id='block_1_51' title="bbox 222 4726 749 4791">
    <p class='ocr_par' dir='ltr' id='par_1_51' title="bbox 222 4726 749 4791">
     <span class='ocr_line' id='line_1_51' title="bbox 222 4726 749 4791; baseline 0.017 -17"><span class='ocrx_word' id='word_1_372' title='bbox 222 4733 416 4791; x_wconf 77' lang='lat' dir='ltr'><strong><em>regnum</em></strong></span> <span class='ocrx_word' id='word_1_373' title='bbox 449 4726 749 4783; x_wconf 77' lang='lat' dir='ltr'><strong><em>caelorum.</em></strong></span> 
     </span>
    </p>
   </div>
   <div class='ocr_carea' id='block_1_52' title="bbox 273 4809 1817 4892">
    <p class='ocr_par' dir='ltr' id='par_1_52' title="bbox 273 4809 1817 4892">
     <span class='ocr_line' id='line_1_52' title="bbox 273 4809 1817 4892; baseline 0.01 -31"><span class='ocrx_word' id='word_1_374' title='bbox 273 4809 313 4861; x_wconf 90' lang='lat'>3.</span> <span class='ocrx_word' id='word_1_375' title='bbox 332 4812 388 4866; x_wconf 88' lang='lat' dir='ltr'><strong><em>Et</em></strong></span> <span class='ocrx_word' id='word_1_376' title='bbox 406 4812 530 4870; x_wconf 88' lang='lat' dir='ltr'><strong><em>ideo</em></strong></span> <span class='ocrx_word' id='word_1_377' title='bbox 557 4816 792 4887; x_wconf 89' lang='lat' dir='ltr'><strong><em>quando</em></strong></span> <span class='ocrx_word' id='word_1_378' title='bbox 814 4816 1173 4873; x_wconf 87' lang='lat' dir='ltr'><strong><em>Christianos</em></strong></span> <span class='ocrx_word' id='word_1_379' title='bbox 1197 4822 1477 4890; x_wconf 89' lang='lat' dir='ltr'><strong><em>utrosque</em></strong></span> <span class='ocrx_word' id='word_1_380' title='bbox 1502 4818 1817 4892; x_wconf 86' lang='lat' dir='ltr'><strong><em>Apostolus</em></strong></span> 
     </span>
    </p>
   </div>
   <div class='ocr_carea' id='block_1_53' title="bbox 223 4904 1815 4978">
    <p class='ocr_par' dir='ltr' id='par_1_53' title="bbox 223 4904 1815 4978">
     <span class='ocr_line' id='line_1_53' title="bbox 223 4904 1815 4978; baseline 0.008 -28"><span class='ocrx_word' id='word_1_381' title='bbox 223 4906 392 4970; x_wconf 87' lang='lat' dir='ltr'><strong><em>monet,</em></strong></span> <span class='ocrx_word' id='word_1_382' title='bbox 424 4904 476 4957; x_wconf 90' lang='lat' dir='ltr'><strong><em>id</em></strong></span> <span class='ocrx_word' id='word_1_383' title='bbox 501 4910 611 4972; x_wconf 86' lang='lat' dir='ltr'><strong><em>est,</em></strong></span> <span class='ocrx_word' id='word_1_384' title='bbox 638 4906 877 4961; x_wconf 85' lang='lat' dir='ltr'><strong><em>maritos</em></strong></span> <span class='ocrx_word' id='word_1_385' title='bbox 908 4911 962 4961; x_wconf 90' lang='lat' dir='ltr'><strong><em>et</em></strong></span> <span class='ocrx_word' id='word_1_386' title='bbox 998 4923 1205 4963; x_wconf 85' lang='lat' dir='ltr'><strong><em>uxores</em></strong></span> <span class='ocrx_word' id='word_1_387' title='bbox 1230 4926 1243 4975; x_wconf 89' lang='lat'><strong>;</strong></span> <span class='ocrx_word' id='word_1_388' title='bbox 1269 4925 1461 4964; x_wconf 89' lang='lat' dir='ltr'><strong><em>nonne</em></strong></span> <span class='ocrx_word' id='word_1_389' title='bbox 1482 4909 1560 4963; x_wconf 80' lang='lat' dir='ltr'><strong><em>ita</em></strong></span> <span class='ocrx_word' id='word_1_390' title='bbox 1584 4908 1815 4978; x_wconf 86' lang='lat' dir='ltr'><strong><em>dicitur,</em></strong></span> 
     </span>
    </p>
   </div>
   <div class='ocr_carea' id='block_1_54' title="bbox 222 4983 1819 5062">
    <p class='ocr_par' dir='ltr' id='par_1_54' title="bbox 222 4983 1819 5062">
     <span class='ocr_line' id='line_1_54' title="bbox 222 4983 1819 5062; baseline 0.009 -25"><span class='ocrx_word' id='word_1_391' title='bbox 222 4983 402 5056; x_wconf 79' lang='lat' dir='ltr'><strong><em>Diligite</em></strong></span> <span class='ocrx_word' id='word_1_392' title='bbox 420 5008 621 5049; x_wconf 72' lang='lat' dir='ltr'><strong><em>uxores</em></strong></span> <span class='ocrx_word' id='word_1_393' title='bbox 650 4998 876 5062; x_wconf 85' lang='lat' dir='ltr'><strong><em>vestras,</em></strong></span> <span class='ocrx_word' id='word_1_394' title='bbox 900 4996 1039 5050; x_wconf 87' lang='lat' dir='ltr'><strong><em>sicut</em></strong></span> <span class='ocrx_word' id='word_1_395' title='bbox 1059 5000 1111 5049; x_wconf 84' lang='lat' dir='ltr'><strong><em>et</em></strong></span> <span class='ocrx_word' id='word_1_396' title='bbox 1142 4995 1392 5051; x_wconf 84' lang='lat' dir='ltr'><strong><em>Christus</em></strong></span> <span class='ocrx_word' id='word_1_397' title='bbox 1412 4997 1613 5052; x_wconf 74' lang='lat' dir='ltr'><strong><em>dilexit</em></strong></span> <span class='ocrx_word' id='word_1_398' title='bbox 1632 4998 1819 5053; x_wconf 86' lang='lat' dir='ltr'><strong><em>Eccle-</em></strong></span> 
     </span>
    </p>
   </div>
   <div class='ocr_carea' id='block_1_55' title="bbox 221 5074 1817 5155">
    <p class='ocr_par' dir='ltr' id='par_1_55' title="bbox 221 5074 1817 5155">
     <span class='ocr_line' id='line_1_55' title="bbox 221 5074 1817 5155; baseline 0.008 -25"><span class='ocrx_word' id='word_1_399' title='bbox 221 5074 345 5141; x_wconf 71' lang='lat' dir='ltr'><strong><em>sium,</em></strong></span> <span class='ocrx_word' id='word_1_400' title='bbox 373 5084 418 5134; x_wconf 85' lang='lat' dir='ltr'><strong><em>et</em></strong></span> <span class='ocrx_word' id='word_1_401' title='bbox 438 5084 669 5138; x_wconf 81' lang='lat' dir='ltr'><strong><em>tradidit</em></strong></span> <span class='ocrx_word' id='word_1_402' title='bbox 694 5100 750 5138; x_wconf 92' lang='lat' dir='ltr'><strong><em>se</em></strong></span> <span class='ocrx_word' id='word_1_403' title='bbox 780 5086 960 5155; x_wconf 88' lang='lat' dir='ltr'><strong><em>ipsum</em></strong></span> <span class='ocrx_word' id='word_1_404' title='bbox 978 5101 1085 5155; x_wconf 85' lang='lat' dir='ltr'><strong><em>pro</em></strong></span> <span class='ocrx_word' id='word_1_405' title='bbox 1114 5088 1224 5139; x_wconf 80' lang='lat' dir='ltr'><strong><em>ea?</em></strong></span> <span class='ocrx_word' id='word_1_406' title='bbox 1268 5091 1343 5153; x_wconf 87' lang='lat' dir='ltr'><strong><em>et,</em></strong></span> <span class='ocrx_word' id='word_1_407' title='bbox 1378 5086 1633 5142; x_wconf 79' lang='lat' dir='ltr'><strong><em>Mulieres</em></strong></span> <span class='ocrx_word' id='word_1_408' title='bbox 1684 5086 1817 5142; x_wconf 87' lang='lat' dir='ltr'><strong><em>viris</em></strong></span> 
     </span>
    </p>
   </div>
   <div class='ocr_carea' id='block_1_56' title="bbox 224 5164 1817 5244">
    <p class='ocr_par' dir='ltr' id='par_1_56' title="bbox 224 5164 1817 5244">
     <span class='ocr_line' id='line_1_56' title="bbox 224 5164 1817 5244; baseline 0.01 -28"><span class='ocrx_word' id='word_1_409' title='bbox 224 5164 310 5215; x_wconf 64' lang='lat' dir='ltr'><strong><em>suis</em></strong></span> <span class='ocrx_word' id='word_1_410' title='bbox 332 5168 548 5225; x_wconf 75' lang='lat' dir='ltr'><strong><em>subditae</em></strong></span> <span class='ocrx_word' id='word_1_411' title='bbox 575 5173 692 5227; x_wconf 87' lang='lat' dir='ltr'><strong><em>sint</em></strong></span> <span class='ocrx_word' id='word_1_412' title='bbox 721 5176 878 5242; x_wconf 85' lang='lat' dir='ltr'><strong><em>quasi</em></strong></span> <span class='ocrx_word' id='word_1_413' title='bbox 887 5174 1139 5234; x_wconf 76' lang='lat' dir='ltr'><strong><em>Domino;</em></strong></span> <span class='ocrx_word' id='word_1_414' title='bbox 1164 5173 1301 5244; x_wconf 90' lang='lat' dir='ltr'><strong><em>quia</em></strong></span> <span class='ocrx_word' id='word_1_415' title='bbox 1318 5180 1375 5229; x_wconf 91' lang='lat' dir='ltr'><strong><em>et</em></strong></span> <span class='ocrx_word' id='word_1_416' title='bbox 1396 5174 1653 5231; x_wconf 88' lang='lat' dir='ltr'><strong><em>Ecclesia</em></strong></span> <span class='ocrx_word' id='word_1_417' title='bbox 1677 5177 1817 5232; x_wconf 86' lang='lat' dir='ltr'><strong><em>sub-</em></strong></span> 
     </span>
    </p>
   </div>
   <div class='ocr_carea' id='block_1_57' title="bbox 226 5248 1819 5333">
    <p class='ocr_par' dir='ltr' id='par_1_57' title="bbox 226 5248 1819 5333">
     <span class='ocr_line' id='line_1_57' title="bbox 226 5248 1819 5333; baseline 0.011 -31"><span class='ocrx_word' id='word_1_418' title='bbox 226 5248 315 5306; x_wconf 78' lang='lat' dir='ltr'><strong><em>dita</em></strong></span> <span class='ocrx_word' id='word_1_419' title='bbox 337 5262 415 5311; x_wconf 89' lang='lat' dir='ltr'><strong><em>est</em></strong></span> <span class='ocrx_word' id='word_1_420' title='bbox 448 5258 706 5315; x_wconf 83' lang='lat' dir='ltr'><strong><em>Christo?</em></strong></span> <span class='ocrx_word' id='word_1_421' title='bbox 727 5261 850 5316; x_wconf 91' lang='lat' dir='ltr'><strong><em>Non</em></strong></span> <span class='ocrx_word' id='word_1_422' title='bbox 884 5261 1029 5317; x_wconf 89' lang='lat' dir='ltr'><strong><em>illud</em></strong></span> <span class='ocrx_word' id='word_1_423' title='bbox 1055 5264 1209 5333; x_wconf 87' lang='lat' dir='ltr'><strong><em>quod</em></strong></span> <span class='ocrx_word' id='word_1_424' title='bbox 1232 5261 1329 5317; x_wconf 88' lang='lat' dir='ltr'><strong><em>isti</em></strong></span> <span class='ocrx_word' id='word_1_425' title='bbox 1356 5264 1553 5319; x_wconf 90' lang='lat' dir='ltr'><strong><em>miseri</em></strong></span> <span class='ocrx_word' id='word_1_426' title='bbox 1575 5265 1819 5321; x_wconf 86' lang='lat' dir='ltr'><strong><em>irrident</em></strong></span> 
     </span>
    </p>
   </div>
   <div class='ocr_carea' id='block_1_58' title="bbox 226 5336 1815 5425">
    <p class='ocr_par' dir='ltr' id='par_1_58' title="bbox 226 5336 1815 5425">
     <span class='ocr_line' id='line_1_58' title="bbox 226 5336 1815 5425; baseline 0.009 -30"><span class='ocrx_word' id='word_1_427' title='bbox 226 5336 268 5391; x_wconf 84' lang='lat' dir='ltr'><strong><em>in</em></strong></span> <span class='ocrx_word' id='word_1_428' title='bbox 305 5341 472 5401; x_wconf 85' lang='lat' dir='ltr'><strong><em>Veteri</em></strong></span> <span class='ocrx_word' id='word_1_429' title='bbox 504 5348 899 5419; x_wconf 84' lang='lat' dir='ltr'><strong><em>Testamento,</em></strong></span> <span class='ocrx_word' id='word_1_430' title='bbox 947 5352 1099 5421; x_wconf 92' lang='lat' dir='ltr'><strong><em>quod</em></strong></span> <span class='ocrx_word' id='word_1_431' title='bbox 1131 5350 1415 5423; x_wconf 89' lang='lat' dir='ltr'><strong><em>scriptum</em></strong></span> <span class='ocrx_word' id='word_1_432' title='bbox 1462 5358 1569 5421; x_wconf 90' lang='lat' dir='ltr'><strong><em>est,</em></strong></span> <span class='ocrx_word' id='word_1_433' title='bbox 1594 5356 1815 5425; x_wconf 88' lang='lat' dir='ltr'><strong><em>Propte-</em></strong></span> 
     </span>
    </p>
   </div>
   <div class='ocr_carea' id='block_1_59' title="bbox 228 5436 1815 5511">
    <p class='ocr_par' dir='ltr' id='par_1_59' title="bbox 228 5436 1815 5511">
     <span class='ocr_line' id='line_1_59' title="bbox 228 5436 1815 5511; baseline 0.011 -29"><span class='ocrx_word' id='word_1_434' title='bbox 228 5441 294 5483; x_wconf 79' lang='lat' dir='ltr'><strong><em>rea</em></strong></span> <span class='ocrx_word' id='word_1_435' title='bbox 320 5436 573 5507; x_wconf 85' lang='lat' dir='ltr'><strong><em>relinquet</em></strong></span> <span class='ocrx_word' id='word_1_436' title='bbox 602 5438 758 5493; x_wconf 90' lang='lat' dir='ltr'><strong><em>homo</em></strong></span> <span class='ocrx_word' id='word_1_437' title='bbox 788 5444 1003 5511; x_wconf 85' lang='lat' dir='ltr'><strong><em>patrem</em></strong></span> <span class='ocrx_word' id='word_1_438' title='bbox 1049 5443 1103 5494; x_wconf 88' lang='lat' dir='ltr'><strong><em>et</em></strong></span> <span class='ocrx_word' id='word_1_439' title='bbox 1144 5443 1399 5507; x_wconf 86' lang='lat' dir='ltr'><strong><em>matrem,</em></strong></span> <span class='ocrx_word' id='word_1_440' title='bbox 1458 5448 1509 5497; x_wconf 90' lang='lat' dir='ltr'><strong><em>et</em></strong></span> <span class='ocrx_word' id='word_1_441' title='bbox 1568 5442 1815 5500; x_wconf 61' lang='lat' dir='ltr'><strong><em>adhaere-</em></strong></span> 
     </span>
    </p>
   </div>
   <div class='ocr_carea' id='block_1_60' title="bbox 230 5512 1815 5604">
    <p class='ocr_par' dir='ltr' id='par_1_60' title="bbox 230 5512 1815 5604">
     <span class='ocr_line' id='line_1_60' title="bbox 230 5512 1815 5604; baseline 0.007 -28"><span class='ocrx_word' id='word_1_442' title='bbox 230 5512 284 5567; x_wconf 63' lang='lat' dir='ltr'><strong><em>bit</em></strong></span> <span class='ocrx_word' id='word_1_443' title='bbox 304 5527 445 5578; x_wconf 70' lang='lat' dir='ltr'><strong><em>uari</em></strong></span> <span class='ocrx_word' id='word_1_444' title='bbox 470 5542 612 5592; x_wconf 74' lang='lat' dir='ltr'><strong><em>suae,</em></strong></span> <span class='ocrx_word' id='word_1_445' title='bbox 644 5532 691 5582; x_wconf 88' lang='lat' dir='ltr'><strong><em>et</em></strong></span> <span class='ocrx_word' id='word_1_446' title='bbox 718 5534 878 5584; x_wconf 89' lang='lat' dir='ltr'><strong><em>erunt</em></strong></span> <span class='ocrx_word' id='word_1_447' title='bbox 906 5528 1011 5584; x_wconf 90' lang='lat' dir='ltr'><strong><em>duo</em></strong></span> <span class='ocrx_word' id='word_1_448' title='bbox 1040 5530 1099 5584; x_wconf 90' lang='lat' dir='ltr'><strong><em>in</em></strong></span> <span class='ocrx_word' id='word_1_449' title='bbox 1130 5546 1292 5585; x_wconf 81' lang='lat' dir='ltr'><strong><em>came</em></strong></span> <span class='ocrx_word' id='word_1_450' title='bbox 1330 5546 1463 5597; x_wconf 88' lang='lat' dir='ltr'><strong><em>una,</em></strong></span> <span class='ocrx_word' id='word_1_451' title='bbox 1512 5530 1570 5586; x_wconf 90' lang='lat' dir='ltr'><strong><em>in</em></strong></span> <span class='ocrx_word' id='word_1_452' title='bbox 1606 5549 1815 5604; x_wconf 91' lang='lat' dir='ltr'><strong><em>magno</em></strong></span> 
     </span>
    </p>
   </div>
   <div class='ocr_carea' id='block_1_61' title="bbox 231 5616 1819 5690">
    <p class='ocr_par' dir='ltr' id='par_1_61' title="bbox 231 5616 1819 5690">
     <span class='ocr_line' id='line_1_61' title="bbox 231 5616 1819 5690; baseline 0.008 -26"><span class='ocrx_word' id='word_1_453' title='bbox 231 5616 543 5671; x_wconf 63' lang='lat' dir='ltr'><strong><em>sacramento</em></strong></span> <span class='ocrx_word' id='word_1_454' title='bbox 575 5616 727 5672; x_wconf 89' lang='lat' dir='ltr'><strong><em>idem</em></strong></span> <span class='ocrx_word' id='word_1_455' title='bbox 762 5618 1065 5689; x_wconf 87' lang='lat' dir='ltr'><strong><em>apostolus</em></strong></span> <span class='ocrx_word' id='word_1_456' title='bbox 1111 5618 1341 5690; x_wconf 87' lang='lat' dir='ltr'><strong><em>accipit,</em></strong></span> <span class='ocrx_word' id='word_1_457' title='bbox 1375 5636 1508 5674; x_wconf 89' lang='lat' dir='ltr'><strong><em>curn</em></strong></span> <span class='ocrx_word' id='word_1_458' title='bbox 1541 5620 1685 5676; x_wconf 89' lang='lat' dir='ltr'><strong><em>dicit</em></strong></span> <span class='ocrx_word' id='word_1_459' title='bbox 1716 5622 1819 5677; x_wconf 87' lang='lat' dir='ltr'><strong><em>Sa-</em></strong></span> 
     </span>
    </p>
   </div>
   <div class='ocr_carea' id='block_1_62' title="bbox 229 5703 1816 5779">
    <p class='ocr_par' dir='ltr' id='par_1_62' title="bbox 229 5703 1816 5779">
     <span class='ocr_line' id='line_1_62' title="bbox 229 5703 1816 5779; baseline 0.01 -27"><span class='ocrx_word' id='word_1_460' title='bbox 229 5704 513 5758; x_wconf 67' lang='lat' dir='ltr'><strong><em>a&#39;amentum</em></strong></span> <span class='ocrx_word' id='word_1_461' title='bbox 536 5703 639 5759; x_wconf 87' lang='lat' dir='ltr'><strong><em>hoc</em></strong></span> <span class='ocrx_word' id='word_1_462' title='bbox 654 5722 911 5778; x_wconf 89' lang='lat' dir='ltr'><strong><em>magnum</em></strong></span> <span class='ocrx_word' id='word_1_463' title='bbox 930 5710 1027 5779; x_wconf 88' lang='lat' dir='ltr'><strong><em>est,</em></strong></span> <span class='ocrx_word' id='word_1_464' title='bbox 1051 5722 1145 5778; x_wconf 87' lang='lat' dir='ltr'><strong><em>ego</em></strong></span> <span class='ocrx_word' id='word_1_465' title='bbox 1162 5715 1351 5763; x_wconf 85' lang='lat' dir='ltr'><strong><em>autem</em></strong></span> <span class='ocrx_word' id='word_1_466' title='bbox 1367 5707 1487 5764; x_wconf 84' lang='lat' dir='ltr'><strong><em>dico</em></strong></span> <span class='ocrx_word' id='word_1_467' title='bbox 1512 5708 1571 5764; x_wconf 88' lang='lat' dir='ltr'><strong><em>in</em></strong></span> <span class='ocrx_word' id='word_1_468' title='bbox 1597 5709 1816 5768; x_wconf 84' lang='lat' dir='ltr'><strong><em>Christo</em></strong></span> 
     </span>
    </p>
   </div>
   <div class='ocr_carea' id='block_1_63' title="bbox 230 5782 1816 5869">
    <p class='ocr_par' dir='ltr' id='par_1_63' title="bbox 230 5782 1816 5869">
     <span class='ocr_line' id='line_1_63' title="bbox 230 5782 1816 5869; baseline 0.018 -35"><span class='ocrx_word' id='word_1_469' title='bbox 230 5782 336 5841; x_wconf 79' lang='lat' dir='ltr'><strong><em>etin</em></strong></span> <span class='ocrx_word' id='word_1_470' title='bbox 359 5788 633 5851; x_wconf 78' lang='lat' dir='ltr'><strong><em>Ecclesia?</em></strong></span> <span class='ocrx_word' id='word_1_471' title='bbox 658 5794 873 5855; x_wconf 86' lang='lat' dir='ltr'><strong><em>Deinde</em></strong></span> <span class='ocrx_word' id='word_1_472' title='bbox 900 5796 1228 5869; x_wconf 77' lang='lat' dir='ltr'><strong><em>subjungit.</em></strong></span> <span class='ocrx_word' id='word_1_473' title='bbox 1262 5796 1641 5856; x_wconf 82' lang='lat' dir='ltr'><strong><em>Verumtamen</em></strong></span> <span class='ocrx_word' id='word_1_474' title='bbox 1668 5816 1816 5863; x_wconf 78' lang='lat' dir='ltr'><strong><em>unu-</em></strong></span> 
     </span>
    </p>
   </div>
   <div class='ocr_carea' id='block_1_64' title="bbox 3440 329 3557 391">
    <p class='ocr_par' dir='ltr' id='par_1_64' title="bbox 3440 329 3557 391">
     <span class='ocr_line' id='line_1_64' title="bbox 3440 329 3557 391; baseline 0.026 -3"><span class='ocrx_word' id='word_1_475' title='bbox 3440 329 3557 391; x_wconf 67' lang='grc'><strong><em>134</em></strong></span> 
     </span>
    </p>
   </div>
   <div class='ocr_carea' id='block_1_65' title="bbox 1906 452 3553 531">
    <p class='ocr_par' dir='ltr' id='par_1_65' title="bbox 1906 452 3553 531">
     <span class='ocr_line' id='line_1_65' title="bbox 1906 452 3553 531; baseline 0.008 -27"><span class='ocrx_word' id='word_1_476' title='bbox 1906 452 2157 522; x_wconf 73' lang='lat' dir='ltr'><strong><em>squisque</em></strong></span> <span class='ocrx_word' id='word_1_477' title='bbox 2191 468 2420 508; x_wconf 73' lang='lat' dir='ltr'><strong><em>uxorem</em></strong></span> <span class='ocrx_word' id='word_1_478' title='bbox 2449 471 2599 509; x_wconf 91' lang='lat' dir='ltr'><strong><em>suam</em></strong></span> <span class='ocrx_word' id='word_1_479' title='bbox 2632 457 2769 511; x_wconf 83' lang='lat' dir='ltr'><strong><em>sicut</em></strong></span> <span class='ocrx_word' id='word_1_480' title='bbox 2799 472 2857 512; x_wconf 90' lang='lat' dir='ltr'><strong><em>se</em></strong></span> <span class='ocrx_word' id='word_1_481' title='bbox 2884 458 3063 528; x_wconf 87' lang='lat' dir='ltr'><strong><em>ipsum</em></strong></span> <span class='ocrx_word' id='word_1_482' title='bbox 3093 459 3320 531; x_wconf 83' lang='lat' dir='ltr'><strong><em>diligat;</em></strong></span> <span class='ocrx_word' id='word_1_483' title='bbox 3349 460 3553 519; x_wconf 85' lang='lat' dir='ltr'><strong><em>multer</em></strong></span> 
     </span>
    </p>
   </div>
   <div class='ocr_carea' id='block_1_66' title="bbox 1911 544 3546 628">
    <p class='ocr_par' dir='ltr' id='par_1_66' title="bbox 1911 544 3546 628">
     <span class='ocr_line' id='line_1_66' title="bbox 1911 544 3546 628; baseline 0.012 -36"><span class='ocrx_word' id='word_1_484' title='bbox 1911 544 2095 628; x_wconf 81' lang='lat' dir='ltr'><strong><em>autem</em></strong></span> <span class='ocrx_word' id='word_1_485' title='bbox 2124 549 2185 595; x_wconf 89' lang='lat' dir='ltr'><strong><em>ut</em></strong></span> <span class='ocrx_word' id='word_1_486' title='bbox 2211 544 2398 597; x_wconf 86' lang='lat' dir='ltr'><strong><em>timeat</em></strong></span> <span class='ocrx_word' id='word_1_487' title='bbox 2430 546 2605 599; x_wconf 88' lang='lat' dir='ltr'><strong><em>virum</em></strong></span> <span class='ocrx_word' id='word_1_488' title='bbox 2637 544 2851 617; x_wconf 79' lang='lat' dir='ltr'><strong><em>(Ep/tes.</em></strong></span> <span class='ocrx_word' id='word_1_489' title='bbox 2876 564 2930 615; x_wconf 91' lang='lat' dir='ltr'><strong><em>v,</em></strong></span> <span class='ocrx_word' id='word_1_490' title='bbox 2954 548 3044 619; x_wconf 84' lang='lat'><strong><em>25,</em></strong></span> <span class='ocrx_word' id='word_1_491' title='bbox 3076 550 3165 617; x_wconf 86' lang='lat'><strong><em>22,</em></strong></span> <span class='ocrx_word' id='word_1_492' title='bbox 3189 552 3279 617; x_wconf 85' lang='lat' dir='ltr'><strong><em>3t,</em></strong></span> <span class='ocrx_word' id='word_1_493' title='bbox 3311 554 3401 619; x_wconf 85' lang='lat'><strong><em>32,</em></strong></span> <span class='ocrx_word' id='word_1_494' title='bbox 3432 556 3546 628; x_wconf 87' lang='lat'><strong><em>33).</em></strong></span> 
     </span>
    </p>
   </div>
   <div class='ocr_carea' id='block_1_67' title="bbox 1909 627 3549 713">
    <p class='ocr_par' dir='ltr' id='par_1_67' title="bbox 1909 627 3549 713">
     <span class='ocr_line' id='line_1_67' title="bbox 1909 627 3549 713; baseline 0.012 -31"><span class='ocrx_word' id='word_1_495' title='bbox 1909 627 2111 683; x_wconf 91' lang='lat' dir='ltr'><strong><em>Nonne</em></strong></span> <span class='ocrx_word' id='word_1_496' title='bbox 2161 629 2271 684; x_wconf 86' lang='lat' dir='ltr'><strong><em>alio</em></strong></span> <span class='ocrx_word' id='word_1_497' title='bbox 2304 630 2428 686; x_wconf 89' lang='lat' dir='ltr'><strong><em>loco</em></strong></span> <span class='ocrx_word' id='word_1_498' title='bbox 2468 634 2893 691; x_wconf 89' lang='lat' dir='ltr'><strong><em>evidentissime</em></strong></span> <span class='ocrx_word' id='word_1_499' title='bbox 2938 627 3549 713; x_wconf 56' lang='lat' dir='ltr'><strong><em>ostenditgutriusque</em></strong></span> 
     </span>
    </p>
   </div>
   <div class='ocr_carea' id='block_1_68' title="bbox 1909 725 3546 799">
    <p class='ocr_par' dir='ltr' id='par_1_68' title="bbox 1909 725 3546 799">
     <span class='ocr_line' id='line_1_68' title="bbox 1909 725 3546 799; baseline 0.012 -28"><span class='ocrx_word' id='word_1_500' title='bbox 1909 734 2083 773; x_wconf 81' lang='lat' dir='ltr'><strong><em>sexus</em></strong></span> <span class='ocrx_word' id='word_1_501' title='bbox 2140 725 2197 774; x_wconf 92' lang='lat' dir='ltr'><strong><em>et</em></strong></span> <span class='ocrx_word' id='word_1_502' title='bbox 2268 725 2536 776; x_wconf 86' lang='lat' dir='ltr'><strong><em>naturam</em></strong></span> <span class='ocrx_word' id='word_1_503' title='bbox 2588 729 2644 777; x_wconf 90' lang='lat' dir='ltr'><strong><em>et</em></strong></span> <span class='ocrx_word' id='word_1_504' title='bbox 2701 726 3251 799; x_wconf 51' lang='lat' dir='ltr'><strong><em>conjunctioncha</em></strong></span> <span class='ocrx_word' id='word_1_505' title='bbox 3301 732 3546 790; x_wconf 84' lang='lat' dir='ltr'><strong><em>Domino</em></strong></span> 
     </span>
    </p>
   </div>
   <div class='ocr_carea' id='block_1_69' title="bbox 1911 808 3553 884">
    <p class='ocr_par' dir='ltr' id='par_1_69' title="bbox 1911 808 3553 884">
     <span class='ocr_line' id='line_1_69' title="bbox 1911 808 3553 884; baseline 0.01 -24"><span class='ocrx_word' id='word_1_506' title='bbox 1911 811 2021 861; x_wconf 88' lang='lat' dir='ltr'><strong><em>Deo</em></strong></span> <span class='ocrx_word' id='word_1_507' title='bbox 2050 808 2347 863; x_wconf 90' lang='lat' dir='ltr'><strong><em>conditore</em></strong></span> <span class='ocrx_word' id='word_1_508' title='bbox 2378 814 2551 880; x_wconf 85' lang='lat' dir='ltr'><strong><em>atque</em></strong></span> <span class='ocrx_word' id='word_1_509' title='bbox 2583 810 2912 867; x_wconf 87' lang='lat' dir='ltr'><strong><em>ordinatore</em></strong></span> <span class='ocrx_word' id='word_1_510' title='bbox 2942 816 3277 884; x_wconf 80' lang='lat' dir='ltr'><strong><em>consistere,</em></strong></span> <span class='ocrx_word' id='word_1_511' title='bbox 3312 838 3444 875; x_wconf 90' lang='lat' dir='ltr'><strong><em>cum</em></strong></span> <span class='ocrx_word' id='word_1_512' title='bbox 3468 823 3553 877; x_wconf 80' lang='lat' dir='ltr'><strong><em>di—</em></strong></span> 
     </span>
    </p>
   </div>
   <div class='ocr_carea' id='block_1_70' title="bbox 1910 896 3554 981">
    <p class='ocr_par' dir='ltr' id='par_1_70' title="bbox 1910 896 3554 981">
     <span class='ocr_line' id='line_1_70' title="bbox 1910 896 3554 981; baseline 0.011 -32"><span class='ocrx_word' id='word_1_513' title='bbox 1910 896 2024 949; x_wconf 86' lang='lat' dir='ltr'><strong><em>cit:</em></strong></span> <span class='ocrx_word' id='word_1_514' title='bbox 2060 900 2450 951; x_wconf 81' lang='lat' dir='ltr'><strong><em>Verumtamen</em></strong></span> <span class='ocrx_word' id='word_1_515' title='bbox 2483 915 2655 968; x_wconf 88' lang='lat' dir='ltr'><strong><em>neque</em></strong></span> <span class='ocrx_word' id='word_1_516' title='bbox 2688 902 2886 956; x_wconf 88' lang='lat' dir='ltr'><strong><em>mulier</em></strong></span> <span class='ocrx_word' id='word_1_517' title='bbox 2912 905 3033 959; x_wconf 87' lang='lat' dir='ltr'><strong><em>sine</em></strong></span> <span class='ocrx_word' id='word_1_518' title='bbox 3076 906 3210 973; x_wconf 71' lang='lat' dir='ltr'><strong><em>viro,</em></strong></span> <span class='ocrx_word' id='word_1_519' title='bbox 3246 926 3419 981; x_wconf 88' lang='lat' dir='ltr'><strong><em>neque</em></strong></span> <span class='ocrx_word' id='word_1_520' title='bbox 3468 913 3554 967; x_wconf 85' lang='lat' dir='ltr'><strong><em>vir</em></strong></span> 
     </span>
    </p>
   </div>
   <div class='ocr_carea' id='block_1_71' title="bbox 1908 985 3553 1069">
    <p class='ocr_par' dir='ltr' id='par_1_71' title="bbox 1908 985 3553 1069">
     <span class='ocr_line' id='line_1_71' title="bbox 1908 985 3553 1069; baseline 0.012 -31"><span class='ocrx_word' id='word_1_521' title='bbox 1908 986 2027 1039; x_wconf 72' lang='lat' dir='ltr'><strong><em>sine</em></strong></span> <span class='ocrx_word' id='word_1_522' title='bbox 2054 985 2313 1041; x_wconf 78' lang='lat' dir='ltr'><strong><em>muliere.</em></strong></span> <span class='ocrx_word' id='word_1_523' title='bbox 2349 988 2407 1041; x_wconf 88' lang='lat' dir='ltr'><strong><em>in</em></strong></span> <span class='ocrx_word' id='word_1_524' title='bbox 2438 988 2685 1044; x_wconf 87' lang='lat' dir='ltr'><strong><em>Domino.</em></strong></span> <span class='ocrx_word' id='word_1_525' title='bbox 2720 989 2869 1044; x_wconf 86' lang='lat' dir='ltr'><strong><em>Sicut</em></strong></span> <span class='ocrx_word' id='word_1_526' title='bbox 2897 995 3048 1047; x_wconf 85' lang='lat' dir='ltr'><strong><em>enim</em></strong></span> <span class='ocrx_word' id='word_1_527' title='bbox 3077 998 3282 1051; x_wconf 88' lang='lat' dir='ltr'><strong><em>mulier</em></strong></span> <span class='ocrx_word' id='word_1_528' title='bbox 3318 1015 3389 1055; x_wconf 76' lang='lat' dir='ltr'><strong><em>ea:</em></strong></span> <span class='ocrx_word' id='word_1_529' title='bbox 3414 1002 3553 1069; x_wconf 85' lang='lat' dir='ltr'><strong><em>viro,</em></strong></span> 
     </span>
    </p>
   </div>
   <div class='ocr_carea' id='block_1_72' title="bbox 1910 1075 3551 1159">
    <p class='ocr_par' dir='ltr' id='par_1_72' title="bbox 1910 1075 3551 1159">
     <span class='ocr_line' id='line_1_72' title="bbox 1910 1075 3551 1159; baseline 0.011 -31"><span class='ocrx_word' id='word_1_530' title='bbox 1910 1075 1986 1128; x_wconf 91' lang='lat' dir='ltr'><strong><em>ita</em></strong></span> <span class='ocrx_word' id='word_1_531' title='bbox 2021 1082 2071 1129; x_wconf 87' lang='lat' dir='ltr'><strong><em>et</em></strong></span> <span class='ocrx_word' id='word_1_532' title='bbox 2098 1077 2185 1129; x_wconf 89' lang='lat' dir='ltr'><strong><em>vir</em></strong></span> <span class='ocrx_word' id='word_1_533' title='bbox 2208 1092 2305 1146; x_wconf 85' lang='lat' dir='ltr'><strong><em>per</em></strong></span> <span class='ocrx_word' id='word_1_534' title='bbox 2330 1076 2625 1131; x_wconf 87' lang='lat' dir='ltr'><strong><em>mulierem</em></strong></span> <span class='ocrx_word' id='word_1_535' title='bbox 2660 1096 2673 1134; x_wconf 91' lang='lat'><strong>:</strong></span> <span class='ocrx_word' id='word_1_536' title='bbox 2708 1082 2907 1136; x_wconf 85' lang='lat' dir='ltr'><strong><em>omnia</em></strong></span> <span class='ocrx_word' id='word_1_537' title='bbox 2922 1087 3101 1137; x_wconf 88' lang='lat' dir='ltr'><strong><em>autem</em></strong></span> <span class='ocrx_word' id='word_1_538' title='bbox 3125 1100 3195 1139; x_wconf 74' lang='lat' dir='ltr'><strong><em>ex</em></strong></span> <span class='ocrx_word' id='word_1_539' title='bbox 3214 1088 3321 1142; x_wconf 86' lang='lat' dir='ltr'><strong><em>Deo</em></strong></span> <span class='ocrx_word' id='word_1_540' title='bbox 3338 1089 3403 1159; x_wconf 84' lang='lat'><strong><em>(1.</em></strong></span> <span class='ocrx_word' id='word_1_541' title='bbox 3430 1090 3551 1147; x_wconf 83' lang='lat' dir='ltr'><strong><em>Cor.</em></strong></span> 
     </span>
    </p>
   </div>
   <div class='ocr_carea' id='block_1_73' title="bbox 1908 1163 3551 1236">
    <p class='ocr_par' dir='ltr' id='par_1_73' title="bbox 1908 1163 3551 1236">
     <span class='ocr_line' id='line_1_73' title="bbox 1908 1163 3551 1236; baseline 0.011 -19"><span class='ocrx_word' id='word_1_542' title='bbox 1908 1180 1987 1230; x_wconf 77' lang='lat' dir='ltr'><strong><em>x1,</em></strong></span> <span class='ocrx_word' id='word_1_543' title='bbox 2021 1163 2109 1232; x_wconf 82' lang='lat' dir='ltr'><strong><em>H,</em></strong></span> <span class='ocrx_word' id='word_1_544' title='bbox 2145 1165 2275 1236; x_wconf 75' lang='lat'><strong><em>12)?</em></strong></span> <span class='ocrx_word' id='word_1_545' title='bbox 2323 1167 2480 1231; x_wconf 90' lang='lat' dir='ltr'><strong><em>Quod</em></strong></span> <span class='ocrx_word' id='word_1_546' title='bbox 2518 1166 2613 1222; x_wconf 89' lang='lat' dir='ltr'><strong><em>isti</em></strong></span> <span class='ocrx_word' id='word_1_547' title='bbox 2663 1168 2709 1223; x_wconf 92' lang='lat' dir='ltr'><strong><em>si</em></strong></span> <span class='ocrx_word' id='word_1_548' title='bbox 2763 1170 3133 1229; x_wconf 86' lang='lat' dir='ltr'><strong><em>considerare</em></strong></span> <span class='ocrx_word' id='word_1_549' title='bbox 3171 1174 3400 1234; x_wconf 64' lang='lat' dir='ltr'><strong><em>vellent,</em></strong></span> <span class='ocrx_word' id='word_1_550' title='bbox 3438 1196 3551 1235; x_wconf 83' lang='lat' dir='ltr'><strong><em>non</em></strong></span> 
     </span>
    </p>
   </div>
   <div class='ocr_carea' id='block_1_74' title="bbox 1910 1252 3553 1328">
    <p class='ocr_par' dir='ltr' id='par_1_74' title="bbox 1910 1252 3553 1328">
     <span class='ocr_line' id='line_1_74' title="bbox 1910 1252 3553 1328; baseline 0.011 -23"><span class='ocrx_word' id='word_1_551' title='bbox 1910 1252 2262 1324; x_wconf 87' lang='lat' dir='ltr'><strong><em>quibusdam</em></strong></span> <span class='ocrx_word' id='word_1_552' title='bbox 2297 1253 2568 1325; x_wconf 90' lang='lat' dir='ltr'><strong><em>capitulis</em></strong></span> <span class='ocrx_word' id='word_1_553' title='bbox 2600 1258 2884 1328; x_wconf 87' lang='lat' dir='ltr'><strong><em>separatis</em></strong></span> <span class='ocrx_word' id='word_1_554' title='bbox 2916 1264 2972 1315; x_wconf 91' lang='lat' dir='ltr'><strong><em>et</em></strong></span> <span class='ocrx_word' id='word_1_555' title='bbox 3001 1262 3281 1320; x_wconf 89' lang='lat' dir='ltr'><strong><em>adversus</em></strong></span> <span class='ocrx_word' id='word_1_556' title='bbox 3313 1282 3375 1321; x_wconf 89' lang='lat' dir='ltr'><strong><em>se</em></strong></span> <span class='ocrx_word' id='word_1_557' title='bbox 3406 1266 3553 1322; x_wconf 89' lang='lat' dir='ltr'><strong><em>invi-</em></strong></span> 
     </span>
    </p>
   </div>
   <div class='ocr_carea' id='block_1_75' title="bbox 1908 1344 3551 1420">
    <p class='ocr_par' dir='ltr' id='par_1_75' title="bbox 1908 1344 3551 1420">
     <span class='ocr_line' id='line_1_75' title="bbox 1908 1344 3551 1420; baseline 0.012 -26"><span class='ocrx_word' id='word_1_558' title='bbox 1908 1356 2031 1395; x_wconf 84' lang='lat' dir='ltr'><strong><em>cem</em></strong></span> <span class='ocrx_word' id='word_1_559' title='bbox 2065 1358 2279 1413; x_wconf 83' lang='lat' dir='ltr'><strong><em>magna</em></strong></span> <span class='ocrx_word' id='word_1_560' title='bbox 2313 1344 2515 1399; x_wconf 80' lang='lat' dir='ltr'><strong><em>fraude</em></strong></span> <span class='ocrx_word' id='word_1_561' title='bbox 2542 1345 2765 1401; x_wconf 88' lang='lat' dir='ltr'><strong><em>collatis</em></strong></span> <span class='ocrx_word' id='word_1_562' title='bbox 2797 1347 3108 1420; x_wconf 88' lang='lat' dir='ltr'><strong><em>caliginem</em></strong></span> <span class='ocrx_word' id='word_1_563' title='bbox 3154 1352 3409 1411; x_wconf 74' lang='lat' dir='ltr'><strong><em>facerent</em></strong></span> <span class='ocrx_word' id='word_1_564' title='bbox 3440 1355 3551 1412; x_wconf 90' lang='lat' dir='ltr'><strong><em>im-</em></strong></span> 
     </span>
    </p>
   </div>
   <div class='ocr_carea' id='block_1_76' title="bbox 1907 1430 3553 1511">
    <p class='ocr_par' dir='ltr' id='par_1_76' title="bbox 1907 1430 3553 1511">
     <span class='ocr_line' id='line_1_76' title="bbox 1907 1430 3553 1511; baseline 0.012 -28"><span class='ocrx_word' id='word_1_565' title='bbox 1907 1430 2145 1501; x_wconf 88' lang='lat' dir='ltr'><strong><em>peritis;</em></strong></span> <span class='ocrx_word' id='word_1_566' title='bbox 2180 1432 2279 1486; x_wconf 90' lang='lat' dir='ltr'><strong><em>sed</em></strong></span> <span class='ocrx_word' id='word_1_567' title='bbox 2309 1433 2507 1488; x_wconf 89' lang='lat' dir='ltr'><strong><em>omnia</em></strong></span> <span class='ocrx_word' id='word_1_568' title='bbox 2536 1438 2655 1489; x_wconf 82' lang='lat' dir='ltr'><strong><em>tam</em></strong></span> <span class='ocrx_word' id='word_1_569' title='bbox 2680 1435 2736 1489; x_wconf 89' lang='lat' dir='ltr'><strong><em>in</em></strong></span> <span class='ocrx_word' id='word_1_570' title='bbox 2771 1436 2958 1493; x_wconf 88' lang='lat' dir='ltr'><strong><em>Veteri</em></strong></span> <span class='ocrx_word' id='word_1_571' title='bbox 2983 1457 3159 1511; x_wconf 87' lang='lat' dir='ltr'><strong><em>quam</em></strong></span> <span class='ocrx_word' id='word_1_572' title='bbox 3194 1443 3248 1497; x_wconf 90' lang='lat' dir='ltr'><strong><em>in</em></strong></span> <span class='ocrx_word' id='word_1_573' title='bbox 3272 1445 3425 1501; x_wconf 87' lang='lat' dir='ltr'><strong><em>Novo</em></strong></span> <span class='ocrx_word' id='word_1_574' title='bbox 3448 1447 3553 1502; x_wconf 90' lang='lat' dir='ltr'><strong><em>Te-</em></strong></span> 
     </span>
    </p>
   </div>
   <div class='ocr_carea' id='block_1_77' title="bbox 1905 1522 3559 1601">
    <p class='ocr_par' dir='ltr' id='par_1_77' title="bbox 1905 1522 3559 1601">
     <span class='ocr_line' id='line_1_77' title="bbox 1905 1522 3559 1601; baseline 0.013 -30"><span class='ocrx_word' id='word_1_575' title='bbox 1905 1522 2196 1574; x_wconf 88' lang='lat' dir='ltr'><strong><em>stamento</em></strong></span> <span class='ocrx_word' id='word_1_576' title='bbox 2221 1537 2333 1575; x_wconf 90' lang='lat' dir='ltr'><strong><em>uno</em></strong></span> <span class='ocrx_word' id='word_1_577' title='bbox 2366 1526 2566 1576; x_wconf 88' lang='lat' dir='ltr'><strong><em>sancto</em></strong></span> <span class='ocrx_word' id='word_1_578' title='bbox 2599 1523 2814 1594; x_wconf 90' lang='lat' dir='ltr'><strong><em>Spiritu</em></strong></span> <span class='ocrx_word' id='word_1_579' title='bbox 2837 1528 3168 1601; x_wconf 83' lang='lat' dir='ltr'><strong><em>conscripta</em></strong></span> <span class='ocrx_word' id='word_1_580' title='bbox 3188 1538 3243 1587; x_wconf 91' lang='lat' dir='ltr'><strong><em>et</em></strong></span> <span class='ocrx_word' id='word_1_581' title='bbox 3265 1549 3453 1589; x_wconf 88' lang='lat' dir='ltr'><strong><em>comm</em></strong></span> <span class='ocrx_word' id='word_1_582' title='bbox 3470 1552 3559 1591; x_wconf 69' lang='lat' dir='ltr'><strong><em>3n-</em></strong></span> 
     </span>
    </p>
   </div>
   <div class='ocr_carea' id='block_1_78' title="bbox 1905 1606 2533 1664">
    <p class='ocr_par' dir='ltr' id='par_1_78' title="bbox 1905 1606 2533 1664">
     <span class='ocr_line' id='line_1_78' title="bbox 1905 1606 2533 1664; baseline 0.006 -5"><span class='ocrx_word' id='word_1_583' title='bbox 1905 1606 2041 1661; x_wconf 88' lang='lat' dir='ltr'><strong><em>data</em></strong></span> <span class='ocrx_word' id='word_1_584' title='bbox 2071 1623 2198 1662; x_wconf 89' lang='lat' dir='ltr'><strong><em>esse</em></strong></span> <span class='ocrx_word' id='word_1_585' title='bbox 2229 1610 2533 1664; x_wconf 85' lang='lat' dir='ltr'><strong><em>sentirent.</em></strong></span> 
     </span>
    </p>
   </div>
   <div class='ocr_carea' id='block_1_79' title="bbox 1983 1696 3557 1782">
    <p class='ocr_par' dir='ltr' id='par_1_79' title="bbox 1983 1696 3557 1782">
     <span class='ocr_line' id='line_1_79' title="bbox 1983 1696 3557 1782; baseline 0.013 -33"><span class='ocrx_word' id='word_1_586' title='bbox 1983 1696 2033 1749; x_wconf 79' lang='grc'><strong>4·</strong></span> <span class='ocrx_word' id='word_1_587' title='bbox 2068 1696 2211 1751; x_wconf 92' lang='lat' dir='ltr'><strong><em>Nom</em></strong></span> <span class='ocrx_word' id='word_1_588' title='bbox 2244 1702 2301 1752; x_wconf 90' lang='lat' dir='ltr'><strong><em>et</em></strong></span> <span class='ocrx_word' id='word_1_589' title='bbox 2329 1698 2385 1753; x_wconf 92' lang='lat' dir='ltr'><strong><em>in</em></strong></span> <span class='ocrx_word' id='word_1_590' title='bbox 2418 1698 2605 1754; x_wconf 90' lang='lat' dir='ltr'><strong><em>Veteri</em></strong></span> <span class='ocrx_word' id='word_1_591' title='bbox 2628 1702 2999 1760; x_wconf 88' lang='lat' dir='ltr'><strong><em>Testamento</em></strong></span> <span class='ocrx_word' id='word_1_592' title='bbox 3031 1705 3244 1764; x_wconf 83' lang='lat' dir='ltr'><strong><em>habent</em></strong></span> <span class='ocrx_word' id='word_1_593' title='bbox 3267 1714 3417 1782; x_wconf 84' lang='lat' dir='ltr'><strong><em>apud</em></strong></span> <span class='ocrx_word' id='word_1_594' title='bbox 3445 1714 3557 1779; x_wconf 80' lang='lat' dir='ltr'><strong><em>iss.</em></strong></span> 
     </span>
    </p>
   </div>
   <div class='ocr_carea' id='block_1_80' title="bbox 1915 1783 3548 1869">
    <p class='ocr_par' dir='ltr' id='par_1_80' title="bbox 1915 1783 3548 1869">
     <span class='ocr_line' id='line_1_80' title="bbox 1915 1783 3548 1869; baseline 0.013 -31"><span class='ocrx_word' id='word_1_595' title='bbox 1915 1783 2032 1839; x_wconf 87' lang='lat' dir='ltr'><strong><em>iam</em></strong></span> <span class='ocrx_word' id='word_1_596' title='bbox 2068 1786 2406 1857; x_wconf 86' lang='lat' dir='ltr'><strong><em>prophetam</em></strong></span> <span class='ocrx_word' id='word_1_597' title='bbox 2437 1794 2659 1859; x_wconf 86' lang='lat' dir='ltr'><strong><em>quanta</em></strong></span> <span class='ocrx_word' id='word_1_598' title='bbox 2691 1792 3112 1861; x_wconf 73' lang='lat' dir='ltr'><strong><em>promittuntur</em></strong></span> <span class='ocrx_word' id='word_1_599' title='bbox 3140 1800 3501 1869; x_wconf 69' lang='lat' dir='ltr'><strong><em>spadonibus</em></strong></span> <span class='ocrx_word' id='word_1_600' title='bbox 3533 1822 3548 1862; x_wconf 90' lang='lat'><strong>:</strong></span> 
     </span>
    </p>
   </div>
   <div class='ocr_carea' id='block_1_81' title="bbox 1907 1874 3546 1948">
    <p class='ocr_par' dir='ltr' id='par_1_81' title="bbox 1907 1874 3546 1948">
     <span class='ocr_line' id='line_1_81' title="bbox 1907 1874 3546 1948; baseline 0.012 -20"><span class='ocrx_word' id='word_1_601' title='bbox 1907 1890 1978 1929; x_wconf 84' lang='lat' dir='ltr'><strong><em>ne</em></strong></span> <span class='ocrx_word' id='word_1_602' title='bbox 2000 1874 2058 1928; x_wconf 92' lang='lat' dir='ltr'><strong><em>in</em></strong></span> <span class='ocrx_word' id='word_1_603' title='bbox 2083 1874 2236 1930; x_wconf 89' lang='lat' dir='ltr'><strong><em>Novo</em></strong></span> <span class='ocrx_word' id='word_1_604' title='bbox 2254 1875 2376 1931; x_wconf 90' lang='lat' dir='ltr'><strong><em>solo</em></strong></span> <span class='ocrx_word' id='word_1_605' title='bbox 2400 1878 2760 1934; x_wconf 86' lang='lat' dir='ltr'><strong><em>arbitrentur</em></strong></span> <span class='ocrx_word' id='word_1_606' title='bbox 2784 1898 2911 1937; x_wconf 87' lang='lat' dir='ltr'><strong><em>esse</em></strong></span> <span class='ocrx_word' id='word_1_607' title='bbox 2930 1882 3199 1942; x_wconf 88' lang='lat' dir='ltr'><strong><em>laudatos</em></strong></span> <span class='ocrx_word' id='word_1_608' title='bbox 3223 1905 3255 1942; x_wconf 91' lang='lat' dir='ltr'><strong><em>a</em></strong></span> <span class='ocrx_word' id='word_1_609' title='bbox 3277 1889 3546 1948; x_wconf 84' lang='lat' dir='ltr'><strong><em>Domino.</em></strong></span> 
     </span>
    </p>
   </div>
   <div class='ocr_carea' id='block_1_82' title="bbox 1905 1964 3549 2053">
    <p class='ocr_par' dir='ltr' id='par_1_82' title="bbox 1905 1964 3549 2053">
     <span class='ocr_line' id='line_1_82' title="bbox 1905 1964 3549 2053; baseline 0.012 -35"><span class='ocrx_word' id='word_1_610' title='bbox 1905 1964 2003 2018; x_wconf 87' lang='lat' dir='ltr'><strong><em>ubi</em></strong></span> <span class='ocrx_word' id='word_1_611' title='bbox 2018 1964 2160 2019; x_wconf 89' lang='lat' dir='ltr'><strong><em>dicit</em></strong></span> <span class='ocrx_word' id='word_1_612' title='bbox 2176 1982 2303 2020; x_wconf 89' lang='lat' dir='ltr'><strong><em>esse</em></strong></span> <span class='ocrx_word' id='word_1_613' title='bbox 2320 1968 2605 2037; x_wconf 89' lang='lat' dir='ltr'><strong><em>quosdam</em></strong></span> <span class='ocrx_word' id='word_1_614' title='bbox 2626 1969 2725 2040; x_wconf 90' lang='lat' dir='ltr'><strong><em>qui</em></strong></span> <span class='ocrx_word' id='word_1_615' title='bbox 2749 1987 2810 2025; x_wconf 91' lang='lat' dir='ltr'><strong><em>se</em></strong></span> <span class='ocrx_word' id='word_1_616' title='bbox 2827 1970 2985 2042; x_wconf 80' lang='lat' dir='ltr'><strong><em>ipsos</em></strong></span> <span class='ocrx_word' id='word_1_617' title='bbox 3005 1980 3403 2035; x_wconf 84' lang='lat' dir='ltr'><strong><em>castraverunt</em></strong></span> <span class='ocrx_word' id='word_1_618' title='bbox 3421 1998 3549 2053; x_wconf 88' lang='lat' dir='ltr'><strong><em>pro-</em></strong></span> 
     </span>
    </p>
   </div>
   <div class='ocr_carea' id='block_1_83' title="bbox 1906 2054 3547 2142">
    <p class='ocr_par' dir='ltr' id='par_1_83' title="bbox 1906 2054 3547 2142">
     <span class='ocr_line' id='line_1_83' title="bbox 1906 2054 3547 2142; baseline 0.013 -36"><span class='ocrx_word' id='word_1_619' title='bbox 1906 2055 2033 2124; x_wconf 89' lang='lat' dir='ltr'><strong><em>pter</em></strong></span> <span class='ocrx_word' id='word_1_620' title='bbox 2064 2069 2306 2123; x_wconf 87' lang='lat' dir='ltr'><strong><em>regnum</em></strong></span> <span class='ocrx_word' id='word_1_621' title='bbox 2340 2054 2637 2123; x_wconf 75' lang='lat' dir='ltr'><strong><em>cmlorum,</em></strong></span> <span class='ocrx_word' id='word_1_622' title='bbox 2671 2063 2726 2113; x_wconf 91' lang='lat' dir='ltr'><strong><em>et</em></strong></span> <span class='ocrx_word' id='word_1_623' title='bbox 2748 2059 2989 2129; x_wconf 91' lang='lat' dir='ltr'><strong><em>addidit,</em></strong></span> <span class='ocrx_word' id='word_1_624' title='bbox 3017 2064 3122 2131; x_wconf 87' lang='lat' dir='ltr'><strong><em>Qui</em></strong></span> <span class='ocrx_word' id='word_1_625' title='bbox 3142 2070 3319 2132; x_wconf 82' lang='lat' dir='ltr'><strong><em>postet</em></strong></span> <span class='ocrx_word' id='word_1_626' title='bbox 3336 2085 3547 2142; x_wconf 87' lang='lat' dir='ltr'><strong><em>capere,</em></strong></span> 
     </span>
    </p>
   </div>
   <div class='ocr_carea' id='block_1_84' title="bbox 1903 2142 3551 2216">
    <p class='ocr_par' dir='ltr' id='par_1_84' title="bbox 1903 2142 3551 2216">
     <span class='ocr_line' id='line_1_84' title="bbox 1903 2142 3551 2216; baseline 0.013 -21"><span class='ocrx_word' id='word_1_627' title='bbox 1903 2143 2085 2211; x_wconf 84' lang='lat' dir='ltr'><strong><em>capiat</em></strong></span> <span class='ocrx_word' id='word_1_628' title='bbox 2106 2142 2317 2213; x_wconf 81' lang='lat' dir='ltr'><strong><em>(Matth.</em></strong></span> <span class='ocrx_word' id='word_1_629' title='bbox 2350 2161 2464 2211; x_wconf 70' lang='lat' dir='ltr'><strong><em>xxx,</em></strong></span> <span class='ocrx_word' id='word_1_630' title='bbox 2492 2146 2598 2214; x_wconf 80' lang='lat' dir='ltr'><strong><em>l2).</em></strong></span> <span class='ocrx_word' id='word_1_631' title='bbox 2637 2146 2779 2202; x_wconf 87' lang='lat' dir='ltr'><strong><em>Nam</em></strong></span> <span class='ocrx_word' id='word_1_632' title='bbox 2805 2152 2862 2202; x_wconf 89' lang='lat' dir='ltr'><strong><em>et</em></strong></span> <span class='ocrx_word' id='word_1_633' title='bbox 2893 2150 3071 2207; x_wconf 85' lang='lat' dir='ltr'><strong><em>Isaias</em></strong></span> <span class='ocrx_word' id='word_1_634' title='bbox 3103 2154 3183 2209; x_wconf 90' lang='lat' dir='ltr'><strong><em>ita</em></strong></span> <span class='ocrx_word' id='word_1_635' title='bbox 3212 2155 3389 2213; x_wconf 89' lang='lat' dir='ltr'><strong><em>dicit:</em></strong></span> <span class='ocrx_word' id='word_1_636' title='bbox 3425 2160 3551 2216; x_wconf 73' lang='lat' dir='ltr'><strong><em>Haec</em></strong></span> 
     </span>
    </p>
   </div>
   <div class='ocr_carea' id='block_1_85' title="bbox 1905 2229 3559 2319">
    <p class='ocr_par' dir='ltr' id='par_1_85' title="bbox 1905 2229 3559 2319">
     <span class='ocr_line' id='line_1_85' title="bbox 1905 2229 3559 2319; baseline 0.013 -36"><span class='ocrx_word' id='word_1_637' title='bbox 1905 2229 2042 2284; x_wconf 90' lang='lat' dir='ltr'><strong><em>dicit</em></strong></span> <span class='ocrx_word' id='word_1_638' title='bbox 2064 2231 2325 2286; x_wconf 87' lang='lat' dir='ltr'><strong><em>Dominus</em></strong></span> <span class='ocrx_word' id='word_1_639' title='bbox 2353 2233 2693 2303; x_wconf 85' lang='lat' dir='ltr'><strong><em>spadonibus</em></strong></span> <span class='ocrx_word' id='word_1_640' title='bbox 2721 2251 2733 2289; x_wconf 89' lang='lat'><strong>:</strong></span> <span class='ocrx_word' id='word_1_641' title='bbox 2770 2237 2881 2305; x_wconf 88' lang='lat' dir='ltr'><strong><em>Qui</em></strong></span> <span class='ocrx_word' id='word_1_642' title='bbox 2914 2240 3559 2319; x_wconf 58' lang='lat' dir='ltr'><strong><em>custodierintprzcepta</em></strong></span> 
     </span>
    </p>
   </div>
   <div class='ocr_carea' id='block_1_86' title="bbox 1908 2321 3551 2405">
    <p class='ocr_par' dir='ltr' id='par_1_86' title="bbox 1908 2321 3551 2405">
     <span class='ocr_line' id='line_1_86' title="bbox 1908 2321 3551 2405; baseline 0.012 -33"><span class='ocrx_word' id='word_1_643' title='bbox 1908 2335 2050 2387; x_wconf 88' lang='lat' dir='ltr'><strong><em>mea,</em></strong></span> <span class='ocrx_word' id='word_1_644' title='bbox 2074 2322 2121 2373; x_wconf 85' lang='lat' dir='ltr'><strong><em>et</em></strong></span> <span class='ocrx_word' id='word_1_645' title='bbox 2147 2321 2419 2388; x_wconf 85' lang='lat' dir='ltr'><strong><em>elegerint</em></strong></span> <span class='ocrx_word' id='word_1_646' title='bbox 2449 2323 2557 2377; x_wconf 91' lang='lat' dir='ltr'><strong><em>sibi</em></strong></span> <span class='ocrx_word' id='word_1_647' title='bbox 2585 2338 2708 2394; x_wconf 72' lang='lat' dir='ltr'><strong><em>qua:</em></strong></span> <span class='ocrx_word' id='word_1_648' title='bbox 2737 2342 2839 2394; x_wconf 85' lang='lat' dir='ltr'><strong><em>ego</em></strong></span> <span class='ocrx_word' id='word_1_649' title='bbox 2868 2328 3005 2398; x_wconf 85' lang='lat' dir='ltr'><strong><em>volo,</em></strong></span> <span class='ocrx_word' id='word_1_650' title='bbox 3028 2339 3078 2384; x_wconf 88' lang='lat' dir='ltr'><strong><em>et</em></strong></span> <span class='ocrx_word' id='word_1_651' title='bbox 3098 2347 3323 2402; x_wconf 84' lang='lat' dir='ltr'><strong><em>capaces</em></strong></span> <span class='ocrx_word' id='word_1_652' title='bbox 3336 2336 3551 2405; x_wconf 77' lang='lat' dir='ltr'><strong><em>fuerint</em></strong></span> 
     </span>
    </p>
   </div>
   <div class='ocr_carea' id='block_1_87' title="bbox 1908 2410 3557 2482">
    <p class='ocr_par' dir='ltr' id='par_1_87' title="bbox 1908 2410 3557 2482">
     <span class='ocr_line' id='line_1_87' title="bbox 1908 2410 3557 2482; baseline 0.013 -21"><span class='ocrx_word' id='word_1_653' title='bbox 1908 2412 2217 2464; x_wconf 84' lang='lat' dir='ltr'><strong><em>testamenti</em></strong></span> <span class='ocrx_word' id='word_1_654' title='bbox 2238 2427 2371 2477; x_wconf 78' lang='lat' dir='ltr'><strong><em>met;</em></strong></span> <span class='ocrx_word' id='word_1_655' title='bbox 2413 2410 2549 2467; x_wconf 88' lang='lat' dir='ltr'><strong><em>dabo</em></strong></span> <span class='ocrx_word' id='word_1_656' title='bbox 2574 2413 2692 2468; x_wconf 86' lang='lat' dir='ltr'><strong><em>illis</em></strong></span> <span class='ocrx_word' id='word_1_657' title='bbox 2716 2414 2773 2468; x_wconf 90' lang='lat' dir='ltr'><strong><em>in</em></strong></span> <span class='ocrx_word' id='word_1_658' title='bbox 2796 2414 2949 2471; x_wconf 90' lang='lat' dir='ltr'><strong><em>domo</em></strong></span> <span class='ocrx_word' id='word_1_659' title='bbox 2971 2434 3094 2473; x_wconf 87' lang='lat' dir='ltr'><strong><em>mea</em></strong></span> <span class='ocrx_word' id='word_1_660' title='bbox 3115 2426 3165 2474; x_wconf 90' lang='lat' dir='ltr'><strong><em>et</em></strong></span> <span class='ocrx_word' id='word_1_661' title='bbox 3188 2423 3245 2475; x_wconf 88' lang='lat' dir='ltr'><strong><em>in</em></strong></span> <span class='ocrx_word' id='word_1_662' title='bbox 3262 2440 3419 2481; x_wconf 64' lang='lat' dir='ltr'><strong><em>mura</em></strong></span> <span class='ocrx_word' id='word_1_663' title='bbox 3439 2442 3557 2482; x_wconf 84' lang='lat' dir='ltr'><strong><em>meo</em></strong></span> 
     </span>
    </p>
   </div>
   <div class='ocr_carea' id='block_1_88' title="bbox 1909 2496 3556 2588">
    <p class='ocr_par' dir='ltr' id='par_1_88' title="bbox 1909 2496 3556 2588">
     <span class='ocr_line' id='line_1_88' title="bbox 1909 2496 3556 2588; baseline 0.013 -38"><span class='ocrx_word' id='word_1_664' title='bbox 1909 2496 2082 2551; x_wconf 85' lang='lat' dir='ltr'><strong><em>locum</em></strong></span> <span class='ocrx_word' id='word_1_665' title='bbox 2104 2500 2914 2570; x_wconf 86' lang='lat' dir='ltr'><strong><em>nominatissimum,meliorem</em></strong></span> <span class='ocrx_word' id='word_1_666' title='bbox 2934 2509 3103 2563; x_wconf 88' lang='lat' dir='ltr'><strong><em>multo</em></strong></span> <span class='ocrx_word' id='word_1_667' title='bbox 3120 2510 3370 2579; x_wconf 87' lang='lat' dir='ltr'><strong><em>ﬁliorum</em></strong></span> <span class='ocrx_word' id='word_1_668' title='bbox 3408 2517 3556 2588; x_wconf 73' lang='lat' dir='ltr'><strong><em>itque</em></strong></span> 
     </span>
    </p>
   </div>
   <div class='ocr_carea' id='block_1_89' title="bbox 1906 2586 3558 2671">
    <p class='ocr_par' dir='ltr' id='par_1_89' title="bbox 1906 2586 3558 2671">
     <span class='ocr_line' id='line_1_89' title="bbox 1906 2586 3558 2671; baseline 0.014 -33"><span class='ocrx_word' id='word_1_669' title='bbox 1906 2586 2185 2655; x_wconf 87' lang='lat' dir='ltr'><strong><em>ﬁliarum:</em></strong></span> <span class='ocrx_word' id='word_1_670' title='bbox 2203 2604 2397 2644; x_wconf 87' lang='lat' dir='ltr'><strong><em>nomen</em></strong></span> <span class='ocrx_word' id='word_1_671' title='bbox 2418 2603 2591 2646; x_wconf 62' lang='lat' dir='ltr'><strong><em>wtera</em></strong></span> <span class='ocrx_word' id='word_1_672' title='bbox 2602 2608 2692 2646; x_wconf 90' lang='lat' dir='ltr'><strong><em>um</em></strong></span> <span class='ocrx_word' id='word_1_673' title='bbox 2710 2591 2847 2648; x_wconf 86' lang='lat' dir='ltr'><strong><em>dabo</em></strong></span> <span class='ocrx_word' id='word_1_674' title='bbox 2862 2595 3101 2666; x_wconf 82' lang='lat' dir='ltr'><strong><em>iltis,nec</em></strong></span> <span class='ocrx_word' id='word_1_675' title='bbox 3118 2616 3361 2671; x_wconf 82' lang='lat' dir='ltr'><strong><em>unquam</em></strong></span> <span class='ocrx_word' id='word_1_676' title='bbox 3386 2586 3558 2662; x_wconf 76' lang='lat' dir='ltr'><strong><em>deerit</em></strong></span> 
     </span>
    </p>
   </div>
   <div class='ocr_carea' id='block_1_90' title="bbox 1908 2676 3554 2752">
    <p class='ocr_par' dir='ltr' id='par_1_90' title="bbox 1908 2676 3554 2752">
     <span class='ocr_line' id='line_1_90' title="bbox 1908 2676 3554 2752; baseline 0.013 -24"><span class='ocrx_word' id='word_1_677' title='bbox 1908 2676 2333 2749; x_wconf 76' lang='lat' dir='ltr'><strong><em>(Isai.Lvr,/t,5).</em></strong></span> <span class='ocrx_word' id='word_1_678' title='bbox 2378 2678 2561 2734; x_wconf 89' lang='lat' dir='ltr'><strong><em>Certis</em></strong></span> <span class='ocrx_word' id='word_1_679' title='bbox 2603 2681 2758 2736; x_wconf 89' lang='lat' dir='ltr'><strong><em>enim</em></strong></span> <span class='ocrx_word' id='word_1_680' title='bbox 2784 2681 3136 2752; x_wconf 85' lang='lat' dir='ltr'><strong><em>quibusdam</em></strong></span> <span class='ocrx_word' id='word_1_681' title='bbox 3161 2692 3385 2747; x_wconf 89' lang='lat' dir='ltr'><strong><em>umbris</em></strong></span> <span class='ocrx_word' id='word_1_682' title='bbox 3407 2698 3463 2748; x_wconf 91' lang='lat' dir='ltr'><strong><em>et</em></strong></span> <span class='ocrx_word' id='word_1_683' title='bbox 3487 2694 3554 2748; x_wconf 79' lang='lat' dir='ltr'><strong>ﬂ-</strong></span> 
     </span>
    </p>
   </div>
   <div class='ocr_carea' id='block_1_91' title="bbox 1910 2765 3555 2843">
    <p class='ocr_par' dir='ltr' id='par_1_91' title="bbox 1910 2765 3555 2843">
     <span class='ocr_line' id='line_1_91' title="bbox 1910 2765 3555 2843; baseline 0.013 -27"><span class='ocrx_word' id='word_1_684' title='bbox 1910 2765 2073 2835; x_wconf 89' lang='lat' dir='ltr'><strong><em>guris</em></strong></span> <span class='ocrx_word' id='word_1_685' title='bbox 2097 2782 2286 2821; x_wconf 90' lang='lat' dir='ltr'><strong><em>rerum</em></strong></span> <span class='ocrx_word' id='word_1_686' title='bbox 2312 2772 2447 2822; x_wconf 81' lang='lat' dir='ltr'><strong><em>ante</em></strong></span> <span class='ocrx_word' id='word_1_687' title='bbox 2474 2769 2696 2824; x_wconf 90' lang='lat' dir='ltr'><strong><em>Domini</em></strong></span> <span class='ocrx_word' id='word_1_688' title='bbox 2728 2771 3062 2843; x_wconf 88' lang='lat' dir='ltr'><strong><em>adventum,</em></strong></span> <span class='ocrx_word' id='word_1_689' title='bbox 3088 2779 3406 2836; x_wconf 88' lang='lat' dir='ltr'><strong><em>secundum</em></strong></span> <span class='ocrx_word' id='word_1_690' title='bbox 3446 2781 3555 2837; x_wconf 90' lang='lat' dir='ltr'><strong><em>mi-</em></strong></span> 
     </span>
    </p>
   </div>
   <div class='ocr_carea' id='block_1_92' title="bbox 1909 2853 3552 2926">
    <p class='ocr_par' dir='ltr' id='par_1_92' title="bbox 1909 2853 3552 2926">
     <span class='ocr_line' id='line_1_92' title="bbox 1909 2853 3552 2926; baseline 0.012 -19"><span class='ocrx_word' id='word_1_691' title='bbox 1909 2853 2150 2909; x_wconf 89' lang='lat' dir='ltr'><strong><em>rabilem</em></strong></span> <span class='ocrx_word' id='word_1_692' title='bbox 2176 2860 2351 2926; x_wconf 89' lang='lat' dir='ltr'><strong><em>atque</em></strong></span> <span class='ocrx_word' id='word_1_693' title='bbox 2381 2857 2879 2915; x_wconf 83' lang='lat' dir='ltr'><strong><em>ordinatissimam</em></strong></span> <span class='ocrx_word' id='word_1_694' title='bbox 2903 2862 3380 2925; x_wconf 89' lang='lat' dir='ltr'><strong><em>distributionem</em></strong></span> <span class='ocrx_word' id='word_1_695' title='bbox 3403 2875 3552 2926; x_wconf 89' lang='lat' dir='ltr'><strong><em>tem-</em></strong></span> 
     </span>
    </p>
   </div>
   <div class='ocr_carea' id='block_1_93' title="bbox 1910 2944 3551 3022">
    <p class='ocr_par' dir='ltr' id='par_1_93' title="bbox 1910 2944 3551 3022">
     <span class='ocr_line' id='line_1_93' title="bbox 1910 2944 3551 3022; baseline 0.013 -26"><span class='ocrx_word' id='word_1_696' title='bbox 1910 2960 2140 3014; x_wconf 90' lang='lat' dir='ltr'><strong><em>porum,</em></strong></span> <span class='ocrx_word' id='word_1_697' title='bbox 2173 2944 2421 3015; x_wconf 90' lang='lat' dir='ltr'><strong><em>p0pulus</em></strong></span> <span class='ocrx_word' id='word_1_698' title='bbox 2464 2944 2557 3001; x_wconf 89' lang='lat' dir='ltr'><strong><em>ille</em></strong></span> <span class='ocrx_word' id='word_1_699' title='bbox 2596 2950 2924 3020; x_wconf 87' lang='lat' dir='ltr'><strong><em>tenebatur,</em></strong></span> <span class='ocrx_word' id='word_1_700' title='bbox 2958 2955 3056 3022; x_wconf 88' lang='lat' dir='ltr'><strong><em>qui</em></strong></span> <span class='ocrx_word' id='word_1_701' title='bbox 3109 2954 3551 3017; x_wconf 87' lang='lat' dir='ltr'><strong><em>Testamentum</em></strong></span> 
     </span>
    </p>
   </div>
   <div class='ocr_carea' id='block_1_94' title="bbox 1910 3032 3556 3121">
    <p class='ocr_par' dir='ltr' id='par_1_94' title="bbox 1910 3032 3556 3121">
     <span class='ocr_line' id='line_1_94' title="bbox 1910 3032 3556 3121; baseline 0.011 -34"><span class='ocrx_word' id='word_1_702' title='bbox 1910 3032 2086 3088; x_wconf 87' lang='lat' dir='ltr'><strong><em>Vetus</em></strong></span> <span class='ocrx_word' id='word_1_703' title='bbox 2112 3033 2334 3105; x_wconf 86' lang='lat' dir='ltr'><strong><em>accepit</em></strong></span> <span class='ocrx_word' id='word_1_704' title='bbox 2360 3050 2371 3087; x_wconf 92' lang='lat'>:</span> <span class='ocrx_word' id='word_1_705' title='bbox 2398 3039 2591 3090; x_wconf 87' lang='lat' dir='ltr'><strong><em>tamen</em></strong></span> <span class='ocrx_word' id='word_1_706' title='bbox 2618 3035 2675 3091; x_wconf 91' lang='lat' dir='ltr'><strong><em>in</em></strong></span> <span class='ocrx_word' id='word_1_707' title='bbox 2699 3053 2765 3092; x_wconf 92' lang='lat' dir='ltr'><strong><em>eo</em></strong></span> <span class='ocrx_word' id='word_1_708' title='bbox 2790 3044 2953 3094; x_wconf 90' lang='lat' dir='ltr'><strong><em>tanta</em></strong></span> <span class='ocrx_word' id='word_1_709' title='bbox 2985 3043 3319 3113; x_wconf 66' lang='lat' dir='ltr'><strong><em>praedicatio</em></strong></span> <span class='ocrx_word' id='word_1_710' title='bbox 3339 3054 3394 3103; x_wconf 90' lang='lat' dir='ltr'><strong><em>et</em></strong></span> <span class='ocrx_word' id='word_1_711' title='bbox 3413 3067 3556 3121; x_wconf 74' lang='lat' dir='ltr'><strong><em>prce-</em></strong></span> 
     </span>
    </p>
   </div>
   <div class='ocr_carea' id='block_1_95' title="bbox 1910 3120 3558 3211">
    <p class='ocr_par' dir='ltr' id='par_1_95' title="bbox 1910 3120 3558 3211">
     <span class='ocr_line' id='line_1_95' title="bbox 1910 3120 3558 3211; baseline 0.013 -37"><span class='ocrx_word' id='word_1_712' title='bbox 1910 3120 2197 3176; x_wconf 87' lang='lat' dir='ltr'><strong><em>nuntiatio</em></strong></span> <span class='ocrx_word' id='word_1_713' title='bbox 2220 3121 2361 3211; x_wconf 83' lang='lat' dir='ltr'><strong><em>Novi</em></strong></span> <span class='ocrx_word' id='word_1_714' title='bbox 2383 3123 2741 3181; x_wconf 89' lang='lat' dir='ltr'><strong><em>Testamenti</em></strong></span> <span class='ocrx_word' id='word_1_715' title='bbox 2764 3132 2850 3183; x_wconf 89' lang='lat' dir='ltr'><strong><em>est</em></strong></span> <span class='ocrx_word' id='word_1_716' title='bbox 2873 3132 2935 3183; x_wconf 88' lang='lat' dir='ltr'><strong><em>ut</em></strong></span> <span class='ocrx_word' id='word_1_717' title='bbox 2959 3130 3120 3187; x_wconf 90' lang='lat' dir='ltr'><strong><em>nulla</em></strong></span> <span class='ocrx_word' id='word_1_718' title='bbox 3144 3133 3201 3189; x_wconf 90' lang='lat' dir='ltr'><strong><em>in</em></strong></span> <span class='ocrx_word' id='word_1_719' title='bbox 3223 3120 3558 3211; x_wconf 80' lang='lat' dir='ltr'><strong><em>evangelica</em></strong></span> 
     </span>
    </p>
   </div>
   <div class='ocr_carea' id='block_1_96' title="bbox 1910 3210 3557 3295">
    <p class='ocr_par' dir='ltr' id='par_1_96' title="bbox 1910 3210 3557 3295">
     <span class='ocr_line' id='line_1_96' title="bbox 1910 3210 3557 3295; baseline 0.012 -30"><span class='ocrx_word' id='word_1_720' title='bbox 1910 3215 2083 3281; x_wconf 87' lang='lat' dir='ltr'><strong><em>atque</em></strong></span> <span class='ocrx_word' id='word_1_721' title='bbox 2103 3210 2425 3282; x_wconf 87' lang='lat' dir='ltr'><strong><em>apostolica</em></strong></span> <span class='ocrx_word' id='word_1_722' title='bbox 2444 3212 2755 3285; x_wconf 89' lang='lat' dir='ltr'><strong><em>disciplina</em></strong></span> <span class='ocrx_word' id='word_1_723' title='bbox 2776 3218 3162 3289; x_wconf 88' lang='lat' dir='ltr'><strong><em>reperiantur,</em></strong></span> <span class='ocrx_word' id='word_1_724' title='bbox 3179 3210 3445 3295; x_wconf 80' lang='lat' dir='ltr'><strong><em>quamvis</em></strong></span> <span class='ocrx_word' id='word_1_725' title='bbox 3472 3244 3557 3284; x_wconf 68' lang='lat' dir='ltr'><strong><em>sr-</em></strong></span> 
     </span>
    </p>
   </div>
   <div class='ocr_carea' id='block_1_97' title="bbox 1910 3299 3555 3382">
    <p class='ocr_par' dir='ltr' id='par_1_97' title="bbox 1910 3299 3555 3382">
     <span class='ocr_line' id='line_1_97' title="bbox 1910 3299 3555 3382; baseline 0.013 -30"><span class='ocrx_word' id='word_1_726' title='bbox 1910 3299 2027 3354; x_wconf 84' lang='lat' dir='ltr'><strong><em>dua</em></strong></span> <span class='ocrx_word' id='word_1_727' title='bbox 2055 3303 2113 3354; x_wconf 86' lang='lat' dir='ltr'><strong><em>et</em></strong></span> <span class='ocrx_word' id='word_1_728' title='bbox 2132 3299 2327 3355; x_wconf 88' lang='lat' dir='ltr'><strong><em>divina</em></strong></span> <span class='ocrx_word' id='word_1_729' title='bbox 2360 3307 2646 3373; x_wconf 63' lang='lat' dir='ltr'><strong><em>praecepta</em></strong></span> <span class='ocrx_word' id='word_1_730' title='bbox 2666 3308 2722 3359; x_wconf 90' lang='lat' dir='ltr'><strong><em>et</em></strong></span> <span class='ocrx_word' id='word_1_731' title='bbox 2744 3306 3053 3377; x_wconf 89' lang='lat' dir='ltr'><strong><em>promissa,</em></strong></span> <span class='ocrx_word' id='word_1_732' title='bbox 3080 3327 3207 3382; x_wconf 73' lang='lat' dir='ltr'><strong><em>qua:</em></strong></span> <span class='ocrx_word' id='word_1_733' title='bbox 3238 3312 3357 3371; x_wconf 84' lang='lat' dir='ltr'><strong><em>illis</em></strong></span> <span class='ocrx_word' id='word_1_734' title='bbox 3378 3316 3555 3374; x_wconf 86' lang='lat' dir='ltr'><strong><em>etiam</em></strong></span> 
     </span>
    </p>
   </div>
   <div class='ocr_carea' id='block_1_98' title="bbox 1916 3387 3550 3475">
    <p class='ocr_par' dir='ltr' id='par_1_98' title="bbox 1916 3387 3550 3475">
     <span class='ocr_line' id='line_1_98' title="bbox 1916 3387 3550 3475; baseline 0.013 -34"><span class='ocrx_word' id='word_1_735' title='bbox 1916 3387 2097 3443; x_wconf 85' lang='lat' dir='ltr'><strong><em>Libris</em></strong></span> <span class='ocrx_word' id='word_1_736' title='bbox 2111 3389 2406 3445; x_wconf 88' lang='lat' dir='ltr'><strong><em>veteribus</em></strong></span> <span class='ocrx_word' id='word_1_737' title='bbox 2420 3390 2613 3447; x_wconf 89' lang='lat' dir='ltr'><strong><em>desint</em></strong></span> <span class='ocrx_word' id='word_1_738' title='bbox 2644 3392 2860 3464; x_wconf 89' lang='lat' dir='ltr'><strong><em>(a).Sed</em></strong></span> <span class='ocrx_word' id='word_1_739' title='bbox 2879 3404 3092 3454; x_wconf 62' lang='lat' dir='ltr'><strong><em>sanctis</em></strong></span> <span class='ocrx_word' id='word_1_740' title='bbox 3108 3400 3418 3475; x_wconf 64' lang='lat' dir='ltr'><strong><em>Scriptura</em></strong></span> <span class='ocrx_word' id='word_1_741' title='bbox 3434 3422 3550 3463; x_wconf 68' lang='lat' dir='ltr'><strong><em>non</em></strong></span> 
     </span>
    </p>
   </div>
   <div class='ocr_carea' id='block_1_99' title="bbox 1910 3477 3556 3565">
    <p class='ocr_par' dir='ltr' id='par_1_99' title="bbox 1910 3477 3556 3565">
     <span class='ocr_line' id='line_1_99' title="bbox 1910 3477 3556 3565; baseline 0.014 -35"><span class='ocrx_word' id='word_1_742' title='bbox 1910 3477 2254 3532; x_wconf 89' lang='lat' dir='ltr'><strong><em>temerarios</em></strong></span> <span class='ocrx_word' id='word_1_743' title='bbox 2276 3483 2332 3532; x_wconf 90' lang='lat' dir='ltr'><strong><em>et</em></strong></span> <span class='ocrx_word' id='word_1_744' title='bbox 2353 3480 2636 3550; x_wconf 89' lang='lat' dir='ltr'><strong><em>superbos</em></strong></span> <span class='ocrx_word' id='word_1_745' title='bbox 2656 3490 3151 3552; x_wconf 88' lang='lat' dir='ltr'><strong><em>accusatores,sed</em></strong></span> <span class='ocrx_word' id='word_1_746' title='bbox 3177 3492 3484 3565; x_wconf 84' lang='lat' dir='ltr'><strong><em>diligentes</em></strong></span> <span class='ocrx_word' id='word_1_747' title='bbox 3498 3500 3556 3554; x_wconf 80' lang='lat' dir='ltr'><strong><em>et</em></strong></span> 
     </span>
    </p>
   </div>
   <div class='ocr_carea' id='block_1_100' title="bbox 1913 3565 2673 3638">
    <p class='ocr_par' dir='ltr' id='par_1_100' title="bbox 1913 3565 2673 3638">
     <span class='ocr_line' id='line_1_100' title="bbox 1913 3565 2673 3638; baseline 0.007 -18"><span class='ocrx_word' id='word_1_748' title='bbox 1913 3566 2037 3638; x_wconf 92' lang='lat' dir='ltr'><strong><em>pios</em></strong></span> <span class='ocrx_word' id='word_1_749' title='bbox 2056 3565 2300 3621; x_wconf 86' lang='lat' dir='ltr'><strong><em>lectores</em></strong></span> <span class='ocrx_word' id='word_1_750' title='bbox 2321 3567 2673 3625; x_wconf 85' lang='lat' dir='ltr'><strong><em>desiderant.</em></strong></span> 
     </span>
    </p>
   </div>
   <div class='ocr_carea' id='block_1_101' title="bbox 1984 3654 3555 3735">
    <p class='ocr_par' dir='ltr' id='par_1_101' title="bbox 1984 3654 3555 3735">
     <span class='ocr_line' id='line_1_101' title="bbox 1984 3654 3555 3735; baseline 0.013 -25"><span class='ocrx_word' id='word_1_751' title='bbox 1984 3654 2217 3710; x_wconf 87' lang='lat' dir='ltr'><strong><em>CAPUT</em></strong></span> <span class='ocrx_word' id='word_1_752' title='bbox 2236 3654 2331 3710; x_wconf 92' lang='lat' dir='ltr'><strong><em>IV.</em></strong></span> <span class='ocrx_word' id='word_1_753' title='bbox 2348 3687 2412 3696; x_wconf 90' lang='lat'><strong><em>—</em></strong></span> <span class='ocrx_word' id='word_1_754' title='bbox 2433 3657 2513 3712; x_wconf 92' lang='lat' dir='ltr'><strong><em>De</em></strong></span> <span class='ocrx_word' id='word_1_755' title='bbox 2534 3674 2599 3713; x_wconf 91' lang='lat' dir='ltr'><strong><em>eo</em></strong></span> <span class='ocrx_word' id='word_1_756' title='bbox 2623 3660 2776 3730; x_wconf 92' lang='lat' dir='ltr'><strong><em>quod</em></strong></span> <span class='ocrx_word' id='word_1_757' title='bbox 2796 3662 3081 3735; x_wconf 90' lang='lat' dir='ltr'><strong><em>scriptum</em></strong></span> <span class='ocrx_word' id='word_1_758' title='bbox 3103 3673 3192 3723; x_wconf 91' lang='lat' dir='ltr'><strong><em>est</em></strong></span> <span class='ocrx_word' id='word_1_759' title='bbox 3218 3669 3274 3724; x_wconf 92' lang='lat' dir='ltr'><strong><em>in</em></strong></span> <span class='ocrx_word' id='word_1_760' title='bbox 3306 3672 3555 3735; x_wconf 69' lang='lat' dir='ltr'><strong><em>Genesi:</em></strong></span> 
     </span>
    </p>
   </div>
   <div class='ocr_carea' id='block_1_102' title="bbox 1916 3744 3559 3832">
    <p class='ocr_par' dir='ltr' id='par_1_102' title="bbox 1916 3744 3559 3832">
     <span class='ocr_line' id='line_1_102' title="bbox 1916 3744 3559 3832; baseline 0.012 -33"><span class='ocrx_word' id='word_1_761' title='bbox 1916 3746 1977 3800; x_wconf 86' lang='lat' dir='ltr'><strong><em>Et</em></strong></span> <span class='ocrx_word' id='word_1_762' title='bbox 1996 3744 2140 3800; x_wconf 72' lang='lat' dir='ltr'><strong><em>dixit</em></strong></span> <span class='ocrx_word' id='word_1_763' title='bbox 2164 3746 2420 3801; x_wconf 85' lang='lat' dir='ltr'><strong><em>Dominus</em></strong></span> <span class='ocrx_word' id='word_1_764' title='bbox 2441 3746 2510 3801; x_wconf 89' lang='lat' dir='ltr'><strong><em>ad</em></strong></span> <span class='ocrx_word' id='word_1_765' title='bbox 2532 3746 2697 3804; x_wconf 83' lang='lat' dir='ltr'><strong><em>Cain:</em></strong></span> <span class='ocrx_word' id='word_1_766' title='bbox 2742 3750 2884 3818; x_wconf 86' lang='lat' dir='ltr'><strong><em>Quid</em></strong></span> <span class='ocrx_word' id='word_1_767' title='bbox 2902 3755 3109 3824; x_wconf 78' lang='lat' dir='ltr'><strong><em>fecisti?</em></strong></span> <span class='ocrx_word' id='word_1_768' title='bbox 3130 3758 3236 3814; x_wconf 73' lang='lat' dir='ltr'><strong><em>Vox</em></strong></span> <span class='ocrx_word' id='word_1_769' title='bbox 3256 3764 3559 3832; x_wconf 72' lang='lat' dir='ltr'><strong><em>sanguinis</em></strong></span> 
     </span>
    </p>
   </div>
   <div class='ocr_carea' id='block_1_103' title="bbox 1914 3835 3560 3911">
    <p class='ocr_par' dir='ltr' id='par_1_103' title="bbox 1914 3835 3560 3911">
     <span class='ocr_line' id='line_1_103' title="bbox 1914 3835 3560 3911; baseline 0.015 -24"><span class='ocrx_word' id='word_1_770' title='bbox 1914 3835 2114 3905; x_wconf 81' lang='lat' dir='ltr'><strong><em>fratris</em></strong></span> <span class='ocrx_word' id='word_1_771' title='bbox 2135 3837 2219 3889; x_wconf 87' lang='lat' dir='ltr'><strong><em>tui</em></strong></span> <span class='ocrx_word' id='word_1_772' title='bbox 2233 3836 2441 3891; x_wconf 87' lang='lat' dir='ltr'><strong><em>clamat</em></strong></span> <span class='ocrx_word' id='word_1_773' title='bbox 2459 3836 2526 3891; x_wconf 91' lang='lat' dir='ltr'><strong><em>ad</em></strong></span> <span class='ocrx_word' id='word_1_774' title='bbox 2546 3854 2632 3893; x_wconf 91' lang='lat' dir='ltr'><strong><em>me</em></strong></span> <span class='ocrx_word' id='word_1_775' title='bbox 2652 3838 2719 3893; x_wconf 86' lang='lat' dir='ltr'><strong><em>de</em></strong></span> <span class='ocrx_word' id='word_1_776' title='bbox 2746 3848 2908 3896; x_wconf 89' lang='lat' dir='ltr'><strong><em>terra.</em></strong></span> <span class='ocrx_word' id='word_1_777' title='bbox 2933 3844 3089 3899; x_wconf 89' lang='lat' dir='ltr'><strong><em>Nunc</em></strong></span> <span class='ocrx_word' id='word_1_778' title='bbox 3103 3848 3424 3908; x_wconf 85' lang='lat' dir='ltr'><strong><em>maledictus</em></strong></span> <span class='ocrx_word' id='word_1_779' title='bbox 3445 3867 3494 3909; x_wconf 57' lang='lat' dir='ltr'><strong><em>et</em></strong></span> <span class='ocrx_word' id='word_1_780' title='bbox 3509 3855 3560 3911; x_wconf 72' lang='lat' dir='ltr'><strong><em>is</em></strong></span> 
     </span>
    </p>
   </div>
   <div class='ocr_carea' id='block_1_104' title="bbox 1915 3923 3564 4012">
    <p class='ocr_par' dir='ltr' id='par_1_104' title="bbox 1915 3923 3564 4012">
     <span class='ocr_line' id='line_1_104' title="bbox 1915 3923 3564 4012; baseline 0.013 -35"><span class='ocrx_word' id='word_1_781' title='bbox 1915 3940 1945 3977; x_wconf 92' lang='lat' dir='ltr'><strong><em>a</em></strong></span> <span class='ocrx_word' id='word_1_782' title='bbox 1968 3923 2114 3997; x_wconf 83' lang='lat' dir='ltr'><strong><em>facie</em></strong></span> <span class='ocrx_word' id='word_1_783' title='bbox 2133 3933 2441 3997; x_wconf 40' lang='lat' dir='ltr'><strong><em>ternaque</em></strong></span> <span class='ocrx_word' id='word_1_784' title='bbox 2452 3927 2736 3982; x_wconf 88' lang='lat' dir='ltr'><strong><em>absorbuit</em></strong></span> <span class='ocrx_word' id='word_1_785' title='bbox 2751 3938 2801 3984; x_wconf 88' lang='lat' dir='ltr'><strong><em>et</em></strong></span> <span class='ocrx_word' id='word_1_786' title='bbox 2823 3934 3564 4012; x_wconf 68' lang='lat' dir='ltr'><strong><em>recipitsanguinemfr‘ttm</em></strong></span> 
     </span>
    </p>
   </div>
   <div class='ocr_carea' id='block_1_105' title="bbox 1916 4013 3565 4093">
    <p class='ocr_par' dir='ltr' id='par_1_105' title="bbox 1916 4013 3565 4093">
     <span class='ocr_line' id='line_1_105' title="bbox 1916 4013 3565 4093; baseline 0.014 -26"><span class='ocrx_word' id='word_1_787' title='bbox 1916 4015 2005 4068; x_wconf 86' lang='lat' dir='ltr'><strong><em>tui</em></strong></span> <span class='ocrx_word' id='word_1_788' title='bbox 2024 4029 2093 4068; x_wconf 74' lang='lat' dir='ltr'><strong><em>ex</em></strong></span> <span class='ocrx_word' id='word_1_789' title='bbox 2113 4013 2259 4070; x_wconf 75' lang='lat' dir='ltr'><strong><em>cazde</em></strong></span> <span class='ocrx_word' id='word_1_790' title='bbox 2284 4032 2485 4071; x_wconf 87' lang='lat' dir='ltr'><strong><em>manus</em></strong></span> <span class='ocrx_word' id='word_1_791' title='bbox 2507 4021 2650 4073; x_wconf 66' lang='lat' dir='ltr'><strong><em>tuae:</em></strong></span> <span class='ocrx_word' id='word_1_792' title='bbox 2665 4027 2718 4073; x_wconf 86' lang='lat' dir='ltr'><strong><em>te</em></strong></span> <span class='ocrx_word' id='word_1_793' title='bbox 2729 4021 2879 4074; x_wconf 89' lang='lat' dir='ltr'><strong><em>enim</em></strong></span> <span class='ocrx_word' id='word_1_794' title='bbox 2897 4028 3119 4093; x_wconf 85' lang='lat' dir='ltr'><strong><em>operari</em></strong></span> <span class='ocrx_word' id='word_1_795' title='bbox 3130 4044 3345 4085; x_wconf 88' lang='lat' dir='ltr'><strong><em>necesse</em></strong></span> <span class='ocrx_word' id='word_1_796' title='bbox 3364 4039 3442 4087; x_wconf 78' lang='lat' dir='ltr'><strong><em>est</em></strong></span> <span class='ocrx_word' id='word_1_797' title='bbox 3460 4041 3565 4089; x_wconf 73' lang='lat' dir='ltr'><strong><em>ter-</em></strong></span> 
     </span>
    </p>
   </div>
   <div class='ocr_carea' id='block_1_106' title="bbox 1919 4105 3561 4193">
    <p class='ocr_par' dir='ltr' id='par_1_106' title="bbox 1919 4105 3561 4193">
     <span class='ocr_line' id='line_1_106' title="bbox 1919 4105 3561 4193; baseline 0.012 -36"><span class='ocrx_word' id='word_1_798' title='bbox 1919 4120 2060 4173; x_wconf 89' lang='lat' dir='ltr'><strong><em>ram,</em></strong></span> <span class='ocrx_word' id='word_1_799' title='bbox 2085 4120 2204 4173; x_wconf 59' lang='lat' dir='ltr'><strong><em>qum</em></strong></span> <span class='ocrx_word' id='word_1_800' title='bbox 2225 4105 2438 4193; x_wconf 85' lang='lat' dir='ltr'><strong><em>steriles</em></strong></span> <span class='ocrx_word' id='word_1_801' title='bbox 2458 4106 2558 4159; x_wconf 87' lang='lat' dir='ltr'><strong><em>tibi</em></strong></span> <span class='ocrx_word' id='word_1_802' title='bbox 2595 4109 2812 4177; x_wconf 83' lang='lat' dir='ltr'><strong><em>fructus</em></strong></span> <span class='ocrx_word' id='word_1_803' title='bbox 2846 4109 3001 4168; x_wconf 87' lang='lat' dir='ltr'><strong><em>dabit</em></strong></span> <span class='ocrx_word' id='word_1_804' title='bbox 3048 4114 3200 4187; x_wconf 84' lang='lat' dir='ltr'><strong><em>(Gen.</em></strong></span> <span class='ocrx_word' id='word_1_805' title='bbox 3243 4136 3319 4186; x_wconf 83' lang='grc' dir='ltr'><strong><em>ιν,</em></strong></span> <span class='ocrx_word' id='word_1_806' title='bbox 3354 4120 3561 4193; x_wconf 76' lang='grc'><strong><em>10-12).</em></strong></span> 
     </span>
    </p>
   </div>
   <div class='ocr_carea' id='block_1_107' title="bbox 1922 4192 3569 4283">
    <p class='ocr_par' dir='ltr' id='par_1_107' title="bbox 1922 4192 3569 4283">
     <span class='ocr_line' id='line_1_107' title="bbox 1922 4192 3569 4283; baseline 0.013 -38"><span class='ocrx_word' id='word_1_807' title='bbox 1922 4193 2064 4246; x_wconf 83' lang='lat' dir='ltr'><strong><em>Huic</em></strong></span> <span class='ocrx_word' id='word_1_808' title='bbox 2090 4192 2343 4264; x_wconf 85' lang='lat' dir='ltr'><strong><em>capitulo</em></strong></span> <span class='ocrx_word' id='word_1_809' title='bbox 2367 4194 2675 4263; x_wconf 84' lang='lat' dir='ltr'><strong><em>Gencseos,</em></strong></span> <span class='ocrx_word' id='word_1_810' title='bbox 2701 4214 2814 4269; x_wconf 92' lang='lat' dir='ltr'><strong><em>quo</em></strong></span> <span class='ocrx_word' id='word_1_811' title='bbox 2848 4200 3313 4262; x_wconf 88' lang='lat' dir='ltr'><strong><em>maledictionem</em></strong></span> <span class='ocrx_word' id='word_1_812' title='bbox 3344 4192 3569 4283; x_wconf 67' lang='lat' dir='ltr'><strong><em>accepit</em></strong></span> 
     </span>
    </p>
   </div>
   <div class='ocr_carea' id='block_1_108' title="bbox 1921 4281 3568 4359">
    <p class='ocr_par' dir='ltr' id='par_1_108' title="bbox 1921 4281 3568 4359">
     <span class='ocr_line' id='line_1_108' title="bbox 1921 4281 3568 4359; baseline 0.012 -22"><span class='ocrx_word' id='word_1_813' title='bbox 1921 4281 2081 4351; x_wconf 82' lang='lat' dir='ltr'><strong><em>Cain,</em></strong></span> <span class='ocrx_word' id='word_1_814' title='bbox 2108 4286 2171 4335; x_wconf 88' lang='lat' dir='ltr'><strong><em>ut</em></strong></span> <span class='ocrx_word' id='word_1_815' title='bbox 2211 4287 2375 4337; x_wconf 70' lang='lat' dir='ltr'><strong><em>terra:</em></strong></span> <span class='ocrx_word' id='word_1_816' title='bbox 2425 4284 2732 4341; x_wconf 84' lang='lat' dir='ltr'><strong><em>sterilitate</em></strong></span> <span class='ocrx_word' id='word_1_817' title='bbox 2782 4289 3103 4359; x_wconf 86' lang='lat' dir='ltr'><strong><em>puniretur,</em></strong></span> <span class='ocrx_word' id='word_1_818' title='bbox 3139 4281 3568 4356; x_wconf 76' lang='lat' dir='ltr'><strong><em>calumniantes</em></strong></span> 
     </span>
    </p>
   </div>
   <div class='ocr_carea' id='block_1_109' title="bbox 1920 4370 3566 4445">
    <p class='ocr_par' dir='ltr' id='par_1_109' title="bbox 1920 4370 3566 4445">
     <span class='ocr_line' id='line_1_109' title="bbox 1920 4370 3566 4445; baseline 0.013 -21"><span class='ocrx_word' id='word_1_819' title='bbox 1920 4370 2240 4437; x_wconf 71' lang='lat' dir='ltr'><strong><em>Manichaei,</em></strong></span> <span class='ocrx_word' id='word_1_820' title='bbox 2286 4376 2343 4426; x_wconf 89' lang='lat' dir='ltr'><strong><em>et</em></strong></span> <span class='ocrx_word' id='word_1_821' title='bbox 2394 4372 2701 4445; x_wconf 89' lang='lat' dir='ltr'><strong><em>Evangelio</em></strong></span> <span class='ocrx_word' id='word_1_822' title='bbox 2756 4380 3111 4436; x_wconf 82' lang='lat' dir='ltr'><strong><em>contrarium</em></strong></span> <span class='ocrx_word' id='word_1_823' title='bbox 3163 4384 3566 4445; x_wconf 80' lang='lat' dir='ltr'><strong><em>demonstrare</em></strong></span> 
     </span>
    </p>
   </div>
   <div class='ocr_carea' id='block_1_110' title="bbox 1922 4460 3566 4545">
    <p class='ocr_par' dir='ltr' id='par_1_110' title="bbox 1922 4460 3566 4545">
     <span class='ocr_line' id='line_1_110' title="bbox 1922 4460 3566 4545; baseline 0.012 -30"><span class='ocrx_word' id='word_1_824' title='bbox 1922 4460 2240 4531; x_wconf 88' lang='lat' dir='ltr'><strong><em>cupientes,</em></strong></span> <span class='ocrx_word' id='word_1_825' title='bbox 2277 4476 2391 4514; x_wconf 93' lang='lat' dir='ltr'><strong><em>non</em></strong></span> <span class='ocrx_word' id='word_1_826' title='bbox 2422 4478 2582 4530; x_wconf 90' lang='lat' dir='ltr'><strong><em>sane,</em></strong></span> <span class='ocrx_word' id='word_1_827' title='bbox 2629 4464 2770 4520; x_wconf 88' lang='lat' dir='ltr'><strong><em>mihi</em></strong></span> <span class='ocrx_word' id='word_1_828' title='bbox 2823 4466 3094 4525; x_wconf 90' lang='lat' dir='ltr'><strong><em>videntur</em></strong></span> <span class='ocrx_word' id='word_1_829' title='bbox 3137 4473 3391 4545; x_wconf 84' lang='lat' dir='ltr'><strong><em>cogitare</em></strong></span> <span class='ocrx_word' id='word_1_830' title='bbox 3436 4493 3566 4533; x_wconf 66' lang='lat' dir='ltr'><strong><em>sum</em></strong></span> 
     </span>
    </p>
   </div>
   <div class='ocr_carea' id='block_1_111' title="bbox 1923 4549 3569 4633">
    <p class='ocr_par' dir='ltr' id='par_1_111' title="bbox 1923 4549 3569 4633">
     <span class='ocr_line' id='line_1_111' title="bbox 1923 4549 3569 4633; baseline 0.012 -30"><span class='ocrx_word' id='word_1_831' title='bbox 1923 4549 2263 4604; x_wconf 88' lang='lat' dir='ltr'><strong><em>hominibus</em></strong></span> <span class='ocrx_word' id='word_1_832' title='bbox 2293 4565 2355 4604; x_wconf 88' lang='lat' dir='ltr'><strong><em>se</em></strong></span> <span class='ocrx_word' id='word_1_833' title='bbox 2386 4566 2577 4621; x_wconf 84' lang='lat' dir='ltr'><strong><em>agere,</em></strong></span> <span class='ocrx_word' id='word_1_834' title='bbox 2604 4554 2703 4607; x_wconf 89' lang='lat' dir='ltr'><strong><em>sed</em></strong></span> <span class='ocrx_word' id='word_1_835' title='bbox 2737 4571 2975 4625; x_wconf 89' lang='lat' dir='ltr'><strong><em>prorsus</em></strong></span> <span class='ocrx_word' id='word_1_836' title='bbox 3005 4561 3175 4629; x_wconf 87' lang='lat' dir='ltr'><strong><em>quasi</em></strong></span> <span class='ocrx_word' id='word_1_837' title='bbox 3225 4579 3436 4633; x_wconf 75' lang='lat' dir='ltr'><strong><em>pecora</em></strong></span> <span class='ocrx_word' id='word_1_838' title='bbox 3473 4566 3569 4623; x_wconf 75' lang='lat' dir='ltr'><strong><em>fo-</em></strong></span> 
     </span>
    </p>
   </div>
   <div class='ocr_carea' id='block_1_112' title="bbox 1925 4638 3566 4725">
    <p class='ocr_par' dir='ltr' id='par_1_112' title="bbox 1925 4638 3566 4725">
     <span class='ocr_line' id='line_1_112' title="bbox 1925 4638 3566 4725; baseline 0.012 -33"><span class='ocrx_word' id='word_1_839' title='bbox 1925 4642 2069 4703; x_wconf 90' lang='lat' dir='ltr'><strong><em>rent,</em></strong></span> <span class='ocrx_word' id='word_1_840' title='bbox 2100 4638 2201 4709; x_wconf 88' lang='lat' dir='ltr'><strong><em>qui</em></strong></span> <span class='ocrx_word' id='word_1_841' title='bbox 2233 4655 2331 4694; x_wconf 84' lang='lat' dir='ltr'><strong><em>eos</em></strong></span> <span class='ocrx_word' id='word_1_842' title='bbox 2363 4640 2635 4695; x_wconf 89' lang='lat' dir='ltr'><strong><em>audirent</em></strong></span> <span class='ocrx_word' id='word_1_843' title='bbox 2666 4642 2749 4696; x_wconf 89' lang='lat' dir='ltr'><strong><em>vel</em></strong></span> <span class='ocrx_word' id='word_1_844' title='bbox 2781 4658 2983 4701; x_wconf 90' lang='lat' dir='ltr'><strong><em>eorum</em></strong></span> <span class='ocrx_word' id='word_1_845' title='bbox 3025 4648 3243 4721; x_wconf 83' lang='lat' dir='ltr'><strong><em>scripta</em></strong></span> <span class='ocrx_word' id='word_1_846' title='bbox 3273 4650 3566 4725; x_wconf 83' lang='lat' dir='ltr'><strong><em>legerent:</em></strong></span> 
     </span>
    </p>
   </div>
   <div class='ocr_carea' id='block_1_113' title="bbox 1923 4726 3570 4815">
    <p class='ocr_par' dir='ltr' id='par_1_113' title="bbox 1923 4726 3570 4815">
     <span class='ocr_line' id='line_1_113' title="bbox 1923 4726 3570 4815; baseline 0.011 -33"><span class='ocrx_word' id='word_1_847' title='bbox 1923 4727 2007 4782; x_wconf 89' lang='lat' dir='ltr'><strong><em>sic</em></strong></span> <span class='ocrx_word' id='word_1_848' title='bbox 2038 4726 2204 4782; x_wconf 91' lang='lat' dir='ltr'><strong><em>abusi</em></strong></span> <span class='ocrx_word' id='word_1_849' title='bbox 2239 4732 2377 4783; x_wconf 91' lang='lat' dir='ltr'><strong><em>sunt</em></strong></span> <span class='ocrx_word' id='word_1_850' title='bbox 2407 4730 2703 4801; x_wconf 85' lang='lat' dir='ltr'><strong><em>imperitia</em></strong></span> <span class='ocrx_word' id='word_1_851' title='bbox 2725 4748 2930 4789; x_wconf 89' lang='lat' dir='ltr'><strong><em>eorum</em></strong></span> <span class='ocrx_word' id='word_1_852' title='bbox 2964 4741 3020 4791; x_wconf 91' lang='lat' dir='ltr'><strong><em>et</em></strong></span> <span class='ocrx_word' id='word_1_853' title='bbox 3041 4738 3570 4815; x_wconf 80' lang='lat' dir='ltr'><strong><em>tarditateingenii,</em></strong></span> 
     </span>
    </p>
   </div>
   <div class='ocr_carea' id='block_1_114' title="bbox 1924 4814 3569 4897">
    <p class='ocr_par' dir='ltr' id='par_1_114' title="bbox 1924 4814 3569 4897">
     <span class='ocr_line' id='line_1_114' title="bbox 1924 4814 3569 4897; baseline 0.011 -28"><span class='ocrx_word' id='word_1_854' title='bbox 1924 4814 2013 4871; x_wconf 88' lang='lat' dir='ltr'><strong><em>vel</em></strong></span> <span class='ocrx_word' id='word_1_855' title='bbox 2046 4815 2240 4886; x_wconf 90' lang='lat' dir='ltr'><strong><em>potius</em></strong></span> <span class='ocrx_word' id='word_1_856' title='bbox 2291 4816 2473 4871; x_wconf 91' lang='lat' dir='ltr'><strong><em>animi</em></strong></span> <span class='ocrx_word' id='word_1_857' title='bbox 2520 4818 2795 4876; x_wconf 68' lang='lat' dir='ltr'><strong><em>caecitate.</em></strong></span> <span class='ocrx_word' id='word_1_858' title='bbox 2848 4824 3071 4897; x_wconf 90' lang='lat' dir='ltr'><strong><em>Quippe</em></strong></span> <span class='ocrx_word' id='word_1_859' title='bbox 3121 4828 3392 4885; x_wconf 83' lang='lat' dir='ltr'><strong><em>dixerunt</em></strong></span> <span class='ocrx_word' id='word_1_860' title='bbox 3434 4832 3569 4888; x_wconf 78' lang='lat' dir='ltr'><strong><em>huic</em></strong></span> 
     </span>
    </p>
   </div>
   <div class='ocr_carea' id='block_1_115' title="bbox 1923 4902 3570 4990">
    <p class='ocr_par' dir='ltr' id='par_1_115' title="bbox 1923 4902 3570 4990">
     <span class='ocr_line' id='line_1_115' title="bbox 1923 4902 3570 4990; baseline 0.01 -31"><span class='ocrx_word' id='word_1_861' title='bbox 1923 4902 2178 4974; x_wconf 87' lang='lat' dir='ltr'><strong><em>capitulo</em></strong></span> <span class='ocrx_word' id='word_1_862' title='bbox 2209 4904 2353 4959; x_wconf 89' lang='lat' dir='ltr'><strong><em>illud</em></strong></span> <span class='ocrx_word' id='word_1_863' title='bbox 2386 4904 2444 4960; x_wconf 91' lang='lat' dir='ltr'><strong><em>in</em></strong></span> <span class='ocrx_word' id='word_1_864' title='bbox 2487 4906 2800 4981; x_wconf 78' lang='lat' dir='ltr'><strong><em>Evangelia</em></strong></span> <span class='ocrx_word' id='word_1_865' title='bbox 2832 4928 2959 4968; x_wconf 91' lang='lat' dir='ltr'><strong><em>esse</em></strong></span> <span class='ocrx_word' id='word_1_866' title='bbox 3006 4917 3383 4986; x_wconf 88' lang='lat' dir='ltr'><strong><em>contrarium,</em></strong></span> <span class='ocrx_word' id='word_1_867' title='bbox 3414 4921 3570 4990; x_wconf 87' lang='lat' dir='ltr'><strong><em>quod</em></strong></span> 
     </span>
    </p>
   </div>
   <div class='ocr_carea' id='block_1_116' title="bbox 1922 4993 3572 5073">
    <p class='ocr_par' dir='ltr' id='par_1_116' title="bbox 1922 4993 3572 5073">
     <span class='ocr_line' id='line_1_116' title="bbox 1922 4993 3572 5073; baseline 0.008 -24"><span class='ocrx_word' id='word_1_868' title='bbox 1922 4993 2206 5050; x_wconf 90' lang='lat' dir='ltr'><strong><em>Dominus</em></strong></span> <span class='ocrx_word' id='word_1_869' title='bbox 2236 4994 2317 5049; x_wconf 88' lang='lat' dir='ltr'><strong><em>ait</em></strong></span> <span class='ocrx_word' id='word_1_870' title='bbox 2345 4995 2650 5068; x_wconf 85' lang='lat' dir='ltr'><strong><em>discipulis</em></strong></span> <span class='ocrx_word' id='word_1_871' title='bbox 2677 4999 2801 5054; x_wconf 89' lang='lat' dir='ltr'><strong><em>suis</em></strong></span> <span class='ocrx_word' id='word_1_872' title='bbox 2836 5016 2849 5055; x_wconf 91' lang='lat'><strong>:</strong></span> <span class='ocrx_word' id='word_1_873' title='bbox 2883 5001 3316 5073; x_wconf 86' lang='lat' dir='ltr'><strong><em>Nolitecogitare</em></strong></span> <span class='ocrx_word' id='word_1_874' title='bbox 3340 5010 3572 5064; x_wconf 62' lang='lat' dir='ltr'><strong><em>deerat-</em></strong></span> 
     </span>
    </p>
   </div>
   <div class='ocr_carea' id='block_1_117' title="bbox 1923 5084 3573 5167">
    <p class='ocr_par' dir='ltr' id='par_1_117' title="bbox 1923 5084 3573 5167">
     <span class='ocr_line' id='line_1_117' title="bbox 1923 5084 3573 5167; baseline 0.009 -30"><span class='ocrx_word' id='word_1_875' title='bbox 1923 5084 2041 5138; x_wconf 86' lang='lat' dir='ltr'><strong><em>tino</em></strong></span> <span class='ocrx_word' id='word_1_876' title='bbox 2058 5101 2079 5145; x_wconf 84' lang='lat'><strong><em>;</em></strong></span> <span class='ocrx_word' id='word_1_877' title='bbox 2109 5100 2239 5138; x_wconf 90' lang='lat' dir='ltr'><strong><em>nam</em></strong></span> <span class='ocrx_word' id='word_1_878' title='bbox 2268 5087 2542 5142; x_wconf 87' lang='lat' dir='ltr'><strong><em>crastinus</em></strong></span> <span class='ocrx_word' id='word_1_879' title='bbox 2570 5087 2685 5144; x_wconf 83' lang='lat' dir='ltr'><strong><em>dies</em></strong></span> <span class='ocrx_word' id='word_1_880' title='bbox 2719 5090 2833 5160; x_wconf 87' lang='lat' dir='ltr'><strong><em>ipse</em></strong></span> <span class='ocrx_word' id='word_1_881' title='bbox 2863 5095 3132 5161; x_wconf 86' lang='lat' dir='ltr'><strong><em>cogitabit</em></strong></span> <span class='ocrx_word' id='word_1_882' title='bbox 3151 5096 3279 5152; x_wconf 87' lang='lat' dir='ltr'><strong><em>sibi.</em></strong></span> <span class='ocrx_word' id='word_1_883' title='bbox 3309 5097 3573 5167; x_wconf 75' lang='lat' dir='ltr'><strong><em>Resricite</em></strong></span> 
     </span>
    </p>
   </div>
   <div class='ocr_carea' id='block_1_118' title="bbox 1922 5173 3572 5253">
    <p class='ocr_par' dir='ltr' id='par_1_118' title="bbox 1922 5173 3572 5253">
     <span class='ocr_line' id='line_1_118' title="bbox 1922 5173 3572 5253; baseline 0.009 -27"><span class='ocrx_word' id='word_1_884' title='bbox 1922 5173 2167 5227; x_wconf 85' lang='lat' dir='ltr'><strong><em>volatilia</em></strong></span> <span class='ocrx_word' id='word_1_885' title='bbox 2222 5175 2363 5244; x_wconf 69' lang='lat' dir='ltr'><strong><em>casti,</em></strong></span> <span class='ocrx_word' id='word_1_886' title='bbox 2420 5177 2553 5247; x_wconf 88' lang='lat' dir='ltr'><strong><em>quia</em></strong></span> <span class='ocrx_word' id='word_1_887' title='bbox 2600 5194 2711 5232; x_wconf 85' lang='lat' dir='ltr'><strong><em>non</em></strong></span> <span class='ocrx_word' id='word_1_888' title='bbox 2758 5182 3057 5248; x_wconf 75' lang='lat' dir='ltr'><strong><em>seminam,</em></strong></span> <span class='ocrx_word' id='word_1_889' title='bbox 3112 5199 3284 5253; x_wconf 86' lang='lat' dir='ltr'><strong><em>neque</em></strong></span> <span class='ocrx_word' id='word_1_890' title='bbox 3338 5192 3572 5253; x_wconf 70' lang='lat' dir='ltr'><strong><em>metunt,</em></strong></span> 
     </span>
    </p>
   </div>
   <div class='ocr_carea' id='block_1_119' title="bbox 1921 5262 3573 5343">
    <p class='ocr_par' dir='ltr' id='par_1_119' title="bbox 1921 5262 3573 5343">
     <span class='ocr_line' id='line_1_119' title="bbox 1921 5262 3573 5343; baseline 0.008 -27"><span class='ocrx_word' id='word_1_891' title='bbox 1921 5278 2095 5332; x_wconf 87' lang='lat' dir='ltr'><strong><em>neque</em></strong></span> <span class='ocrx_word' id='word_1_892' title='bbox 2121 5262 2395 5333; x_wconf 77' lang='lat' dir='ltr'><strong><em>colligunt</em></strong></span> <span class='ocrx_word' id='word_1_893' title='bbox 2430 5268 2487 5318; x_wconf 84' lang='lat' dir='ltr'><strong><em>in</em></strong></span> <span class='ocrx_word' id='word_1_894' title='bbox 2520 5265 2717 5322; x_wconf 86' lang='lat' dir='ltr'><strong><em>horrea</em></strong></span> <span class='ocrx_word' id='word_1_895' title='bbox 2749 5271 2966 5339; x_wconf 64' lang='lat' dir='ltr'><strong><em>(Matth.</em></strong></span> <span class='ocrx_word' id='word_1_896' title='bbox 3004 5288 3077 5335; x_wconf 82' lang='grc' dir='ltr'><strong><em>γι,</em></strong></span> <span class='ocrx_word' id='word_1_897' title='bbox 3112 5273 3200 5338; x_wconf 81' lang='grc'><strong><em>34,</em></strong></span> <span class='ocrx_word' id='word_1_898' title='bbox 3233 5273 3343 5343; x_wconf 83' lang='lat'><strong><em>26).</em></strong></span> <span class='ocrx_word' id='word_1_899' title='bbox 3392 5274 3573 5341; x_wconf 84' lang='lat' dir='ltr'><strong><em>Quasi</em></strong></span> 
     </span>
    </p>
   </div>
   <div class='ocr_carea' id='block_1_120' title="bbox 1921 5350 3575 5433">
    <p class='ocr_par' dir='ltr' id='par_1_120' title="bbox 1921 5350 3575 5433">
     <span class='ocr_line' id='line_1_120' title="bbox 1921 5350 3575 5433; baseline 0.01 -29"><span class='ocrx_word' id='word_1_900' title='bbox 1921 5367 2055 5405; x_wconf 84' lang='lat' dir='ltr'><strong><em>vero</em></strong></span> <span class='ocrx_word' id='word_1_901' title='bbox 2087 5350 2226 5406; x_wconf 87' lang='lat' dir='ltr'><strong><em>Cain</em></strong></span> <span class='ocrx_word' id='word_1_902' title='bbox 2262 5354 2552 5423; x_wconf 81' lang='lat' dir='ltr'><strong><em>parricida</em></strong></span> <span class='ocrx_word' id='word_1_903' title='bbox 2588 5360 2599 5390; x_wconf 84' lang='grc'>¹</span> <span class='ocrx_word' id='word_1_904' title='bbox 2635 5358 2946 5429; x_wconf 85' lang='lat' dir='ltr'><strong><em>discipulis</em></strong></span> <span class='ocrx_word' id='word_1_905' title='bbox 2977 5360 3190 5414; x_wconf 84' lang='lat' dir='ltr'><strong><em>Christi</em></strong></span> <span class='ocrx_word' id='word_1_906' title='bbox 3223 5377 3575 5433; x_wconf 77' lang='lat' dir='ltr'><strong><em>comparan-</em></strong></span> 
     </span>
    </p>
   </div>
   <div class='ocr_carea' id='block_1_121' title="bbox 1923 5439 3575 5519">
    <p class='ocr_par' dir='ltr' id='par_1_121' title="bbox 1923 5439 3575 5519">
     <span class='ocr_line' id='line_1_121' title="bbox 1923 5439 3575 5519; baseline 0.009 -25"><span class='ocrx_word' id='word_1_907' title='bbox 1923 5440 2033 5494; x_wconf 89' lang='lat' dir='ltr'><strong><em>dus</em></strong></span> <span class='ocrx_word' id='word_1_908' title='bbox 2066 5439 2160 5506; x_wconf 90' lang='lat' dir='ltr'><strong><em>sit,</em></strong></span> <span class='ocrx_word' id='word_1_909' title='bbox 2199 5450 2261 5495; x_wconf 75' lang='lat' dir='ltr'><strong><em>ut</em></strong></span> <span class='ocrx_word' id='word_1_910' title='bbox 2293 5444 2568 5513; x_wconf 81' lang='lat' dir='ltr'><strong><em>quoniam</em></strong></span> <span class='ocrx_word' id='word_1_911' title='bbox 2604 5444 2698 5501; x_wconf 89' lang='lat' dir='ltr'><strong><em>ille</em></strong></span> <span class='ocrx_word' id='word_1_912' title='bbox 2730 5448 2946 5502; x_wconf 90' lang='lat' dir='ltr'><strong><em>meruit</em></strong></span> <span class='ocrx_word' id='word_1_913' title='bbox 2998 5465 3211 5519; x_wconf 90' lang='lat' dir='ltr'><strong><em>panam</em></strong></span> <span class='ocrx_word' id='word_1_914' title='bbox 3244 5451 3575 5511; x_wconf 87' lang='lat' dir='ltr'><strong><em>sterilitatis</em></strong></span> 
     </span>
    </p>
   </div>
   <div class='ocr_carea' id='block_1_122' title="bbox 1921 5533 3570 5603">
    <p class='ocr_par' dir='ltr' id='par_1_122' title="bbox 1921 5533 3570 5603">
     <span class='ocr_line' id='line_1_122' title="bbox 1921 5533 3570 5603; baseline 0.008 -18"><span class='ocrx_word' id='word_1_915' title='bbox 1921 5533 2108 5594; x_wconf 68' lang='lat' dir='ltr'><strong><em>terrae,</em></strong></span> <span class='ocrx_word' id='word_1_916' title='bbox 2158 5548 2525 5603; x_wconf 86' lang='lat' dir='ltr'><strong><em>consequens</em></strong></span> <span class='ocrx_word' id='word_1_917' title='bbox 2575 5540 2729 5590; x_wconf 89' lang='lat' dir='ltr'><strong><em>esset</em></strong></span> <span class='ocrx_word' id='word_1_918' title='bbox 2778 5540 2843 5590; x_wconf 87' lang='lat' dir='ltr'><strong><em>ut</em></strong></span> <span class='ocrx_word' id='word_1_919' title='bbox 2893 5538 3159 5594; x_wconf 91' lang='lat' dir='ltr'><strong><em>eamdem</em></strong></span> <span class='ocrx_word' id='word_1_920' title='bbox 3201 5539 3570 5599; x_wconf 83' lang='lat' dir='ltr'><strong><em>sterilitatem</em></strong></span> 
     </span>
    </p>
   </div>
   <div class='ocr_carea' id='block_1_123' title="bbox 1988 5725 3279 5798">
    <p class='ocr_par' dir='ltr' id='par_1_123' title="bbox 1988 5725 3279 5798">
     <span class='ocr_line' id='line_1_123' title="bbox 1988 5725 3279 5798; baseline 0.008 -23"><span class='ocrx_word' id='word_1_921' title='bbox 1988 5725 2005 5758; x_wconf 77' lang='grc' dir='ltr'><strong><em>ι</em></strong></span> <span class='ocrx_word' id='word_1_922' title='bbox 2038 5725 2184 5776; x_wconf 76' lang='lat' dir='ltr'><strong><em>Unus</em></strong></span> <span class='ocrx_word' id='word_1_923' title='bbox 2211 5729 2418 5777; x_wconf 76' lang='lat' dir='ltr'><strong><em>tantum</em></strong></span> <span class='ocrx_word' id='word_1_924' title='bbox 2448 5741 2477 5777; x_wconf 90' lang='lat' dir='ltr'><strong><em>e</em></strong></span> <span class='ocrx_word' id='word_1_925' title='bbox 2505 5727 2772 5785; x_wconf 69' lang='lat' dir='ltr'><strong><em>Vaticanis</em></strong></span> <span class='ocrx_word' id='word_1_926' title='bbox 2799 5729 2945 5795; x_wconf 59' lang='lat' dir='ltr'><strong><em>Mem,</em></strong></span> <span class='ocrx_word' id='word_1_927' title='bbox 2976 5733 3279 5798; x_wconf 81' lang='lat' dir='ltr'><strong><em>fratricida.</em></strong></span> 
     </span>
    </p>
   </div>
   <div class='ocr_carea' id='block_1_124' title="bbox 2096 5805 2831 5873">
    <p class='ocr_par' dir='ltr' id='par_1_124' title="bbox 2096 5805 2831 5873">
     <span class='ocr_line' id='line_1_124' title="bbox 2096 5805 2831 5873; baseline 0.011 -18"><span class='ocrx_word' id='word_1_928' title='bbox 2096 5809 2119 5855; x_wconf 76' lang='grc'><strong>1</strong></span> <span class='ocrx_word' id='word_1_929' title='bbox 2152 5805 2402 5872; x_wconf 68' lang='lat' dir='ltr'><strong><em>RetrAct.,</em></strong></span> <span class='ocrx_word' id='word_1_930' title='bbox 2433 5820 2547 5873; x_wconf 78' lang='lat' dir='ltr'><strong><em>cap.</em></strong></span> <span class='ocrx_word' id='word_1_931' title='bbox 2580 5809 2658 5871; x_wconf 80' lang='lat'><strong><em>22,</em></strong></span> <span class='ocrx_word' id='word_1_932' title='bbox 2689 5823 2743 5859; x_wconf 90' lang='lat' dir='ltr'><strong><em>n.</em></strong></span> <span class='ocrx_word' id='word_1_933' title='bbox 2782 5813 2831 5863; x_wconf 83' lang='lat'><strong><em>2.</em></strong></span> 
     </span>
    </p>
   </div>
  </div>
