4058 6180
456 327 570 386 135

453 458 549 513 isti
583 458 757 513 etiam
790 462 1143 529 paterentur,
1180 458 1277 526 qui
1310 457 1622 512 Dominum
1663 457 1866 513 Jesum
1898 455 2092 512 Chris-

451 550 576 603 tum
611 546 815 615 secuti,
850 546 1216 618 praedicando
1237 545 1545 618 Evangelio
1568 546 1944 617 parabantur.
1971 545 2092 601 Ιιιιο

450 635 624 691 etiam
656 634 716 690 in
749 634 878 689 istis
912 635 1138 689 duobus
1171 634 1464 707 capitulis,
1498 651 1749 706 quorum
1799 651 1984 690 unum
2029 634 2099 688 de

449 722 677 793 Genesi,
712 724 958 778 alterum
989 724 1057 779 de
1091 723 1396 795 Evangelio
1423 728 1704 795 tanquam
1730 724 1841 780 sibi
1863 723 2100 778 inimica

446 816 791 883 posuerunt,
811 816 969 867 tanta
992 811 1279 867 invenitur
1294 811 1553 867 amicitia
1569 817 1743 885 atque
1765 812 2095 880 concordia,

449 904 514 956 ut
534 900 696 957 nulla
722 903 908 973 major
930 900 1316 957 desideranda
1336 899 1585 963 sit.Quid
1609 900 1763 957 enim
1780 917 2098 973 congruen-

444 991 586 1058 tius,
611 1007 789 1062 quam
814 996 878 1046 ut
894 990 1082 1058 illum,
1099 990 1269 1061 cujus
1293 994 1417 1045 erat
1437 989 1653 1046 scelere
1674 992 1849 1046 frater
1868 990 2095 1046 occisus

444 1076 619 1136 etiam
650 1079 709 1135 in
732 1084 886 1136 terra
908 1079 1268 1135 laborantem
1287 1079 1564 1135 sterilitas
1581 1083 1955 1151 sequeretur:
1980 1079 2096 1136 illis

441 1172 661 1235 autem,
689 1186 790 1241 per
813 1184 1062 1240 quorum
1097 1168 1488 1227 ministerium
1515 1168 1573 1223 in
1598 1168 1970 1240 praedicando
1992 1168 2093 1226 Dei

437 1257 615 1313 verbo
630 1258 839 1314 fratres
861 1257 1465 1325 liberabantur,etiam
1490 1258 1559 1313 de
1572 1259 1826 1314 crastino
1852 1258 2092 1315 minime

439 1346 835 1418 cogitantibus
858 1348 1157 1403 fructuosa
1180 1351 1333 1403 terra
1353 1347 1622 1402 serviret?
1644 1348 1802 1413 Quod
1830 1347 1877 1403 si
1904 1346 1963 1402 in
1986 1347 2090 1404 Ve-

430 1435 538 1490 teri
567 1437 946 1493 Testamento
969 1436 1392 1493 exhorrescunt
1409 1435 1718 1492 maledicto
1741 1436 1840 1492 Dei
1870 1440 2083 1492 terram

432 1525 695 1582 sterilem
730 1528 940 1582 factam
966 1543 1091 1582 esse
1115 1526 1422 1598 peccatori;
1447 1542 1550 1580 cur
1575 1542 1691 1581 non
1714 1526 1772 1580 in
1793 1525 1947 1581 Novo
1980 1525 2083 1580 Te-

431 1616 720 1672 stamento
742 1617 1159 1671 exhorrescunt
1182 1615 1487 1671 maledicto
1503 1614 1729 1669 Domini
1744 1614 1925 1669 nostri
1947 1614 2083 1669 Jesu

431 1704 650 1764 Christi
673 1707 940 1761 arborem
964 1704 1055 1759 ﬁci
1089 1704 1310 1759 aridam
1337 1704 1548 1759 factam
1581 1703 1786 1775 (Matth.
1820 1720 1936 1769 xxx,
1974 1705 2101 1770 19),.

432 1797 595 1856 nullo
628 1800 862 1869 peccato
895 1793 1117 1850 domini
1150 1793 1290 1848 sui?
1334 1792 1472 1849 Item
1506 1793 1554 1847 si
1596 1792 1818 1848 domini
1848 1796 2084 1848 senten-

430 1890 513 1944 tia
542 1886 925 1951 delectantur,
959 1899 1071 1955 qua
1111 1881 1419 1953 discipulis
1451 1881 1593 1936 dicit
1626 1898 1697 1936 ne
1728 1883 1798 1936 de
1826 1881 2083 1936 crastino

429 1977 703 2049 cogitent,
746 1974 897 2046 quod
923 1973 991 2027 de
1023 1972 1181 2027 victu
1212 1988 1411 2027 eorum
1455 1971 1609 2026 Deus
1650 1987 1851 2026 curam
1882 1975 2081 2042 gerat,

421 2084 528 2122 cur
558 2083 669 2122 non
702 2068 759 2120 et
813 2061 1155 2135 prophetica
1213 2060 1502 2116 sententia
1531 2059 1913 2125 delectantur,
1965 2076 2082 2131 qua

420 2154 633 2211 cecinit
687 2153 910 2219 dicens,
962 2151 1147 2222 Abjice
1198 2150 1256 2204 in
1314 2150 1605 2205 Dominum
1651 2149 2082 2205 sollicitudinem

418 2248 594 2312 tuam,
621 2246 679 2299 et
708 2245 825 2315 ipse
855 2249 905 2297 te
933 2244 1117 2312 pascet
1150 2239 1322 2310 (Psal.
1362 2256 1475 2303 LIV,
1506 2239 1629 2306 23)?
1649 2237 1721 2294 Ut
1753 2237 1860 2293 hoc
1882 2238 2076 2308 modo,

428 2332 480 2391 si
514 2331 760 2406 possint,
794 2329 991 2386 miseri
1024 2328 1373 2400 intelligant,
1407 2332 1465 2382 et
1495 2325 1595 2382 illa
1624 2342 1750 2398 quae
1783 2328 2076 2382 detestan-

427 2426 527 2479 tur
554 2422 615 2478 in
662 2420 857 2476 Veteri
893 2420 1262 2474 Testamento
1294 2416 1364 2471 de
1394 2419 1507 2471 Deo
1533 2416 1691 2472 dicta
1722 2432 1907 2485 usque
1936 2416 2077 2471 adeo

431 2515 590 2569 recta
637 2526 786 2579 esse,
820 2513 885 2563 ut
926 2507 1100 2563 etiam
1126 2507 1182 2561 in
1224 2505 1380 2562 Novo
1412 2504 1822 2573 inveniantur;
1873 2507 1930 2559 et
1977 2503 2077 2560 illa

426 2617 558 2674 qua:
583 2599 643 2654 in
672 2598 829 2655 Novo
857 2596 1101 2651 laudant
1131 2600 1187 2650 et
1219 2595 1555 2667 praedicant,
1588 2594 1767 2648 etiam
1799 2593 1860 2648 in
1881 2592 2075 2648 Veteri

422 2689 665 2762 reperiri
699 2706 712 2743 ε
746 2688 899 2742 unde
928 2684 1207 2741 clarescat
1228 2685 1374 2739 bene
1402 2682 1865 2755 intelligentibus
1888 2682 2073 2739 utriu-

420 2795 561 2850 sque
592 2775 950 2834 Testamenti
980 2774 1291 2830 manifesta
1318 2773 1648 2829 concordia.

486 2866 716 2926 CAPUT
746 2871 813 2921 V.
850 2897 913 2907 —-
948 2865 998 2921 1.
1033 2864 1113 2919 De
1145 2880 1210 2919 eo
1242 2864 1398 2935 quod
1427 2863 1711 2934 scriptum
1753 2866 1842 2916 est
1870 2861 1927 2916 in
1963 2861 2070 2918 Ge-

415 2957 541 3013 nesi
569 2974 582 3013 :
606 2958 892 3011 Faciamus
914 2955 1190 3009 hominem
1237 2952 1307 3007 ad
1338 2953 1636 3020 imaginem
1666 2959 1715 3006 et
1744 2950 2069 3007 similitudi-

415 3062 543 3102 nem
569 3054 813 3101 nostram
848 3044 1001 3113 (Gen.
1031 3060 1069 3111 ι,
1119 3042 1231 3113 26).
1286 3043 1449 3096 Hunc
1499 3039 1693 3095 locum
1742 3039 2067 3112 Manichaei,

416 3151 535 3206 quo
568 3134 849 3204 scriptum
883 3135 971 3187 est
1000 3131 1058 3185 in
1092 3129 1321 3195 Genesi,
1355 3128 1655 3184 hominem
1689 3129 1908 3183 factum
1941 3144 2068 3183 esse

413 3222 486 3279 ad
518 3222 834 3294 imaginem
862 3218 1381 3276 etsimilitudidem
1410 3218 1509 3274 Dei
1542 3220 1848 3289 prapterea
1866 3216 2069 3274 dicunt

415 3308 574 3369 Novo
597 3311 972 3368 Testamento
1003 3324 1133 3365 esse
1163 3305 1694 3378 contrarium,quia
1712 3304 2067 3361 Dominusin

416 3400 722 3472 Evangelio
754 3399 899 3455 dicit
926 3397 1165 3468 Judaeis,
1193 3398 1286 3454 Vos
1314 3412 1384 3452 ea:
1409 3400 1567 3468 patre
1595 3395 1813 3452 diabolo
1844 3396 1992 3464 estis,
2017 3398 2069 3450 et

425 3489 698 3546 desideria
714 3490 890 3560 patris
920 3489 1092 3543 vestri
1107 3489 1287 3557 lacere
1300 3486 1461 3542 vultis
1484 3504 1502 3541 :
1524 3486 1621 3540 ille
1651 3484 1926 3541 homicida
1948 3488 2069 3540 erat

417 3579 485 3634 ab
516 3580 699 3644 initio,
732 3582 783 3634 et
811 3579 872 3633 in
900 3579 1128 3634 veritate
1158 3594 1268 3632 non
1298 3578 1473 3647 stetit,
1501 3577 1635 3647 quia
1687 3576 1885 3630 veritas
1916 3576 1975 3628 in
2006 3590 2066 3630 eo

414 3652 526 3723 ηὸη
554 3678 635 3724 est
665 3668 823 3741 (Joan
842 3684 966 3737 VIII,
1000 3666 1127 3736 44):
1162 3670 1218 3722 et
1247 3666 1400 3737 quod
1434 3663 1546 3720 alio
1573 3662 1696 3719 loco
1727 3662 1910 3719 Judaei
1944 3679 2068 3718 ser-

414 3761 660 3829 pentum
692 3757 991 3829 genimina
1022 3760 1077 3811 et
1104 3753 1431 3827 viperarum
1456 3751 1828 3825 appellantur
1855 3752 2061 3824 (Matth.

410 3860 495 3913 III,
532 3847 588 3910 7,
617 3849 667 3901 et
689 3863 849 3917 XXIII,
872 3845 984 3917 33).
1013 3844 1138 3899 Non
1169 3842 1503 3915 intelligunt
1527 3842 1670 3896 illud
1694 3858 1820 3897 esse
1843 3841 2065 3897 dictum

413 3934 483 3988 de
514 3932 751 3989 homine
778 3937 1092 4005 antequam
1123 3936 1409 4003 peccaret,
1443 3931 1595 4003 quod
1629 3931 1817 3986 factus
1864 3935 1954 3986 est
1991 3930 2063 3986 ad

413 4021 731 4094 imaginem
758 4027 815 4078 et
846 4020 1299 4077 similitudinem
1335 4020 1452 4076 Dei:
1479 4019 1587 4075 hoc
1609 4023 1805 4075 autem
1826 4020 1979 4091 quod
2003 4018 2063 4073 in

411 4111 718 4183 Evangelio
748 4116 855 4179 est,
877 4113 973 4168 Vos
990 4127 1060 4167 ex
1078 4112 1235 4181 patre
1262 4108 1473 4164 diabolo
1491 4110 1637 4175 estis,
1658 4108 2063 4179 peccatoribus

410 4204 469 4256 et
488 4198 825 4257 inﬁdelibus
854 4199 990 4256 dici.
1015 4199 1226 4256 Tribus
1258 4198 1413 4254 enim
1448 4196 1637 4253 modis
1665 4198 1725 4253 in
1747 4196 2062 4269 Scripturis

411 4289 630 4346 sanctis
653 4289 911 4345 filiorum
941 4304 1152 4345 nomen
1167 4286 1537 4359 accipitur(a)
1563 4304 1575 4341 :
1605 4302 1719 4341 uno
1735 4286 2059 4341 secundum

411 4379 706 4444 naturam,
739 4376 1053 4447 quomodo,
1081 4376 1240 4431 Isaac
1270 4372 1426 4429 ﬁlius
1459 4372 1718 4441 Abrahae,
1753 4372 1840 4429 vel
1884 4372 2058 4428 etiam

413 4464 605 4521 caeteri
633 4465 819 4520 Judaei
853 4465 950 4535 qui
978 4481 1046 4520 ex
1074 4464 1277 4520 eadem
1331 4463 1553 4536 origine
1599 4463 1838 4518 veniunt
1874 4479 1887 4518 :
1924 4462 2058 4529 alio,

413 4554 738 4610 secundum
773 4553 1121 4624 doctrinam,
1150 4558 1215 4607 ut
1244 4552 1400 4608 filius
1432 4553 1557 4622 ejus
1588 4552 1648 4607 in
1678 4569 1747 4607 ea
1787 4567 1846 4606 re
1897 4551 2059 4623 quis-

411 4658 526 4715 que
554 4642 900 4715 appelletur,
934 4660 967 4697 a
1015 4659 1129 4714 quo
1162 4642 1383 4714 aliquid
1425 4641 1658 4708 didicit;
1712 4640 1865 4696 sicut
1908 4639 2058 4695 filios

409 4748 547 4789 suos
568 4730 881 4803 Apostolus
903 4730 1177 4803 appellat,
1192 4731 1295 4803 qui
1312 4730 1498 4785 abillo
1520 4730 1852 4786 didicerunt
1876 4730 2059 4785 Evan-

407 4820 624 4896 gelium
655 4822 700 4894 (Ι
735 4820 854 4876 Cor.
894 4838 964 4891 Iv,
995 4821 1083 4887 14,
1116 4821 1244 4892 45);
1280 4819 1469 4891 tertio,
1504 4820 1828 4875 secundum
1861 4818 2057 4874 imita-

406 4912 652 4979 tionem,
686 4909 839 4965 sicut
886 4909 1039 4965 filios
1088 4909 1331 4964 Abrahae
1384 4926 1490 4964 nos
1531 4912 1695 4964 vocat
1724 4908 2057 4980 Apostolus,

418 5002 516 5074 qui
549 5001 679 5072 ejus
710 4998 883 5054 fidem
917 4998 1217 5054 imitamur
1238 4997 1439 5069 (Galat.
1472 5015 1556 5065 III,
1588 4998 1665 5068 7).
1697 4996 1936 5053 Duobus
1968 5013 2055 5052 er-

411 5107 481 5164 go
515 5090 706 5147 modis
764 5092 1095 5161 peccatores
1127 5086 1392 5141 inﬁdeles
1438 5086 1646 5157 Judaei,
1687 5085 1791 5139 ﬁlii
1842 5085 2056 5142 diaboli

406 5184 688 5236 vocantur
719 5197 752 5235 a
787 5178 1047 5245 Domino;
1071 5176 1158 5231 vel
1190 5176 1344 5246 quod
1397 5177 1469 5230 ab
1518 5174 1644 5246 ipso
1693 5174 2056 5247 impietatem

407 5266 758 5335 didicerunt,
794 5268 947 5324 sicut
979 5267 1050 5322 de
1101 5266 1228 5337 ipso
1279 5264 1509 5319 diabolo
1545 5264 1857 5335 Apostolus
1889 5265 2052 5336 dicit,

409 5356 514 5425 Qui
539 5373 688 5413 nunc
717 5365 972 5429 operatur
1002 5358 1059 5413 in
1089 5355 1224 5427 ﬁliis
1253 5352 1582 5424 difﬁdentia)
1606 5354 1817 5425 (Ephes.
1850 5372 1913 5425 ιι,
1943 5355 2000 5426 2)
2036 5370 2049 5409 :

410 5444 498 5501 vel
526 5447 679 5517 quod
713 5463 846 5501 eum
877 5448 1205 5513 imitantur,
1240 5443 1392 5515 quod
1419 5443 1605 5514 magis
1628 5444 1878 5515 pertinet
1900 5445 1971 5498 ad
1995 5444 2054 5498 id

419 5534 573 5606 quod
592 5534 662 5588 de
686 5532 784 5589 illo
810 5535 1031 5591 dictum
1051 5535 1229 5601 est,Et
1248 5535 1311 5589 in
1332 5534 1563 5587 veritate
1585 5547 1695 5588 non
1717 5534 1900 5599 stetit;
1917 5532 2054 5603 quia

407 5628 464 5680 et
492 5621 605 5695 ipsi
626 5620 812 5678 Judaei
842 5623 902 5678 in
932 5624 1169 5679 veritate
1191 5622 1333 5695 legis
1356 5638 1482 5694 quas
1508 5620 1621 5677 sibi
1644 5621 1779 5677 data
1807 5624 1916 5687 est,
1936 5638 2051 5678 non

474 5816 548 5881 (a)
575 5817 596 5869 Ι
626 5814 877 5877 Retract.,
905 5827 1019 5879 cap.
1051 5817 1130 5865 22.

932 325 1246 385 CONTRA
1292 323 1773 387 ADIMANTUM
1819 321 2228 384 MANICHIEI
2272 322 2779 398 DISCIPULUM,
2827 323 2888 383 S.
2938 326 3363 387 AUGUSTINI

3715 330 3822 391 136

2205 460 2513 527 steterunt,
2546 456 2791 513 Domino
2822 462 3130 512 attestante
3161 463 3216 513 et
3244 458 3489 525 dicente,
3512 458 3569 514 Si
3600 462 3826 518 credere-

2204 547 2276 600 tis
2296 547 2486 617 Moysi,
2520 548 2814 603 crederetis
2846 551 2899 602 et
2930 547 3108 602 mihi:
3142 548 3235 601 ille
3259 550 3405 602 enim
3438 549 3508 604 de
3527 566 3611 604 me
3637 554 3823 622 scripit

2203 634 2382 705 (Juan.
2416 652 2470 702 v,
2505 636 2614 707 46).
2639 637 2967 692 Secundum
2989 636 3327 692 eorumdem
3351 642 3713 706 peccatorum
3736 657 3820 695 ve-

2206 738 2356 778 nena
2384 723 2557 779 etiam
2585 729 2918 797 serpentum
2943 729 2999 780 et
3034 724 3364 796 viperarum
3405 726 3698 798 genimina
3739 746 3827 785 vo-

2202 816 2428 867 cantur.

2267 902 2321 957 2.
2346 902 2429 957 Ad
2453 901 2766 975 imaginem
2792 906 2985 958 autem
3004 902 3103 958 Dei
3127 903 3345 958 factum
3378 902 3695 972 hominem,
3719 922 3826 962 non

2197 993 2427 1045 tantum
2473 990 2841 1062 Genesis,sed
2878 991 3055 1047 etiam
3086 990 3394 1063 Apostolus
3442 990 3673 1060 clamat,
3704 1011 3829 1049 cum

2197 1078 2338 1134 dicit
2363 1097 2375 1136 :
2408 1081 2497 1135 Vir
2512 1080 2729 1151 quidem
2746 1097 2855 1136 non
2884 1080 3034 1135 debet
3054 1083 3230 1136 velare
3249 1083 3429 1152 caput,
3458 1097 3580 1136 cum
3607 1083 3679 1136 sit
3698 1084 3829 1137 ima-

2194 1183 2258 1239 go
2288 1172 2341 1224 et
2367 1169 2546 1240 gloria
2574 1170 2694 1238 Dei,
2724 1168 2935 1225 mulier
2962 1179 3149 1227 autem
3188 1171 3374 1239 gloria
3404 1172 3516 1225 viri
3544 1171 3589 1243 (Ι
3608 1171 3723 1226 Cor.
3755 1188 3829 1239 ιιι,

2191 1258 2268 1329 7).
2303 1257 2371 1313 Et
2398 1263 2462 1314 ut
2490 1259 2799 1316 manifeste
2828 1258 3192 1332 intelligatur
3222 1276 3336 1315 non
3367 1260 3688 1315 secundum
3734 1277 3831 1316 ve-

2192 1350 2470 1403 tustatem
2512 1349 2728 1421 peccati
2760 1366 2886 1421 quas
2918 1348 3332 1421 corrumpitur,
3367 1350 3469 1405 sed
3516 1350 3832 1405 secundum

2192 1435 2554 1507 spiritualem
2587 1438 3107 1494 conformationem
3134 1438 3348 1493 factum
3381 1455 3512 1494 esse
3538 1438 3830 1493 hominem

2192 1526 2262 1580 ad
2294 1525 2612 1598 imaginem
2648 1527 2769 1595 Dei,
2809 1527 2963 1582 idem
3010 1527 3311 1600 apostolus
3358 1531 3555 1582 monet
3585 1531 3648 1582 ut
3680 1528 3830 1582 exuti

2190 1615 2612 1670 consuetudine
2644 1621 3001 1687 pacatorum,
3058 1616 3112 1670 id
3164 1621 3276 1683 est,
3327 1619 3523 1671 vetere
3582 1615 3833 1683 homine,

2187 1701 2507 1758 induamur
2538 1722 2683 1759 nova
2714 1705 2827 1759 vita
2855 1705 3090 1774 Christi,
3145 1722 3323 1776 quem
3372 1721 3590 1759 novum
3644 1704 3828 1759 homi-

2188 1808 2320 1847 nem
2349 1792 2621 1865 appellat.
2657 1794 2725 1849 Et
2755 1800 2818 1849 ut
2848 1796 3049 1850 doceat
3082 1794 3190 1849 hoc
3223 1812 3328 1850 nos
3362 1793 3677 1865 aliquando
3700 1793 3835 1848 ami-

2187 1881 2355 1952 sisse,
2390 1883 2822 1938 renovationem
2856 1883 3015 1938 illam
3048 1888 3231 1939 vocat.
3264 1884 3413 1939 Nam
3438 1883 3519 1938 ita
3539 1882 3827 1954 loquitur:

2183 1970 2561 2042 Exspoliantes
2604 1987 2693 2027 vos
2719 1976 2951 2029 veterem
2983 1972 3266 2028 hominem
3294 1989 3425 2027 cum
3458 1973 3668 2027 actibus
3698 1973 3831 2043 ejus,

2184 2060 2397 2116 induite
2422 2078 2640 2132 novum,
2678 2062 2772 2133 qui
2801 2066 3106 2117 renovatur
3144 2065 3203 2117 in
3232 2064 3576 2133 agnitionem
3609 2062 3725 2126 Dei,
3756 2077 3834 2117 se-

2182 2150 2424 2205 cundum
2452 2152 2752 2221 imaginem
2780 2151 2896 2221 ejus
2928 2151 3025 2223 qui
3066 2152 3271 2205 creavit
3318 2166 3445 2206 cum
3494 2150 3720 2221 (Coloss.
3754 2165 3835 2218 ιιι,

2179 2236 2233 2308 9,
2269 2239 2377 2310 10).
2415 2238 2539 2294 Filii
2571 2256 2706 2311 ergo
2739 2241 2836 2294 Dei
2868 2246 3009 2295 sunt
3028 2239 3297 2295 homines
3330 2239 3593 2295 renovati
3622 2239 3691 2293 ad
3714 2239 3836 2308 ejus

2178 2325 2518 2399 imaginem,
2551 2333 2608 2384 et
2638 2328 2687 2384 ei
2721 2327 2946 2384 similes
2977 2328 3110 2383 facti
3145 2345 3330 2401 usque
3359 2330 3435 2384 ad
3464 2327 3839 2383 dilectionem

2181 2415 2443 2471 inimici:
2476 2416 2629 2472 sicut
2659 2416 2944 2472 Dominus
2992 2416 3156 2482 dicit,
3188 2415 3435 2488 diligere
3486 2434 3596 2472 nos
3633 2417 3839 2471 debere

2178 2504 2447 2561 inimicos
2479 2510 2729 2573 nostros,
2758 2510 2823 2561 ut
2852 2505 3074 2561 similes
3096 2505 3283 2561 simus
3310 2505 3471 2562 Patri
3507 2510 3709 2560 nostro
3739 2503 3837 2575 qui

2177 2593 2236 2648 in
2269 2593 2431 2650 cmlis
2463 2599 2551 2650 est
2581 2594 2803 2667 (Matth.
2854 2612 2909 2663 ν,
2953 2595 3040 2664 44,
3085 2595 3196 2666 45).
3238 2595 3400 2658 Quod
3446 2594 3509 2649 in
3552 2599 3841 2665 potestate

2177 2687 2375 2739 nostra
2402 2684 2472 2739 ab
2505 2684 2630 2755 ipso
2663 2684 2776 2739 Deo
2808 2699 2935 2739 esse
2982 2684 3239 2754 positum
3277 2684 3449 2739 docet
3505 2684 3833 2755 Scriptura,

2175 2788 2310 2827 cum
2342 2773 2485 2828 dicit
2511 2790 2524 2829 :
2556 2774 2709 2829 Dedit
2738 2775 2818 2828 eis
2844 2777 3162 2845 potestatem
3191 2774 3338 2844 ﬁlios
3369 2775 3475 2829 Dei
3500 2774 3631 2845 ﬁeri
3664 2773 3837 2845 (Joan.

2173 2878 2215 2928 ι,
2250 2862 2356 2929 12).
2392 2862 2519 2917 Filii
2551 2869 2745 2918 autem
2780 2862 2995 2919 diaboli
3045 2862 3320 2918 dicuntur
3362 2863 3669 2928 homines,
3704 2877 3838 2917 cum

2172 2951 2479 3007 imitantur
2507 2954 2633 3022 ejus
2664 2952 2903 3023 impiam
2945 2952 3303 3024 superbiam,
3331 2956 3389 3007 et
3422 2971 3455 3008 a
3489 2952 3626 3008 luce
3658 2958 3836 3024 atque

2173 3039 2519 3095 celsitudine
2550 3040 2846 3111 sapientiai
2877 3040 3175 3107 decidunt,
3200 3043 3258 3094 et
3286 3056 3402 3094 non
3430 3040 3691 3095 credunt
3740 3054 3835 3095 ve-

2171 3128 2328 3183 ritati
2357 3144 2369 3184 :
2403 3129 2607 3200 quales
2639 3130 2923 3185 Dominus
2964 3129 3175 3201 arguit,
3210 3145 3343 3183 cum
3375 3128 3549 3184 dicit.
3604 3130 3719 3185 Vox
3769 3143 3840 3183 ea:

2170 3227 2333 3285 patre
2360 3217 2575 3274 diabolo
2606 3219 2753 3289 estis,
2777 3222 2888 3273 etc.
2911 3218 3015 3274 Cui
3035 3219 3157 3273 loco
3178 3216 3518 3289 evangelico
3544 3217 3840 3289 propheta

2170 3311 2474 3375 consonat,
2497 3307 2731 3363 dicens:
2758 3309 2873 3380 Ego
2891 3307 3031 3374 dixi,
3063 3308 3154 3363 Dii
3175 3308 3320 3375 estis,
3343 3314 3397 3362 et
3420 3307 3541 3377 ﬁlii
3563 3305 3844 3363 Altissimi

2168 3412 2359 3452 omnes
2385 3414 2404 3452 :
2449 3412 2538 3453 vos
2567 3401 2753 3452 autem
2792 3402 2850 3451 ut
2898 3398 3142 3452 homines
3195 3396 3550 3464 moriemini,
3606 3400 3660 3453 et
3703 3398 3850 3451 sicut

2168 3502 2312 3541 unus
2340 3502 2410 3541 eo:
2432 3486 2780 3558 principibus
2817 3486 3023 3541 cadetis
3056 3486 3224 3555 (Psal.
3258 3501 3446 3556 Lxxm,
3478 3486 3535 3549 6,
3571 3487 3654 3557 7).

2239 3574 2473 3631 CAPUT
2491 3575 2584 3631 VI.
2607 3575 2763 3631 —De
2795 3591 2860 3630 eo
2885 3575 3039 3647 quod
3066 3575 3349 3646 scriptum
3374 3580 3465 3630 est
3491 3574 3553 3629 in
3594 3575 3800 3630 Exodo
3832 3590 3844 3628 :

2169 3666 2383 3719 Honora
2397 3671 2606 3735 patrem
2626 3666 2802 3730 tuum,
2831 3666 2881 3719 et
2901 3668 3144 3718 matrem
3186 3672 3336 3717 tuam
3362 3662 3563 3734 (Exod.
3590 3680 3691 3728 xx,
3730 3663 3843 3734 i2).

2169 3752 2312 3809 Huic
2338 3752 2509 3809 etiam
2534 3752 2681 3823 loco,
2707 3752 2805 3808 ubi
2829 3753 2898 3808 de
2920 3752 3279 3808 honorandis
3304 3753 3671 3823 parentibus
3685 3751 3848 3807 Deus

2167 3842 2457 3914 praeepit,
2489 3842 2654 3897 illum
2698 3841 2993 3914 Evangelii
3039 3840 3232 3897 locum
3280 3841 3591 3896 Manichaei
3627 3842 3851 3896 dicunt

2168 3946 2295 3986 esse
2326 3930 2704 3997 contrarium,
2730 3930 2827 3985 ubi
2856 3928 3133 3985 Dominus
3165 3928 3396 3984 cuidam
3439 3928 3706 3995 dicenti,
3754 3928 3850 3985 Ibo

2162 4020 2411 4090 primum
2430 4027 2489 4074 ut
2506 4022 2769 4091 sepeliam
2800 4023 3031 4091 patrum
3054 4035 3237 4074 meum
3258 4034 3279 4079 ,·
3311 4019 3637 4089 respondit
3660 4036 3676 4087 ;
3711 4019 3853 4074 Sine

2165 4111 2461 4176 mortuost,
2493 4113 2736 4164 mortuos
2764 4124 2887 4164 suos
2926 4108 3199 4180 speliant;
3248 4115 3305 4163 tu
3336 4112 3537 4162 autem
3584 4110 3750 4180 veni,
3803 4114 3855 4164 et

2165 4199 2457 4254 annuntia
2486 4215 2719 4267 regnum
2748 4199 2849 4253 Dei
2868 4198 3019 4269 (Luc.
3042 4214 3122 4266 Ix,
3146 4198 3239 4262 59,
3268 4196 3379 4268 60).
3413 4196 3591 4259 Quod
3630 4198 3854 4253 eodem

2166 4288 2337 4343 modo
2370 4287 2633 4355 solvitur,
2668 4304 2781 4358 quo
2814 4285 2956 4341 illud
2988 4286 3280 4358 superius,
3317 4284 3412 4339 ubi
3440 4285 3515 4340 de
3546 4302 3743 4340 uxore
3768 4301 3857 4341 re-

2163 4374 2483 4448 linquenda
2504 4376 2725 4432 dictum
2750 4377 3099 4445 est,Propter
3116 4390 3347 4443 regnum
3363 4374 3674 4430 caelorum:
3706 4374 3859 4447 quia

2165 4469 2220 4519 et
2244 4470 2511 4537 parentes
2533 4465 2818 4521 honorare
2839 4465 3141 4530 debemus,
3165 4467 3221 4519 et
3243 4480 3339 4518 eos
3357 4467 3565 4517 tamen
3594 4467 3858 4535 propter

2164 4555 2669 4610 annuntiationem
2689 4553 2850 4626 regni
2876 4553 2975 4608 Dei
2991 4552 3467 4623 nullaimpietate
3490 4553 3829 4607 contemni
3846 4582 3863 4591 -

2167 4660 2319 4697 mus.
2374 4643 2517 4698 Nam
2552 4642 2600 4697 si
2633 4642 2822 4697 Veteri
2871 4642 3243 4697 Testamento
3303 4640 3689 4695 contrarium
3761 4644 3862 4696 est

2164 4731 2539 4803 Evangelium
2562 4736 2797 4803 propter
2819 4730 2991 4786 istam
3020 4729 3396 4794 sententiam,
3415 4729 3642 4801 incipit
3661 4729 3863 4786 etiam

2163 4820 2440 4893 Apostolo
2460 4838 2583 4877 esse
2606 4820 2991 4885 contrarium,
3016 4818 3115 4889 qui
3138 4823 3194 4873 et
3232 4817 3383 4872 filios
3416 4824 3629 4873 monet
3654 4823 3729 4873 ut
3752 4819 3864 4874 ho—

2164 4914 2369 4965 norent
2386 4914 2679 4981 parentes,
2700 4913 2755 4964 et
2778 4913 3046 4981 parentes
3068 4911 3132 4961 ut
3154 4906 3400 4979 diligant
3423 4906 3578 4961 filios
3601 4907 3862 4979 (Ephes.

2162 5015 2237 5053 v1.
2261 4999 2386 5065 2-4,
2418 5004 2469 5055 et
2500 4998 2701 5055 Coloss.
2733 5017 2813 5068 III,
2842 4997 3060 5068 20,21).
3094 4996 3220 5051 Non
3253 4993 3445 5051 solum
3470 5001 3718 5064 autem,
3750 4997 3867 5052 sed

2163 5088 2338 5143 etiam
2372 5088 2653 5144 Dominus
2683 5087 2975 5144 videbitur
3003 5086 3113 5141 sibi
3163 5085 3274 5157 ipsi
3310 5100 3438 5140 esse
3484 5084 3867 5142 contrarius

2162 5176 2337 5249 (quod
2361 5177 2592 5233 credere
2614 5178 2777 5232 nefas
2800 5176 2933 5249 est),
2959 5174 3097 5247 quia
3127 5174 3251 5230 loco
3276 5173 3389 5229 alio
3422 5171 3567 5228 dicit
3596 5172 3871 5230 homini

2160 5266 2438 5337 quaerenti
2468 5266 2647 5321 vitam
2670 5264 3035 5331 aeternam,Si
3054 5265 3135 5319 vis
3152 5262 3431 5318 veniread
3454 5263 3659 5331 vitam,
3682 5278 3873 5319 serva

2158 5354 2419 5409 mandata
2442 5372 2460 5410 :
2480 5353 2539 5409 in
2572 5354 2785 5424 quibus
2823 5354 3001 5409 etiam
3043 5352 3185 5407 illud
3227 5356 3697 5421 commemorat,
3742 5353 3866 5407 Ho-

2158 5459 2301 5499 nora
2320 5448 2538 5516 patrem
2569 5456 2619 5498 et
2652 5452 2908 5499 matrem.
2948 5442 3169 5508 Quibus
3216 5440 3513 5496 mandatis
3542 5440 3873 5510 perfectis

2159 5533 2336 5589 etiam
2368 5534 2437 5589 ad
2463 5532 2834 5588 dilectionem
2865 5532 2967 5587 Dei
2998 5531 3301 5599 crescitur,
3342 5529 3403 5585 in
3436 5547 3548 5601 qua
3572 5532 3688 5583 est
3725 5534 3879 5585 tota

2158 5622 2452 5695 perfectio.
2486 5622 2633 5677 Nam
2658 5620 2886 5678 dilectio
2909 5620 3155 5694 proximi
3182 5624 3375 5676 certus
3396 5619 3624 5692 gradus
3646 5622 3761 5674 est.
3786 5620 3873 5675 ad

2222 5821 2240 5857 ι
2272 5818 2428 5885 Apud
2455 5818 2541 5872 Er.
2571 5818 2738 5885 Lugd.
2767 5818 2922 5881 Ven.,
2948 5816 3058 5869 sine
3086 5820 3141 5869 ut
3171 5816 3376 5868 mortui.
3408 5818 3478 5871 M.
