4086 6186
240 331 357 391 145

237 462 562 535 Apostolus
573 463 771 521 volens
785 465 1084 523 insinuare
1097 466 1268 539 quale
1283 469 1788 539 corpusjustorum
1802 486 1905 540 per

233 553 709 609 immutationem
727 556 786 611 in
811 558 1233 612 resurrectione
1255 558 1515 612 futurum
1535 559 1778 629 sit,quia
1795 574 1901 613 non

235 644 461 711 nubent,
496 660 671 715 neque
699 660 905 699 uxores
924 646 1139 711 ducent,
1164 646 1257 701 sed
1281 652 1441 701 erunt
1460 649 1599 703 sicut
1627 650 1817 719 Angeli
1842 651 1899 703 in

235 736 386 788 calis
418 734 629 805 (Matth.
662 752 803 800 xxxi,
826 736 946 806 30):
982 736 1126 790 hanc
1151 752 1287 807 ergo
1314 737 1783 792 immutationem
1808 740 1900 792 fu-

234 828 433 877 turam
467 839 781 894 corporum
814 829 1155 879 sanctorum
1182 825 1379 880 volens
1413 827 1901 895 insinuare,dixit

232 912 578 982 Apostolus,
610 914 738 967 Dico
766 915 916 968 enim
944 914 1112 978 vobis,
1133 917 1358 985 fratres,
1392 916 1521 987 quia
1550 932 1683 971 caro
1704 924 1754 971 et
1774 933 1899 972 san-

229 1003 355 1069 guis
387 1017 629 1068 regnum
662 1004 765 1056 Dei
797 1018 907 1057 non
936 1003 1316 1073 possidebunt.
1348 1004 1509 1069 Quod
1543 1021 1655 1059 non
1684 1023 1801 1060 una
1820 1023 1903 1061 se-

229 1094 439 1158 parata
467 1094 529 1143 et
566 1090 638 1144 ad
671 1090 938 1145 fraudem
965 1097 1425 1146 commemorata
1454 1093 1768 1159 sententia,
1794 1094 1895 1149 sed

228 1181 347 1232 toto
378 1178 515 1248 ipso
551 1178 820 1249 Epistula
851 1178 976 1233 loco
1001 1184 1370 1251 pertractate,
1402 1181 1489 1236 vel
1525 1182 1722 1252 potius
1755 1182 1901 1237 lecto

226 1268 363 1336 (non
400 1266 565 1321 enim
596 1284 689 1322 res
718 1268 970 1323 obscura
987 1270 1096 1340 est)
1120 1269 1364 1325 inveniri
1391 1276 1603 1341 potest.
1629 1270 1720 1326 Sic
1742 1271 1901 1327 enim

224 1355 363 1409 dicit
380 1372 395 1409 :
423 1359 662 1426 Oportet
674 1358 1029 1428 corruptibile
1043 1358 1145 1413 hoc
1162 1359 1391 1415 induere
1414 1361 1898 1431 incorruptionem,

224 1453 273 1499 et
297 1444 551 1499 mortale
578 1445 676 1500 hoc
706 1445 935 1501 induere
958 1448 1455 1503 immortalitatem.
1475 1450 1641 1512 Quod
1674 1466 1807 1503 eum
1830 1451 1900 1505 de

228 1548 473 1604 corpore
493 1533 710 1601 dicere,
728 1535 798 1590 de
825 1536 1226 1606 superioribus
1248 1537 1555 1594 manifeste
1581 1538 1897 1606 invenitur,

225 1638 353 1677 cum
388 1621 513 1677 ait:
566 1625 684 1678 Non
713 1626 889 1679 omnis
934 1642 1060 1680 caro
1092 1626 1287 1682 eadem
1316 1643 1488 1681 caro:
1529 1629 1649 1682 alia
1682 1628 1899 1699 quidem

222 1712 540 1777 hominum,
570 1713 690 1767 alia
718 1718 906 1768 autem
933 1730 1231 1784 pecorum;
1279 1718 1393 1771 alia
1435 1733 1562 1771 caro
1594 1720 1895 1786 volucrum,

221 1802 333 1855 alio
362 1801 631 1871 piscium.
658 1806 725 1858 Et
739 1819 970 1874 corpora
990 1806 1247 1871 cwlestia,
1266 1814 1317 1860 et
1338 1822 1567 1877 corpora
1587 1810 1897 1861 terrestria:

219 1890 310 1945 sed
337 1892 459 1944 alia
492 1900 575 1946 est
604 1892 909 1947 ccclestium
947 1894 1152 1961 gloria,
1214 1895 1329 1948 alia
1362 1898 1739 1960 terrestrium;
1780 1897 1896 1951 alia

216 1982 391 2049 gibt-ia
420 1980 587 2051 solis,
622 1981 738 2035 alia
754 1982 938 2051 gloria
953 1982 1124 2052 lunae,
1149 1992 1199 2038 et
1230 1984 1347 2038 alia
1373 1983 1559 2051 gloria
1582 1986 1892 2040 stellarum.

215 2068 383 2123 Stella
412 2069 575 2123 enim
604 2070 673 2123 ab
688 2071 856 2125 stella
886 2070 1070 2142 diﬂert
1093 2074 1151 2127 in
1172 2073 1348 2143 gloria
1367 2093 1385 2139 ;
1402 2074 1482 2126 sic
1499 2082 1547 2127 et
1569 2078 1895 2131 resurrectio

217 2161 587 2213 mortuorum.
608 2158 930 2214 Seminatur
948 2162 1005 2215 in
1022 2163 1400 2232 corruptione,
1416 2167 1600 2232 surget
1620 2165 1682 2217 in
1704 2166 1893 2217 incor-

214 2250 482 2318 ruptione
495 2266 516 2302 :
541 2250 856 2304 seminatur
872 2251 931 2303 in
950 2252 1303 2317 contumelia,
1326 2255 1508 2319 surget
1527 2253 1581 2305 in
1595 2252 1774 2323 gloria
1789 2269 1895 2307 :se-

215 2340 472 2391 minatur
497 2339 561 2391 in
585 2340 1127 2410 inﬁrmitate,surget
1150 2340 1207 2394 in
1227 2342 1761 2396 virtute:seminatur
1774 2358 1891 2397 cor-

215 2443 313 2491 pus
344 2428 629 2496 animale,
662 2430 844 2496 surget
872 2444 1064 2499 corpus
1091 2430 1407 2500 spirituale,
1448 2432 1589 2485 sicut
1626 2432 1890 2502 scriptum

216 2524 317 2569 est:
350 2518 562 2570 Factus
591 2526 675 2571 est
700 2520 916 2587 primus
952 2518 1109 2573 homo
1138 2518 1311 2573 Adam
1342 2523 1401 2573 in
1432 2522 1676 2575 animam
1706 2524 1890 2575 viven-

212 2609 341 2669 tem,
376 2607 719 2660 novissimus
758 2608 933 2661 Adam
964 2609 1021 2661 in
1065 2610 1325 2679 spiritum
1366 2609 1753 2677 viviﬁcantem.
1788 2610 1891 2665 Sed

210 2710 318 2749 non
351 2697 611 2765 primum
644 2696 782 2767 quod
831 2698 1125 2765 spirituale
1168 2705 1263 2764 est,
1297 2699 1388 2752 sed
1432 2699 1577 2768 quod
1612 2701 1889 2763 animale;

206 2794 425 2854 postea,
462 2784 611 2856 quod
642 2784 970 2855 spirituale.
1011 2788 1234 2841 Primus
1260 2786 1416 2842 homo
1439 2788 1504 2841 de
1532 2791 1702 2854 terra,
1725 2796 1892 2844 terre-

204 2890 339 2933 nus;
373 2873 658 2929 secundus
690 2875 851 2929 homo
867 2876 935 2929 de
950 2876 1100 2939 ctelo,
1132 2877 1377 2931 ccclesiis.
1400 2879 1595 2946 Qualis
1614 2886 1887 2949 terrenus,

202 2964 338 3016 tales
368 2973 423 3017 et
457 2966 709 3030 terreni;
739 2968 791 3018 et
822 2964 1001 3034 qualis
1019 2965 1271 3031 ccclesiis,
1298 2966 1435 3019 tales
1465 2974 1515 3021 et
1544 2967 1801 3022 caelestes.
1822 2970 1890 3021 Et

200 3052 472 3122 quomodo
492 3052 783 3107 induimus
802 3054 1109 3123 imaginem
1124 3056 1337 3109 terreni
1343 3054 1659 3123 ,induamus
1680 3060 1730 3111 et
1750 3058 1887 3111 ima.

200 3144 387 3210 ginem
426 3142 553 3212 ejus
584 3142 683 3212 qui
714 3142 778 3196 de
812 3142 944 3196 ccelo
986 3148 1083 3197 est.
1118 3145 1223 3198 Hoc
1254 3152 1439 3199 autem
1468 3144 1605 3213 dico,
1654 3149 1885 3215 fratres,

203 3234 329 3299 quia
363 3246 505 3284 caro
535 3235 587 3284 et
615 3233 843 3301 sanguis
874 3247 1111 3299 regnum
1140 3234 1238 3288 Dei
1266 3233 1590 3289 haereditate
1607 3234 1888 3305 possidere

206 3336 309 3373 non
340 3325 612 3390 possunt;
652 3337 825 3393 neque
874 3323 1158 3391 corruptio
1198 3324 1669 3391 incorruptionem
1700 3323 1887 3381 haere-

208 3409 381 3463 ditate
417 3408 745 3479 possidebit.
781 3413 946 3466 Certe
968 3411 1094 3480 jam
1148 3411 1371 3466 clarum
1425 3416 1513 3467 est
1561 3428 1739 3482 quare
1775 3413 1883 3469 hoc

211 3497 535 3569 Apostolus
566 3498 794 3554 dixerit.
829 3499 978 3564 Quid
1015 3517 1151 3572 ergo
1198 3502 1306 3555 iste
1338 3505 1455 3555 tam
1490 3502 1643 3573 turpi
1678 3502 1882 3559 fraude

214 3603 327 3641 non
353 3593 807 3657 commemorat,
831 3590 943 3644 nisi
963 3589 1071 3644 hoc
1092 3588 1461 3655 ultimum,et
1490 3594 1641 3644 tacet
1664 3589 1761 3645 illa
1783 3608 1880 3646 su-

215 3676 471 3747 periora,
508 3676 726 3747 quibus
756 3677 865 3733 hoc
896 3678 1049 3749 quod
1084 3678 1233 3733 male
1267 3680 1701 3750 interpretatur,
1737 3680 1881 3735 bene

217 3766 409 3835 possit
432 3765 887 3837 intelligi?Nam
913 3767 1189 3838 quoniam
1212 3767 1440 3824 Domini
1466 3767 1646 3822 nostri
1669 3784 1879 3840 corpus

211 3860 344 3923 post
376 3854 872 3910 resurrectionem
905 3856 989 3911 sic
1032 3856 1283 3912 levatum
1316 3861 1404 3911 est
1442 3857 1499 3910 in
1551 3856 1781 3926 caelum,
1817 3862 1880 3912 ut

210 3959 307 4012 pro
336 3943 472 4013 ipsa
496 3943 721 3999 cmlesti
751 3944 1103 4000 habitatione
1126 3945 1421 4000 ccelestem
1444 3945 1729 4016 acceperit
1752 3962 1880 4001 mu-

209 4033 525 4096 tationem,
544 4032 733 4087 ethoc
762 4034 1070 4105 sperarein
1103 4034 1194 4089 die
1219 4034 1426 4089 ultima
1446 4035 1603 4104 jussi
1635 4050 1871 4089 sumus:

207 4120 339 4175 ideo
371 4120 525 4175 dixit
548 4121 883 4192 Apostolus,
910 4123 1096 4190 Qualis
1117 4131 1388 4193 terrenus,
1408 4124 1547 4177 tales
1567 4128 1622 4177 et
1647 4126 1873 4190 terreni,

204 4210 259 4263 id
291 4214 411 4279 est,
449 4208 759 4277 mortales;
783 4220 833 4265 et
862 4211 1042 4282 qualis
1060 4212 1448 4277 ctelestis,tates
1467 4220 1517 4267 et
1545 4212 1874 4279 coelestes,id

204 4304 313 4363 est,
352 4298 750 4367 immortales,
783 4317 897 4355 non
929 4301 1121 4355 solum
1154 4300 1388 4365 animis,
1422 4302 1520 4356 sed
1552 4301 1727 4355 etiam
1749 4318 1873 4357 cor-

205 4387 721 4457 poribus.Undeet
740 4406 919 4459 supra
942 4390 1186 4455 dixerat,
1204 4388 1378 4444 aliam
1405 4406 1532 4445 esse
1555 4388 1872 4445 cmlestium

206 4476 878 4549 eorporumgloriam,et
901 4477 1077 4533 aliam
1098 4478 1652 4541 terrestrium.Quod
1678 4483 1873 4534 autem

205 4566 531 4637 spirituale
558 4565 706 4620 dixit
723 4567 1010 4638 corpusin
1026 4566 1448 4622 resurrectione
1464 4568 1873 4635 futurum,non

204 4661 530 4729 propterea
559 4656 887 4726 putandum
919 4660 1027 4721 est,
1061 4656 1213 4728 quod
1240 4672 1355 4711 non
1386 4656 1733 4727 corpus,sed
1756 4657 1873 4727 spi-

199 4746 361 4799 ritus
391 4744 541 4799 erit:
590 4745 689 4799 sed
724 4743 1025 4815 spirituale
1068 4761 1277 4813 corpus
1308 4744 1466 4798 omni
1500 4744 1670 4799 modo
1701 4744 1872 4814 spiri-

194 4834 285 4888 tui
345 4831 666 4887 subditum
717 4832 895 4902 dicit,
949 4832 1075 4887 sine
1124 4833 1322 4903 aliqua
1368 4832 1741 4903 corruptione
1787 4832 1872 4887 vel

196 4927 419 4976 morte.
462 4919 594 4975 Non
620 4918 773 4974 enim
805 4921 944 4990 quia
966 4922 1121 4992 quod
1153 4922 1324 4976 modo
1348 4921 1633 4976 habemus
1660 4939 1873 4992 corpus

195 5008 473 5065 animale
506 5007 781 5079 appellat,
816 5007 945 5064 ideo
978 5010 1303 5081 putandum
1335 5016 1422 5066 est
1444 5028 1558 5065 non
1584 5010 1728 5065 illud
1747 5026 1874 5066 esse

195 5115 448 5170 corpus,
490 5098 594 5152 sed
627 5097 906 5151 animam.
946 5098 1089 5170 Ergo
1131 5099 1627 5170 quemadmodum
1659 5115 1871 5170 corpus

195 5188 472 5244 animale
506 5202 665 5241 nunc
695 5186 929 5255 dicitur,
980 5188 1113 5259 quia
1158 5188 1459 5243 subditum
1508 5193 1597 5244 est
1630 5189 1863 5257 animae;

196 5275 525 5350 spirituale
552 5281 750 5331 autem
786 5276 1043 5331 nondum
1076 5276 1189 5331 dici
1224 5280 1429 5348 potest,
1456 5277 1593 5348 quia
1614 5278 1873 5333 nondum

199 5366 445 5439 spiritui
472 5363 643 5436 plene
670 5362 997 5435 subjectum
1017 5369 1125 5433 est,
1149 5366 1431 5436 quamdiu
1465 5366 1759 5437 corrumpi
1783 5383 1878 5437 po-

202 5461 342 5511 test:
378 5455 477 5511 sic
505 5456 567 5509 et
598 5456 739 5507 tunc
769 5453 1072 5524 spirituale
1116 5454 1439 5522 vocabitur,
1473 5471 1608 5510 cum
1642 5455 1875 5527 spiritui

204 5550 382 5616 atque
416 5542 743 5599 aeternitati
770 5542 930 5599 nulla
959 5543 1328 5616 corruptione
1353 5544 1621 5601 resistere
1642 5543 1873 5617 poterit.

272 5635 327 5687 5.
369 5636 497 5689 Aut
530 5630 584 5687 si
602 5630 795 5686 adhuc
815 5648 1021 5703 parum
1049 5633 1275 5689 videtur
1305 5649 1432 5688 esse
1465 5638 1873 5705 monstratum,

207 5725 367 5797 quod
398 5720 773 5782 sententiam
799 5720 971 5781 istam
995 5721 1874 5797 proptergimmutationemiquae

1703 336 1939 397 LIBER
1985 338 2219 399 UNUS.

3548 332 3665 395 “6

2013 470 2210 526 futura
2233 476 2321 526 est
2348 471 2658 543 Apostolus
2684 469 2912 535 dixerit,
2930 484 3063 524 cum
3084 467 3185 538 ait,
3211 466 3345 523 Caro
3365 471 3418 524 et
3436 471 3665 539 sanguis

2014 576 2248 630 regnum
2278 563 2386 617 Dei
2416 561 2731 615 haereditate
2762 560 3027 630 possidere
3056 573 3166 612 non
3194 562 3440 629 possunt,
3489 574 3665 630 neque

2009 653 2293 721 corruptio
2318 652 2776 718 incorruptionem
2799 648 3119 705 haereditate
3140 647 3429 717 possidebit
3444 664 3464 709 ;
3483 652 3665 703 atten-

2011 739 2129 793 dite
2152 740 2288 809 quid
2315 740 2589 794 continuo
2606 737 2899 809 subjiciat,
2914 742 2969 792 et
2990 738 3275 808 adjungat
3291 754 3303 791 :
3320 739 3447 792 Ecce
3467 746 3664 807 myste-

2010 830 2160 883 rium
2184 830 2332 883 vobis
2352 828 2503 884 dico:
2526 844 2713 882 omnes
2734 827 2955 898 quidem
2977 842 3343 897 resurgemus,
3358 842 3468 880 non
3482 829 3662 881 tamen

2013 934 2199 972 omnes
2230 919 2670 985 immutubimur,
2691 918 2749 969 in
2770 921 2970 981 atomo,
2991 917 3051 969 in
3072 917 3186 970 ictu
3210 914 3374 981 oculi,
3400 917 3456 969 in
3480 916 3660 970 novis-

2010 1008 2152 1060 sima
2180 1008 2331 1062 tuba.
2351 1007 2511 1062 Canet
2527 1008 2671 1062 enim
2693 1007 2847 1071 tuba,
2872 1013 2921 1059 et
2940 1005 3147 1059 mortui
3164 1012 3449 1074 resurgent
3476 1004 3658 1059 incor-

2011 1098 2186 1165 rupti,
2217 1105 2268 1151 ct
2296 1112 2391 1151 nos
2421 1095 2869 1150 immutabimur.
2902 1093 3113 1148 Deinde
3134 1092 3405 1160 contexit,
3438 1097 3494 1147 et
3514 1093 3659 1149 dicit

2010 1184 2185 1239 etiam
2220 1184 2361 1239 illud
2388 1186 2542 1255 quod
2563 1184 2735 1255 paulo
2750 1181 3654 1247 antecommemoravi,utosten-

2010 1273 2110 1327 dat
2139 1273 2328 1344 qualis
2360 1274 2556 1328 futura
2587 1272 2661 1327 sit
2684 1273 2811 1344 ipsa
2834 1270 3190 1325 immutatio.
3215 1269 3421 1326 Statim
3440 1270 3654 1342 quippe

2010 1362 2149 1417 dicit
2172 1380 2184 1417 :
2211 1363 2426 1433 Oportet
2454 1365 2601 1417 enim
2632 1362 2989 1433 corruptibile
3014 1361 3111 1415 hoc
3140 1359 3369 1415 induere
3397 1374 3655 1413 incorru-

2002 1453 2271 1522 ptionem,
2303 1452 2597 1507 etmortale
2608 1452 2706 1507 hoc
2719 1450 2945 1506 induere
2964 1449 3441 1505 immortalitatem
3456 1452 3502 1519 (Ι
3528 1448 3647 1503 Cor.

2007 1556 2097 1608 xv,
2131 1542 2200 1594 39
2228 1542 2341 1612 53).
2380 1540 2529 1605 Hinc,
2546 1557 2681 1613 ergo
2712 1544 2953 1612 apparet
2982 1539 3121 1611 quia
3150 1554 3284 1595 caro
3322 1542 3379 1594 et
3409 1537 3651 1609 sanguis

2008 1646 2254 1701 regnum
2288 1631 2387 1685 Dei
2410 1648 2525 1685 non
2559 1629 2962 1701 possidebunt,
2986 1627 3120 1697 quia
3141 1643 3273 1682 cum
3297 1627 3654 1682 indueritin-

2006 1720 2437 1791 corruptionem
2470 1724 2527 1773 et
2557 1718 3080 1783 immortalitatem,
3118 1717 3245 1787 jam
3281 1732 3395 1771 non
3435 1732 3568 1771 caro
3599 1722 3657 1771 et

2007 1810 2249 1879 sanguis
2290 1809 2397 1863 erit
2428 1810 2523 1879 (a),
2563 1809 2663 1863 sed
2695 1807 2756 1861 in
2789 1823 3000 1877 corpus
3033 1804 3266 1861 caeleste
3307 1804 3651 1860 mutabitur.

2005 1896 2164 1960 Quod
2198 1896 2433 1967 quidem
2479 1913 2547 1951 ex
2576 1895 2879 1951 occasione
2909 1894 3304 1961 tractavimus,
3351 1894 3490 1965 quia
3519 1893 3656 1948 huic

2006 2002 2237 2056 quoque
2268 1986 2567 2041 sententiae
2595 1985 2843 2039 multum
2872 1983 3137 2039 insidiari
3157 1983 3655 2054 solent,nsgantes

2004 2092 2313 2146 corporum
2348 2075 2854 2131 resurrectionem.
2879 2074 3023 2128 Nam
3049 2074 3163 2128 ista
3185 2073 3423 2144 quaestio
3447 2089 3563 2128 non
3585 2073 3656 2129 de

2004 2180 2263 2235 corpore,
2300 2164 2398 2219 sed
2433 2164 2503 2220 de
2534 2163 2731 2219 anima
2761 2164 3060 2235 proposita
3090 2166 3200 2229 est,
3234 2176 3410 2232 quam
3446 2165 3655 2231 putant

2004 2254 2087 2308 sic
2109 2252 2288 2324 accipi
2311 2252 2368 2307 in
2392 2254 2557 2324 Lege,
2591 2256 2654 2307 ut
2679 2252 2922 2324 sanguis
2948 2249 3481 2307 esseexistimetur:
3498 2250 3650 2320 quod

2003 2358 2109 2397 nos
2163 2340 2323 2397 nullo
2356 2342 2528 2396 modo
2561 2341 2645 2396 sic
2678 2340 3081 2412 intelligimus.
3123 2339 3230 2395 Sed
3281 2339 3550 2409 quamvis
3581 2340 3655 2395 de

2001 2447 2276 2509 p'ecorum
2308 2430 2522 2486 animis
2544 2448 2659 2485 non
2681 2445 2977 2495 curemus,
3005 2444 3140 2483 cum
3172 2428 3387 2500 quibus
3411 2444 3524 2484 non
3548 2427 3648 2484 ha-

2000 2519 2205 2575 bemus
2237 2520 2477 2575 rationis
2528 2519 2784 2590 aliquam
2834 2517 3201 2574 societatem:
3247 2520 3445 2571 tamen
3495 2516 3643 2572 illud

2000 2610 2152 2679 quod
2178 2610 2289 2664 Lex
2316 2609 2478 2677 dixit,
2504 2608 2867 2664 fundendum
2900 2624 3027 2663 esse
3059 2606 3430 2678 sanguinem,
3456 2622 3561 2663 nec
3583 2606 3643 2661 in

1999 2713 2191 2753 escam
2224 2698 2669 2761 assumendum,
2705 2696 2844 2769 quia
2876 2695 3119 2767 sanguis
3149 2700 3237 2750 est
3264 2694 3481 2762 anima,
3513 2709 3642 2750 esse

2000 2786 2255 2858 positum
2288 2787 2540 2841 dicimus
2570 2785 2722 2841 sicut
2750 2785 2866 2840 alia
2904 2785 3118 2853 multa;
3168 2788 3227 2839 et
3256 2799 3402 2855 pene
3446 2782 3645 2839 omnia

2000 2876 2433 2946 Scripturarum
2466 2875 2699 2931 illarum
2732 2877 3100 2931 sacramenta
3139 2872 3324 2944 signis
3353 2877 3410 2929 et
3439 2872 3645 2945 figuris

1998 2966 2171 3036 plena
2196 2969 2335 3019 sunt
2364 2965 2570 3020 fUlUI‘tB
2604 2964 3050 3035 praedicationis,
3092 2980 3218 3034 quas
3242 2963 3369 3033 jam
3401 2978 3504 3034 per
3531 2962 3640 3019 Do-

1998 3053 2225 3109 minum
2260 3057 2527 3109 nostrum
2550 3054 2752 3109 Jesum
2783 3052 3077 3109 Christum
3100 3051 3393 3107 declarata
3419 3054 3526 3106 est.
3551 3050 3645 3107 Sic

1994 3147 2085 3198 est
2113 3144 2269 3198 enim
2302 3144 2544 3214 sanguis
2576 3142 2792 3209 anima,
2816 3142 3108 3213 quomodo
3125 3144 3286 3212 petra
3306 3144 3431 3196 erat
3449 3140 3645 3196 Chris-

1993 3235 2110 3298 tus,
2144 3232 2295 3287 sicut
2324 3233 2465 3287 dicit
2495 3231 2837 3302 Apostolus:
2893 3232 3156 3286 Bibebant
3183 3232 3332 3285 enim
3379 3230 3446 3285 de
3472 3230 3643 3301 spiri-

1991 3322 2137 3375 tuali
2154 3326 2404 3392 sequente
2427 3324 2442 3356 ¹
2472 3324 2650 3391 petra,
2673 3330 2831 3393 petra
2850 3329 3032 3376 autem
3051 3328 3167 3375 erat
3188 3321 3436 3376 Christus
3457 3320 3557 3391 (Id.
3580 3336 3637 3388 x,

1993 3409 2066 3481 4).
2101 3411 2315 3465 Notum
2347 3415 2436 3466 est
2466 3414 2662 3466 autem
2693 3410 2846 3465 ﬁlios
2870 3408 3046 3466 Israel
3069 3412 3232 3482 petra
3252 3425 3529 3481 percussa
3551 3408 3638 3465 bi-

1991 3500 2147 3554 bisse
2179 3516 2392 3570 aquam
2424 3500 2481 3554 in
2515 3517 2707 3555 eremo
2730 3500 2919 3571 (Num.
2951 3516 3045 3565 xx,
3071 3500 3180 3569 11),
3204 3499 3275 3553 de
3304 3499 3521 3569 quibus
3551 3498 3636 3553 lo-

1990 3589 2278 3660 quebatur
2313 3588 2645 3658 Apostolus,
2692 3605 2825 3643 cum
2857 3588 2979 3643 haec
3009 3588 3252 3655 diceret;
3301 3602 3407 3641 nec
3435 3590 3633 3642 tamen

1989 3678 2089 3745 ait,
2114 3682 2283 3731 Petra
2305 3677 2676 3748 significabat
2702 3677 3034 3744 Christum;
3059 3676 3158 3732 sed
3193 3676 3291 3740 ait,
3325 3678 3496 3731 Petra
3516 3682 3635 3731 erat

1990 3766 2256 3821 Christus.
2290 3768 2423 3830 Quae
2447 3782 2652 3821 rursus
2684 3782 2754 3821 ne
2785 3764 3096 3821 carnaliter
3116 3764 3492 3835 acciperetur,
3521 3763 3633 3836 spi-

1987 3854 2257 3909 ritualem
2288 3854 2449 3909 illam
2480 3860 2673 3921 vocat;
2724 3854 2783 3909 id
2814 3858 2923 3925 est,
2966 3870 3094 3909 eam
3128 3852 3511 3925 spiritualiter
3539 3852 3635 3907 in-

1985 3943 2163 4013 telligi
2189 3944 2375 3999 docet.
2404 3944 2667 4014 Longum
2691 3948 2799 4013 est,
2819 3950 2876 3998 et
2898 3960 3049 3999 nunc
3072 3960 3185 3998 non
3211 3942 3634 4007 necessarium,

1986 4038 2353 4087 sacramenta
2383 4034 2646 4103 ejusdem
2680 4032 2849 4105 Legis
2878 4048 3185 4104 exponere,
3216 4030 3330 4087 nisi
3350 4047 3484 4087 cum
3508 4033 3637 4087 bre-

1984 4122 2132 4176 viter
2163 4122 2409 4193 possint.
2444 4123 2676 4177 Sufficit
2707 4126 2903 4177 autem
2937 4126 3003 4177 ut
3036 4121 3299 4177 noverint
3323 4119 3407 4176 illi
3436 4121 3639 4192 qundo

1984 4208 2078 4265 his
2109 4210 2563 4281 calumniantur,
2598 4227 2710 4266 non
2742 4228 2810 4266 ea
2832 4228 2938 4267 nos
2958 4210 3041 4266 ita
3071 4210 3416 4283 intelligere,
3449 4215 3514 4264 ut
3534 4208 3638 4265 illa

1986 4298 2174 4353 solent
2193 4299 2433 4354 irridere
2460 4317 2474 4366 ;
2508 4300 2607 4355 sed
2633 4299 3130 4371 quemadmodum
3154 4298 3413 4371 Apostoli
3434 4298 3636 4354 omnia

1986 4387 2377 4459 intelligentes
2409 4406 2589 4460 pauca
2619 4393 3037 4459 exposuerunt,
3073 4393 3137 4444 ut
3165 4388 3236 4443 ad
3273 4388 3508 4443 easdem
3538 4403 3632 4442 re-

1985 4476 2152 4549 gulas
2184 4482 2389 4531 caetera
2410 4478 2657 4548 posteris
2688 4476 3066 4550 intelligenda
3094 4475 3507 4548 relinquerent.

2056 4564 2286 4620 CAPUT
2309 4565 2455 4620 Xlll.
2488 4568 2619 4621 -1.
2640 4565 2717 4621 De
2729 4582 2795 4621 eo
2809 4566 2963 4636 quod
2981 4565 3263 4636 scriptum
3298 4569 3387 4621 est
3406 4565 3465 4620 in
3488 4566 3632 4621 Deu-

1983 4653 2325 4721 teronomio,
2362 4654 2539 4710 Videte
2569 4671 2639 4709 ne
2674 4656 3080 4711 obliviscamini
3126 4658 3507 4710 testamentum
3530 4656 3631 4711 Dei

1982 4745 2146 4798 vestri
2172 4744 2309 4812 quod
2337 4745 2671 4815 conscripsit,
2696 4748 2745 4799 et
2772 4745 2989 4814 faciatis
3016 4744 3164 4800 vobis
3183 4744 3392 4815 efﬁgies
3412 4752 3462 4801 et
3487 4745 3627 4799 ima-

1984 4834 2170 4901 gines:
2204 4832 2365 4885 addit
2395 4833 2570 4888 etiam
2594 4832 2815 4903 dicens,
2832 4838 2975 4888 Deus
3003 4837 3179 4889 vester
3205 4835 3352 4903 ignis
3370 4843 3449 4888 est
3467 4833 3626 4902 edax,

1982 4924 2032 4976 et
2057 4925 2202 4975 Deus
2222 4922 2407 4975 celans
2437 4923 2612 4989 (Deut.
2649 4940 2721 4988 ιν,
2752 4922 2842 4987 23,
2873 4924 2983 4993 24).
3020 4922 3149 4977 Haec
3179 4923 3355 4977 verba
3383 4922 3453 4977 de
3474 4920 3634 4977 Scri-

1986 5010 2172 5081 pturis
2193 5010 2297 5065 hoc
2312 5012 2484 5066 modo
2498 5010 2956 5067 illeAdimantus
2978 5012 3301 5084 proposuit.
3319 5012 3456 5081 Ejus
3475 5011 3631 5066 enim

1986 5098 2309 5155 calumnias
2350 5101 2688 5156 refutandas
2729 5100 3191 5172 refellendasque
3227 5100 3631 5171 suscepimus.

1987 5188 2095 5243 Sed
2121 5192 2175 5243 et
2188 5190 2313 5259 jam
2339 5189 2607 5261 superius
2631 5191 2701 5245 de
2731 5190 2851 5246 zelo
2877 5190 2975 5246 Dei
3001 5207 3133 5245 cum
3155 5188 3636 5257 calumniaretur,

1987 5283 2125 5349 puto
2148 5277 2290 5332 satis
2308 5294 2435 5333 esse
2461 5295 2827 5351 responsum.
2846 5278 3287 5335 Meminerimus
3314 5282 3508 5333 tamen
3523 5294 3638 5333 non

1988 5365 2177 5423 solum
2207 5366 2308 5434 ibi,
2341 5369 2442 5424 sed
2476 5368 2651 5425 etiam
2683 5369 2800 5436 hic,
2839 5369 2924 5426 sic
2953 5384 3087 5424 eum
3136 5367 3208 5423 de
3237 5366 3357 5423 zelo
3390 5365 3491 5423 Dei
3521 5366 3637 5424 cri-

2052 5609 2067 5642 1
2100 5606 2254 5666 Editi,
2312 5613 2548 5721 sequente
2580 5622 2677 5658 eos.
2728 5608 2909 5670 Abest,
2964 5623 3062 5669 eos,
3094 5622 3125 5659 s
3154 5607 3279 5658 Mss.
3320 5610 3371 5658 et
3401 5621 3432 5658 α
3458 5621 3633 5675 grch

2052 5673 2134 5719 [tu
2163 5671 2362 5721 Anosto
2387 5672 2422 5721 i.

1983 5672 2134 5721 textu
2163 5671 2422 5721 Apostoli.

2046 5734 2114 5797 (a)
2142 5734 2163 5784 Ι
2192 5734 2441 5796 Retract.,
2472 5748 2589 5799 cap.
2618 5737 2696 5798 22,
2727 5749 2788 5788 n.
2813 5737 2862 5789 3.
