4086 6186
415 350 530 410 147

416 482 703 536 minatum
738 479 1091 549 Sccipturas,
1128 483 1189 532 ut
1225 478 1573 548 adjungeret
1603 478 1780 531 etiam
1811 477 1960 547 quod
1996 477 2065 530 de

416 568 746 626 simulacris
761 584 872 621 non
886 567 1142 621 colendis
1159 566 1218 620 in
1236 565 1352 620 illis
1377 565 1541 621 libris
1567 565 1895 637 praecipitur
1910 583 1942 618 a
1957 572 2062 619 Do-

417 659 574 713 mino
607 658 719 712 Deo
752 662 981 724 nostro;
1016 655 1178 725 quasi
1213 672 1326 710 non
1370 657 1442 708 ob
1474 655 1631 709 aliud
1682 654 2066 725 reprehendat

415 746 604 802 zelum
633 746 753 812 Dei,
789 746 902 799 nisi
935 746 1088 816 quod
1122 743 1218 799 illo
1250 745 1378 815 ipso
1408 744 1528 798 zelo
1555 761 1587 799 a
1621 744 1780 798 cultu
1829 743 2068 797 simula-

418 852 648 890 crorum
683 835 1091 906 prohibemur:
1127 833 1249 888 vult
1280 850 1416 904 ergo
1446 834 1626 887 videri
1659 834 1848 888 favere
1889 849 1951 886 se
1987 831 2070 886 si-

418 923 710 979 mulacris.
744 922 904 986 Quod
941 927 1244 994 propterea
1274 923 1513 986 faciunt,
1546 926 1611 976 ut
1641 921 1981 976 miserrimae
2011 924 2070 977 et

419 1029 641 1067 vesanae
663 1027 781 1066 suaa
800 1017 967 1067 sectae
985 1013 1162 1066 etiam
1188 1012 1548 1082 Paganorum
1573 1010 1883 1064 concilient
1907 1010 2071 1063 bene-

419 1100 753 1156 volentiam.
771 1101 916 1155 Huic
940 1105 1130 1155 autem
1161 1101 1328 1170 Legis
1351 1098 1602 1170 capitulo
1626 1097 1770 1152 illud
1785 1096 2072 1168 evangeli-

424 1208 555 1246 cum
570 1191 834 1261 opponit,
862 1190 955 1244 ubi
973 1190 1211 1260 quidam
1231 1189 1558 1244 accessitad
1583 1187 1984 1256 Dominum,et
1998 1185 2077 1239 ait

423 1279 538 1334 illi:
574 1279 835 1347 Magister
865 1279 1018 1341 bone,
1050 1278 1181 1349 quid
1199 1280 1409 1349 faciens
1428 1279 1598 1332 vitam
1621 1280 1888 1331 mternam
1903 1277 2075 1346 possi-

426 1368 596 1423 debo?
642 1368 744 1422 Cui
778 1368 1076 1439 respondit
1117 1367 1316 1421 Jesus:
1371 1367 1511 1434 Quid
1541 1382 1625 1420 me
1672 1368 1981 1431 interrogas
2011 1363 2078 1417 de

430 1459 600 1512 bono?
629 1458 791 1512 Nemo
825 1457 1015 1524 bonus,
1041 1457 1150 1510 nisi
1180 1472 1320 1510 unus
1341 1460 1487 1510 Deus
1508 1455 1694 1525 (Marc.
1721 1471 1776 1519 x,
1805 1454 1866 1506 l7
1887 1457 1936 1508 et
1968 1453 2076 1522 18).

431 1547 502 1602 Ut
536 1563 603 1600 ex
639 1547 747 1601 hoc
779 1545 1042 1600 videlicet
1071 1544 1363 1599 contraria
1396 1545 1506 1599 ista
1534 1561 1661 1599 esse
1706 1543 2077 1607 arbitremur,

432 1635 571 1706 quia
593 1635 650 1689 in
677 1635 817 1706 Lege
841 1634 1070 1701 dicitur,
1093 1635 1229 1689 Deus
1259 1635 1404 1705 ignis
1425 1634 1584 1700 edax,
1607 1637 1681 1698 et,
1706 1633 1844 1686 Deus
1867 1632 2050 1686 zelans
2066 1673 2078 1696 ,

430 1723 491 1779 in
524 1724 831 1794 Evangelio
855 1727 1069 1791 autem,
1098 1725 1265 1778 Nemo
1297 1724 1486 1788 bonus,
1517 1724 1632 1778 nisi
1661 1738 1804 1777 unus
1825 1727 1982 1777 Deus.

504 1813 558 1866 2.
592 1813 660 1866 Et
685 1813 754 1866 de
785 1811 906 1865 zelo
940 1812 1175 1883 quidem
1195 1813 1316 1880 jam
1352 1829 1696 1883 responsum
1729 1815 1836 1879 est,
1863 1827 1975 1864 non
2002 1811 2084 1862 sic

434 1917 564 1958 esse
593 1901 707 1956 ista
735 1901 909 1955 verba
940 1901 996 1954 in
1029 1901 1342 1972 Scripturis
1375 1901 1581 1972 posita,
1602 1906 1667 1955 ut
1695 1899 1951 1970 aliquam
1984 1897 2083 1953 Dei

441 1992 933 2063 perturbationem
951 1990 1343 2045 cruciatumve
1365 1989 1823 2061 significentzsed
1844 1988 1981 2059 quia
1999 1986 2084 2039 ni-

439 2078 520 2134 hil
549 2079 792 2152 dignum
824 2080 893 2134 de
916 2079 1029 2134 Deo
1062 2078 1175 2133 dici
1209 2084 1418 2150 potest,
1452 2082 1758 2150 propterea
1793 2093 1979 2146 usque
2016 2078 2081 2129 ad

440 2169 553 2224 ista
585 2173 925 2240 perventum
955 2173 1062 2234 est,
1099 2184 1222 2238 qua:
1247 2184 1378 2223 cum
1403 2167 1672 2222 homines
1700 2166 1939 2237 indigna
1960 2181 2088 2220 esse

438 2257 790 2328 putaverint,
822 2261 1108 2328 cogantur
1137 2257 1380 2326 discere,
1411 2257 1587 2312 etiam
1620 2256 1721 2311 illa
1743 2272 1868 2326 quis
1889 2269 2089 2308 conve-

437 2346 664 2401 nienter
693 2346 765 2400 de
793 2345 1073 2400 ineffabili
1106 2345 1302 2399 divina
1332 2344 1670 2400 excellentia
1687 2361 1746 2399 se
1768 2343 1958 2398 dicere
1979 2341 2090 2396 exi-

435 2435 698 2500 stimant,
722 2434 965 2505 indigna
978 2451 1104 2489 esse
1129 2436 1434 2504 majestate
1449 2434 1546 2488 Dei
1575 2451 1587 2500 ;
1613 2434 1784 2504 cujus
1806 2432 2091 2504 sapientia

435 2540 569 2580 cum
594 2524 949 2578 descensura
978 2527 1132 2578 esset
1163 2539 1350 2593 usque
1382 2523 1452 2577 ad
1489 2539 1701 2593 corpus
1732 2521 2085 2586 humanum,

435 2612 598 2686 prius
631 2629 817 2683 usque
851 2612 920 2666 ad
957 2611 1215 2666 humana
1246 2611 1419 2666 verba
1442 2611 1761 2666 descendit.
1789 2610 1928 2664 Ecce
1950 2608 2086 2675 dixi,

437 2700 767 2757 descendit:
801 2702 954 2771 quod
987 2703 1227 2755 verbum
1272 2700 1319 2754 si
1353 2700 1641 2755 discutere
1672 2715 1919 2770 coepero,
1955 2715 2089 2769 pro-

440 2792 563 2864 prie
595 2808 686 2846 me
716 2791 934 2845 dixisse
964 2807 1076 2844 non
1100 2790 1294 2857 video;
1329 2806 1439 2844 non
1465 2790 1618 2844 enim
1655 2793 1843 2859 potest
1859 2787 2091 2842 descen-

440 2880 724 2947 dere,nisi
749 2880 901 2951 quod
920 2881 1092 2934 etiam
1120 2880 1190 2933 de
1207 2878 1330 2934 loco
1352 2879 1406 2932 in
1428 2879 1620 2933 locum
1641 2878 1857 2932 moveri
1879 2879 2087 2947 potest.

439 2970 583 3026 Nam
619 2970 718 3039 qui
751 2967 1069 3031 descendit,
1106 2967 1296 3021 locum
1326 2967 1682 3038 superiorem
1717 2967 2000 3031 deserere,
2035 2968 2092 3020 et

442 3059 774 3113 inferiorem
798 3062 987 3128 petere
1011 3056 1256 3110 videtur.
1274 3056 1370 3110 Dei
1398 3061 1592 3110 autem
1615 3055 1932 3126 Sapientia,
1956 3069 2090 3108 cum

442 3151 565 3202 tota
596 3146 810 3216 ubique
837 3150 1043 3216 praesto
1076 3145 1173 3209 sit,
1208 3143 1366 3199 nullo
1394 3148 1558 3213 pacto
1595 3144 1845 3215 migrare
1867 3144 1937 3197 de
1968 3142 2092 3198 loco

442 3235 501 3292 in
535 3234 724 3289 locum
760 3238 969 3305 potest.
997 3233 1075 3288 De
1107 3250 1220 3304 qua
1241 3233 1496 3288 Joannes
1520 3232 1577 3286 in
1602 3231 1907 3304 Evangelii)
1931 3231 2092 3295 dicit,

441 3328 726 3394 tanquam
759 3322 1037 3376 dominici
1071 3321 1315 3392 pectoris
1348 3321 1658 3393 particeps.
1690 3322 1784 3375 Ait
1822 3320 1999 3386 enim,
2033 3322 2095 3376 In

443 3412 541 3468 hoc
573 3411 778 3465 mundo
807 3419 945 3475 erat,
1000 3415 1050 3465 et
1083 3410 1321 3465 mundus
1362 3427 1464 3482 per
1493 3413 1678 3476 ipsum
1707 3414 1887 3481 [actus
1915 3411 2012 3475 est,
2045 3417 2096 3464 et

443 3501 679 3556 mundus
708 3517 837 3555 eum
866 3516 975 3555 non
996 3501 1274 3570 cognovit:
1292 3505 1346 3555 et
1376 3505 1570 3555 tamen
1590 3500 1716 3571 ipse
1749 3499 2020 3570 adjungit
2043 3504 2097 3553 et

445 3591 607 3656 dicit,
639 3592 700 3644 In
729 3606 830 3645 sua
856 3592 1081 3660 pr0pria
1107 3591 1268 3654 venit,
1302 3593 1351 3644 et
1378 3590 1470 3644 sui
1496 3606 1623 3644 eum
1639 3605 1747 3644 non
1778 3591 2098 3654 receperunt

448 3683 698 3749 (Joan.1,
735 3681 820 3746 10,
857 3681 965 3748 il).
1018 3681 1307 3745 Quomodo
1357 3679 1451 3734 hic
1501 3685 1642 3745 erat,
1703 3683 1758 3733 et
1807 3677 2097 3748 quomodo

448 3771 624 3837 venit,
645 3769 756 3824 nisi
779 3774 917 3840 quia
940 3769 1037 3823 illa
1058 3768 1392 3824 sublimitas
1412 3767 1745 3836 ineffabilia,
1771 3771 1835 3822 ut
1851 3767 2099 3821 homini-

449 3860 562 3914 bus
587 3864 884 3930 congruat,
901 3858 1176 3911 humanis
1203 3859 1363 3912 sonis
1379 3856 1764 3927 significanda
1777 3860 1866 3911 est
1884 3874 1896 3923 ;
1916 3861 1979 3910 ut
1995 3872 2097 3910 au-

450 3952 566 4002 tem
600 3947 740 4000 deos
773 3946 1038 4000 homines
1072 3946 1262 4013 faciat,
1294 3945 1489 4000 divino
1511 3944 2000 4015 estintelligenda
2021 3944 2098 3998 si-

451 4034 878 4089 lentio?Potest
907 4050 1044 4103 ergo
1079 4034 1236 4086 reddi
1259 4033 1427 4097 ratio,
1459 4049 1637 4102 quare
1660 4033 1739 4086 ita
1759 4032 1976 4086 dictum
2003 4033 2097 4086 sit:

453 4141 567 4178 non
600 4127 794 4177 tamen
839 4127 1025 4192 potest
1052 4122 1265 4192 aliquid
1309 4123 1378 4175 de
1425 4126 1536 4176 Deo
1567 4122 1740 4191 digne
1779 4120 1912 4191 dici,
1949 4122 2100 4192 quod

454 4213 715 4281 ideojam
741 4211 1047 4282 indignum
1067 4217 1175 4278 est,
1193 4210 1329 4281 quia
1350 4210 1539 4280 potuit
1559 4209 1867 4265 dici.Tolle
1891 4211 1959 4265 de
1981 4210 2100 4265 zelo

452 4317 704 4357 errorem
737 4305 794 4355 et
822 4299 1102 4368 dolorem,
1137 4299 1274 4369 quid
1301 4300 1625 4354 remanebit
1653 4298 1832 4367 aliud,
1858 4298 1969 4353 nisi
2002 4315 2100 4354 vo-

452 4389 648 4444 luntas
671 4389 1008 4444 custodiens
1033 4388 1378 4455 castitatem,
1395 4392 1453 4443 et
1473 4391 1908 4459 corruptionem
1925 4387 2104 4442 vindi-

453 4495 593 4534 cans
624 4477 988 4548 conjugalcm
1013 4478 1039 4531 ?
1084 4477 1204 4540 Quo
1245 4477 1426 4548 igitur
1473 4477 1665 4545 verbo,
1711 4477 1822 4532 nisi
1856 4476 1976 4532 zelo
2005 4478 2101 4532 Dei

456 4567 667 4621 melius
700 4573 896 4638 posset
929 4566 1232 4630 insinuari,
1276 4567 1428 4637 quod
1471 4582 1749 4621 vocamur
1779 4567 1848 4621 ad
1899 4567 2100 4637 conju-

455 4657 618 4728 gium
651 4655 771 4719 Dei,
806 4661 861 4710 et
888 4672 1001 4709 non
1033 4653 1157 4709 vult
1188 4671 1293 4709 nos
1316 4654 1471 4726 turpi
1490 4671 1686 4710 amore
1716 4656 2104 4725 corrumpi,et

456 4745 630 4818 punit
660 4743 1087 4815 impudicitiam
1123 4747 1402 4812 nostram,
1435 4748 1489 4798 et
1521 4743 1711 4816 diligit
1734 4742 2104 4800 castitatem?

456 4834 584 4890 Non
615 4834 770 4888 enim
805 4833 1021 4888 frustra
1050 4831 1222 4903 vulgo
1261 4831 1371 4887 dici
1423 4832 1601 4888 solet:
1651 4833 1759 4898 Qui
1789 4851 1902 4889 non
1931 4834 2100 4900 zelat,

456 4940 572 4978 non
605 4926 783 4978 amat.

525 5013 579 5065 3.
612 5012 698 5066 Ad
732 5010 839 5064 hoc
871 5010 1046 5064 etiam
1081 5010 1329 5080 pertinet
1371 5012 1523 5082 quod
1557 5011 1777 5067 dictum
1811 5016 1918 5078 est,
1965 5011 2104 5066 edax

455 5103 630 5172 ignis:
658 5102 728 5155 de
761 5115 876 5170 quo
899 5098 1198 5169 disputare
1230 5115 1341 5154 non
1367 5100 1569 5170 debeo,
1603 5101 1704 5155 sed
1729 5102 1922 5172 potius
1944 5101 2104 5172 ipsos

452 5191 828 5259 interrogare,
845 5204 1018 5260 quem
1046 5187 1237 5258 ignem
1260 5188 1470 5244 dixerit
1489 5189 1773 5245 Dominus
1795 5206 1856 5245 se
1879 5190 2103 5245 venisse

453 5279 683 5333 mittere
715 5278 772 5333 in
806 5277 961 5332 hunc
993 5277 1302 5331 mundum.
1339 5281 1454 5332 Hoc
1484 5278 1638 5333 enim
1670 5279 1893 5333 dictum
1925 5285 2013 5334 est
2043 5279 2101 5332 in

453 5368 784 5437 Evangelio,
822 5367 977 5437 quod
1011 5365 1095 5420 illi
1127 5383 1400 5422 accusare
1436 5384 1550 5422 non
1584 5372 1850 5438 possunt,
1894 5385 2007 5421 non
2041 5372 2103 5422 ut

453 5455 752 5510 Christum
787 5459 1090 5522 honorent,
1143 5456 1241 5510 sed
1287 5460 1348 5509 ut
1380 5455 1672 5526 decipiant
1717 5455 2099 5512 Christianos.

573 5664 730 5728 Apud
762 5664 846 5712 Er.
876 5664 1040 5727 Lugd.
1072 5666 1181 5715 Ven
1214 5669 1266 5715 et
1294 5667 1441 5724 Lov.,
1488 5664 1784 5716 insinuari?
1814 5665 1917 5725 Quo
1946 5679 2096 5715 voca-

461 5743 594 5791 mur,
625 5732 725 5777 etc.
757 5728 827 5776 M.

903 346 1218 407 CONTRA
1262 344 1739 406 ADIMANTUM
1789 343 2196 404 MANICHEI
2240 343 2745 414 DISCIPULUM,
2795 344 2859 401 S.
2904 339 3334 403 AUGUSTINI

3713 333 3827 395 148

2174 476 2331 539 Quod
2349 494 2479 530 cum
2497 477 2578 530 eis
2594 480 3112 529 commemoratum
3132 470 3831 543 fuerit,quemadmodum

2177 568 2456 619 Dominus
2487 564 2717 628 dixerit,
2753 566 2937 633 Ignem
2960 564 3086 617 veni
3113 563 3334 616 mittere
3361 563 3421 615 in
3452 559 3832 629 terram(Luc.

2177 670 2277 714 x11,
2312 653 2436 722 49);
2471 652 2669 706 miseri
2704 653 2943 706 dicunt:
2979 652 3088 705 Sed
3116 649 3259 704 illud
3293 648 3451 704 aliud
3484 646 3838 712 est.Quibus

2180 744 2604 814 respondemus
2630 758 2642 796 :
2678 743 2746 795 Et
2777 741 2884 795 hoc
2910 741 3064 795 aliud
3091 744 3197 808 est,
3231 738 3349 794 noli
3382 743 3662 793 metuere.
3687 735 3834 790 Nam

2181 832 2305 903 ipse
2336 830 2601 886 Christus
2635 829 2894 900 loquitur
2925 830 3100 883 etiam
3129 829 3186 882 in
3218 827 3408 882 Veteri
3433 827 3834 890 Testamento,

2184 937 2316 974 cum
2350 918 2506 985 dicit,
2525 921 2628 990 Ego
2646 936 2766 973 sum
2797 919 2940 989 ignis
2970 919 3300 987 edax(Deut.
3332 933 3408 979 1v,
3438 916 3529 979 24,
3562 919 3613 969 et
3635 932 3709 979 Ix,
3735 914 3792 984 3)

2184 1009 2284 1079 qui
2317 1009 2572 1079 loquitur
2615 1008 2670 1061 in
2717 1007 3045 1078 Evangelio,
3093 1006 3245 1077 quod
3295 1005 3491 1075 ignem
3523 1003 3744 1058 venerit
3773 1003 3832 1055 in

2185 1097 2341 1152 hunc
2374 1098 2658 1151 mundum
2694 1096 2940 1163 mittere,
2993 1096 3051 1150 id
3093 1099 3201 1164 est,
3232 1094 3486 1148 Verbum
3520 1092 3643 1158 Dei,
3677 1091 3833 1162 quod

2185 1191 2273 1242 est
2293 1187 2590 1258 ipse.Nam
2617 1190 2836 1241 veteres
2851 1185 3050 1256 utique
3071 1183 3299 1253 Scriptu
3310 1199 3402 1237 ras
3419 1182 3686 1252 exposuit
3705 1184 3839 1252 post

2187 1276 2670 1332 resurrectionem
2703 1274 3030 1346 discipulis,
3055 1273 3337 1345 incipiens
3359 1272 3599 1344 aMoyse
3626 1275 3682 1325 et
3705 1271 3840 1325 Pro-

2191 1365 2378 1435 phetis
2403 1365 2935 1435 omnibus,quando
2954 1363 3064 1434 ipsi
3091 1361 3364 1433 discipuli
3387 1362 3579 1432 ignem
3601 1377 3663 1415 se
3680 1375 3842 1414 acce-

2191 1454 2346 1525 pisse
2370 1453 2615 1508 confessi
2650 1457 2808 1522 sunt,
2835 1451 3126 1507 dicentes:
3153 1452 3340 1506 Nonne
3359 1465 3450 1504 cor
3469 1458 3722 1504 nostrum
3747 1465 3844 1502 ar-

2190 1543 2318 1598 dens
2349 1550 2467 1597 erat
2485 1545 2541 1596 in
2572 1548 2724 1596 770028
2741 1544 2798 1595 in
2822 1543 2928 1608 via,
2948 1557 3071 1596 cum
3091 1542 3328 1611 aperiret
3349 1539 3503 1593 nobis
3529 1538 3848 1610 Scripturas

2191 1633 2340 1699 (Luc.
2375 1649 2525 1693 xxxv,
2558 1631 2646 1702 32)
2667 1631 2693 1685 ?
2719 1632 2846 1702 ipse
2876 1629 3134 1701 estignis
3153 1629 3331 1683 edax:
3358 1627 3658 1682 consumit
3685 1627 3847 1682 enim

2205 1725 2457 1775 veterem
2489 1720 2664 1774 vitam
2699 1720 2930 1774 divinus
2960 1736 3144 1786 amor,
3177 1723 3232 1773 et
3262 1718 3499 1772 innovat
3523 1716 3844 1772 hominem:

2195 1814 2260 1864 ut
2279 1826 2346 1864 ex
2378 1826 2442 1864 eo
2466 1810 2617 1880 quod
2645 1814 2793 1864 Deus
2823 1809 2977 1879 ignis
2993 1812 3082 1863 est
3111 1808 3274 1877 edax,
3295 1806 3469 1861 faciat
3497 1812 3560 1862 ut
3578 1822 3710 1861 eum
3739 1822 3845 1860 nos

2195 1915 2489 1966 amemus;
2516 1914 2582 1952 ex
2605 1913 2669 1953 eo
2693 1903 2884 1953 autem
2909 1898 3064 1968 quod
3085 1897 3238 1952 Deus
3258 1895 3455 1950 zelans
3476 1895 3715 1966 est,ipse
3738 1911 3845 1950 nos

2196 1993 2369 2044 amet.
2395 1988 2581 2042 Nolite
2602 2003 2737 2059 ergo
2759 1987 2962 2042 timere
2987 1987 3202 2058 ignem,
3227 1986 3381 2057 quod
3408 1988 3498 2039 est
3516 1985 3668 2039 Deus
3694 1983 3843 2039 zsed

2195 2078 2397 2132 timete
2430 2077 2648 2147 ignem,
2680 2092 2854 2146 quem
2888 2075 3110 2147 paravit
3140 2074 3426 2128 haereticis
3459 2079 3630 2128 Deus.

2268 2167 2319 2220 4.
2356 2166 2519 2232 Quod
2550 2166 2706 2220 enim
2737 2166 3085 2220 Adimantus
3115 2163 3289 2234 elegit
3319 2165 3389 2218 de
3423 2163 3726 2232 Evangelio
3759 2162 3832 2217 lo-

2198 2271 2530 2326 cum,quem
2554 2255 2691 2308 huic
2715 2254 2882 2326 Legis
2909 2253 3164 2326 capitulo
3185 2257 3466 2323 tanquam
3488 2252 3850 2308 contrarium

2199 2345 2352 2416 apud
2380 2344 2682 2415 imperitos
2707 2344 3000 2415 objiceret,
3021 2343 3120 2398 ubi
3141 2343 3221 2397 ait
3237 2343 3541 2407 Dominus,
3565 2344 3736 2397 Nemo
3761 2341 3853 2396 bo-

2198 2450 2320 2500 nus,
2354 2435 2468 2488 nisi
2498 2450 2638 2487 unus
2669 2434 2825 2500 Deus,
2858 2431 3396 2503 quotiesinvenitur
3415 2431 3645 2485 bonitas
3672 2430 3770 2483 Dei
3790 2431 3854 2483 in

2200 2522 2390 2577 Veteri
2413 2523 2808 2591 Testamento,
2843 2521 2976 2592 quis
3009 2537 3318 2574 numerare
3341 2517 3636 2574 sutficiat?
3658 2517 3853 2573 Unum

2200 2617 2395 2666 tamen
2431 2627 2666 2682 ponam,
2698 2611 2851 2682 quod
2887 2609 3222 2682 quotidiein
3259 2607 3515 2663 Ecclesia
3545 2610 3850 2663 cantatur:

2202 2700 2548 2769 Contemini
2560 2703 2810 2766 Domino,
2825 2702 3089 2771 quoniam
3109 2701 3296 2765 bonus,
3323 2699 3586 2770 quoniam
3602 2701 3659 2754 in
3682 2715 3858 2754 sam;-

2201 2793 2314 2844 lum
2345 2790 2723 2845 misericordia
2743 2792 2860 2860 ejus
2883 2791 3056 2861 (Psal,
3081 2789 3326 2856 cxv11,4,
3349 2789 3460 2859 29).
3485 2788 3650 2843 Certe
3671 2794 3726 2843 et
3747 2787 3858 2842 hoc

2199 2879 2406 2935 zelanti
2439 2880 2574 2948 Deo,
2600 2879 2751 2934 sicut
2772 2877 3068 2933 Manichaei
3098 2878 3453 2945 existimant,
3479 2878 3705 2932 videtur
3725 2893 3860 2932 esse

2200 2969 2583 3036 contrarium,
2617 2973 2675 3022 et
2707 2973 2902 3022 tamen
2941 2969 2998 3022 in
3031 2967 3196 3022 libris
3235 2966 3460 3022 Veteris
3490 2966 3854 3022 Testamenti

2201 3061 2486 3111 cantatur.
2513 3057 2656 3112 Item
2689 3073 2787 3111 rex
2817 3056 2935 3122 ille,
2960 3057 3057 3128 qui
3081 3073 3212 3111 cum
3240 3055 3358 3110 {ilio
3381 3073 3487 3111 suo
3509 3056 3743 3126 nuptias
3769 3056 3858 3110 fa-

2203 3151 2375 3210 ceret,
2411 3145 2632 3200 invenit
2654 3146 2808 3200 inter
2829 3146 3268 3201 discumbentes
3290 3145 3586 3200 hominem
3611 3161 3724 3200 non
3749 3145 3859 3198 ha-

2203 3236 2433 3290 bentem
2465 3239 2682 3290 vestem
2717 3234 3033 3305 nuptialem
3061 3251 3074 3301 ;
3108 3239 3165 3288 et
3186 3251 3319 3289 eum
3355 3234 3541 3305 primo
3563 3233 3734 3288 amici
3759 3250 3862 3289 no-

2204 3325 2361 3379 mine
2383 3324 2705 3395 appellans,
2733 3324 3005 3379 manibus
3037 3329 3093 3378 et
3125 3325 3370 3395 pedibus
3394 3322 3681 3394 colligatis
3705 3323 3861 3378 mitti

2197 3414 2380 3484 jussit
2411 3414 2468 3467 in
2503 3414 2772 3468 tenebras
2795 3413 3106 3468 exteriores
3130 3414 3492 3484 (Matth.xxu,
3523 3412 3707 3484 2-13):
3732 3429 3866 3467 mo-

2207 3502 2347 3558 leste
2378 3501 2841 3574 intelligentibus
2868 3519 2982 3556 non
3007 3502 3237 3556 videtur
3259 3503 3470 3557 bonus.
3498 3502 3564 3556 Et
3593 3501 3642 3557 si
3665 3501 3868 3572 ipsum

2208 3591 2516 3663 quisquam
2551 3591 2877 3662 capitulum
2910 3590 3207 3662 Evangelii
3241 3595 3688 3662 proponeret,et
3714 3589 3875 3645 sicut

2208 3681 2343 3735 facit
2373 3680 2720 3735 Adimantus
2752 3680 2822 3734 de
2851 3679 3044 3734 Veteri
3075 3680 3475 3749 Testamento,
3501 3680 3582 3734 ita
3607 3680 3871 3751 Evange-

2207 3770 2350 3824 lium
2385 3768 2746 3824 calumniose
2777 3772 3099 3835 accusaret,
3131 3768 3380 3824 laudans
3415 3767 3608 3840 potius
3639 3767 3869 3823 Veteris

2209 3858 2884 3924 Testamentilibros,ubi
2901 3857 3182 3928 scriptum
3198 3856 3662 3927 est,Contemini
3675 3860 3870 3912 Domi-

2207 3964 2298 4016 no,
2332 3950 2591 4018 quoniam
2614 3949 2803 4014 bonus,
2836 3949 3098 4018 quoniam
3113 3949 3171 4002 in
3202 3948 3464 4003 saeculum
3488 3946 3867 4002 misericordia

2209 4039 2356 4107 ejus;
2379 4043 2436 4091 et
2459 4037 2885 4106 reprehendens
2901 4035 2960 4090 in
2984 4037 3162 4105 Novo,
3185 4037 3340 4107 quod
3367 4041 3602 4090 vocatus
3622 4035 3866 4090 conviva

2211 4127 2268 4181 in
2288 4131 2515 4180 tantum
2536 4126 2888 4198 supplicium
2905 4132 3137 4197 propter
3148 4129 3368 4180 vestem
3388 4124 3660 4191 mittitur;
3681 4124 3866 4179 ethoc

2210 4214 2582 4270 fraudulenta
2613 4214 2987 4286 perversitate
3034 4214 3269 4268 assidue
3301 4214 3532 4280 faceret,
3575 4217 3640 4268 ut
3661 4214 3864 4268 omnia

2210 4303 2605 4359 localenitatis
2633 4304 2702 4358 de
2723 4303 2910 4357 Veteri
2929 4304 3304 4358 Testamento
3331 4302 3713 4374 colligeret,et
3733 4302 3866 4358 loca

2211 4393 2533 4448 severitatis
2562 4394 2633 4447 de
2654 4393 2830 4458 Novo,
2855 4397 2911 4446 et
2932 4392 3051 4446 haec
3073 4391 3184 4446 sibi
3215 4392 3458 4447 adversa
3475 4407 3601 4447 esse
3624 4395 3866 4446 conten-

2211 4483 2388 4551 deret,
2407 4481 2656 4536 laudans
2674 4481 2874 4548 Vetus,
2892 4486 2946 4536 et
2969 4481 3399 4553 reprehendens
3422 4479 3675 4537 Novum:
3695 4479 3865 4536 simi-

2209 4571 2344 4626 liter
2373 4571 2658 4625 inveniret
2685 4569 2983 4641 imperitos
3001 4579 3053 4624 et
3073 4571 3400 4624 divinarum
3427 4569 3864 4642 Scripturarum

2213 4659 2621 4714 miserabiliter
2641 4659 2894 4732 ignaros,
2919 4660 3134 4731 quibus
3159 4659 3538 4730 persuaderet
3559 4663 3740 4714 Vetus
3757 4675 3864 4731 po-

2210 4749 2328 4804 tius
2361 4751 2825 4815 Testamentum,
2860 4765 3034 4820 quam
3065 4748 3286 4804 Novum
3313 4765 3437 4804 esse
3468 4748 3864 4804 retinendum.

2213 4839 2372 4905 Quod
2397 4855 2531 4892 cum
2565 4837 2658 4892 isti
2691 4853 2760 4892 ex
2777 4835 2890 4892 alia
2911 4844 3070 4907 parte
3093 4838 3334 4904 faciunt,
3352 4837 3410 4893 id
3440 4842 3551 4904 est,
3568 4836 3747 4893 Vetus
3772 4853 3865 4892 re-

2213 4927 2656 4999 prehendentes,
2694 4926 2858 4997 quasi
2892 4927 3246 4982 contrarium
3280 4927 3456 4992 Novo,
3501 4926 3682 4982 miror
3704 4927 3864 4997 quod

2214 5033 2328 5072 non
2343 5015 2598 5087 cogitant
2612 5031 2781 5086 posse
2795 5015 3047 5086 aliquem
3065 5015 3252 5087 aliqua
3265 5016 3375 5070 ndo
3406 5020 3722 5086 utrumque
3739 5013 3867 5069 lau-

2214 5106 2351 5160 dare
2370 5122 2383 5172 ;
2402 5105 2782 5175 fraudemque
2799 5104 3045 5160 istorum
3063 5111 3231 5173 atiue
3253 5103 3536 5160 malitiam
3552 5104 3640 5160 vel
3663 5102 3864 5159 dolere

2212 5199 2490 5264 tanquam
2527 5191 2855 5260 hominum,
2886 5192 2971 5248 vel
3019 5209 3217 5247 cavere
3247 5198 3529 5265 tanquam
3561 5192 3865 5248 haeretico-

2213 5298 2366 5352 rum,
2397 5279 2483 5336 vel
2508 5279 2748 5336 irridere
2768 5285 3048 5351 tanquam
3072 5279 3472 5352 imperitorum
3500 5286 3556 5336 et
3578 5280 3866 5353 superbo-

2212 5386 2361 5426 rum.

2283 5459 2518 5515 CAPUT
2556 5460 2698 5515 XIV.
2832 5461 2881 5514 1.
2934 5460 3010 5516 De
3056 5476 3120 5514 eo
3155 5459 3308 5530 quod
3343 5458 3630 5532 scriptum
3681 5463 3770 5515 est
3798 5459 3862 5515 in

2211 5551 2685 5605 Deuteronomio:
2715 5548 3023 5604 Secundum
3051 5548 3392 5604 desiderium
3411 5550 3618 5606 animae
3637 5556 3749 5606 tua:
3769 5563 3862 5605 oc~

2329 5724 2483 5790 Apud
2510 5725 2596 5776 Er.
2624 5725 2791 5788 Lugd.
2823 5724 2953 5776 Ven.
2989 5727 3041 5776 at
3069 5725 3219 5786 Lam,
3247 5724 3338 5790 qui
3365 5727 3441 5776 est
3469 5722 3622 5777 Deus.
3691 5724 3764 5776 Di.
