4058 6180
231 366 343 426 153

228 498 420 553 tentias
448 496 703 569 Domini,
731 516 849 570 qua
872 498 1174 555 verissime
1196 499 1355 566 dicit,
1384 514 1497 554 nou
1518 498 1884 570 coinquinari

230 586 612 641 hominemiis
630 604 761 658 quis
780 588 1514 660 perescamingrediuutur
1532 588 1589 642 in
1610 586 1884 643 eum.llla

231 675 383 730 enim
407 674 703 730 sententia
726 677 911 732 servis
934 694 1107 732 onera
1125 676 1401 749 imponit;
1422 677 1670 748 istajam
1690 675 1884 732 liberis

228 765 435 835 jugum
469 765 693 819 excutit
715 765 1036 820 servitutis.
1061 766 1129 820 Et
1149 765 1249 820 illa
1270 770 1468 821 tamen
1493 765 1575 821 sic
1600 763 1755 820 dicta
1777 769 1884 833 est,

233 859 296 908 ut
320 869 627 908 servorum
680 870 861 909 onera
912 854 1084 909 fidem
1124 854 1514 925 praenuntient
1546 854 1884 909 liberorum.

234 941 432 998 Omnia
456 943 636 1011 enim,
657 941 813 997 sicut
830 942 970 997 dicit
987 942 1317 1014 Apostolus,
1336 944 1395 998 in
1410 945 1596 1013 ﬁgura
1611 946 1888 1013 continge-

234 1031 358 1085 bant
391 1030 552 1093 illis;
581 1033 793 1100 scripta
840 1034 964 1086 sunt
1014 1037 1201 1087 autem
1225 1040 1449 1104 propter
1476 1049 1573 1088 nos
1593 1034 1636 1100 ί,
1668 1033 1728 1087 in
1759 1048 1892 1103 quos

231 1122 358 1192 ﬁnis
385 1121 727 1177 saeculorum
759 1122 972 1176 obvenit
1001 1123 1043 1193 (Ι
1079 1124 1210 1177 Cor.
1243 1139 1298 1192 x,
1332 1122 1437 1191 11).
1474 1121 1532 1176 Si
1554 1129 1699 1194 ergo
1731 1121 1789 1177 in
1824 1122 1889 1175 ﬁ-

231 1226 440 1282 guram
502 1210 928 1283 contingebant
956 1229 1078 1281 quas
1112 1211 1507 1282 patiebantur,
1538 1211 1595 1266 in
1642 1212 1893 1283 figuram

232 1299 605 1370 accipiebant
638 1317 767 1372 quae
809 1302 1220 1356 mouebantur.

292 1407 346 1459 2.
373 1406 530 1460 Cum
558 1422 696 1478 ergo
725 1407 838 1461 ista
856 1407 1231 1478 respondero,
1250 1412 1306 1462 et
1324 1405 1432 1463 hoc
1450 1409 1623 1463 modo
1642 1424 1757 1463 non
1771 1424 1898 1462 esse

232 1496 533 1551 contraria
558 1496 678 1551 duo
711 1496 827 1550 ista
857 1495 1112 1566 capitula
1144 1496 1213 1551 de
1235 1495 1485 1568 singulis
1506 1496 1899 1552 Testameutis

233 1584 447 1640 collata
484 1589 917 1655 monstravero,
951 1585 1104 1656 quod
1138 1585 1248 1640 iste
1281 1588 1545 1641 facturus
1567 1591 1674 1656 est,
1698 1589 1901 1641 contra

235 1690 409 1746 quem
448 1672 600 1727 dicit
632 1673 1049 1745 gravissimum
1090 1675 1494 1730 testimonium
1526 1676 1693 1730 testis
1725 1690 1900 1746 quem

239 1767 437 1817 contra
468 1762 879 1817 adversarium
915 1762 1038 1835 ipse
1070 1764 1389 1835 produxit?
1415 1766 1540 1834 Ipse
1563 1764 1717 1819 enim
1741 1779 1899 1818 com-

238 1852 590 1908 memoravit
622 1851 693 1905 de
724 1850 1036 1922 Evangelio
1068 1852 1497 1920 testimonium,
1538 1854 1778 1909 Domino
1811 1851 1897 1906 di-

239 1949 395 1997 cente
429 1957 554 1995 nou
589 1939 957 2010 coinquinari
981 1940 1277 1996 hominem
1302 1940 1373 1997 iis
1396 1943 1546 1999 escis
1570 1958 1692 2012 quas
1714 1941 1900 2009 ingre-

238 2030 485 2085 diuntur
516 2030 576 2083 iu
611 2046 744 2084 eum
775 2045 788 2083 :
841 2033 899 2084 et
949 2028 1074 2100 ipse
1106 2046 1138 2083 θ.
1168 2031 1452 2086 carnibus
1483 2031 1899 2086 abstinendum

240 2125 527 2190 tauquam
560 2118 635 2173 ab
669 2117 996 2173 immundis
1030 2118 1178 2173 escis
1212 2136 1447 2174 monere
1477 2125 1535 2175 et
1556 2120 1761 2175 docere
1784 2136 1899 2174 non

242 2213 447 2264 cessat.
485 2212 555 2261 Et
590 2212 787 2262 tamen
819 2207 1005 2262 sensit
1034 2212 1313 2277 quantam
1350 2208 1580 2280 plagam
1614 2209 1726 2264 sibi
1752 2209 1904 2264 infli-

242 2302 409 2371 geret,
433 2303 495 2351 et
509 2300 737 2368 quanto
754 2296 870 2350 ictu
889 2312 1268 2366 repercussus
1285 2312 1346 2351 sc
1361 2296 1484 2368 ipse
1498 2297 1805 2353 sauciaret.
1821 2298 1903 2353 Ne

244 2389 367 2460 quis
385 2387 552 2441 enim
572 2402 709 2441 eum
726 2386 1111 2457 interrogaret
1129 2389 1185 2440 et
1200 2385 1436 2452 diceret,
1452 2386 1751 2448 Quomodo
1766 2402 1901 2458 ergo

243 2474 567 2548 prohibetis
590 2474 870 2530 carnibus
900 2474 1074 2543 vesci,
1095 2474 1143 2528 si
1176 2474 1451 2529 dominus
1476 2474 1634 2543 dicit,
1659 2476 1810 2531 sicut
1837 2481 1901 2531 tu

244 2565 361 2636 ipse
392 2578 854 2629 commemoras,
886 2562 1037 2618 Nihil
1068 2572 1144 2619 est
1176 2562 1488 2634 ingrediens
1519 2566 1578 2617 in
1605 2563 1899 2635 hominem,

243 2656 609 2725 coinquinatis
629 2669 758 2707 eum
772 2669 793 2712 ;
813 2653 903 2707 sed
924 2668 986 2707 ea
1008 2668 1127 2723 quae
1145 2652 1448 2724 procedunt
1469 2654 1541 2707 de
1555 2668 1637 2720 eo,
1660 2655 1905 2724 coinqui-

244 2752 374 2797 nant
391 2748 419 2796 .9
440 2741 631 2797 voluit
648 2740 820 2813 quasi
840 2740 1115 2797 adhibere
1136 2742 1483 2797 medicinam
1505 2741 1629 2797 sine
1648 2758 1827 2797 causa
1844 2742 1900 2797 in

243 2832 542 2888 mortifero
566 2829 826 2885 vulnere.
861 2830 955 2885 Sic
985 2830 1139 2884 enim
1172 2830 1370 2901 posuit
1394 2831 1587 2902 ipsum
1610 2830 1901 2903 evangeli-

243 2938 367 2977 cum
392 2920 835 2976 testimonium.
859 2919 919 2973 lu
946 2919 1275 2992 Evangelio,
1302 2920 1514 2991 inquit,
1536 2920 1677 2974 dicit
1696 2920 1766 2975 ad
1787 2925 1905 2975 tur-

241 3012 368 3067 bam
398 3010 692 3065 Dominus
718 3025 730 3063 :
764 3008 987 3076 .4udite,
1014 3013 1063 3063 et
1084 3008 1382 3079 intelligite
1397 3028 1415 3064 :
1437 3010 1596 3064 Nihil
1617 3014 1697 3065 est
1717 3012 1903 3079 ingre-

242 3100 391 3155 diens
426 3102 490 3153 in
522 3100 826 3164 hominem,
849 3098 1214 3168 coinquinans
1234 3116 1381 3164 eum,
1407 3104 1464 3153 et
1487 3103 1713 3154 caetera.
1739 3100 1900 3165 Quod

242 3205 370 3260 ergo
389 3186 1202 3243 commemoravitDominum
1218 3187 1327 3242 hoc
1346 3187 1416 3242 ad
1434 3188 1665 3243 turbam
1686 3188 1905 3244 dixisse

243 3277 380 3333 nihil
406 3277 570 3332 aliud
592 3276 866 3341 ostendit,
891 3276 1000 3331 nisi
1027 3294 1142 3332 non
1165 3292 1226 3332 se
1252 3276 1600 3349 ignorantia,
1620 3278 1718 3332 sed
1741 3276 1907 3333 mali-

244 3367 314 3421 tia
337 3366 550 3422 fecisse
575 3365 731 3437 quod
758 3365 892 3420 fecit
917 3383 929 3421 :
961 3371 1024 3421 ut
1056 3371 1257 3438 postea
1285 3367 1501 3422 diceret
1524 3367 1903 3423 Auditoribus

244 3457 362 3511 suis
384 3456 462 3511 ad
485 3456 729 3510 turbam
760 3455 1072 3510 Dominum
1096 3455 1209 3511 ista
1236 3454 1499 3511 locutum
1523 3473 1671 3528 esse,
1696 3474 1809 3513 non
1830 3459 1901 3514 ad

249 3562 463 3617 paucos
487 3549 747 3610 sanctos,
774 3543 976 3615 quales
1001 3561 1060 3599 se
1084 3544 1195 3616 ipsi
1217 3544 1399 3599 videri
1420 3543 1623 3601 volunt
1643 3564 1656 3613 ;
1678 3551 1739 3601 ut
1756 3562 1903 3617 quo-

249 3634 399 3689 niam
420 3650 569 3689 suos
586 3634 899 3689 Auditores
912 3638 1191 3705 tanquam
1214 3633 1404 3688 adhuc
1418 3634 1757 3689 immundos
1776 3652 1902 3706 per-

247 3724 490 3778 mittunt
505 3722 788 3777 carnibus
806 3722 981 3791 vesci,
999 3722 1108 3776 sibi
1128 3726 1323 3777 autem
1343 3723 1643 3793 quasijam
1664 3723 1903 3778 mundis

245 3829 370 3868 cum
388 3810 749 3867 sceleratum
769 3815 944 3881 atque
962 3811 1248 3865 nefarium
1265 3827 1391 3866 esse
1406 3811 1903 3881 arbitrantur,hoc

244 3903 414 3958 etiam
440 3901 764 3956 Dominum
785 3898 1040 3955 sensisse
1060 3900 1346 3969 videatur,
1367 3900 1521 3971 quod
1546 3917 1660 3955 non
1685 3918 1902 3972 paucos

242 3996 496 4057 sanctos,
523 3990 627 4045 sed
655 3990 860 4044 turbas
882 3989 993 4043 ista
1019 3989 1301 4044 docuerit.
1326 3989 1368 4044 Ο
1392 3988 1689 4044 hominem
1716 3990 1897 4062 pessi-

238 4096 423 4145 mum,
449 4094 730 4135 securum
751 4078 820 4133 de
843 4077 1196 4150 negligentia
1208 4078 1439 4149 generis
1458 4077 1701 4133 humani
1718 4080 1787 4133 ad
1803 4095 1897 4134 oc-

234 4169 549 4225 cultandas
576 4168 947 4239 deceptiones
970 4166 1139 4222 suas!
1166 4167 1289 4221 Non
1315 4166 1468 4221 enim
1496 4168 1768 4222 credebat
1789 4167 1895 4223 ali-

236 4275 405 4330 quem
458 4258 735 4328 existere,
787 4256 887 4329 qui
934 4256 1213 4327 arriperet
1239 4255 1644 4327 Evaugelium,
1678 4260 1896 4311 etcum

235 4349 477 4405 scientia
498 4348 738 4417 legeret,
771 4350 828 4401 et
850 4345 1135 4400 inveniret
1158 4344 1453 4399 hominem
1490 4345 1549 4399 iu
1581 4344 1732 4416 ipsis
1764 4363 1896 4417 pra-

234 4438 305 4493 tis
336 4438 567 4509 quibus
598 4451 805 4507 greges
827 4451 966 4489 suos
994 4433 1275 4488 Dominus
1300 4433 1507 4504 pascit,
1535 4432 1774 4504 laqueos
1803 4434 1897 4490 in-

233 4528 420 4583 cautis
444 4532 504 4580 et
532 4524 733 4579 minus
758 4523 1014 4595 providis
1038 4523 1516 4577 abscondentem.
1541 4522 1684 4578 Nam
1712 4524 1781 4578 de
1804 4522 1895 4579 his

231 4616 421 4671 verbis
451 4613 736 4670 commoti
769 4610 1066 4683 discipuli,
1100 4616 1156 4667 et
1178 4628 1291 4666 non
1317 4612 1619 4667 credentes
1642 4614 1894 4684 proprie,

233 4706 327 4760 sed
343 4704 548 4775 potius
563 4702 807 4774 ﬁgurate
823 4701 1140 4757 Dominum
1156 4699 1417 4754 locutum
1437 4698 1639 4765 fuisse,
1660 4715 1794 4755 cum
1807 4701 1895 4755 di-

233 4799 383 4849 ceret
401 4809 519 4847 non
541 4789 914 4861 coinquinari
936 4789 1235 4845 hominem
1256 4788 1326 4844 iis
1344 4806 1471 4861 quae
1491 4806 1592 4860 per
1622 4789 1783 4844 cibos
1801 4789 1894 4844 iu-

233 4883 587 4956 grediuntur
617 4880 676 4935 in
701 4896 855 4946 eum,
884 4879 1158 4950 quoniam
1183 4878 1369 4935 Judaei
1394 4882 1561 4934 erant
1582 4878 1757 4934 etiam
1781 4877 1894 4950 ipsi

235 4970 529 5042 discipuli,
544 4968 644 5041 qui
660 4969 967 5040 fugiendos
986 4968 1378 5039 quarumdam
1398 4966 1662 5022 carnium
1685 4967 1846 5024 cibos
1862 4985 1896 5023 a

237 5060 482 5131 pueritia
515 5058 855 5113 institutum
889 5061 1252 5128 acceperant,
1282 5056 1621 5111 accedentes
1653 5057 1723 5110 ad
1756 5073 1891 5112 eum

236 5149 503 5205 dixerunt
525 5146 576 5203 ei
604 5164 619 5203 :
645 5146 761 5201 Scis
784 5148 917 5218 quia
945 5146 1214 5201 Pharisaei
1234 5144 1423 5201 audito
1444 5146 1604 5200 verbo
1619 5145 1640 5178 ²
1662 5144 1891 5201 scanda-

237 5238 387 5294 ἰξίαιὶ
412 5236 593 5294 sunt?
619 5240 683 5292 At
716 5237 812 5291 ille
841 5235 1167 5304 respondens
1215 5237 1333 5289 ait:
1391 5232 1577 5289 Omnis
1623 5234 1891 5305 plantatio

236 5345 393 5400 quam
416 5344 530 5385 non
541 5325 830 5400 plantavit
850 5326 1017 5381 Pater
1035 5340 1182 5380 meus
1205 5340 1282 5379 cce
1292 5322 1370 5379 les
1381 5326 1471 5391 tis,
1493 5322 1880 5380 eradicabitur.

297 5578 472 5637 illam,
521 5572 892 5637 contingebant
946 5566 1065 5622 ειιεε·
1102 5572 1315 5636 propter
1366 5585 1475 5633 nos,
1525 5574 1652 5635 etc;
1679 5573 1889 5624 omissis

240 5640 418 5697 verbis,
445 5639 644 5700 scripta
671 5636 794 5685 sunt
814 5636 1003 5700 autem.

296 5702 316 5736 ³
339 5696 599 5761 Ιιιδῶιὶὲ,
622 5700 722 5764 hoc
768 5697 939 5749 uerbo.
984 5698 1165 5760 Abest,
1194 5696 1302 5760 hoc,
1332 5711 1363 5747 δ
1404 5696 1526 5747 Mss.
1561 5702 1613 5749 et
1640 5712 1672 5748 a
1703 5711 1876 5764 grmco

241 5767 373 5817 tutu
399 5762 697 5828 Evangelii.

1674 367 1911 428 LIBER
1953 367 2189 431 UNUS.

3524 369 3640 431 154

1996 499 2172 554 Sinite
2194 500 2319 555 illos
2342 516 2363 563 ;
2385 501 2515 555 caci
2533 503 2679 570 sunt,
2704 508 2755 556 et
2776 499 2939 556 duces
2957 515 3246 555 caecorum.
3268 501 3450 555 Caecus
3467 506 3652 557 autem

1995 590 2048 643 si
2066 603 2209 645 caeco
2229 588 2484 642 ducatum
2506 592 2740 659 praestet,
2764 589 2921 645 ambo
2942 591 3001 643 in
3020 589 3237 662 foveam
3257 589 3477 644 cadunt.
3499 589 3578 644 Cu
3592 607 3649 645 m

1997 693 2133 749 ergo
2152 676 2559 732 infidelitatem
2582 677 2916 733 Judasorum
2941 677 3363 749 plantationem
3389 678 3652 749 appella-

1998 771 2083 820 ret
2102 782 2275 836 quam
2301 783 2413 820 non
2434 765 2721 837 plantavit
2741 766 2904 820 Pater
2934 766 3205 833 caelestis,
3228 772 3427 821 tamen
3459 766 3653 822 adhuc

2000 855 2200 910 Petrus
2219 860 2433 925 putans
2451 871 2578 909 esse
2597 853 2763 909 illam
2782 855 3141 924 parabolam,
3163 860 3219 910 et
3240 860 3545 928 propterea
3564 872 3652 911 re-

2002 944 2320 1016 prehensos
2340 944 2574 999 Judzeos
2596 949 2652 999 et
2673 960 2853 999 caecos
2878 944 3081 1015 dictos,
3107 945 3259 1016 quod
3285 961 3414 999 eam
3436 943 3654 999 intelli-

1999 1049 2132 1105 gere
2162 1051 2278 1087 non
2314 1033 2626 1104 potuerint,
2695 1033 3052 1103 respondens
3110 1033 3254 1088 dixit
3285 1034 3374 1088 ei:
3410 1034 3657 1091 Edissere

2000 1122 2155 1178 nobis
2182 1123 2508 1193 parabolam
2529 1124 2712 1177 istam.
2736 1122 2805 1176 Et
2833 1121 2925 1175 ille
2953 1121 3431 1177 manifestissime
3454 1128 3655 1178 osten-

2003 1212 2146 1267 dens
2170 1229 2282 1267 non
2310 1227 2436 1267 esse
2460 1210 2824 1282 parabolam,
2846 1210 2946 1264 sed
2967 1211 3257 1282 propriam
3277 1211 3653 1279 locutionem,

2004 1301 2149 1355 dixit
2176 1301 2245 1355 ad
2279 1317 2377 1355 eos
2407 1318 2419 1355 :
2456 1299 2657 1355 Adhuc
2686 1305 2735 1354 et
2764 1316 2855 1354 vos
2884 1300 3007 1353 sine
3036 1300 3316 1354 intellectu
3347 1301 3477 1355 estis
3498 1300 3657 1356 ?Non

2004 1388 2324 1460 intelligitis
2345 1391 2473 1461 quia
2495 1405 2655 1444 omne
2686 1389 2825 1459 quod
2848 1390 2906 1444 in
2929 1405 2986 1443 os
3007 1388 3198 1454 intrat,
3219 1391 3276 1444 in
3303 1398 3545 1444 ventrem
3566 1406 3655 1445 va-

2004 1478 2104 1548 dit,
2128 1487 2179 1534 et
2204 1481 2261 1533 in
2283 1495 2551 1534 secessum
2568 1481 2842 1534 emittitur
2861 1481 2886 1530 ?
2911 1478 3037 1545 Quae
3060 1482 3242 1532 autem
3262 1477 3571 1549 procedunt
3592 1479 3658 1535 de

2005 1582 2122 1636 ore,
2146 1567 2211 1621 de
2230 1567 2388 1622 corde
2409 1576 2627 1636 exeunt,
2661 1576 2716 1622 et
2756 1583 2819 1621 ea
2847 1566 3210 1637 coinquinant
3257 1565 3552 1622 hominem.
3587 1569 3659 1623 De

2005 1656 2163 1712 corde
2182 1657 2329 1712 enim
2347 1666 2547 1713 exeunt
2567 1659 2919 1726 cogitationes
2938 1656 3119 1723 malm,
3147 1656 3464 1723 homicidia,
3489 1658 3653 1713 adul-

2007 1746 2167 1816 teriri,
2174 1748 2766 1817 fornicatz'ones,furta,
2774 1747 2919 1815 falsa
2932 1744 3653 1817 lestimonia,blasphemicr;

2006 1835 2125 1891 hac
2143 1840 2271 1890 sunt
2301 1852 2419 1907 qua
2450 1836 2811 1906 coinquinant
2839 1836 3134 1889 hominem.
3168 1835 3282 1888 Non
3316 1834 3445 1888 lotis
3474 1842 3658 1888 autem

2005 1926 2264 1980 manibus
2294 1925 2647 1990 manducare,
2680 1941 2789 1978 non
2812 1925 3132 1995 coinquinat
3153 1924 3426 1978 hominem
3446 1922 3652 1994 (Matth.

2008 2030 2101 2079 xv,
2128 2014 2341 2084 1020).
2371 2014 2451 2068 De
2476 2030 2588 2069 non
2614 2013 2747 2069 lotis
2779 2017 2975 2068 autem
3012 2012 3289 2067 manibus
3318 2012 3506 2067 Judaei
3533 2029 3655 2068 mo-

2007 2108 2208 2158 verant
2229 2101 2629 2174 quaestiouem,
2657 2104 2827 2173 cujus
2853 2101 3158 2157 occasione
3180 2100 3463 2156 Dominus
3484 2117 3655 2173 gene-

2008 2190 2207 2246 raliter
2232 2191 2302 2245 de
2323 2191 2396 2246 iis
2418 2207 2545 2261 quae
2569 2191 2627 2245 in
2647 2207 2711 2245 os
2729 2190 2972 2260 intrant,
2992 2190 3122 2244 etin
3139 2195 3397 2244 ventrem
3412 2190 3653 2258 vadunt,

2008 2283 2064 2335 et
2084 2278 2142 2333 iu
2167 2295 2463 2335 secessum
2492 2280 2861 2346 emittuntur,
2887 2279 2995 2334 hoc
3019 2284 3125 2346 est,
3153 2278 3221 2333 de
3241 2278 3533 2333 alimentis
3554 2296 3655 2337 n0-

2009 2368 2150 2424 stris
2171 2368 2695 2425 dixitseutentiam.
2715 2368 3061 2440 Quanquam
3078 2384 3213 2439 ergo
3237 2367 3563 2423 convocatis
3583 2368 3655 2422 ad

2009 2474 2071 2513 se
2091 2457 2281 2513 turbis
2303 2474 2435 2513 eum
2461 2458 2677 2514 dixisse
2701 2458 2982 2529 scriptum
3002 2457 3098 2524 sit,
3118 2459 3229 2512 Non
3249 2457 3390 2528 quod
3410 2457 3583 2511 intrat
3598 2458 3658 2511 in

2008 2563 2065 2603 os
2089 2548 2410 2619 coinquinat
2434 2548 2728 2615 hominem,
2760 2548 2855 2602 sed
2883 2547 3023 2618 quod
3049 2547 3296 2618 procedit
3324 2562 3394 2601 ex
3416 2562 3544 2601 ore:
3566 2550 3659 2601 ta—

2010 2653 2143 2691 men
2159 2636 2268 2691 iste
2282 2654 2396 2708 quo
2414 2638 2621 2692 timore
2638 2637 2744 2690 hoc
2761 2636 3050 2691 addiderit
3066 2636 3255 2691 verbis
3281 2635 3427 2702 suis,
3443 2635 3657 2706 quibus

2009 2724 2351 2795 hujusmodi
2366 2725 2766 2781 testimonium
2782 2725 3215 2794 comemoravit,
3234 2723 3377 2779 satis
3396 2728 3654 2795 apparet,

2009 2813 2162 2870 sicut
2179 2814 2352 2885 paulo
2375 2820 2511 2869 ante
2529 2814 2749 2869 dictum
2774 2818 2882 2879 est,
2907 2818 2972 2869 ut
2988 2813 3226 2868 haberet
3244 2813 3398 2884 quod
3418 2829 3655 2883 respon-

2010 2904 2171 2960 deret
2193 2904 2279 2958 cis
2300 2903 2400 2975 qui
2424 2903 2532 2959 sibi
2556 2905 2935 2974 questiouem
2959 2902 3297 2967 movissent,
3317 2918 3421 2957 cur
3440 2901 3654 2974 prima-

2010 2996 2097 3048 tes
2112 2992 2496 3047 Mauichaeoru
2508 3009 2560 3047 m
2580 2994 2743 3048 nefas
2757 2992 2866 3047 sibi
2887 3009 3012 3049 esse
3026 2992 3367 3048 existimant
3382 2990 3657 3046 carnibus

2008 3082 2161 3138 vesci
2180 3099 2191 3137 :
2212 3082 2474 3137 videlicet
2490 3088 2554 3137 ut
2571 3082 2710 3137 illud
2733 3083 2885 3154 quod
2905 3082 3189 3138 Dominus
3209 3081 3310 3146 ait,
3324 3081 3656 3135 turbistan-

2008 3175 2160 3238 tum,
2188 3188 2302 3226 non
2329 3171 2536 3226 Electis
2559 3173 2920 3227 concessisse
2943 3172 3258 3226 videretur.
3286 3170 3396 3226 Sed
3428 3186 3562 3224 cum
3591 3185 3659 3225 ex

2009 3260 2506 3331 consequentibus
2532 3260 2893 3316 declaratum
2919 3259 2996 3315 sit
3013 3260 3187 3315 etiam
3206 3259 3372 3315 Petro
3391 3275 3655 3315 seorsum

2008 3350 2413 3422 interroganti,
2434 3350 2927 3421 audientibusque
2949 3348 3275 3421 discipulis,
3295 3364 3442 3420 quos
3456 3347 3657 3419 utique

2009 3442 2081 3496 ad
2103 3438 2336 3496 culmen
2364 3438 2628 3495 Ecclesiae
2655 3440 3027 3504 producebat,
3050 3439 3131 3493 ita
3153 3436 3525 3509 respondisse
3546 3436 3657 3492 Do-

2010 3529 2260 3595 minum,
2295 3533 2361 3584 ut
2395 3545 2581 3599 neque
2608 3546 2710 3600 per
2730 3528 3066 3600 parabolam
3092 3545 3153 3583 se
3178 3526 3277 3582 illa
3300 3527 3518 3582 dixisse
3538 3530 3653 3580 tes-

2008 3621 2169 3674 tatus
2200 3618 2298 3683 sit,
2331 3622 2387 3673 et
2418 3618 2487 3673 ad
2519 3634 2723 3673 omnes
2758 3618 3045 3688 pertinere
3067 3614 3512 3681 monstraverit;
3541 3631 3655 3669 non

2008 3707 2227 3763 habent
2258 3707 2352 3761 isti
2388 3706 2540 3761 unde
2569 3706 2835 3762 auferant
2864 3706 3025 3761 cibos
3062 3705 3132 3759 de
3168 3703 3433 3759 faucibus
3464 3702 3654 3758 homi-

2007 3812 2172 3862 num,
2208 3800 2264 3852 et
2294 3798 2427 3851 eas1
2460 3794 2672 3867 laqueo
2699 3794 3136 3867 superstitionis
3167 3793 3514 3864 astringant.

2078 3905 2132 3959 3.
2167 3902 2453 3976 Fortassis
2485 3901 2701 3973 aliquis
2748 3918 2950 3957 eorum
2998 3901 3185 3956 dicat:
3221 3899 3488 3955 Edissere
3520 3913 3655 3969 ergo

2007 3992 2145 4065 quid
2180 3990 2472 4064 signiﬁcet
2501 4008 2634 4047 caro
2665 3989 2845 4062 porci,
2880 3995 2937 4045 et
2967 3989 3197 4056 cameli,
3242 3992 3298 4043 et
3328 3987 3568 4059 leporis,
3599 3990 3657 4041 et

2005 4082 2187 4151 milvi,
2208 4084 2264 4137 et
2285 4080 2462 4146 corvi,
2487 4085 2544 4134 et
2561 4085 2922 4144 caeterorum,
2948 4096 2981 4134 a
3003 4078 3220 4150 quibus
3239 4076 3656 4133 abstinendum

2004 4170 2063 4225 in
2098 4172 2246 4243 Lege
2280 4169 2633 4242 praecipitur.
2665 4168 2829 4231 Nolo,
2864 4168 3002 4239 quia
3026 4167 3267 4238 longum
3296 4171 3403 4222 est.
3428 4166 3539 4221 Sed
3569 4166 3656 4220 fac

2006 4277 2099 4316 me
2122 4278 2236 4315 non
2264 4276 2462 4331 posse;
2480 4258 2768 4330 numquid
2798 4263 3099 4330 propterea
3120 4255 3319 4311 nullus
3338 4255 3566 4327 potest?
3590 4255 3658 4311 Et

2003 4351 2277 4420 suntjam
2292 4345 3049 4403 volumiuaiuuumerabilia
3064 4346 3121 4400 in
3137 4347 3348 4416 quibus
3365 4347 3475 4399 ista
3489 4360 3657 4416 expo-

2003 4439 2117 4495 sita
2133 4444 2289 4494 sunt.
2326 4437 2505 4493 Nobis
2531 4442 2728 4492 tamen
2758 4436 2829 4491 ad
2861 4435 2967 4491 hos
2997 4434 3343 4491 refellendos
3373 4433 3517 4489 satis
3546 4437 3653 4504 est,

2003 4528 2158 4599 quod
2175 4544 2273 4583 eas
2287 4526 2544 4583 observat
2558 4524 3005 4581 iones‘umbram
3021 4540 3149 4579 esse
3172 4524 3525 4593 luturorum,
3541 4540 3656 4577 non

2003 4634 2128 4690 ego,
2164 4618 2261 4672 sed
2297 4614 2610 4688 Apostolus
2643 4614 2804 4685 dicit,
2833 4630 2963 4668 cuiu
2991 4614 3165 4667 etiam
3189 4616 3345 4667 vetat
3369 4611 3656 4667 serviliter

2004 4706 2321 4777 observari,
2343 4706 2442 4761 sed
2462 4711 2660 4759 tamen
2683 4702 2901 4774 aliquid
2927 4703 3257 4774 significare
3278 4701 3551 4768 declarat,
3570 4700 3654 4755 di-

2002 4812 2174 4851 cens:
2200 4797 2366 4850 Nemo
2388 4810 2512 4864 ergo
2542 4809 2629 4848 vos
2649 4793 2863 4863 judicet
2896 4794 2955 4846 in
2984 4793 3124 4858 cibo,
3155 4800 3254 4846 aut
3286 4793 3343 4845 in
3375 4800 3524 4861 potu,
3556 4797 3655 4844 aut

1998 4886 2059 4942 in
2074 4888 2233 4957 parte
2254 4885 2371 4939 diei
2390 4885 2539 4952 festi,
2565 4890 2660 4937 aut
2679 4884 2998 4948 neomeniae,
3020 4885 3115 4937 aut
3137 4878 3655 4948 sabbatorum,quod

1998 4978 2077 5031 est
2110 4973 2303 5029 umbra
2330 4975 2652 5042 futurorum
2681 4971 2912 5043 (Coloss.
2952 4988 3013 5025 ιι.
3050 4971 3135 5034 16,
3172 4969 3279 5041 17).
3315 4968 3419 5023 Illa
3452 4967 3655 5037 itaque

1999 5063 2197 5119 futura
2209 5078 2335 5133 quae
2354 5060 2471 5115 illis
2487 5060 2997 5116 observationibus
3012 5058 3656 5131 signiﬁcabantur,pos-

1999 5157 2273 5223 teaquam
2310 5166 2411 5222 per
2443 5150 2757 5204 Dominum
2789 5150 2991 5205 Jesum
3018 5148 3315 5203 Christum
3347 5148 3651 5213 venerunt,

1997 5241 2201 5297 ablatae
2220 5244 2363 5296 sunt
2379 5238 2619 5294 serviles
2641 5238 3104 5293 observationes:
3126 5236 3225 5290 sed
3246 5249 3448 5289 earum
3469 5233 3649 5289 inter-

1996 5329 2350 5402 pretationes
2364 5332 2642 5383 tenentur
2656 5343 2689 5382 a
2705 5322 3656 5393 liberis.Quidquideuiml'uturam

1995 5418 2315 5475 Ecclesiam
2346 5415 2722 5489 signiﬁcavit,
2754 5413 3059 5485 prophetia
3089 5416 3197 5466 est.
3233 5411 3422 5467 Habes
3453 5417 3650 5467 autem

1994 5507 2268 5564 eumdem
2292 5504 2624 5579 apostolum
2650 5503 2937 5558 dicentem
2965 5518 2977 5557 :
3005 5500 3281 5572 Spiritum
3302 5501 3477 5559 nolite
3493 5516 3652 5575 sper-

2058 5760 2077 5795 ί
2114 5755 2271 5817 Editi,
2301 5767 2404 5805 eos.
2433 5753 2499 5806 At
2525 5751 2671 5815 Μαι,
2701 5764 2824 5804 eos:
2858 5750 3079 5817 scilicet,
3107 5752 3303 5816 fauces.
