4052 6178
430 374 546 435 163

428 504 753 561 divitiarum
780 503 856 557 est
882 501 1062 572 (Prov.
1097 517 1232 570 xvu,
1264 516 1368 555 sec.
1408 499 1587 571 LXX).
1632 498 1796 553 Unde
1825 493 2077 551 exsultat

427 592 741 666 Apostolus
760 590 989 646 dicens:
1019 590 1189 657 Quasi
1208 590 1352 645 nihil
1373 590 1650 656 habentes,
1672 590 1726 643 et
1745 588 1933 643 omnia
1950 600 2074 656 pos-

428 680 755 752 sidentes(l[
779 680 899 735 Cor.
923 696 1001 747 χι,
1032 682 1151 750 to):
1191 679 1238 734 si
1273 696 1409 751 ergo
1441 679 1499 734 in
1529 678 1684 733 Novo
1704 676 2075 731 Testamento

427 776 637 844 praeter
662 775 934 826 aeternam
965 768 1392 841 possessionem
1416 783 1545 838 quae
1558 765 1923 838 promittitur
1943 779 2075 818 san-

427 860 558 925 ctis,
578 859 757 929 hujus
789 874 1020 929 quoque
1053 855 1444 928 possessionis
1468 872 1593 926 qua
1616 854 1941 909 transitura
1962 854 2073 917 est,

427 948 837 1020 multiplicatio
868 964 982 1002 non
1015 946 1401 1011 subtrahitur,
1436 951 1491 1001 et
1521 950 1681 1000 tanto
1714 945 1777 997 fit
1816 940 2070 1011 uberior,

427 1044 647 1111 quanto
677 1036 1073 1108 contemptius
1107 1035 1477 1107 possidetur;
1520 1048 1737 1106 quanto
1771 1030 1960 1103 magis
2008 1030 2069 1084 in

426 1126 619 1183 Veteri
651 1127 1023 1181 Testamento
1081 1123 1334 1179 carnalis
1384 1122 1581 1195 populi
1643 1122 1883 1194 praemia
1930 1119 2071 1175 talia

423 1231 550 1271 esse
581 1216 929 1281 debuerunt,
964 1213 1091 1285 ipso
1122 1218 1315 1268 tamen
1349 1229 1464 1268 uno
1486 1216 1543 1267 et
1563 1228 1695 1267 vero
1720 1214 1831 1265 Deo
1855 1208 2066 1281 guber-

416 1308 618 1360 natore
651 1303 915 1359 omnium
948 1307 1272 1372 temporum
1305 1300 1503 1357 omnia
1527 1317 1631 1371 pro
1653 1303 1917 1369 tempore
1944 1313 2067 1353 mo-

418 1393 658 1449 derante
688 1397 745 1447 et
777 1391 1268 1447 administrante?

484 1528 539 1581 2.
572 1526 680 1581 Sed
706 1543 775 1581 ne
797 1524 855 1580 in
885 1523 1025 1581 solis
1047 1523 1187 1579 Novi
1214 1523 1573 1578 Testamenti
1600 1521 1763 1577 libris
1783 1520 1878 1577 isti
1913 1520 2066 1576 arbi-

412 1619 643 1671 trentur
675 1615 793 1669 bzec
831 1630 959 1668 esse
1010 1616 1361 1682 contempta,
1417 1611 1661 1667 audiant
1720 1609 2063 1683 prophetam

413 1706 786 1775 abjicientem
806 1702 980 1757 talem
1009 1702 1430 1765 felicitatem,et
1453 1704 1523 1754 ad
1550 1718 1730 1754 unum
1753 1700 2062 1754 Dominum

416 1795 600 1850 Deum
616 1792 1074 1863 confugiendum
1098 1806 1227 1846 esse
1245 1796 1574 1845 cantantem
1605 1789 1686 1843 Ita
1703 1789 1853 1844 enim
1879 1788 2060 1855 dixit;

417 1885 493 1940 De
513 1883 699 1952 gladio
721 1882 962 1951 maligno
975 1896 1105 1935 erue
1124 1895 1228 1946 me,
1252 1889 1303 1934 et
1324 1879 1507 1934 exime
1528 1896 1613 1933 me
1631 1878 1696 1933 de
1718 1895 1887 1932 manu
1908 1877 2064 1947 ﬁlio-

416 1989 543 2026 rum
572 1971 903 2037 alienorum,
930 1985 1158 2041 quorum
1199 1985 1257 2024 os
1290 1969 1524 2023 locutum
1556 1970 1633 2022 est
1662 1970 1981 2031 vanitatem,
2015 1974 2066 2021 et

413 2057 639 2113 dextera
650 2073 837 2113 eorum
856 2055 1078 2111 dextera
1095 2056 1680 2125 iniquitatis.Quorum
1694 2056 1803 2124 ﬁlii
1816 2055 2063 2122 ipsorum

408 2147 559 2201 velut
578 2145 804 2201 novella
828 2144 1186 2200 constabilitzr
1232 2145 1289 2197 in
1322 2145 1605 2212 iuventute
1648 2161 1767 2199 sua.
1793 2144 1946 2197 Filiae
1972 2157 2060 2197 eo-

412 2252 539 2290 rum
550 2235 867 2296 compositae
885 2241 935 2288 et
952 2241 1161 2288 ornatae
1184 2233 1325 2287 velut
1345 2231 1650 2286 similitudo
1667 2232 1871 2300 templi.
1886 2231 2061 2285 Cella-

412 2325 501 2379 ria
516 2340 711 2379 eorum
723 2323 1220 2395 plena,eructantia
1232 2336 1301 2376 ex
1319 2322 1419 2375 hoc
1433 2322 1489 2375 in
1505 2320 1622 2377 hoc.
1644 2320 1772 2377 Oves
1784 2335 1969 2374 eorum
1986 2321 2061 2389 fe-

416 2413 631 2483 cunda,
665 2411 1092 2482 multiplicantes
1123 2412 1179 2464 in
1208 2411 1451 2465 exitibus
1484 2411 1601 2463 suis
1628 2428 1641 2476 ;
1684 2410 1837 2465 boves
1867 2424 2061 2463 eorum

415 2518 630 2557 crassae.
661 2504 781 2555 Non
804 2503 881 2554 est
901 2500 1064 2553 ruina
1086 2500 1245 2568 scpis,
1269 2515 1367 2553 nec
1402 2501 1604 2562 exitus,
1639 2515 1818 2570 neque
1850 2499 2062 2553 clamor

416 2593 477 2647 in
499 2591 697 2663 plateis
728 2605 933 2645 eorum.
969 2593 1197 2643 Beatum
1220 2588 1485 2643 dixerunt
1510 2586 1773 2659 populum
1812 2589 1904 2641 cui
1947 2588 2061 2642 haec

413 2683 579 2744 sunt;
601 2679 784 2733 beatas
801 2678 1034 2750 populus
1054 2678 1210 2749 cujus
1232 2678 1500 2731 Dominus
1512 2679 1654 2732 Deus
1676 2677 1856 2746 ipsius
1883 2677 2055 2748 (Psal.

411 2785 565 2836 CLIII,
605 2767 810 2835 11-15).
846 2766 1163 2821 Attendant
1209 2780 1345 2836 ergo
1398 2766 1691 2836 quomodo
1744 2765 2059 2821 irrideatur

410 2859 529 2913 ista
552 2854 797 2911 felicitas
818 2855 875 2909 in
892 2854 1229 2910 hominibus
1251 2854 1327 2908 im
1339 2854 1532 2926 piis,et
1550 2860 1670 2909 tota
1682 2854 1979 2909 beatitudo
1997 2854 2056 2909 in

410 2946 526 3003 Deo
544 2943 665 3001 solo
684 2944 1037 2999 inconcussa
1059 2943 1386 3013 figatur.|lli
1412 2944 1568 2998 enim
1591 2944 1795 2999 dicunt
1820 2945 2055 2998 beatum

412 3034 694 3107 pepulum
718 3033 809 3087 cui
834 3032 953 3087 haec
971 3036 1109 3086 sunt
1131 3056 1145 3099 ;
1171 3033 1270 3087 sed
1299 3033 1501 3087 beatus
1516 3032 1767 3103 populus
1781 3034 1951 3101 cujus
1968 3036 2058 3087 est

414 3122 696 3178 Dominus
729 3126 879 3176 Deus
906 3120 1116 3192 ipsius.
1144 3121 1304 3186 Quod
1329 3126 1522 3175 autem
1552 3121 1727 3176 etiam
1748 3121 1890 3176 illud
1915 3138 2055 3177 con-

414 3210 659 3267 trarium
682 3225 809 3265 esse
830 3214 1174 3280 putaverunt
1200 3208 1470 3264 huicloco
1487 3210 1710 3265 Veteris
1723 3211 2057 3266 Testamen-

413 3303 479 3366 ti,
504 3300 656 3372 quod
680 3299 961 3354 Dominus
974 3298 1074 3363 ait,
1094 3298 1282 3354 Omnis
1303 3300 1398 3371 qui
1412 3302 1674 3369 confusus
1684 3302 1854 3371 fuerit
1866 3316 1951 3354 me
1962 3308 2059 3355 aut

410 3390 573 3445 verba
594 3404 715 3442 mea
732 3389 787 3442 in
812 3396 969 3459 gente
992 3389 1101 3442 ista
1122 3386 1374 3442 adultera
1395 3392 1443 3443 et
1464 3392 1781 3459 peccatrice,
1803 3398 1854 3445 et
1881 3390 2056 3444 Filius

412 3479 647 3535 hominis
659 3477 1024 3549 confundetur
1046 3477 1225 3542 illum,
1242 3494 1369 3533 cum
1390 3480 1598 3533 venerit
1613 3488 1670 3533 ut
1683 3480 1861 3549 gloria
1874 3480 2054 3535 Patris

406 3570 496 3625 sui
513 3578 563 3623 et
583 3566 746 3622 laude
764 3576 1075 3621 sanctorum
1097 3566 1283 3634 (Marc.
1310 3584 1430 3636 VIII,
1456 3568 1547 3635 38)
1581 3569 1733 3639 quod
1771 3567 2056 3639 pertineat

411 3658 895 3727 adeontemptum
921 3672 1108 3711 rerum
1129 3656 1539 3727 temporalium
1565 3675 1675 3711 non
1704 3657 2053 3720 video.Quod

413 3746 461 3803 si
494 3749 797 3818 prepterea
821 3744 1091 3815 pertinet,
1118 3762 1188 3799 ne
1211 3745 1423 3817 aliquis
1463 3745 1699 3801 territus
1737 3746 1805 3801 de
1848 3745 2051 3801 talium

414 3851 609 3891 rerum
629 3832 883 3899 damnis,
899 3832 1192 3888 Christum
1213 3834 1473 3889 confiteri
1494 3840 1592 3889 aut
1609 3834 1935 3901 erubescat,
1953 3841 2055 3892 aut

413 3922 780 3993 timeat,quid
798 3921 1177 3992 habentquod
1198 3920 1777 3978 dicant‘tDicimusita
1799 3940 1926 3979 esse
1944 3925 2055 3980 ista

411 4028 654 4067 munera
684 4010 869 4073 Dei,ut
889 4015 1085 4065 tamen
1099 4010 1216 4064 sint
1240 4010 1527 4077 infima,et
1545 4011 1600 4065 in
1622 4014 2053 4084 comparatione

409 4099 683 4156 salutaris
712 4098 1117 4162 confessionis,
1156 4115 1270 4154 non
1325 4099 1511 4155 solum
1558 4102 1896 4173 amittendo,
1949 4104 2051 4158 sed

402 4188 554 4244 ultro
588 4187 762 4241 etiam
830 4187 1224 4257 projicienda:
1287 4188 1626 4243 carnalibus
1678 4193 1872 4245 tamen
1929 4190 2051 4246 haec

405 4274 764 4339 amantibus,
787 4279 843 4328 et
893 4274 1152 4329 nondum
1176 4275 1541 4346 capientibus
1567 4278 1857 4348 promissa
1888 4278 2051 4335 caele-

406 4364 538 4431 stia,
566 4379 635 4417 ne
665 4362 739 4417 ab
768 4361 940 4417 idolis
970 4369 1025 4417 et
1055 4364 1421 4419 daemonibus
1453 4367 1565 4420 ista
1584 4368 2047 4437 peterent,'utili-

407 4457 497 4507 ter
525 4468 559 4506 a
590 4450 835 4506 Domino
865 4451 980 4507 Deo
1010 4469 1136 4507 esse
1168 4451 1444 4524 pollicita.

479 4584 714 4641 CAPUT
746 4585 888 4640 XIX.
922 4618 988 4627 ——
1022 4589 1069 4642 1.
1111 4593 1186 4643 De
1217 4604 1282 4643 eo
1317 4589 1467 4659 quod
1520 4589 1804 4661 scriptum
1854 4597 1943 4646 est
1989 4591 2047 4648 in

407 4682 551 4747 Lege
576 4689 587 4726 :
609 4677 718 4741 Ego
742 4690 861 4729 sum
883 4678 979 4747 qui
998 4676 1221 4731 divitias
1241 4677 1305 4731 do
1348 4678 1545 4733 amicis
1564 4680 1715 4745 meis,
1737 4684 1787 4734 et
1821 4697 2051 4753 pauper-

406 4774 569 4822 tatem
598 4766 843 4819 inimicis
874 4766 1027 4820 meis.
1063 4765 1206 4820 Huic
1236 4766 1536 4822 sententiae
1567 4766 1709 4823 illud
1749 4776 2052 4841 opponunt

410 4856 565 4929 quod
598 4854 882 4912 Dominus
914 4852 1072 4919 dicit,
1096 4856 1252 4910 Beati
1263 4871 1529 4927 pauperes
1548 4858 1767 4927 spiritu,
1792 4862 2053 4930 quoniam

412 4948 660 5019 ipsorum
681 4947 760 4999 est
779 4959 1012 5014 regnum
1031 4944 1504 5015 ccelorumUllatth.
1518 4962 1571 5012 ν,
1593 4946 1648 5017 3)
1675 4962 1688 5001 ε
1707 4952 1782 5017 et,
1812 4949 1890 5003 γε
1908 4950 2051 5005 vobis

412 5034 695 5099 divitibus,
718 5034 849 5104 quia
866 5035 1182 5104 percepistis
1201 5034 1628 5090 consolationem
1646 5040 1880 5092 vestram
1895 5041 2047 5101 (Luc.

408 5140 487 5193 v1,
508 5123 621 5196 24).
648 5121 758 5178 Sed
779 5138 884 5175 cur
901 5118 1105 5177 nolunt
1121 5126 1178 5176 et
1194 5120 1309 5177 alia
1326 5122 1384 5177 in
1404 5122 1710 5195 Evangelio
1746 5128 2007 5182 contueri
2023 5127 2052 5183 ‘l

412 5210 520 5270 Ubi
542 5212 698 5268 enim
713 5210 993 5283 scriptum
1010 5211 1283 5278 est,Beati
1288 5227 1559 5283 pauperes
1569 5214 1933 5286 spiritu,quon
1943 5219 2054 5273 iam

414 5302 659 5372 ipsorum
674 5304 751 5357 est
765 5317 995 5370 regnum
1014 5300 1327 5361 caelorum:i
1338 5302 1391 5356 bi
1417 5300 1683 5373 sequitur
1700 5303 1877 5359 :Beati
1892 5315 2055 5363 mites

409 5390 666 5461 quoniam
684 5391 797 5457 ipsi
819 5390 1134 5447 haereditate
1161 5390 1505 5463 possidebunt
1519 5393 1745 5445 terram.
1779 5398 1918 5449 Ecce
1948 5394 2050 5451 ba-

410 5478 553 5533 bent
589 5478 808 5533 amicos
839 5479 938 5534 Dei
963 5481 1295 5536 hereditate
1317 5486 1478 5535 terra:
1504 5478 1708 5534 divites
1732 5480 1874 5539 fieri.
1908 5485 2050 5539 Cum

408 5570 608 5624 autem
640 5564 712 5619 ad
744 5570 964 5623 tantam
996 5574 1309 5640 egestatem
1342 5568 1503 5623 dives
1536 5566 1632 5622 ille
1656 5569 1961 5639 redigitur,
1990 5579 2054 5629 ut

412 5655 486 5712 ab
508 5670 573 5710 eo
585 5669 839 5726 paupere
858 5671 1029 5725 quem
1052 5657 1401 5729 neglexerat,
1425 5655 1606 5729 digito
1625 5656 1780 5712 brevi
1806 5657 1865 5713 in
1899 5676 2054 5733 aqua

411 5743 594 5801 tincto
612 5742 798 5800 arenti
813 5739 1025 5815 linguas
1042 5761 1159 5803 suis
1173 5745 1479 5803 humorem
1494 5744 1700 5805 stillari
1714 5746 2055 5822 deprecetur

921 369 1234 431 CONTRA
1275 365 1757 430 ADIMAN'I‘UM
1802 359 2211 427 ΜΑΝΙΟΗΕῙ
2255 362 2763 443 DISCIPULUM,
2810 370 2875 433 S.
2921 371 3353 435 AUGUSTIN!

3488 76 3497 83 ν
3514 76 3555 97 τ-ι-
3568 76 3589 83 τ
3602 76 3653 109 ἀμ
3672 74 3853 107 “av-3.9.x
3880 74 3973 107 -ιτειηι

3636 112 3639 115 ’
3710 114 3727 123 θ
3794 122 3833 133 ν..
3896 132 3899 135 Δ

3727 375 3844 436 164

2203 493 2351 563 (Luc.
2383 513 2495 563 xvx,
2523 500 2635 572 24),
2671 500 3001 574 intelligant
3033 505 3324 575 quomodo
3367 504 3510 560 (iant
3556 522 3841 577 pauperes

2200 581 2423 640 inimici
2452 589 2569 658 Dei,
2601 596 2658 643 et
2689 591 2744 645 id
2795 607 2923 647 esse
2974 600 3325 664 cognoscant
3374 595 3527 664 quod
3581 594 3639 649 in
3694 596 3841 669 Lege

2197 672 2480 745 scriptum
2512 684 2603 734 est
2631 696 2643 734 :
2680 682 2796 751 Ego
2828 698 2951 736 sum
2981 684 3081 753 qui
3108 682 3331 737 divitias
3361 682 3427 738 do
3456 685 3652 740 amicis
3680 687 3840 754 meis,

2194 768 2246 816 et
2271 767 2656 835 paupertatem
2686 770 2929 825 inimicis
2957 777 3109 826 meis.

2264 871 2316 924 2.
2349 869 2494 927 Nam
2527 873 2669 929 istas
2700 874 2930 931 divitias
2955 877 3306 949 temporales
3329 885 3379 933 et
3404 878 3462 932 in
3486 879 3664 934 veteri
3690 879 3841 936 Scri-

2198 960 2369 1027 ptura
2391 976 2518 1016 esse
2542 968 2907 1035 contemptae
2930 972 2985 1021 et
3004 967 3277 1038 superius
3292 966 3547 1029 docui,et
3568 968 3840 1025 innume-

2195 1048 2478 1105 rabilibus
2496 1050 2639 1107 locis
2662 1053 2760 1124 qui
2785 1053 2972 1125 legere
2991 1055 3257 1122 voluerit,
3276 1056 3549 1114 inveniet.
3575 1057 3737 1114 Unde
3750 1062 3839 1115 est

2191 1136 2364 1192 etiam
2388 1136 2531 1195 illud
2558 1156 2569 1195 :
2594 1140 2785 1197 Melius
2810 1151 2888 1198 est
2907 1143 3181 1200 modicum
3207 1145 3379 1216 justo,
3417 1162 3579 1217 super
3614 1148 3838 1204 divitias

2186 1236 2530 1297 peccatorum
2551 1232 2753 1287 multas
2776 1234 2944 1301 (Psal.
2968 1250 3155 1300 xxxvr,
3183 1235 3291 1305 16).
3316 1239 3384 1289 Et
3415 1233 3557 1290 illud
3583 1252 3597 1290 :
3623 1237 3837 1292 Bonum

2190 1317 2333 1371 mihi
2357 1316 2450 1373 lea:
2477 1321 2593 1375 oris
2623 1323 2725 1387 tui,
2756 1338 2921 1393 super
2944 1324 3125 1378 millia
3157 1324 3285 1379 auri
3312 1326 3360 1378 et
3391 1325 3608 1393 argenti
3656 1325 3833 1393 (Psal.

2189 1421 2380 1473 cxvm,
2412 1406 2523 1477 72).
2555 1409 2623 1463 Et
2652 1408 2797 1465 illud
2824 1427 2838 1465 :
2872 1411 3091 1467 Iudicia
3123 1412 3220 1467 Dei
3248 1428 3377 1467 vera
3423 1413 3719 1483 iustiﬁcata
3771 1416 3835 1469 in

2188 1492 2269 1547 idi
2271 1510 2432 1562 psum
2454 1496 2470 1530 ¹
2478 1495 2899 1563 ,desiderabilia
2911 1516 3077 1571 super
3088 1517 3293 1556 aurum
3312 1503 3361 1557 et
3377 1502 3619 1572 lapidem
3637 1504 3832 1573 pretio-

2184 1599 2304 1636 sum
2327 1584 2568 1640 multum
2590 1588 2759 1657 (Psal.
2784 1606 2943 1653 xvm,
2974 1590 3077 1660 10).
3106 1591 3171 1645 Et
3200 1590 3340 1644 illud
3366 1609 3385 1644 :
3417 1594 3611 1646 Beatus
3631 1594 3719 1646 vir
3737 1594 3836 1665 qui

2186 1674 2241 1724 in
2251 1688 2344 1726 ven
2353 1675 2394 1727 it
2408 1675 2811 1744 sapientiam,et
2833 1679 3162 1733 immortalis
3182 1681 3280 1750 qui
3293 1679 3437 1734 videt
3446 1680 3829 1751 prudentiam.

2186 1760 2387 1815 Melius
2417 1771 2495 1816 est
2520 1765 2669 1817 enim
2699 1765 2857 1818 illam
2887 1772 3143 1834 mercari,
3177 1782 3342 1837 quam
3362 1768 3493 1821 auri
3520 1776 3571 1821 et
3612 1769 3834 1838 argenti

2185 1848 2479 1905 thesauros.
2506 1852 2807 1908 Pretiosior
2826 1858 2907 1908 est
2934 1863 3118 1909 autem
3141 1856 3424 1925 lapidibus
3452 1858 3695 1923 optimis,
3719 1872 3832 1913 non

2184 1940 2393 1993 resistit
2406 1940 2495 1994 illi
2514 1941 2693 1995 ullum
2712 1943 2919 1997 malum
2937 1964 2955 2009 ,-
2972 1944 3103 1999 bene
3121 1949 3253 1999 nota
3264 1947 3342 1998 est
3356 1945 3610 2000 omnibus
3637 1962 3832 2017 appro-

2178 2029 2580 2097 pinquantibus
2608 2032 2679 2101 ei,
2712 2040 2761 2086 et
2783 2034 2859 2087 eis
2879 2034 2975 2103 qui
2994 2032 3339 2088 considerant
3364 2051 3485 2089 eam
3510 2035 3823 2106 diligenter.

2184 2116 2350 2171 Omne
2370 2122 2554 2173 autem
2573 2123 2874 2190 pretiosum
2896 2138 3000 2176 non
3025 2126 3103 2176 est
3125 2124 3216 2177 illi
3235 2124 3468 2191 dignum
3507 2124 3687 2195 (Prov.
3736 2140 3825 2195 ιιι,

2185 2206 2386 2273 13-15).
2421 2212 2487 2261 Et
2518 2208 2657 2263 illud
2685 2226 2697 2263 :
2726 2215 2960 2281 Propter
2980 2212 3078 2267 hoc
3097 2214 3299 2283 aptavi,
3321 2216 3373 2267 et
3392 2212 3551 2267 datus
3571 2217 3649 2267 est
3684 2214 3832 2269 mihi

2180 2310 2389 2363 sensus,
2412 2300 2463 2351 et
2486 2299 2810 2366 invocavi,et
2837 2316 2931 2354 ven
2941 2302 2982 2354 it
3006 2302 3061 2354 in
3080 2317 3166 2356 me
3184 2303 3417 2371 spiritus
3434 2304 3742 2372 sapientiae.
3752 2306 3828 2358 Et

2178 2388 2460 2455 praeposui
2482 2388 2639 2441 illam
2658 2390 2843 2455 regnis
2865 2390 2886 2422 ²
2905 2394 2954 2444 et
2980 2390 3216 2455 sedibus,
3240 2397 3293 2445 et
3322 2391 3652 2446 honestatem
3675 2392 3829 2447 nihil

2181 2487 2297 2526 esse
2324 2473 2464 2527 duxi
2491 2474 2560 2528 ad
2580 2480 3046 2546 comparationem
3072 2480 3261 2549 ipsius.
3281 2481 3385 2534 Nec
3401 2484 3716 2550 comparavi
3734 2482 3831 2536 illi

2182 2558 2415 2621 lapidem
2435 2564 2732 2632 pretiosum
2754 2583 2771 2618 :
2796 2568 3055 2634 quoniam
3069 2584 3227 2621 omne
3244 2584 3448 2621 aurum
3469 2570 3527 2622 in
3546 2584 3827 2640 compara~

2183 2650 2334 2703 tione
2356 2651 2511 2705 illius
2531 2668 2700 2707 arena
2719 2657 2792 2707 est
2813 2656 3093 2725 exigua,et
3110 2664 3371 2727 tanquam
3392 2658 3568 2711 lutum
3582 2659 3828 2713 aestima-

2183 2736 2332 2792 bitur
2381 2749 2670 2808 argentum
2716 2741 2787 2796 ad
2834 2744 2991 2798 illam
3012 2744 3160 2815 (Sap.
3213 2761 3311 2809 vn,
3335 2745 3476 2811 7-9).
3504 2744 3749 2801 Haecisti
3773 2745 3826 2801 si

2178 2832 2278 2880 aut
2301 2827 2554 2896 legerent
2578 2834 2677 2885 aut
2706 2848 2816 2885 non
2842 2832 3019 2903 impie
3042 2832 3319 2905 legerent,
3343 2834 3604 2889 viderent
3624 2834 3829 2890 omnia

2180 2913 2237 2968 in
2265 2916 2927 2988 utriusque'l‘estamenti
2953 2920 3171 2992 scriptu
3181 2920 3343 2988 ris,et
3355 2921 3425 2975 ad
3440 2923 3825 2994 repetendum

2179 3009 2237 3058 et
2268 3004 2338 3058 ad
2373 3006 2735 3077 fugiendum,
2772 3014 2827 3063 et
2856 3008 2926 3063 ad
2954 3011 3306 3065 sumendum
3340 3016 3397 3065 et
3427 3010 3498 3065 ad
3550 3010 3827 3081 rejicien-

2181 3093 2321 3149 dum
2354 3094 2465 3149 sibi
2497 3097 2909 3153 concordantia
2938 3102 2994 3155 et
3025 3099 3149 3153 suis
3180 3100 3461 3171 gradibus
3492 3100 3784 3157 ordinata.

2248 3200 2479 3257 CAPUT
2518 3201 2629 3257 XX.
2656 3235 2724 3243 —
2752 3205 2799 3259 1.
2827 3209 2901 3259 De
2923 3222 2988 3260 eo
3010 3207 3163 3277 quod
3206 3206 3491 3278 scriptum
3516 3211 3605 3263 est
3627 3208 3684 3262 in
3713 3206 3826 3263 Le-

2177 3304 2246 3360 ge
2272 3307 2284 3344 :
2310 3289 2371 3345 Si
2388 3307 2479 3345 am
2492 3292 2808 3349 bulaveritis
2835 3296 2894 3348 in
2925 3295 3066 3367 lege,
3098 3300 3151 3350 et
3174 3300 3451 3366 praecepta
3481 3312 3603 3351 mea
3640 3304 3829 3353 custo-

2176 3378 2396 3434 dieritis
2413 3397 2434 3442 ;
2458 3380 2592 3436 dabo
2620 3382 2837 3453 pluvias
2870 3386 3105 3455 tempore
3132 3400 3250 3452 suo,
3282 3394 3335 3440 et
3370 3383 3625 3457 producet
3670 3390 3835 3441 terra

2173 3468 2385 3536 fructus
2404 3479 2603 3535 suos,et
2622 3472 2842 3527 arbores
2861 3477 3099 3543 poma.et
3119 3474 3543 3531 vindemiwtuaz
3557 3475 3832 3531 messibus

2176 3558 2479 3623 succedent,
2504 3570 2555 3614 et
2575 3562 2717 3615 satio
2736 3562 3025 3615 vindemiis
3047 3580 3065 3616 :
3086 3571 3133 3617 et
3151 3563 3567 3628 saturabimini,
3589 3572 3642 3617 et
3661 3563 3831 3617 sede-

2178 3646 2304 3701 bitis
2328 3648 2387 3701 in
2406 3665 2538 3718 pace
2560 3652 2617 3703 in
2642 3654 2790 3705 terra
2812 3655 3068 3715 vestra,et
3090 3654 3456 3717 dormietis,et
3473 3668 3581 3706 non
3601 3654 3706 3707 erit
3723 3654 3836 3723 qui

2177 3751 2265 3791 vos
2288 3740 2528 3793 terreat:
2550 3742 2601 3792 et
2616 3739 2845 3809 perdam
2868 3756 3080 3795 omnem
3104 3739 3347 3795 belluam
3368 3756 3437 3796 ea:
3458 3746 3603 3795 terra
3614 3745 3832 3797 vestra.-

2175 3828 2224 3881 et
2244 3830 2589 3897 persequemi
2610 3829 2861 3884 inimicos
2892 3832 3111 3894 vestros,
3135 3838 3185 3885 et
3212 3830 3404 3885 cadent
3459 3834 3584 3884 ante
3622 3845 3707 3884 vos
3756 3832 3832 3885 in

2177 3915 2373 3986 gladio
2402 3932 2413 3971 :
2436 3920 2488 3971 et
2512 3919 2867 3988 insequentur
2885 3921 3127 3991 quinque
3141 3935 3211 3974 ea:
3225 3920 3371 3974 vobis
3391 3928 3680 3989 centum,et
3699 3935 3835 3975 cen-

2176 4016 2293 4058 tum
2324 4021 2395 4058 ea:
2424 4008 2571 4060 vobis
2595 4013 2993 4078 persequentur
3019 4008 3198 4063 decem
3228 4009 3431 4077 millia,
3464 4011 3515 4063 et
3536 4008 3834 4065 concident

2175 4094 2394 4147 inimici
2411 4097 2581 4148 vestri
2600 4105 2727 4149 ante
2749 4111 2835 4151 vos
2859 4098 2918 4151 in
2937 4097 3122 4165 gladio
3140 4114 3162 4159 ;
3183 4107 3233 4153 et
3257 4100 3493 4163 veniam,
3514 4101 3563 4152 et
3602 4097 3831 4153 benedi-

2173 4198 2293 4236 cam
2315 4197 2422 4253 vos,
2442 4192 2491 4237 et
2509 4185 2884 4255 multiplicabo
2904 4202 3016 4251 vos,
3039 4186 3393 4257 etdisponam
3421 4202 3528 4241 vos.
3575 4186 3825 4243 Mandu-

2175 4270 2365 4325 cabitis
2388 4274 2535 4325 vetus
2554 4272 2692 4343 quod
2712 4275 3053 4334 inveteravit.
3076 4284 3129 4330 et
3160 4276 3464 4346 projicietis
3499 4286 3651 4331 vetus
3686 4281 3829 4333 ante

2172 4360 3032 4433 novum(Levit.xxvx,3—lO).Jam
3053 4365 3343 4419 neminem
3369 4370 3826 4436 oportetpostu-

2175 4448 2295 4503 lare
2332 4450 2574 4518 anobis,
2606 4456 2667 4506 ut
2690 4451 2809 4506 haec
2824 4453 3206 4509 ostendamus
3237 4470 3412 4524 quam
3430 4458 3827 4526 congruenter

2173 4536 2255 4590 illi
2282 4537 2492 4609 populo
2515 4539 2669 4595 Deus
2692 4541 3397 4611 promiserit.Multaenim
3420 4543 3491 4596 de
3515 4542 3621 4597 hac
3643 4560 3701 4597 re
3722 4542 3829 4597 di-

2172 4625 2465 4693 ximus,ct
2486 4628 2575 4683 cui
2606 4646 2780 4701 parva
2801 4640 2955 4696 sunt,
2981 4630 3157 4685 nimis
3183 4632 3386 4686 tardus
3422 4636 3527 4686 est.
3570 4630 3679 4686 Sed
3721 4635 3825 4687 ta-

2176 4731 2307 4770 men
2332 4717 2485 4787 quod
2507 4717 2678 4773 etiam
2704 4719 2835 4773 huic
2860 4720 2982 4774 loco
3006 4720 3077 4774 de
3120 4719 3273 4775 Novo
3320 4720 3692 4776 Testamento
3727 4721 3825 4777 di-

2174 4810 2315 4859 cunt
2331 4821 2459 4861 esse
2482 4807 2874 4862 contrarium:
2901 4806 3045 4863 illud
3067 4808 3331 4864 videlicet
3352 4810 3507 4881 quod
3534 4810 3824 4869 Dominus

2175 4895 2273 4965 ait,
2323 4895 2497 4951 Nolite
2536 4904 2760 4966 portare
2807 4913 3026 4963 aurum,
3068 4914 3243 4969 neque
3290 4902 3599 4970 argentum,
3638 4914 3826 4971 neque

2174 4999 2422 5039 nummos
2437 4986 2491 5039 in
2506 4986 2656 5039 zonis
2670 4987 2995 5047 vestrismon
3003 5003 3194 5058 peram
3207 4989 3263 5042 in
3277 4990 3567 5061 via,neque
3578 4988 3713 5043 duas
3725 4998 3822 5045 tu-

2173 5076 2523 5144 nicas,nequs
2538 5074 2837 5129 calceamen
2847 5078 3095 5149 ta,neque
3111 5078 3320 5147 virgam
3330 5094 3351 5139 ;
3365 5077 3565 5147 dignus
3576 5086 3653 5133 est
3664 5078 3824 5135 enim

2176 5163 2459 5234 operarius
2471 5164 2824 5219 mercedesua
2846 5164 3048 5235 (Matth.
3064 5182 3119 5231 x,
3138 5165 3239 5219 9et
3263 5166 3350 5238 10)
3374 5184 3387 5222 :
3412 5166 3550 5238 quid
3598 5166 3819 5224 mirum

2176 5251 2225 5308 si
2246 5252 2367 5307 haec
2390 5251 2767 5323 Evangelistis
2784 5253 3129 5309 donaverit?
3148 5253 3441 5326 Numquid
3468 5256 3526 5311 in
3550 5255 3657 5312 hoc
3702 5255 3819 5311 mi-

2175 5340 2481 5397 nisterium
2506 5339 2756 5412 populus
2777 5341 3061 5399 Judaicus
3086 5343 3442 5400 vocabatur?
3462 5348 3596 5411 Quae
3620 5354 3819 5402 tamen

2175 5432 2373 5487 omnia
2402 5428 2787 5502 spiritualiter
2817 5432 3239 5503 perscrutanda
3266 5438 3425 5499 sunt,
3461 5450 3532 5490 ne
3554 5433 3680 5505 ipse
3702 5434 3819 5490 Do-

2238 5639 2251 5673 ί
2289 5638 2442 5704 Editi,
2465 5638 2527 5704 in
2546 5637 2831 5704 semetipsa.
2866 5638 3090 5704 Quidam
3121 5654 3247 5689 vero
3278 5642 3419 5701 Mss.,
3450 5642 3506 5691 in
3552 5641 3817 5704 idipsum;

2172 5714 2330 5765 quam
2358 5700 2638 5765 lectionem
2668 5700 2820 5765 sequi
2851 5700 2987 5765 solet
3016 5703 3365 5765 Augustinus.

2222 5764 2282 5814 ³0
2305 5775 2459 5815 mnes
2486 5762 2635 5824 Μαι,
2661 5763 2982 5827 regimoniis.
3012 5762 3191 5817 Graiae
3220 5770 3300 5816 est
3329 5766 3596 5831 shéptrdn.
