4052 6178
226 399 3647 433 Ἥ

963 537 1081 642 ε.
1174 538 1880 641 AURELII

1984 491 2918 645 accusa-tm

1476 735 1767 796 HIPPON
1780 737 1875 795 EN
1884 736 1997 797 SIS
2049 735 2405 798 EPISGOPI

589 914 1266 1039 CONTRA
1351 912 2309 1036 EPISTOLAM
2396 914 3286 1041 MANICHfEI

995 1133 1347 1244 QUAM
1442 1132 1946 1228 VOCANT
2042 1134 2892 1229 FUNDAMENTI.

1516 1342 1845 1427 LIBER.
1916 1341 2075 1428 UN
2088 1339 2233 1429 US
2268 1332 2362 1425 (⁸).

221 1620 439 1672 Refellit
468 1621 678 1682 priores
708 1622 890 1692 partes
918 1618 1489 1692 Epistolaatlanichaai,
1519 1619 1805 1692 ostendens
1834 1618 2009 1692 ipsum
2043 1632 2151 1692 pro
2171 1620 2463 1692 manifesta
2488 1634 2649 1692 quam
2679 1620 3048 1683 pollicebatur,
3080 1624 3131 1672 et
3160 1636 3258 1686 pro
3288 1626 3432 1675 certa
3464 1625 3643 1691 cogni-

818 1682 984 1741 tione,
1016 1681 1235 1731 nonnisi
1266 1681 1477 1733 incerta
1497 1687 1551 1732 et
1578 1681 1812 1731 absurda
1840 1681 2191 1731 deliramenta
2220 1684 2331 1733 suis
2360 1681 2714 1735 sectatoribus
2742 1697 3067 1748 proponere.

1728 1830 2156 1845 *-

286 1949 532 2007 CAPUT
561 1948 868 2006 PRIMUM.
904 1981 969 1990 —
1000 1949 1052 2004 l.
1112 1951 1365 2005 Haretiei
1414 1950 1661 2006 sanandi
1697 1952 1879 2019 magis

221 2057 391 2112 quam
418 2038 715 2111 perdendi.
752 2038 942 2093 Unum
966 2054 1165 2093 verum
1195 2043 1371 2093 Deum
1395 2039 1877 2109 omnipotentem,

221 2147 286 2185 ex
310 2146 436 2202 quo
462 2128 683 2195 omnia,
708 2144 810 2200 per
831 2144 1002 2199 quem
1026 2128 1243 2190 omnia.
1269 2128 1326 2182 in
1352 2143 1467 2198 quo
1481 2127 1697 2195 omnia,
1716 2132 1773 2183 et
1788 2144 1880 2183 ro-

220 2219 346 2290 gavi
380 2223 442 2274 et
473 2234 636 2289 rogo,
673 2221 736 2272 ut
768 2216 827 2271 in
856 2216 1167 2272 refellenda
1194 2220 1253 2271 et
1298 2216 1647 2271 revincenda
1676 2216 1878 2271 haeresi

217 2313 437 2370 vestra.
465 2304 795 2371 Manichaai,
819 2304 913 2361 cui
944 2309 1002 2360 et
1029 2322 1133 2360 vos
1164 2306 1414 2360 fortasse
1445 2305 1880 2377 imprudentius

215 2412 396 2469 quam
422 2394 784 2451 malitiosius
803 2393 1259 2460 adhazsistis,det
1278 2394 1416 2450 mihi
1436 2399 1689 2448 mentem
1709 2410 1878 2464 paca-

215 2492 336 2541 tam
354 2491 459 2555 atq
470 2483 1219 2554 uetranquillam,etmagis
1238 2484 1308 2537 de
1323 2487 1512 2537 vestra
1526 2481 1881 2538 correctione

212 2591 394 2645 quam
430 2574 506 2628 de
538 2572 919 2628 subversione
950 2571 1321 2643 cogitantem.
1358 2572 1698 2640 Quanquam
1723 2571 1877 2625 enim

213 2662 513 2718 Dominus
546 2679 651 2734 per
683 2678 822 2717 suos
854 2676 1051 2716 servos
1084 2678 1260 2732 regna
1291 2661 1595 2715 subvertet
1624 2659 1876 2727 erroris;

210 2753 374 2823 ipsos
405 2756 613 2808 tamen
654 2750 944 2815 homines,
996 2750 1053 2804 in
1100 2754 1384 2821 quantum
1420 2748 1686 2804 homines
1719 2752 1877 2814 sunt,

213 2840 629 2896 emendandos
657 2855 787 2895 esse
808 2839 1023 2910 potius,
1051 2855 1228 2910 quam
1252 2838 1784 2909 perdendosjubet.
1812 2838 1881 2892 Et

210 2929 512 3002 quidquid
537 2928 824 2983 divinitus
842 2932 975 2983 ante
998 2927 1141 2982 illud
1162 2927 1436 2982 ultimum
1462 2925 1745 2996 iudicium
1760 2925 1879 2980 vin-

207 3020 471 3083 dicatur,
501 3017 623 3073 sive
644 3033 748 3088 per
771 3016 1068 3088 improbos
1102 3016 1221 3071 sive
1253 3032 1356 3088 per
1378 3016 1593 3085 justus,
1628 3014 1745 3070 sive
1778 3031 1880 3086 per

205 3108 548 3163 nescientes
574 3105 690 3162 sive
718 3122 822 3176 per
841 3104 1109 3171 scientes,
1132 3105 1251 3160 sive
1272 3104 1492 3160 occulte
1511 3104 1630 3159 sive
1650 3104 1874 3175 palam;

206 3213 325 3252 non
350 3196 425 3251 ad
448 3195 753 3250 interitum
772 3194 1098 3259 hominum,
1114 3195 1211 3249 sed
1232 3195 1303 3249 ad
1323 3193 1674 3248 medicinam
1688 3192 1877 3249 valere

205 3286 576 3342 credendum
603 3288 726 3339 est:
756 3300 931 3357 quam
958 3283 1055 3355 qui
1080 3283 1430 3356 respuerint,
1456 3288 1712 3337 extremo
1736 3299 1875 3354 sup-

204 3374 381 3444 plicio
406 3376 846 3445 praeparantur.
862 3372 1224 3444 Quapropter
1239 3388 1371 3426 cum
1390 3372 1447 3426 in
1471 3372 1579 3426 hac
1599 3371 1879 3426 universi-

206 3468 320 3519 tate
346 3478 584 3531 rerum,
610 3460 725 3516 alia
748 3462 866 3517 sint
886 3478 1010 3531 quae
1041 3460 1231 3516 valent
1256 3461 1324 3515 ad
1360 3460 1719 3531 corporalem
1750 3459 1875 3515 vin-

208 3552 428 3608 dictam
441 3597 457 3622 ,
484 3554 642 3607 sicut
659 3550 835 3623 ignis,
855 3559 911 3604 et
927 3566 1237 3616 venenum,
1254 3553 1310 3604 et
1323 3551 1584 3615 morbus,
1600 3554 1655 3604 et
1671 3554 1877 3605 caetera

203 3641 596 3713 hujusmodi;
621 3640 737 3695 alia
762 3640 1144 3711 quibusapud
1171 3638 1432 3709 seipsum
1458 3655 1569 3693 non
1592 3638 1875 3693 molestiis

203 3731 480 3804 corporis
497 3730 723 3795 sui,sed
741 3729 1126 3799 cupiditatum
1145 3744 1385 3783 suarum
1403 3726 1627 3798 laqueis
1641 3727 1873 3782 animus

199 3821 520 3892 puniatur,
552 3818 726 3873 sicuti
748 3823 836 3872 est
856 3817 1456 3886 damnum,exsilium,
1477 3816 1714 3879 orbitas,
1734 3832 1872 3870 cou-

200 3908 483 3977 tumelia,
512 3912 573 3962 et
602 3906 695 3961 bis
727 3904 981 3972 similia;
1016 3905 1281 3977 quaedam
1304 3922 1438 3960 vero
1462 3920 1575 3959 non
1599 3905 1717 3959 sint
1737 3920 1870 3959 cru-

204 3999 538 4060 ciamenta,
570 3994 671 4050 sed
704 3994 869 4066 quasi
897 3995 1155 4049 fomenta
1175 3998 1233 4048 et
1252 3992 1570 4047 lenimenta
1592 3991 1872 4064 languen-

202 4086 461 4156 tium,ut
472 4090 616 4139 sunt
628 4081 1877 4152 consolationrs,exhortationes,diaputatio-

204 4190 309 4230 nes
332 4192 347 4241 ;
370 4178 439 4229 et
455 4188 839 4245 quaecumque
862 4176 1003 4226 sunt
1022 4169 1415 4225 taliazborum
1434 4170 1699 4223 omnium
1713 4187 1871 4241 quas-

203 4263 339 4318 dam
360 4263 552 4319 etiam
571 4277 672 4333 per
693 4260 877 4315 malos
897 4260 1221 4315 nescientes
1239 4263 1759 4331 operatursumma
1772 4259 1871 4313 Dei

195 4352 473 4423 justitia,
498 4348 765 4421 quadam
791 4353 980 4404 autem
998 4365 1096 4420 per
1108 4349 1359 4404 scientes
1375 4348 1871 4403 bonos.Nostrum

202 4442 393 4513 igitur
430 4439 546 4493 fuit
578 4437 789 4509 eligere
814 4443 873 4491 et
901 4443 1102 4509 Optare
1130 4435 1396 4502 meliora,
1430 4439 1494 4490 ut
1525 4435 1595 4491 ad
1619 4441 1869 4491 vestram

201 4530 642 4586 correctionem
667 4526 891 4581 aditum
913 4526 1283 4595 haberemus,
1305 4523 1489 4579 nonin
1506 4524 1873 4580 contentione

201 4625 258 4674 et
277 4617 673 4674 amulatione
690 4620 746 4671 et
763 4614 1398 4687 persecutionibus;sed
1417 4617 1719 4668 mansuete
1732 4629 1873 4667 con-

206 4708 489 4775 solando,
522 4703 797 4761 benevole
829 4703 1208 4770 cohortando,
1242 4702 1449 4758 leniter
1478 4702 1869 4773 disputando:

205 4798 365 4853 sicut
394 4795 689 4867 scriptum
712 4798 823 4859 est,
853 4794 1081 4848 Servum
1101 4796 1283 4847 autem
1306 4793 1529 4848 Domini
1542 4807 1651 4846 non
1670 4799 1876 4862 oportet

206 4888 457 4957 litigare
470 4901 489 4946 ,'
504 4884 598 4939 sed
612 4884 793 4939 mitem
806 4898 918 4938 esse
929 4881 1003 4937 ad
1013 4898 1217 4949 omnes,
1232 4881 1541 4947 docibilem,
1552 4882 1874 4951 patientem,

205 4980 265 5030 in
286 4974 575 5032 modestia
598 4975 982 5044 corripientem
1001 4973 1218 5026 diversa
1235 4972 1529 5026 sentientes
1550 4969 1622 5041 (ll
1650 4970 1786 5024 Tim.
1812 4986 1874 5038 ιι,

208 5068 297 5133 13,
321 5066 450 5135 25).
474 5064 751 5119 Nostrum
777 5079 913 5135 ergo
940 5061 1052 5117 fuit
1071 5059 1215 5117 velle
1237 5060 1345 5115 bas
1368 5063 1561 5132 partes
1582 5063 1873 5130 expetere:

1990 1950 2091 2006 Dei
2123 1954 2213 2007 est
2239 1950 2568 2008 volentibus
2622 1955 2679 2009 et
2726 1952 3061 2024 petentibus
3109 1952 3325 2009 donare
3356 1953 3507 2024 quod
3540 1953 3643 2010 bo-

1988 2055 2130 2095 num
2161 2045 2269 2097 est.

2059 2128 2295 2184 CAPUT
2328 2130 2396 2184 ΙΙ.
2428 2160 2497 2170 —-
2526 2132 2579 2185 2.
2619 2129 2816 2187 Causae
2842 2146 2943 2185 cur
2989 2132 3176 2185 mitius
3204 2130 3480 2197 agendum
3506 2146 3635 2186 cum

1988 2217 2317 2273 Manichaeis.
2347 2218 2435 2272 Illi
2456 2218 2516 2273 in
2538 2235 2641 2274 vos
2665 2218 2925 2283 saeviant,
2949 2218 3045 2289 qui
3071 2220 3336 2274 nesciunt
3357 2236 3489 2275 cum
3518 2236 3634 2292 quo

1990 2303 2186 2360 labore
2217 2322 2417 2361 verum
2453 2306 2800 2371 inveniatur,
2833 2310 2890 2360 et
2919 2322 3094 2376 quam
3128 2304 3365 2361 difficile
3389 2321 3633 2361 cavean-

1989 2396 2087 2447 tur
2115 2409 2360 2449 errores.
2395 2391 2482 2448 Illi
2514 2393 2572 2447 in
2607 2409 2708 2449 vos
2739 2392 2998 2460 saeviant,
3033 2392 3134 2462 qui
3165 2392 3434 2447 nesciunt
3457 2408 3633 2464 quam

1991 2498 2189 2536 rarum
2237 2486 2295 2536 et
2341 2481 2589 2536 arduum
2641 2480 2719 2535 sit
2783 2479 3041 2535 carnalia
3094 2479 3509 2550 phantasmata
3530 2479 3635 2553 pias

1993 2571 2208 2625 mentis
2240 2570 2548 2625 serenitate
2580 2584 2879 2641 superare.
2915 2568 3001 2623 llli
3035 2569 3093 2624 in
3117 2586 3217 2624 vos
3241 2568 3502 2636 saeviant,
3534 2570 3636 2641 qui

1992 2660 2262 2714 nesciunt
2292 2676 2424 2713 cum
2458 2663 2677 2730 quanta
2699 2658 3043 2713 difﬁcultate
3064 2663 3303 2713 sanetur
3323 2659 3530 2715 oculus
3553 2659 3637 2714 in-

1989 2746 2219 2803 terioris
2272 2747 2552 2815 hominis,
2615 2752 2677 2801 ut
2734 2747 2920 2818 possit
2957 2747 3167 2802 intueri
3201 2746 3383 2802 solem
3416 2764 3632 2805 suum:

1989 2853 2104 2891 non
2136 2836 2315 2891 istum
2347 2852 2521 2907 quem
2555 2852 2654 2890 vos
2686 2834 2875 2890 colitis
2906 2834 3124 2891 ccelesti
3156 2851 3416 2906 corpore,
3448 2834 3635 2892 oculis

1989 2926 2216 2980 carneis
2247 2936 2306 2979 et
2333 2924 2641 2980 hominum
2690 2928 2747 2979 et
2796 2940 3069 2995 pecorum
3105 2922 3424 2995 fulgentem
3457 2928 3633 2995 atque

1988 3014 2312 3069 radiantem
2339 3030 2352 3081 ;
2387 3013 2487 3069 sed
2521 3012 2689 3068 illum
2722 3012 2792 3067 de
2822 3028 2934 3081 quo
2966 3012 3249 3083 scriptum
3273 3016 3363 3067 est
3384 3028 3486 3084 per
3508 3028 3633 3083 pro-

1988 3103 2246 3175 phetam,
2281 3101 2440 3158 Ortus
2478 3105 2559 3157 est
2586 3102 2728 3156 mihi
2746 3101 2988 3173 justitiae
3014 3102 3095 3156 sol
3125 3099 3396 3167 (Malach.
3430 3117 3507 3166 iv,
3534 3100 3630 3172 2);

1986 3195 2046 3246 et
2075 3191 2143 3246 de
2178 3207 2293 3262 quo
2325 3190 2545 3246 dictum
2579 3194 2669 3245 est
2714 3189 2774 3244 in
2816 3188 3134 3262 evangelio,
3165 3190 3305 3245 Erat
3327 3189 3513 3244 lumen
3543 3205 3632 3247 ve-

1986 3296 2134 3346 rum,
2166 3278 2307 3350 quod
2362 3280 2644 3334 illuminat
2695 3293 2908 3333 omnem
2934 3279 3207 3333 hominem
3235 3280 3541 3333 venientem
3572 3278 3635 3333 in

1986 3368 2132 3423 hunc
2162 3367 2428 3422 mundum
2475 3369 2660 3434 (Joan.
2694 3384 2734 3433 ι,
2764 3366 2840 3436 9).
2896 3365 2983 3421 Illi
3016 3366 3073 3420 in
3107 3382 3206 3421 vos
3238 3365 3497 3433 saeviant,
3529 3364 3631 3437 qui

1986 3456 2256 3513 nesciunt
2286 3456 2502 3528 quibus
2552 3455 2823 3525 suspiriis
2872 3458 2928 3509 et
2973 3453 3289 3527 gemitibus
3315 3454 3435 3522 ﬁat,
3470 3462 3531 3509 ut
3560 3470 3629 3510 ex

1984 3544 2526 3617 quantulacumque
2569 3548 2731 3615 parte
2777 3543 2963 3616 possit
3012 3542 3253 3614 intelligi
3282 3542 3455 3598 Deus.
3490 3543 3628 3599 Pos-

1984 3638 2193 3703 tremo,
2227 3633 2311 3689 illi
2337 3633 2397 3688 in
2428 3650 2529 3689 vos
2561 3632 2818 3699 saeviant,
2853 3631 2951 3703 qui
2986 3648 3287 3703 nunquam
3310 3630 3411 3686 tali
3432 3648 3626 3688 errore

1978 3725 2209 3794 decepti
2240 3728 2402 3789 sunt,
2436 3721 2595 3794 quali
2626 3738 2726 3777 vos
2759 3722 3028 3792 deceptos
3056 3720 3273 3776 vident.

2053 3811 2284 3869 CAPUT
2316 3812 2409 3866 III.
2431 3841 2500 3851 —-
2522 3811 2577 3865 3.
2602 3810 2938 3881 Augustinus
2958 3808 3238 3880 quondam
3258 3809 3620 3867 manichzrus.

1982 3902 2098 3973 Ego
2113 3904 2305 3955 autem
2322 3900 2421 3971 qui
2436 3900 2535 3954 diu
2551 3900 2922 3970 multumque
2927 3899 2949 3969 j
2959 3901 3185 3954 actatus
3198 3899 3433 3954 tandem
3446 3898 3628 3971 respi-

1982 3992 2137 4045 cere'
2166 3989 2325 4061 potui
2349 3986 2487 4060 quid
2512 3988 2588 4043 sit
2616 3987 2718 4042 illa
2749 3987 3074 4054 sinceritas,
3108 4003 3234 4059 quae
3270 3988 3399 4042 sine
3430 3988 3622 4045 inanis

1982 4078 2190 4134 fabulas
2210 4077 2539 4133 narratione
2557 4075 2900 4148 percipitur;
2921 4076 3022 4147 qui
3051 4092 3229 4131 vanas
3260 4076 3627 4149 imaginatio-

1983 4185 2087 4224 nes
2113 4167 2294 4223 animi
2327 4166 2441 4221 mei
2472 4166 2647 4222 variis
2677 4164 3050 4238 Opinionibus
3073 4165 3485 4238 erroribusque
3507 4166 3624 4222 col-

1982 4257 2162 4312 lectas
2182 4255 2274 4319 vix
2296 4257 2474 4311 miser
2497 4255 2679 4310 merui
2705 4253 2947 4310 Domino
2970 4251 3292 4323 opitulante
3313 4255 3627 4311 convince-

1983 4362 2079 4414 re;
2114 4345 2214 4417 qui
2249 4362 2339 4399 me
2369 4344 2439 4399 ad
2472 4344 2881 4416 detergendam
2914 4342 3221 4414 caliginem
3247 4343 3482 4409 mentis,
3504 4349 3626 4400 tam

1980 4435 2145 4490 tarde
2176 4432 2635 4489 clementissimo
2667 4432 2890 4487 medico
2923 4431 3153 4487 vocanti
3187 4430 3627 4504 blandientique

1984 4523 2247 4594 subjeci:
2281 4524 2373 4592 qui
2407 4522 2507 4576 diu
2539 4520 2688 4592 flevi,
2724 4519 3310 4576 utincommutabilis
3332 4525 3389 4575 et
3408 4520 3627 4578 imma-

1982 4611 2252 4669 culabilis
2276 4609 2606 4666 substantia
2627 4608 3069 4665 concinentibus
3088 4607 3301 4664 divinis
3324 4609 3507 4666 Libris
3531 4627 3621 4667 se-

1984 4717 2045 4756 se
2075 4700 2219 4755 mihi
2243 4699 2594 4771 persuadere
2614 4697 2966 4753 intrinsecus
2987 4696 3366 4768 dignaretur;
3396 4698 3496 4772 qui
3517 4700 3623 4756 de-

1983 4789 2159 4861 nique
2190 4788 2385 4843 omnia
2417 4786 2517 4842 illa
2547 4786 2847 4859 ﬁgmenta,
2881 4802 3008 4857 quae
3039 4801 3139 4841 vos
3171 4785 3453 4843 diuturna
3483 4803 3623 4844 con-

1984 4877 2293 4935 suetudine
2323 4874 2652 4946 implicatos
2682 4878 2739 4930 et
2769 4872 3113 4930 constrictos
3144 4878 3365 4940 tenent,
3388 4879 3446 4930 et
3468 4893 3623 4949 quae-

1985 4967 2090 5024 sivi
2121 4965 2368 5035 curiose,
2424 4969 2481 5020 et
2518 4968 2737 5019 attente
2784 4961 3002 5033 audivi,
3034 4967 3093 5019 et
3138 4967 3354 5019 temere
3386 4964 3625 5034 credidi,

1984 5061 2041 5113 et
2060 5056 2349 5110 instanter
2369 5052 2586 5126 quibus
2608 5050 2766 5125 potui
2793 5049 3080 5124 persuasi,
3108 5054 3166 5105 et
3184 5051 3461 5108 adversus
3484 5053 3630 5111 alios

1418 5228 1735 5268 ADMONITIO
1773 5228 1866 5267 PP.
1908 5224 2437 5267 BENEDIC’I‘INORUM.

274 5342 360 5393 Ad
396 5340 795 5391 emendandum
827 5338 1026 5389 librum
1064 5340 1249 5386 contra
1279 5336 1569 5398 Epistolam
1614 5336 1895 5386 Manichaei
1946 5332 2274 5398 contulimus
2319 5333 2590 5398 editiones
2611 5329 2848 5398 A_m._Er._
2873 5332 2925 5378 et
2953 5330 3230 5398 Loy._cum
3256 5328 3630 5398 antiquissimo

209 5389 532 5455 Go'rbei'ensi
562 5404 765 5460 codice,
797 5415 918 5451 cum
948 5389 1377 5459 Gemmeticensi,
1407 5399 1666 5458 Casalino,
1696 5398 2019 5457 Colbertino,
2052 5395 2362 5456 Sorbonico,
2397 5395 2682 5446 Victorinis
2723 5391 2953 5450 duobus,
2995 5394 3047 5440 et
3074 5389 3284 5441 duobus
3341 5389 3630 5460 vaticanis,

214 5481 453 5531 cumque
482 5467 645 5516 variis
680 5464 1005 5516 lectionibus
1033 5465 1272 5527 quinque
1304 5462 1675 5538 Belgicorumz

302 5583 798 5664 Comparammus
822 5590 1124 5663 praeterea
1153 5598 1251 5639 eas
1276 5596 1467 5639 omnes
1496 5577 1772 5639 editiones
1803 5575 1972 5637 initio
1999 5576 2171 5636 Retr.
2203 5583 2258 5634 et
2280 5575 2584 5646 Confess.,
2618 5581 2659 5632 t.
2697 5574 2725 5630 I
2760 5576 3143 5630 memoratas.
3180 5570 3263 5635 M.

277 5716 357 5778 (α)
390 5714 622 5782 Scriptus
650 5716 866 5771 circiter
894 5726 1099 5764 annum
1135 5714 1244 5763 397.

2048 5711 2066 5745 ι
2099 5706 2222 5758 Sola
2249 5706 2410 5758 editio
2438 5707 2586 5765 Lov.,
2612 5700 2915 5767 perspicere.
