4086 6186
495 350 607 407 175

494 479 1263 550 pertinaciteranimoseque
1278 482 1529 551 defendi;
1547 484 1680 538 saevi
1695 502 1749 538 re
1767 484 1823 539 in
1844 501 1941 539 vos
1956 484 2139 539 omni-

496 585 569 624 no
592 585 707 624 non
722 584 1137 639 possum,quos
1170 571 1324 625 sicut
1345 571 1745 643 meipsumillo
1774 574 2142 645 tempore,ita

497 673 653 712 nunc
688 658 865 712 debeo
898 658 1209 730 sustinere,
1243 663 1300 714 et
1329 664 1494 716 tanta
1526 662 1805 733 patientia
1835 662 2138 717 vobiscum

499 761 686 817 agere,
721 750 940 817 quanta
970 763 1200 803 mecum
1230 758 1472 821 egerunt
1497 751 1742 821 proximi
1769 752 1901 819 mei,
1929 768 2061 807 cum
2085 751 2143 806 in

499 838 685 891 vestro
718 835 987 906 dogmate
1020 836 1287 893 rabiosus
1322 843 1379 893 et
1409 855 1595 895 caecus
1618 856 1893 895 errarem.

572 924 624 978 4.
650 922 722 979 Ut
737 930 931 981 autem
950 925 1181 983 facilius
1198 928 1540 996 mitescatis,
1561 932 1748 985 etnon
1771 930 2007 985 inimico
2030 931 2146 986 ani-

505 1029 600 1068 mo
622 1012 895 1084 vobisque
910 1015 1233 1086 pernicioso
1249 1016 1391 1072 mihi
1406 1019 1817 1090 adversemini,
1842 1019 1983 1074 illud
2004 1036 2147 1091 quo-

505 1101 592 1157 vis
605 1101 805 1171 judice
830 1103 1146 1175 impetrare
1169 1122 1261 1162 me
1282 1124 1315 1161 a
1340 1106 1503 1163 vobis
1525 1112 1769 1179 oportet,
1800 1113 1862 1164 ut
1883 1125 1952 1164 ex
1984 1113 2150 1165 utra-

507 1207 617 1262 que
647 1196 809 1263 parte
839 1193 1030 1249 omnis
1060 1195 1392 1267 arrogantia
1425 1197 1767 1267 deponatur.
1801 1198 1981 1253 Nemo
2014 1215 2149 1254 nos-

508 1287 663 1335 trum
690 1280 844 1336 dicat
859 1282 981 1352 jam
1012 1299 1073 1338 se
1092 1283 1381 1340 invenisse
1402 1286 1705 1342 veritatem
1724 1301 1736 1340 :
1758 1287 1841 1341 sic
1855 1304 1983 1341 eam
2002 1304 2153 1358 quae-

507 1385 729 1440 ramus,
763 1371 932 1441 quasi
964 1373 1035 1427 ab
1069 1374 1337 1444 utrisque
1369 1375 1686 1430 nesciatur.
1721 1377 1806 1430 Ita
1838 1377 1993 1430 enim
2020 1374 2153 1430 dili-

506 1465 706 1529 genter
734 1463 791 1514 et
823 1461 1187 1517 concorditer
1214 1463 1396 1533 quaeri
1431 1464 1661 1535 poterit,
1695 1465 1743 1519 si
1775 1464 1935 1519 nulla
1965 1470 2152 1520 teme-

507 1546 660 1601 raria
687 1550 1141 1622 przesumptione
1172 1551 1406 1608 inventa
1445 1557 1501 1608 et
1530 1553 1762 1625 cognita
1792 1570 1919 1609 esse
1950 1554 2154 1609 creda-

507 1639 623 1691 tur.
659 1639 765 1692 Aut
799 1637 847 1692 si
880 1637 987 1694 hoc
1015 1656 1048 1694 a
1079 1640 1240 1696 vobis
1272 1641 1588 1714 impetrare
1611 1660 1724 1698 non
1750 1660 2015 1714 possum,
2039 1640 2152 1696 sal-

507 1729 625 1780 tem
686 1724 829 1781 illud
890 1728 1208 1793 concedite,
1266 1735 1331 1785 ut
1378 1747 1479 1786 vos
1512 1736 1794 1802 tanquam
1827 1731 2155 1802 incognitas

510 1830 665 1868 nunc
697 1815 956 1886 primum
1006 1817 1267 1887 audiam,
1317 1837 1473 1875 nunc
1521 1820 1779 1892 primum
1814 1820 2151 1875 discutiam.

507 1901 746 1958 Justum
778 1909 916 1975 puto
948 1922 1075 1961 esse
1106 1907 1259 1978 quod
1293 1908 1523 1978 postulo
1550 1926 1561 1962 :
1591 1909 1699 1964 hac
1721 1926 1860 1965 sane
1883 1909 2009 1979 lege
2035 1925 2154 1964 ser-

509 1995 660 2062 vata,
695 1998 759 2047 ut
790 1994 1093 2050 vobiscum
1126 2013 1243 2052 non
1272 2013 1449 2067 orem,
1485 2015 1599 2052 non
1632 1997 2034 2054 conventicula
2065 2014 2155 2053 ce-

511 2080 754 2153 lebrem,
780 2099 895 2137 non
917 2082 1214 2139 Manichaei
1238 2102 1450 2141 nomen
1473 2086 1776 2157 accipiam,
1803 2087 1849 2142 si
1879 2104 1990 2142 non
2013 2085 2158 2141 mihi

515 2169 585 2224 de
616 2170 889 2227 omnibus
921 2172 1098 2230 rebus
1126 2175 1196 2229 ad
1221 2174 1469 2230 salutem
1498 2175 1705 2230 animae
1731 2175 2160 2247 pertinentibus

514 2257 641 2313 sine
675 2256 795 2315 ulla
823 2259 1068 2334 caligine
1117 2264 1404 2319 rationem
1452 2265 1822 2336 perspicuam
1857 2263 2157 2319 dederitis.

585 2347 815 2404 CAPUT
834 2353 931 2405 IV.
957 2382 1024 2391 —
1044 2352 1097 2407 5.
1120 2352 1460 2422 Argumenta
1479 2352 1615 2426 ﬁdei
1635 2354 1950 2410 catholica.
1978 2355 2040 2408 In
2066 2370 2159 2409 ca-

514 2435 731 2493 tholica
753 2438 906 2494 enim
930 2439 1205 2510 Ecclesia,
1227 2446 1292 2496 ut
1308 2442 1571 2497 omittam
1590 2442 2046 2499 sincerissimam
2067 2458 2159 2497 sa-

513 2523 816 2598 pientiam,
839 2528 912 2584 ad
943 2530 1113 2600 cujus
1136 2531 1527 2603 cognitionem
1553 2531 1720 2603 pauci
1745 2529 2080 2603 spirituales
2103 2529 2161 2585 in

512 2613 621 2669 hac
641 2614 758 2671 vita
780 2617 1145 2687 perveniunt,
1173 2623 1238 2674 ut
1259 2636 1389 2675 eam
1409 2637 1477 2676 ex
1501 2620 1745 2675 minima
1766 2619 2002 2691 quidem
2031 2636 2160 2690 par-

516 2705 595 2772 te,
628 2704 764 2774 quia
792 2705 1060 2763 homines
1092 2712 1250 2777 sunt,
1285 2710 1382 2764 sed
1413 2714 1607 2765 tamen
1646 2709 1770 2764 sine
1803 2708 2164 2763 dubitatione

515 2799 890 2865 cognoscant:
907 2800 1173 2853 caeteram
1188 2798 1402 2870 quippe
1417 2800 1649 2854 turbam
1668 2816 1784 2853 non
1800 2796 2164 2869 intelligendi

514 2880 922 2952 vivacitas,sed
944 2886 1216 2941 credendi
1237 2886 1585 2959 simplicitas
1607 2888 1967 2943 tutissimam
1992 2886 2162 2941 facit:

518 2975 583 3026 ut
604 2986 741 3044 ergo
764 2971 916 3029 hanc
943 2975 1209 3031 omittam
1234 2976 1602 3047 sapientiam,
1628 2993 1801 3047 quem
1826 2976 1884 3030 in
1912 2974 2165 3031 Ecclesia

521 3074 650 3115 esse
669 3060 957 3119 catholica
977 3081 1091 3119 non
1115 3064 1351 3120 creditis
1376 3083 1388 3133 ;
1418 3065 1604 3121 multa
1635 3071 1775 3121 sunt
1804 3065 1918 3121 alia
1947 3080 2075 3136 quae
2104 3063 2164 3118 in

522 3147 652 3218 ejus
675 3149 899 3221 gremio
922 3152 1362 3223 mejustissime
1382 3157 1636 3209 teneant-
1661 3153 1841 3210 Tenet
1861 3152 2165 3209 consensio

524 3236 874 3308 populorum
887 3245 1061 3312 atque
1073 3241 1521 3313 gentium:tcnet
1533 3243 1850 3299 auctoritas
1864 3240 2165 3298 miraculis

527 3325 818 3397 inchoata,
843 3345 947 3401 spe
968 3329 1211 3399 nutrita,
1235 3330 1515 3388 charitate
1533 3336 1725 3401 aucta,
1739 3336 2047 3399 vetustate,
2067 3332 2164 3387 ﬁr-

527 3421 683 3473 mata
702 3420 719 3453 ¹
746 3436 760 3474 :
778 3422 936 3474 tenet
954 3420 1024 3475 ab
1040 3419 1169 3492 ipsa
1185 3420 1320 3477 sede
1339 3420 1492 3475 Petri
1519 3421 1789 3493 apostoli,
1812 3422 1902 3478 cui
1926 3438 2163 3494 pascen-

522 3506 626 3562 das
639 3523 773 3563 oves
787 3525 926 3564 suas
942 3512 1075 3580 post
1086 3510 1565 3566 resurrectionem
1577 3511 1855 3567 Dominus
1869 3528 2162 3568 commen-

519 3597 695 3665 davit,
729 3614 917 3669 usque
949 3598 1021 3654 ad
1054 3603 1399 3670 praesentem
1436 3600 1837 3672 episcopatum
1870 3601 2163 3657 successio

516 3687 922 3743 sacerdotum:
956 3692 1115 3744 tenet
1144 3693 1437 3760 postremo
1492 3689 1688 3762 ipsum
1719 3690 2026 3747 Catholicae
2058 3707 2162 3747 no-

515 3792 670 3844 men,
696 3778 851 3849 quod
877 3794 992 3833 non
1016 3778 1144 3835 sine
1168 3795 1344 3835 causa
1365 3779 1517 3835 inter
1532 3784 1653 3835 tam
1676 3780 1892 3835 multas
1912 3780 2161 3836 haereses

513 3866 597 3922 sic
621 3865 733 3922 ista
757 3865 1014 3923 Ecclesia
1037 3867 1162 3924 sola
1182 3868 1455 3935 obtinuit,
1488 3874 1553 3924 ut
1582 3886 1714 3925 cum
1749 3886 1954 3925 omnes
1986 3869 2161 3926 haere-

514 3953 612 4009 tici
644 3970 706 4009 se
737 3954 1053 4011 catholicos
1084 3957 1198 4011 dici
1228 3955 1427 4027 velint,
1462 3956 1745 4028 quaerenti
1775 3963 1969 4014 tamen
2002 3976 2161 4029 pere-

513 4041 682 4114 grino
715 4041 910 4113 alicui,
935 4043 1034 4098 ubi
1060 4045 1129 4099 ad
1156 4044 1509 4100 Catholicam
1536 4050 1933 4111 conveniatur,
1959 4047 2160 4103 nullus

514 4129 1020 4188 hareticorumvel
1039 4132 1340 4189 basilicam
1366 4151 1533 4189 suam
1558 4134 1643 4189 vel
1675 4136 1913 4190 domum
1949 4138 2161 4191 audeat

514 4222 842 4277 ostendere.
873 4226 991 4277 lsta
1020 4238 1154 4294 ergo
1186 4227 1271 4278 tot
1299 4228 1355 4278 et
1384 4228 1548 4279 tanta
1571 4225 1825 4279 nominis
1853 4225 2155 4282 christiani

512 4309 896 4366 charissima‘
925 4310 1159 4366 vincula
1190 4314 1344 4367 recte
1376 4311 1674 4367 hominem
1707 4318 1901 4367 tenent
1928 4315 2159 4368 creden-

510 4402 628 4454 tem
657 4398 717 4454 in
744 4399 1029 4456 catholica
1088 4398 1364 4468 Ecclesia,
1418 4399 1645 4457 etiamsi
1679 4407 1916 4473 propter
1946 4407 2156 4458 nostra

510 4486 904 4560 intelligentiae
963 4487 1298 4545 tarditatem
1355 4489 1443 4544 vel
1482 4489 1612 4545 vitae
1647 4489 1913 4545 meritum
1946 4489 2155 4546 veritas

509 4577 769 4633 nondum
800 4594 863 4634 se
894 4578 1262 4650 apertissime
1294 4578 1587 4634 ostendat.
1621 4580 1787 4650 Apud
1812 4596 1911 4634 vos
1934 4584 2152 4647 autem,

506 4665 607 4721 ubi
639 4665 785 4721 nihil
817 4666 1026 4722 horum
1057 4671 1147 4722 est
1175 4668 1328 4738 quod
1357 4683 1448 4722 me
1474 4665 1681 4722 invitet
1703 4683 1769 4722 ac
1791 4672 2002 4734 teneat,
2029 4668 2154 4724 sola

506 4759 783 4826 personat
810 4756 1072 4811 veritatis
1105 4755 1476 4827 pollicitatio:
1522 4771 1649 4826 qua:
1681 4756 1915 4826 quidem
1949 4757 1999 4812 si
2032 4763 2150 4813 tam

508 4842 821 4900 manifesta
877 4847 1260 4911 monstratur,
1322 4847 1385 4899 ut
1442 4844 1499 4898 in
1533 4843 1776 4899 dubium
1807 4846 2002 4901 venire
2036 4863 2148 4902 non

506 4932 713 5004 possit.
743 4934 1134 5004 praeponenda
1162 4936 1251 4989 est
1274 4933 1550 4988 omnibus
1572 4931 1689 4988 illis
1716 4935 1909 5001 rebus,
1935 4936 2148 5005 quibus

505 5024 566 5077 in
595 5020 889 5077 Catholica
940 5026 1178 5088 teneor;
1229 5021 1278 5076 si
1331 5026 1527 5077 autem
1576 5024 1985 5079 tantummodo
2018 5041 2146 5095 pro-

505 5111 781 5179 mittitur,
814 5115 871 5167 et
918 5127 1034 5165 non
1089 5110 1413 5180 exhibetur,
1460 5127 1630 5165 nemo
1666 5128 1757 5167 me
1790 5113 2044 5168 movebit
2074 5114 2146 5169 ab

503 5216 571 5257 ea
601 5200 713 5256 (ide
742 5217 868 5271 quae
912 5201 1179 5255 animum
1228 5215 1426 5253 meum
1476 5202 1564 5255 tot
1602 5203 1658 5254 et
1688 5201 1867 5256 tantis
1898 5202 2142 5259 nexibus

503 5288 835 5345 christiana:
868 5288 1135 5362 religioni
1156 5288 1178 5323 ³
1209 5287 1500 5359 astringit.

569 5379 799 5434 CAPUT
821 5379 886 5434 V.
914 5411 979 5420 —
999 5380 1052 5435 6.
1075 5378 1277 5435 Contra
1299 5380 1527 5433 titulum
1546 5380 1806 5449 Epistolas
1828 5382 2138 5440 Manichaei.

560 5600 573 5633 ¹
606 5597 662 5647 In
686 5600 989 5650 Corbeiensi
1015 5602 1214 5660 codice,
1247 5601 1413 5657 deest,
1453 5603 1602 5649 aucta
1629 5602 1891 5653 vetustate.

558 5662 579 5696 ²
609 5660 723 5711 Duo
754 5664 899 5723 Mss.,
927 5663 1234 5712 clarissima.

558 5723 580 5761 ³
608 5725 724 5779 Am.
756 5730 809 5776 et
840 5740 1027 5776 omnes
1055 5725 1196 5786 Mss.,
1226 5726 1511 5789 religionis.

1250 350 1563 410 CONTRA
1614 354 2060 413 EPIS'I‘OLAM
2107 351 2537 424 MANiCH/El,
2590 356 2653 413 S.
2702 352 3132 414 AUGUSTINI

3786 345 3889 404 l76

2251 485 2569 541 Videamus
2594 486 2772 557 igitur
2795 485 2926 557 quid
2959 501 3048 538 rne
3071 485 3273 538 doceat
3304 480 3675 549 Manichacus,
3713 484 3768 534 et
3793 495 3891 550 po-

2251 574 2548 630 tissimum
2568 574 2733 629 illum
2754 574 3193 630 consideremus
3220 571 3455 637 librum,
3483 586 3656 641 quem
3676 568 3891 623 Funda-

2253 662 2433 716 menti
2453 662 2768 734 Epistolam
2784 662 2996 728 dicitis,
3020 661 3117 716 ubi
3133 666 3320 715 totum
3336 676 3480 731 pene
3495 658 3648 730 quod
3667 656 3891 712 creditis

2254 752 2603 807 continetur.
2639 754 2773 823 Ipsa
2829 751 2982 806 enim
3032 750 3199 805 nobis
3244 748 3343 804 illo
3376 754 3636 819 tempore
3670 745 3892 801 miseris

2256 841 2489 911 quando
2520 840 2667 895 lecta
2713 845 2823 908 est,
2875 839 3191 895 illuminati
3234 838 3574 893 dicebamur
3603 854 3635 891 a
3669 835 3829 890 vobis
3852 836 3888 889 ί.

2256 930 2415 985 Csrte
2446 929 2529 984 sic
2558 929 2798 1002 incipit:
2832 928 3176 985 Manichacus
3224 928 3497 997 apostolus
3540 928 3665 983 Iesu
3692 924 3895 982 Christi

2251 1018 2597 1089 providentia
2625 1020 2721 1074 Dei
2747 1020 2953 1074 Patris.
2989 1023 3124 1075 Haec
3170 1020 3299 1073 sunt
3328 1017 3589 1072 salubria
3624 1015 3804 1082 verba,
3834 1014 3895 1069 de

2251 1109 2484 1178 perenni
2506 1124 2569 1162 ac
2590 1110 2710 1163 vivo
2728 1110 2897 1179 fonte.
2920 1108 2951 1163 J
2959 1124 3052 1163 am
3070 1124 3203 1163 cum
3225 1107 3375 1162 bona
3397 1106 3694 1178 patientia,
3710 1104 3758 1160 si
3778 1104 3892 1174 pla-

2258 1201 2365 1261 cet,
2401 1198 2683 1253 attendite
2709 1198 2848 1269 quid
2882 1213 3159 1268 quaeram.
3192 1194 3314 1251 Non
3361 1195 3531 1250 credo
3562 1194 3744 1250 istum
3770 1206 3892 1248 esse

2259 1286 2587 1358 apostolum
2621 1286 2857 1342 Christi.
2884 1287 3087 1350 Quaeso
3110 1302 3182 1341 ne
3206 1284 3623 1350 succenseatis,
3652 1288 3709 1338 et
3729 1281 3894 1337 male-

2259 1375 2445 1430 dicere
2477 1374 2791 1447 incipiatis.
2823 1374 3020 1430 Nostis
3052 1374 3207 1429 enim
3243 1391 3331 1429 me
3363 1372 3661 1439 statuisse,
3696 1370 3839 1426 nihil
3866 1386 3898 1425 a

2258 1464 2420 1519 vobis
2448 1463 2741 1535 prolatum
2767 1469 2985 1520 temere
3008 1465 3260 1519 credere.
3287 1465 3488 1529 Quaero
3511 1478 3646 1534 ergo
3669 1461 3799 1533 quis
3829 1460 3899 1514 sit

2258 1553 2367 1608 iste
2388 1554 2738 1609 Manichacus
2762 1554 2787 1608 ‘l
2812 1552 3257 1625 Respondebitis
3287 1569 3299 1606 :
3325 1550 3644 1623 Apostolus
3673 1548 3898 1606 Christi.

2259 1642 2384 1697 Non
2410 1643 2579 1697 credo
2601 1660 2612 1698 :
2644 1642 2783 1713 quid
2805 1644 2932 1714 jam
2952 1642 3110 1697 dicas
3134 1647 3234 1697 aut
3257 1640 3456 1708 facias,
3483 1657 3599 1696 non
3624 1637 3897 1704 habebis;

2262 1731 2640 1801 promittebas
2664 1731 2818 1786 enim
2843 1730 3150 1786 scientiam
3176 1730 3459 1796 veritatis,
3483 1734 3539 1785 et
3572 1745 3725 1783 nunc
3752 1726 3900 1799 quod

2264 1819 2456 1874 nescio
2488 1819 2645 1892 cogis
2676 1826 2739 1874 ut
2769 1821 3025 1875 credam.
3072 1818 3451 1892 Evangelium
3486 1818 3631 1874 mihi
3662 1819 3903 1872 fortasse

2265 1907 2520 1963 lecturus
2542 1925 2626 1974 es,
2649 1913 2705 1963 et
2726 1909 2861 1964 inde
2884 1908 3185 1964 Manichasi
3205 1925 3515 1980 personam
3537 1906 3792 1963 tentabis
3809 1922 3901 1961 as-

2265 2012 2473 2052 serere.
2490 1996 2543 2049 Si
2562 2013 2697 2069 ergo
2716 1998 3002 2053 invenires
3021 1998 3297 2069 aliquem,
3320 1997 3419 2068 qui
3436 1995 3744 2067 Evangelia
3761 2011 3901 2049 non-

2266 2084 2405 2139 dum
2454 2085 2656 2149 credit,
2690 2085 2829 2155 quid
2886 2086 3104 2141 faceres
3136 2086 3351 2140 dicenti
3381 2084 3509 2153 tibi,
3542 2084 3666 2139 Non
3697 2082 3906 2138 credo?

2267 2171 2382 2244 Ego
2416 2189 2542 2229 vero
2575 2174 2882 2246 Evangelia
2907 2192 3019 2230 non
3051 2175 3366 2241 crederem,
3398 2173 3512 2229 nisi
3545 2189 3637 2228 me
3668 2168 3973 2239 catholi-«l-~

2267 2278 2343 2316 cas
2376 2261 2642 2318 Ecclesiae
2693 2268 3077 2319 commoveret
3123 2263 3460 2319 auctoritas.
3523 2261 3744 2326 Quibus
3776 2275 3905 2331 ergo

2268 2350 2661 2423 obtemperavi
2694 2351 3049 2423 dicentibus,
3084 2352 3262 2408 Crede
3294 2350 3600 2423 Evangelia
3635 2369 3649 2420 ;
3696 2367 3801 2405 cur
3828 2349 3908 2404 eis

2270 2456 2383 2494 non
2407 2440 2799 2509 obtemperem
2823 2441 3149 2497 dicentibus
3173 2441 3338 2509 mihi,
3374 2440 3499 2495 Noli
3533 2440 3765 2495 credere
3796 2439 3910 2493 Ma-

2270 2527 2506 2583 nichaeis
2533 2529 2561 2584 ?
2582 2528 2737 2600 Elige
2760 2530 2899 2601 quid
2923 2529 3083 2585 velis.
3107 2530 3163 2585 Si
3193 2529 3430 2595 dixeris,
3455 2528 3633 2583 Crede
3657 2525 3909 2584 Catholi-

2271 2615 2355 2669 cis
2380 2631 2393 2681 ;
2418 2614 2529 2686 ipsi
2555 2632 2646 2670 me
2669 2621 2909 2672 monent
2930 2622 2993 2671 ut
3014 2616 3234 2672 nullam
3270 2617 3443 2672 fidem
3475 2616 3909 2671 accommodem

2270 2702 2467 2758 vobis:
2493 2710 2847 2776 quapropter
2865 2723 2977 2761 non
2999 2722 3239 2777 possum
3259 2704 3374 2760 illis
3393 2705 3653 2772 credens,
3676 2704 3790 2761 nisi
3808 2702 3914 2758 tibi

2272 2810 2387 2846 non
2410 2794 2661 2849 credere.
2688 2796 2738 2848 Si
2765 2794 2999 2860 dixeris,
3024 2794 3151 2850 Noli
3171 2793 3483 2850 Catholicis
3506 2794 3767 2860 credere;
3794 2809 3911 2847 non

2272 2886 2424 2937 recte
2446 2881 2619 2938 facies
2643 2900 2744 2953 per
2765 2883 3137 2955 Evangelium
3167 2899 3259 2938 me
3290 2900 3493 2955 cogere
3515 2883 3587 2937 ad
3614 2880 3915 2937 Manichaei

2273 2971 2467 3041 fidem,
2491 2972 2627 3042 quia
2649 2972 2763 3043 ipsi
2788 2973 3089 3044 Evangelia
3112 2972 3425 3028 Catholicis
3457 2972 3911 3044 praedicantibus

2274 3059 2515 3114 credidi.
2531 3060 2591 3115 Si
2616 3066 2809 3116 autem
2832 3062 3067 3128 dixeris,
3086 3062 3257 3117 Recto
3279 3061 3575 3117 credidisti
3599 3058 3916 3116 Catholicis

2272 3147 2652 3205 laudantibus
2682 3151 3062 3222 Evangelium
3089 3168 3102 3219 ;
3136 3152 3236 3207 sed
3268 3168 3384 3207 non
3417 3156 3568 3206 recte
3590 3149 3703 3205 illis
3727 3149 3915 3204 credi-

2273 3236 2409 3293 disti
2439 3237 2904 3310 vituperantibus
2960 3241 3382 3297 Manichaeum:
3426 3255 3613 3312 usque
3648 3240 3790 3295 adeo
3824 3255 3923 3295 me

2275 3324 2521 3382 stultum
2546 3331 2737 3398 putas,
2761 3333 2827 3382 ut
2848 3327 3009 3383 nulla
3035 3329 3261 3385 reddita
3285 3331 3506 3385 ratione
3525 3330 3677 3399 quod
3697 3328 3787 3383 vis
3805 3343 3932 3383 cre-

2274 3416 2432 3483 dam,
2456 3416 2607 3486 quod
2632 3434 2745 3471 non
2767 3416 2855 3471 vis
2879 3434 2993 3471 non
3018 3418 3250 3472 credam
3274 3416 3503 3473 ?Multo
3522 3417 3923 3488 enimjustius

2275 3510 2445 3575 atque
2475 3506 2704 3560 cautius
2732 3506 2902 3571 facio,
2962 3505 3009 3560 si
3053 3505 3367 3562 Catholicis
3421 3507 3701 3578 quoniam
3737 3506 3926 3563 semel

2274 3593 2513 3659 credidi,
2539 3594 2609 3648 ad
2633 3599 2687 3650 te
2709 3612 2824 3650 non
2845 3598 3103 3665 transeo,
3129 3596 3243 3651 nisi
3268 3612 3361 3651 me
3382 3612 3497 3650 non
3529 3596 3763 3651 credere
3788 3596 3925 3666 jus-

2274 3684 2439 3753 seris,
2461 3683 2560 3738 sed
2582 3684 3062 3739 manifestissime
3075 3701 3141 3739 ac
3153 3684 3520 3756 apertissime
3535 3684 3683 3739 scire
3696 3682 3925 3757 aliquid

2272 3771 2496 3827 feceris.
2520 3771 2797 3838 Quocirca
2819 3774 2867 3829 si
2895 3773 3036 3827 mihi
3062 3774 3346 3830 rationem
3370 3774 3705 3829 redditurus
3725 3790 3810 3840 es,
3836 3774 3931 3829 di-

2273 3862 2439 3916 mitte
2470 3861 2868 3933 Evangelium.
2904 3862 2963 3917 Si
2996 3862 3067 3917 ad
3101 3862 3479 3934 Evangelium
3514 3868 3570 3918 te
3602 3868 3786 3931 tenes,
3822 3880 3932 3935 ego

2273 3967 2362 4006 me
2385 3951 2455 4005 ad
2477 3968 2574 4006 eos
2598 3958 2847 4018 teneam,
2872 3950 3088 4023 quibus
3113 3951 3584 4023 praecipientibus
3607 3951 3933 4023 Evangelia

2270 4039 2528 4106 credidi;
2561 4045 2617 4095 et
2647 4040 3097 4111 hisjubentibus
3122 4040 3226 4097 tibi
3254 4040 3491 4097 omnino
3516 4057 3630 4095 non
3655 4041 3922 4097 credam.

2270 4129 2428 4191 Quod
2464 4128 2511 4183 si
2540 4129 2683 4185 forte
2708 4130 2763 4183 in
2787 4129 3097 4201 Evangelia
3126 4129 3347 4202 aliquid
3375 4130 3817 4202 apertissimum
3856 4131 3933 4185 de

2270 4217 2572 4272 Manichaei
2618 4218 2946 4289 apostalatu
2987 4218 3246 4276 invenire
3277 4220 3557 4291 potueris,
3588 4219 3929 4276 iniirmabis

2270 4306 2412 4360 mihi
2433 4306 2863 4362 Catholicorum
2888 4309 3319 4379 auctoritatem,
3354 4310 3453 4379 qui
3479 4309 3691 4380 jubent
3719 4314 3786 4364 ut
3813 4308 3931 4365 tibi

2268 4412 2382 4451 non
2402 4396 2633 4451 credam
2660 4413 2672 4452 :
2699 4413 2816 4467 qua
2837 4396 3296 4467 inﬁrmata,jam
3322 4414 3425 4453 nec
3456 4396 3767 4469 Evangelia
3794 4414 3928 4453 cre—

2266 4484 2401 4538 dere
2432 4489 2650 4556 potero,
2684 4484 2824 4557 quia
2853 4501 2954 4556 per
2982 4502 3081 4541 eos
3110 4484 3193 4541 illi
3224 4486 3581 4541 credideram
3609 4503 3622 4554 ;
3658 4487 3738 4540 ita
3769 4484 3936 4541 nihil

2265 4573 2419 4646 apud
2449 4589 2539 4628 me
2564 4573 2793 4641 valebit,
2817 4574 3102 4646 quidquid
3136 4574 3268 4630 inde
3292 4575 3624 4648 protuleris.
3658 4574 3935 4645 Quapro-

2265 4668 2391 4733 pter
2421 4664 2469 4719 si
2502 4662 2645 4717 nihil
2684 4664 3061 4719 manifestum
3086 4664 3157 4719 de
3179 4664 3482 4719 Manichaei
3507 4662 3841 4736 apostolatu
3868 4661 3935 4717 in

2264 4751 2570 4823 Evangelia
2595 4752 2901 4824 reperitur,
2930 4751 3240 4808 Catholicis
3264 4753 3459 4824 potius
3485 4753 3717 4809 credam
3741 4768 3936 4823 quam

2261 4840 2454 4897 tibi.Si
2468 4846 2663 4896 autem
2683 4841 2901 4912 aliquid
2920 4841 3055 4896 inde
3074 4842 3452 4898 manifestum
3469 4858 3571 4914 pro
3593 4840 3936 4896 Manichan

2262 4928 2491 5001 legeris,
2526 4946 2631 4985 nec
2687 4929 2824 4985 illis.
2886 4947 2990 4987 nec
3048 4932 3194 4987 tibi:
3237 4931 3374 4997 illis,
3407 4932 3547 5002 quia
3578 4931 3650 4986 de
3678 4934 3737 4985 te
3768 4929 3939 4985 mihi

2262 5019 2489 5073 mentiti
2524 5022 2661 5073 sunt
2686 5035 2699 5088 ;
2725 5018 2830 5073 tibi
2855 5024 3072 5092 autem,
3093 5021 3234 5092 quia
3248 5037 3373 5075 eam
3393 5020 3747 5091 scripturam
3765 5016 3941 5072 mihi

2260 5108 2504 5179 profers,
2537 5108 2630 5162 cui
2662 5125 2765 5179 per
2790 5108 2923 5165 illos
2954 5110 3340 5177 credideram,
3374 5109 3476 5181 qui
3511 5108 3657 5163 mihi
3682 5106 3940 5163 mentiti

2324 5420 2492 5470 ‘Editi
2516 5421 2629 5469 Am.
2659 5424 2713 5469 et
2730 5420 2834 5480 Er.,
2862 5421 3099 5471 inclinati
3121 5420 3429 5481 dicebamus,
3456 5422 3634 5470 Amen.
3659 5421 3814 5479 Lov.,
3844 5420 3943 5471 in-

2256 5482 2435 5531 clinati
2462 5482 2774 5530 ducebantur
2800 5499 2830 5531 a
2854 5484 3008 5533 vobis.
3033 5485 3147 5533 Duo
3170 5485 3312 5541 Msa,
3336 5484 3595 5534 inclinatis
3615 5481 3944 5531 discebalur

2255 5561 2285 5593 a
2314 5545 2476 5593 nobis.
2506 5545 2743 5593 'l‘audem
2774 5547 3167 5596 vetustissimus
3194 5547 3528 5597 Corbeiensis
3551 5546 3717 5595 codex
3745 5559 3758 5593 :
3782 5546 3939 5593 [llu-

2254 5608 2443 5671 minati
2460 5606 2756 5671 dicebamur
2777 5622 2807 5656 a
2828 5609 2983 5657 vobis.
3010 5610 3171 5659 Favet
3191 5610 3317 5659 huic
3337 5610 3553 5661 lectioni
3576 5607 3720 5671 quod
3748 5608 3805 5655 in
3815 5608 3937 5671 (re,

2254 5670 2311 5717 in
2330 5670 2578 5737 capite_25
2598 5667 2792 5737 legitur
2812 5671 2876 5737 de
2898 5672 3083 5737 eadem
3107 5673 3374 5737 cpistola:
3406 5686 3519 5737 quae
3536 5667 3933 5737 fereomnibus

2254 5684 2311 5717 in
2330 5684 2499 5731 capue
2521 5684 2578 5719 κδ
2598 5684 2792 5781 legitur
2812 5684 2876 5720 ae
2898 5684 3083 5722 eadem
3107 5684 3340 5735 nplBtOIa
3363 5688 3374 5723 :
3406 5686 3519 5737 quae
3536 5684 3648 5735 fere
3667 5684 3855 5719 omnia

2253 5732 2341 5795 qui
2369 5730 2511 5795 apud
2541 5744 2627 5781 vos
2684 5732 2947 5786 lluminati
2974 5734 3233 5801 dicuntur,
3274 5735 3402 5795 solet
3426 5749 3533 5787 esse
3556 5733 3855 5786 notissima.
