4052 6178
228 398 344 457 177
1686 395 1844 457 LIBE

1964 396 2069 459 UN
2076 398 2201 459 US.
3528 400 3646 463 178

221 532 383 583 sunt.
420 528 530 583 Sed
565 526 721 583 absit
753 530 818 583 ut
846 542 951 600 ego
998 526 1308 600 Evangelio
1340 544 1455 583 non
1500 528 1754 583 credam.
1790 526 1876 582 Illi
1990 528 2169 585 Filius
2201 528 2972 600 etSpiritussanctus,vobis
2999 528 3174 585 etiam
3198 529 3638 605 confitentibus,

218 618 375 673 enim
408 618 678 684 credens,
712 634 830 673 non
863 618 1091 672 invenio
1124 618 1418 689 quomodo
1452 617 1673 689 possim
1704 616 1876 671 etiam
1990 634 2104 672 non
2138 618 2357 690 dispari
2392 622 2599 673 natura
2629 618 2993 690 copulentur,
3027 635 3131 673 cur
3175 618 3469 676 hominem
3503 640 3636 679 sus-

215 706 319 760 tibi
356 706 1035 777 credere.Apostolorum
1064 706 1220 761 enim
1254 706 1658 777 nomina,qute
1686 705 1765 760 ibi
1798 705 1884 760 le-
1987 710 2223 777 ceptum
2255 726 2288 761 a
2319 707 2535 779 Spiritu
2570 714 2771 763 sancto
2825 708 3227 774 Manichaeum,
3260 726 3375 764 non
3411 713 3634 779 putatis

212 799 439 868 guntur
469 795 687 867 (Matth.
717 812 772 865 χ,
814 796 953 863 2-4ς
988 797 1152 851 Marc.
1186 814 1269 865 III,
1320 797 1507 865 13-19,
1540 799 1593 848 et
1646 796 1773 849 Luc.
1805 811 1879 860 vx,
1984 798 2382 867 turpe,natum
2414 813 2481 850 ex
2512 801 2757 866 utroque
2784 812 2920 851 sexu
2952 797 3296 867 praedicare;
3333 798 3628 857 hominem

216 884 426 953 13-16),
464 901 584 939 non
612 884 765 938 inter
795 901 855 939 se
886 884 1186 939 continent
1217 901 1427 939 nomen
1461 883 1782 939 Manichzei.
1816 885 1878 938 In
1985 890 2178 940 autem
2212 889 2548 956 susceptum
2584 884 2655 939 ab
2690 884 2989 955 unigenita
3018 885 3315 956 Sapientia
3364 886 3488 953 Dei,
3522 906 3625 945 na-

210 973 408 1028 locum
444 979 648 1028 autem
681 974 981 1030 traditoris
1013 974 1223 1028 Christi
1260 974 1391 1045 quis
1422 974 1784 1041 successerit,
1820 973 1875 1028 in
1984 979 2110 1029 tum
2146 975 2215 1029 de
2246 974 2469 1045 virgine
2498 974 2732 1027 credere
2762 973 3089 1028 formidatis
3110 973 3136 1027 ?
3168 974 3221 1028 Si
3254 990 3387 1030 caro
3418 976 3626 1034 huma-

210 1061 629 1132 Apostolorum
662 1063 901 1118 Actibus
930 1062 1181 1135 legimus
1214 1064 1348 1134 (Aet.
1383 1063 1569 1133 1,26):
1607 1062 1697 1116 cui
1730 1061 1876 1117 libro
1982 1081 2076 1133 na,
2109 1064 2155 1119 si
2190 1064 2534 1118 concubitus
2565 1063 2693 1131 viri,
2728 1062 2775 1117 si
2812 1066 3014 1117 uterus
3060 1062 3322 1117 mulieris
3374 1082 3485 1122 non
3522 1085 3623 1139 po-

206 1167 453 1206 necesse
507 1156 597 1206 est
633 1168 724 1206 me
774 1152 1025 1221 credere,
1059 1151 1104 1207 si
1139 1152 1307 1206 credo
1359 1150 1687 1222 Evangelio,
1731 1167 1874 1220 quo-
1978 1153 2095 1207 tuit
2147 1151 2453 1222 inquinare
2504 1150 2788 1222 Spiritum
2838 1154 3144 1217 sanctum;
3190 1154 3480 1223 quomodo
3530 1172 3627 1228 po-

205 1240 374 1295 niam
399 1245 719 1312 utramque
742 1240 1103 1311 Scripturam
1129 1240 1559 1295 similitermihi
1592 1238 1875 1294 catholica
1978 1240 2092 1296 tuit
2161 1245 2361 1295 uterus
2413 1240 2651 1311 virginis
2700 1240 3009 1311 inquinare
3061 1240 3160 1295 Dei
3212 1242 3566 1313 Sapientiam
3596 1245 3625 1300 ?

200 1330 591 1385 commendat
621 1330 1029 1385 auctoritas.In
1064 1330 1265 1383 eodem
1300 1329 1476 1384 etiam
1502 1327 1650 1383 libro
1676 1328 1745 1382 de
1776 1344 1871 1383 vo-
1977 1330 2333 1386 Manichzeus
2365 1346 2499 1400 ergo
2529 1330 2637 1383 iste
2668 1330 2766 1400 qui
2800 1330 2871 1384 de
2902 1333 3103 1385 sancto
3131 1329 3352 1401 Spiritu
3376 1335 3427 1387 et
3460 1349 3628 1389 evan-

198 1419 435 1474 catione
471 1422 650 1491 atque
698 1417 1031 1490 apostolatu
1071 1417 1232 1472 Pauli
1288 1416 1757 1489 vulgatissimam
1786 1420 1868 1471 te-
1975 1418 2159 1492 gelica
2186 1417 2428 1473 lectione
2476 1417 2779 1489 gloriatur,
2814 1433 3051 1473 necesse
3097 1424 3185 1473 est
3215 1420 3379 1474 vobis
3417 1436 3625 1476 conce-

197 1524 413 1563 nemus
445 1507 761 1563 historiam
796 1508 1155 1580 (Id.1x).Lege
1189 1506 1332 1561 mihi
1357 1506 1561 1576 jam,si
1598 1511 1781 1577 potes,
1808 1505 1866 1560 in
1972 1509 2070 1562 dat
2103 1510 2143 1577 ί,
2194 1510 2295 1561 aut
2324 1506 2573 1561 missum
2624 1523 2685 1561 se
2733 1522 2860 1561 esse
2903 1523 2937 1561 a
2975 1505 3194 1578 Spiritu
3247 1512 3466 1578 sancto,
3519 1515 3622 1565 aut

196 1596 541 1669 Evangelio,
561 1597 661 1652 ubi
695 1596 1047 1652 Manichacus
1078 1595 1377 1667 apostolus
1407 1596 1600 1650 dictus
1629 1604 1713 1650 est
1738 1613 1751 1662 ;
1778 1593 1864 1649 vel
1972 1600 2331 1666 susceptum.
2366 1595 2423 1649 Si
2475 1596 2694 1649 missus
2725 1599 2832 1661 est,
2880 1594 3161 1650 Paracleti
3190 1612 3250 1650 se
3289 1596 3616 1667 apostolum

196 1686 251 1740 in
283 1686 496 1758 aliquo
528 1686 642 1741 alio
675 1685 941 1753 libro,cui
968 1687 1195 1756 mejam
1221 1684 1538 1739 credidisse
1561 1684 1858 1741 confiteor.
1968 1686 2163 1749 dicat;
2199 1683 2247 1740 si
2292 1689 2621 1756 susceptus,
2676 1684 2954 1739 concedat
3006 1682 3055 1738 ei
3109 1684 3408 1739 hominem
3442 1686 3464 1721 ³
3490 1702 3614 1741 ma-

196 1780 282 1829 An
317 1775 472 1830 illud
504 1776 764 1831 lecturus
793 1792 877 1842 es,
911 1774 1009 1829 ubi
1049 1773 1330 1846 Spiritum
1382 1778 1651 1828 sanctum
1688 1790 1860 1844 para-
1966 1778 2114 1830 trem
2148 1792 2320 1845 quem
2352 1773 2611 1845 suscepit
2642 1773 2981 1845 unigenitus
3020 1770 3221 1841 Filius,
3255 1773 3303 1827 si
3333 1773 3384 1828 ei
3436 1791 3610 1846 quem

197 1864 415 1920 cletum
451 1864 741 1920 Dominus
770 1864 1041 1936 promisit
1089 1862 1383 1935 Apostolis
1404 1862 1431 1916 ?
1480 1862 1559 1917 De
1591 1878 1705 1933 quo
1737 1861 1860 1917 loco
1965 1864 2223 1937 suscepit
2254 1864 2506 1935 Spiritus
2534 1866 2770 1917 sanctus
2791 1861 3054 1917 concedit
3074 1866 3131 1916 et
3151 1863 3613 1934 patrem.Credat

195 1955 325 2011 vide
362 1958 511 2026 quot
541 1958 599 2008 et
646 1958 866 2025 quanta
897 1953 1035 2022 sint,
1068 1969 1191 2024 quae
1226 1969 1318 2007 me
1372 1956 1641 2007 revocent
1671 1956 1727 2006 et
1758 1952 1858 2007 de-

196 2047 460 2099 terreant
492 2060 565 2098 ne
594 2042 910 2099 Manicbzeo
943 2042 1194 2097 credam.

261 2132 501 2188 CAPUT
536 2131 631 2186 VI.
664 2162 735 2173 —-
762 2133 818 2185 7.
865 2130 973 2185 Cur
1018 2130 1321 2202 apostolum
1369 2130 1574 2185 Christi
1618 2146 1673 2184 se
1718 2131 1854 2185 scri-

190 2222 384 2294 pserit.
418 2223 628 2287 Qumro
658 2222 838 2287 enim,
865 2237 968 2275 cur
997 2219 1254 2290 epistolae
1286 2219 1469 2289 hujus
1502 2218 1854 2290 principium

191 2313 288 2377 sit,
324 2311 666 2368 Manichacus
715 2311 995 2382 apostolus
1042 2312 1167 2365 Jesu
1219 2301 1474 2370 'Christz;
1506 2313 1563 2363 et
1610 2325 1724 2363 non
1757 2310 1851 2378 sit,

190 2400 534 2456 Paracletus
560 2400 863 2471 apostolus
884 2399 1023 2454 Jcsu
1055 2398 1289 2453 Christi.
1316 2398 1369 2451 Si
1403 2402 1597 2453 autem
1634 2398 1853 2452 missus

186 2506 218 2545 a
247 2489 488 2544 Christo
520 2487 857 2543 Paracletus
905 2486 1285 2542 Manichaeum
1337 2486 1516 2552 misit,
1552 2503 1656 2541 cur
1701 2484 1849 2558 lego,

181 2577 526 2635 lanio/atus
580 2578 859 2648 apostolus
902 2577 1027 2633 Jesu
1076 2577 1323 2637 Christi;
1365 2580 1421 2630 et
1470 2592 1582 2630 non
1634 2574 1849 2646 potius,

181 2666 549 2722 Manichaeus
605 2666 907 2737 apostolus
956 2665 1230 2721 Paracleti
1270 2665 1298 2719 ?
1349 2664 1406 2720 Si
1458 2664 1605 2719 dicis
1654 2665 1846 2734 ipsum

181 2773 309 2812 esse
345 2756 672 2825 Christum,
707 2756 806 2826 qui
840 2759 927 2810 est
957 2755 1132 2810 etiam
1164 2755 1419 2826 Spiritus
1450 2758 1849 2821 sanctus,con-

178 2845 421 2901 tradicis
454 2846 572 2917 ipsi
604 2845 936 2915 Scriptura,
970 2844 1069 2899 ubi
1104 2844 1383 2899 Dominus
1434 2842 1534 2906 ait,
1568 2843 1631 2895 Et
1670 2842 1849 2895 alium

179 2936 538 2991 Paracletum
566 2936 795 2989 mittam
824 2934 973 2989 vobis
1004 2934 1194 3005 (Joan.
1250 2950 1364 3002 xiv,
1400 2933 1507 3003 16).
1544 2931 1602 2986 Si
1650 2948 1843 2986 autem

180 3022 395 3078 Christi
432 3039 651 3078 nomen
681 3023 809 3077 ideo
842 3027 993 3077 recte
1034 3022 1286 3094 positum
1321 3026 1512 3094 putas,
1545 3036 1656 3075 non
1710 3020 1847 3091 quia

184 3112 302 3184 ipse
335 3116 430 3167 est
466 3112 756 3179 Christus,
792 3110 893 3185 qui
925 3116 980 3165 et
1012 3110 1363 3174 Paracletus,
1396 3110 1495 3164 sed
1529 3108 1666 3180 quia
1695 3108 1849 3179 ejus-

184 3202 308 3257 dem
342 3206 493 3257 sunt
525 3200 701 3255 ambo
724 3199 1063 3255 substantia:
1090 3217 1103 3266 ;
1139 3198 1195 3253 id
1229 3204 1338 3263 est,
1371 3214 1485 3253 non
1519 3198 1659 3269 quia
1692 3215 1846 3254 unus

183 3296 285 3359 est,
300 3291 406 3346 sed
446 3289 593 3361 quia
624 3305 807 3343 unum
842 3292 1007 3343 sunt:
1043 3291 1267 3359 poterat
1298 3291 1353 3341 et
1384 3287 1599 3341 Paulus
1632 3286 1843 3357 dicere,

184 3379 402 3435 Paulus
437 3376 750 3450 apostolus
780 3376 881 3431 Dei
926 3375 1133 3443 Patris;
1178 3374 1317 3446 quia
1346 3374 1491 3429 dixit
1537 3374 1841 3442 Dominus,

183 3471 293 3539 Ego
320 3472 375 3524 et
408 3470 591 3523 Pater
618 3484 793 3521 unum
821 3482 1012 3520 sumus
1044 3464 1141 3535 (Id.
1176 3482 1232 3535 x,
1265 3465 1373 3535 30).
1402 3465 1704 3535 Nusquam
1738 3464 1845 3518 hoc

182 3558 362 3612 dicit:
421 3556 527 3612 sed
576 3572 683 3610 nec
730 3554 1044 3627 quisquam
1095 3553 1503 3625 Apostolorum
1548 3553 1735 3608 Patris
1783 3570 1845 3608 se

180 3645 520 3718 apostolum
555 3644 935 3709 scribit.Quid
971 3642 1081 3698 sibi
1111 3659 1246 3714 ergo
1276 3643 1399 3697 vult
1428 3642 1540 3697 ista
1571 3642 1797 3697 novitas
1817 3642 1845 3696 ?

176 3737 378 3790 Nonne
413 3734 585 3789 vobis
641 3733 874 3787 videtur
905 3732 1098 3787 nescio
1150 3749 1326 3804 quam
1372 3730 1628 3786 redolere
1677 3730 1840 3785 falla-

176 3824 319 3880 ciam
344 3824 373 3878 ?
404 3823 580 3879 Certe
611 3822 660 3877 si
713 3820 859 3877 nihil
892 3822 1174 3877 interesse
1222 3820 1540 3875 arbitratus
1589 3824 1698 3885 est,
1742 3837 1846 3875 cur

176 3930 286 3968 non
311 3911 480 3967 varie
507 3912 570 3965 in
600 3909 730 3965 aliis
761 3909 1025 3982 epistolis
1047 3910 1376 3981 apostolum
1401 3909 1614 3964 Christi
1648 3926 1709 3964 se
1741 3926 1842 3964 no-

178 4003 359 4056 minat
388 4018 404 4067 ;
442 4000 501 4054 in
538 3998 693 4063 aliis,
725 3997 1003 4053 Paracleti
1027 3998 1054 4051 ‘t
1085 3998 1195 4053 Sed
1230 3998 1441 4053 Christi
1477 4015 1709 4069 semper
1738 4015 1841 4053 au-

175 4089 308 4157 divi,
362 4088 864 4161 quotiescumque
895 4088 1086 4143 audivi
1120 4106 1136 4141 :
1169 4086 1447 4143 Paracleti
1500 4092 1695 4142 autem
1737 4102 1841 4141 nec

177 4178 375 4235 semel.
416 4177 569 4241 Quid
613 4176 723 4232 hoc
752 4194 879 4232 esse
909 4194 1099 4232 causa;
1148 4177 1525 4241 arbitramur,
1561 4175 1673 4231 nisi
1705 4176 1841 4247 quia

178 4267 274 4322 illa
302 4266 612 4340 superbia.
650 4271 836 4321 mater
865 4266 1129 4321 omnium
1163 4264 1842 4337 haereticorumﬁmpulit

174 4356 508 4423 hominem,
544 4361 609 4410 ut
639 4372 753 4410 non
786 4356 1035 4411 missum
1070 4372 1131 4410 se
1162 4373 1195 4410 a
1224 4354 1515 4411 Paracleto
1558 4354 1727 4409 vellet
1757 4355 1839 4409 vi-

178 4446 298 4501 deri
335 4465 348 4501 :
387 4446 493 4501 sed
530 4445 611 4499 ita
644 4450 1004 4517 susceptum,
1039 4449 1103 4499 ut
1131 4444 1255 4516 ipse
1306 4443 1637 4499 Paracletus
1687 4444 1840 4498 dice-

175 4536 385 4591 retur?
421 4534 592 4591 Sicut
618 4534 792 4589 Jesus
826 4533 1091 4589 Christus
1120 4534 1439 4599 homo,non
1473 4550 1505 4587 a
1538 4532 1637 4587 Dei
1672 4531 1838 4603 Filio,

174 4624 229 4680 id
280 4630 372 4680 est
420 4623 654 4678 Virtute
701 4628 757 4678 et
804 4622 1097 4694 Sapientia
1141 4622 1262 4687 Dei,
1320 4639 1422 4694 per
1470 4638 1646 4692 quam
1689 4620 1840 4676 facta

176 4718 315 4769 sunt
346 4712 575 4777 omnia,
610 4712 830 4767 missus
860 4717 985 4779 est;
1020 4712 1119 4767 sed
1162 4712 1245 4766 ita
1273 4715 1583 4782 susceptus
1632 4727 1837 4765 secun-

178 4802 318 4857 dum
355 4800 710 4856 catholicam
743 4801 939 4870 ﬁdem,
974 4806 1036 4855 ut
1064 4801 1189 4873 ipse
1219 4807 1371 4856 esset
1414 4800 1514 4854 Dei
1551 4798 1749 4869 Filius,
1782 4799 1836 4853 id

178 4895 284 4959 est,
314 4890 377 4945 in
430 4889 532 4945 illo
563 4890 689 4961 ipso
723 4889 823 4944 Dei
855 4889 1151 4962 Sapientia
1201 4890 1481 4944 sanandis
1525 4887 1838 4959 peccatori-

178 4978 325 5035 bus‘
361 4983 675 5051 appareret
706 4997 720 5035 :
754 4979 837 5034 sic
868 4996 930 5033 se
962 4978 1057 5033 ille
1086 4977 1270 5035 voluit
1300 4995 1333 5033 a
1361 4978 1577 5049 Spiritu
1613 4980 1835 5041 sancto,

182 5084 354 5140 quem
389 5067 661 5123 Christus
693 5067 982 5139 promisit,
1014 5067 1195 5122 videri
1227 5083 1354 5122 esse
1385 5071 1745 5137 susceptum,
1778 5070 1841 5120 ut

174 5158 300 5227 jam
335 5173 476 5211 cum
513 5157 789 5211 audimus
820 5156 1202 5211 Manichaeum
1238 5156 1515 5227 Spiritum
1546 5160 1837 5223 sanctum,

184 5244 592 5317 intelligamus
623 5244 950 5317 apostolum
1002 5245 1143 5300 Jesu
1174 5244 1410 5311 Christi,
1444 5244 1501 5298 id
1545 5250 1651 5306 est,
1700 5244 1840 5299 mis-

185 5351 310 5390 sum
344 5352 378 5390 ι
430 5334 571 5390 Jesu
619 5333 867 5400 Christo,
900 5334 998 5403 qui
1053 5350 1187 5388 eum
1230 5350 1291 5388 se
1344 5333 1665 5387 missurum
1716 5348 1843 5388 esse

189 5422 477 5494 promisit.
513 5421 843 5494 Singularis
884 5421 1129 5477 audacia
1157 5421 1289 5489 ista,
1340 5426 1396 5476 et
1428 5419 1718 5476 ineffabile
1751 5438 1841 5475 sa-

190 5512 497 5585 crilegium
522 5512 535 5566 l

257 5602 491 5659 CAPUT
530 5601 725 5657 VII.-——
752 5600 1159 5658 8.Manich33us
1190 5600 1442 5672 Spiritus
1470 5606 1690 5655 sanctus
1721 5616 1844 5671 quo-

193 5692 351 5747 modo
381 5690 621 5746 creditus
650 5709 685 5745 a
712 5689 964 5745 suis.Sed
998 5694 1191 5745 tamen
1216 5705 1573 5761 quaero,cum
1607 5693 1777 5745 Pater
1792 5694 1847 5745 et

254 5846 270 5881 ί
297 5842 389 5895 Er.
422 5846 476 5895 et
502 5843 653 5907 Lov.,
681 5840 989 5907 pectoribus.
1026 5842 1369 5909 Castigantur
1396 5856 1461 5897 ex
1490 5842 1608 5897 Am.
1642 5845 1694 5895 et
1724 5843 1847 5895 llas.

1962 1953 2293 2026 virginitate
2316 1953 2507 2008 Mariae
2524 1951 2779 2006 Verbum
2814 1951 2909 2005 Dei
2941 1967 3054 2006 non
3087 1967 3214 2007 esse
3244 1950 3609 2023 pollutum,si

1962 2043 2274 2099 concubitu
2311 2045 2616 2114 parentum
2643 2056 2884 2096 suorum
2903 2039 3183 2112 Spiritum
3203 2046 3471 2096 sanctum
3494 2060 3607 2099 non

1962 2131 2224 2205 potuisse
2256 2130 2435 2204 pollui
2464 2134 2528 2185 ut
2556 2130 2865 2185 credamus
2896 2128 3352 2196 hortatur.Quod
3377 2130 3423 2185 si
3458 2132 3611 2187 dixe-

1962 2221 2232 2289 ritis,non
2264 2221 2321 2275 in
2356 2224 2519 2275 utero
2548 2218 2637 2275 vel
2669 2222 2805 2274 ante
2835 2222 3087 2286 uterum,
3122 2219 3221 2274 sed
3248 2220 3373 2289 jam
3406 2224 3609 2276 natum

1960 2310 2339 2366 Manicheum
2373 2327 2405 2363 α
2437 2308 2657 2380 Spiritu
2689 2312 2891 2364 sancto
2922 2324 3050 2363 esse
3081 2310 3610 2381 susceptum,sufii-

1958 2401 2038 2455 cit
2066 2404 2132 2456 ut
2161 2400 2460 2455 fateamini
2491 2399 2769 2454 habuisse
2799 2415 3033 2454 carnem
3060 2398 3131 2453 de
3151 2397 3271 2455 viro
3302 2403 3360 2454 et
3389 2399 3606 2456 femina

1957 2494 2339 2561 procreatam.
2368 2491 2508 2543 Cum
2540 2486 2695 2543 enim
2729 2504 2830 2542 vos
2871 2504 2983 2542 non
3016 2486 3271 2544 timeatis
3298 2487 3521 2544 viscera
3550 2492 3608 2544 et

1957 2579 2304 2651 sanguinem
2330 2576 2633 2633 Manichaei
2664 2576 2734 2631 de
2756 2576 3015 2631 humano
3040 2577 3354 2632 concubitu
3376 2578 3607 2633 venien-

1952 2672 2155 2738 tem,et
2187 2668 2464 2722 intestina
2496 2668 2632 2721 fimo
2664 2666 2989 2737 plena,quae
3020 2665 3119 2720 illa
3150 2682 3282 2722 caro
3315 2666 3599 2738 gestabat,

1954 2762 2011 2812 et
2032 2757 2123 2812 his
2150 2756 2423 2811 omnibus
2447 2773 2561 2811 non
2590 2754 2837 2810 credatis
2851 2754 3310 2809 contaminatum
3333 2772 3461 2811 esse
3477 2756 3601 2827 Spi-

1954 2846 2130 2901 ritum
2163 2851 2455 2913 sanctum,
2489 2863 2522 2899 ει
2551 2860 2665 2915 quo
2696 2843 2862 2898 illum
2913 2843 3203 2899 hominem
3254 2849 3594 2916 susceptum

1954 2950 2081 2990 esse
2108 2933 2372 2989 creditis:
2406 2950 2509 2988 cur
2538 2950 2642 3004 ego
2693 2937 2922 2988 uterum
2951 2931 3293 3004 virginalem
3323 2938 3382 2989 et
3411 2934 3595 2989 intac-

1952 3028 2011 3080 ta
2035 3023 2315 3095 genitalia
2346 3022 2739 3089 reiormidem,
2771 3025 2829 3075 et
2858 3038 2974 3076 non
3010 3022 3202 3093 potius
3234 3022 3468 3077 credam
3500 3022 3599 3078 Sa-

1952 3112 2229 3184 pientiam
2277 3112 2376 3167 Dei
2408 3111 2468 3165 in
2518 3111 2662 3182 ipsis
2694 3110 2972 3166 maternis
3004 3110 3323 3166 visceribus
3362 3110 3600 3168 homine

1952 3207 2221 3271 suscepto
2236 3200 2671 3257 immaculatam
2689 3200 3095 3271 sinceramque
3110 3200 3427 3256 mansisse?
3447 3201 3597 3265 Qua-

1952 3296 2189 3362 propter
2237 3290 2512 3363 quoniam
2564 3290 2679 3345 sive
2731 3288 3001 3358 missum,
3035 3289 3154 3343 sive
3200 3294 3538 3362 susceptum
3566 3306 3602 3345 a

1952 3380 2245 3435 Paracleto
2269 3396 2329 3435 se
2349 3379 2702 3435 Manichacus
2730 3382 2919 3434 vester
2947 3378 3367 3449 afﬁrmet,nihil
3390 3378 3601 3436 horum

1952 3469 2163 3541 poterit
2211 3468 2474 3524 obtinere
2508 3485 2520 3523 :
2557 3484 2662 3539 ego
2687 3468 2813 3538 jam
2862 3466 3088 3522 cautior
3117 3484 3304 3539 neque
3348 3467 3601 3524 missum

1951 3576 2084 3616 eum
2118 3559 2310 3624 credo,
2345 3573 2531 3629 neque
2562 3560 2922 3628 susceptum.

2019 3646 2253 3702 CAPUT
2304 3646 2447 3701 VIII.
2507 3677 2573 3685 —
2629 3646 2681 3699 9.
2742 3646 2961 3700 Festum
3016 3643 3237 3699 natalis
3292 3644 3596 3701 Manichwi.

1951 3737 2096 3792 Nam
2131 3737 2285 3806 quod
2319 3734 2544 3790 addidit
2584 3733 2804 3800 dicens,
2833 3732 3177 3803 providentia
3231 3734 3333 3789 Dei
3376 3734 3559 3789 Patris
3576 3749 3599 3795 ,'

1951 3826 2091 3898 quid
2125 3825 2284 3880 aliud
2335 3822 2579 3878 ambivit
2608 3822 2747 3878 Jesu
2796 3821 3024 3878 Christo
3074 3822 3395 3892 nominato,
3425 3824 3597 3894 cujus

1951 3931 2013 3970 se
2043 3914 2183 3968 dicit
2214 3911 2566 3984 apostolum,
2597 3916 2653 3966 et
2678 3911 2792 3966 Deo
2824 3911 3011 3981 Patre,
3032 3912 3201 3983 cujus
3233 3910 3597 3983 providentia

1952 4004 2199 4059 missum
2234 4019 2295 4058 se
2326 4001 2467 4056 dicit
2498 4019 2530 4056 a
2562 3999 2725 4067 Filio,
2763 4000 2874 4055 nisi
2920 4004 2985 4055 ut
3012 4000 3295 4073 Spiritum
3324 4004 3594 4056 sanctum

1949 4093 2148 4165 ipsum
2196 4091 2434 4146 tertium
2483 4106 2611 4145 esse
2662 4088 3082 4145 crederemus?
3112 4090 3202 4144 Sic
3242 4090 3396 4145 enim
3448 4089 3595 4146 scri-

1950 4182 2066 4236 bit:
2093 4180 2420 4235 Manichacus
2449 4180 2727 4251 apostolus
2752 4180 2881 4234 Iesu
2903 4178 3107 4235 Christi
3130 4178 3481 4250 providentia
3499 4178 3599 4233 Dei

1948 4268 2409 4340 Patris.Spiritus
2440 4272 2681 4323 sanctus
2714 4269 3049 4324 nominatus
3081 4273 3321 4333 nonest,
3345 4268 3444 4339 qui
3469 4284 3596 4321 ma-

1948 4360 2102 4414 xime
2135 4358 2335 4412 debuit
2364 4358 2435 4413 ab
2461 4373 2525 4412 eo
2560 4357 2979 4428 nominari,qui
3004 4356 3173 4412 nobis
3203 4356 3597 4428 apostolatum

1950 4464 2123 4504 suum
2155 4446 2437 4501 Paracleti
2487 4445 2875 4518 promissione
2901 4446 3292 4512 commendat,
3326 4451 3390 4500 ut
3427 4462 3600 4500 evan-

1950 4537 2136 4610 gelica
2167 4536 2511 4591 auctoritate
2542 4534 2844 4607 imperitos
2863 4535 3274 4605 premat.Quod
3298 4550 3431 4590 cum
3456 4551 3491 4589 a
3508 4550 3603 4590 vo-
3699 4570 3707 4576 -

1948 4627 2040 4681 bis
2074 4623 2748 4697 quaeritur,respondetis
2780 4624 2981 4695 utique
3006 4622 3319 4679 Manichmo
3338 4622 3601 4695 apostolo

1952 4713 2563 4785 nominato,Spiritum
2598 4717 2867 4768 sanctum
2891 4712 3251 4785 paracletum
3286 4711 3596 4785 nominari,

1950 4822 2076 4876 qua:
2107 4803 2166 4857 in
2198 4804 2322 4875 ipso
2355 4802 2547 4857 venire
2578 4802 2853 4872 dignatus
2883 4806 2989 4856 est.
3024 4801 3223 4864 Quaero
3254 4818 3410 4873 ergo,
3445 4802 3600 4857 sicut

1951 4893 2223 4964 superius
2256 4892 2539 4957 dicebam,
2571 4908 2751 4961 quare
2778 4890 3133 4946 exhorreatis
3164 4907 3297 4945 cum
3332 4890 3474 4945 dicit
3500 4907 3594 4945 ca-

1949 4982 2166 5037 tholica
2196 4980 2611 5044 Ecclesia,eum
2639 4981 2697 5035 in
2730 4996 2845 5052 quo
2879 4979 3034 5034 venit
3054 4980 3249 5036 divina
3276 4979 3591 5051 Sapientia,

1952 5075 2155 5127 natum
2188 5086 2317 5125 esse
2346 5070 2417 5124 de
2444 5068 2705 5141 virgine:
2741 5086 2874 5125 cum
2904 5086 3005 5125 vos
3036 5085 3170 5125 eum
3202 5069 3260 5123 in
3285 5084 3399 5140 quo
3420 5066 3594 5138 Spiri-

1952 5165 2078 5216 tum
2108 5164 2375 5215 sanctum
2408 5158 2638 5213 venisse
2672 5158 3013 5231 praedicatis,
3040 5163 3241 5213 natum
3267 5158 3337 5211 de
3378 5154 3595 5212 femina

1951 5250 2072 5305 viro
2097 5249 2277 5303 mixta
2298 5248 2441 5303 nihil
2471 5248 2773 5303 horreatis.
2808 5250 2951 5313 Quid
2977 5264 3112 5319 ergo
3137 5246 3293 5303 aliud
3332 5244 3597 5315 suspicer

1954 5338 2290 5404 nescio,nisi
2322 5338 2459 5408 quia
2488 5336 2595 5393 iste
2628 5336 3110 5407 Manichaeus,qui
3141 5351 3241 5405 per
3266 5332 3479 5390 Christi
3503 5350 3600 5391 no-

1956 5444 2089 5481 men
2123 5427 2191 5481 ad
2225 5425 2631 5497 imperitorum
2684 5427 2911 5481 animos
2960 5423 3183 5479 aditum
3235 5421 3463 5493 quaerit,
3497 5440 3601 5495 pro

1956 5515 2187 5572 Christo
2220 5515 2345 5586 ipso
2377 5530 2439 5570 se
2469 5513 2576 5570 coli
2612 5514 2936 5571 voluit.Hoc
2958 5512 3113 5567 unde
3135 5511 3602 5583 conjiciam,bre-

1956 5606 2102 5660 viter
2133 5603 2503 5660 dicam.Cum
2538 5620 2686 5674 saepe
2718 5620 2750 5658 a
2779 5602 2941 5657 vobis
2970 5617 3289 5673 quaererem
3322 5601 3421 5658 illo
3451 5606 3605 5658 tem-

2026 5725 2042 5757 ι
2075 5721 2228 5777 Editi,
2260 5735 2452 5769 necesse
2480 5723 2551 5768 est
2582 5721 2637 5767 ut
2665 5718 2810 5768 nobis
2837 5717 3221 5769 concedat.Mss.
3252 5732 3606 5779 vero,necesse

1958 5787 2031 5835 est
2059 5783 2197 5833 vobis
2224 5782 2479 5833 concedat.

2023 5849 2045 5884 ³
2074 5846 2159 5898 Sic
2186 5846 2437 5897 meliores
2466 5844 2592 5897 Mss.
2626 5844 2763 5897 Editi
2790 5856 2937 5908 vero,
2967 5843 3181 5897 homini.
