4052 6178
209 399 324 459 181

208 531 482 589 recedam
516 545 529 585 :
564 529 798 601 suscepi
834 528 987 584 enim
1022 529 1186 601 prius
1215 528 1517 584 vobiscum
1552 530 1634 584 sic
1676 545 1866 601 agere,

210 627 272 677 ut
306 637 422 676 non
455 636 562 691 ego
585 635 688 674 vos
711 621 974 686 doceam,
998 619 1153 689 quod
1177 619 1493 690 superbum
1523 619 1767 673 fortasse
1785 636 1871 672 ar-

211 709 549 775 bitramini;
582 709 683 763 sed
710 713 991 778 tanquam
1024 708 1148 779 ipse
1181 725 1214 762 a
1259 707 1421 762 vobis
1452 708 1674 762 discere
1705 707 1868 761 stud-

211 815 364 865 eam,
388 799 545 869 quod
578 813 783 852 novem
818 796 988 851 annis
1013 813 1124 850 non
1159 797 1338 868 potui.
1373 797 1736 868 Quapmpter
1761 795 1863 850 ha-

211 889 318 943 beo
371 887 592 959 quibus
639 885 874 940 Litteris
923 885 1155 939 credam
1186 885 1257 938 de
1310 885 1560 940 adventu
1615 884 1866 955 Spiritus

212 976 424 1046 sancti,
460 976 680 1047 quibus
713 989 805 1029 me
828 974 1056 1028 credere
1081 973 1130 1026 si
1165 974 1505 1044 prohibetis,
1543 991 1614 1028 ne
1653 979 1868 1027 temere

209 1065 449 1137 credam
470 1065 628 1137 quod
661 1061 879 1128 nescio;
903 1061 987 1116 sic
1007 1062 1161 1116 enim
1185 1061 1383 1117 soletis
1406 1078 1661 1128 monere;
1687 1061 1870 1116 multo

208 1155 409 1209 minus
441 1153 652 1209 vestris
679 1152 891 1206 litteris
921 1153 1174 1206 credam.
1211 1152 1417 1218 Quare,
1450 1157 1552 1206 aut
1582 1167 1785 1206 omnes
1807 1150 1872 1203 li-

205 1244 374 1299 bros‘
409 1243 639 1298 auferte
671 1242 743 1297 de
779 1240 991 1305 medio,
1025 1245 1082 1294 et
1113 1240 1470 1310 disputando
1504 1240 1744 1310 pandite
1774 1255 1868 1293 ve-

205 1333 467 1400 ritatem,
529 1333 600 1387 de
657 1348 776 1402 qua
825 1330 1096 1384 dubitare
1147 1347 1261 1384 non
1311 1331 1697 1399 possimzaut
1726 1327 1870 1382 tales

205 1423 468 1494 proferte
500 1420 706 1486 libros,
755 1419 970 1492 quibus
1012 1435 1126 1473 non
1160 1417 1306 1472 mihi
1357 1434 1490 1472 cum
1538 1417 1872 1488 arrogantia

204 1510 555 1583 imponatur
582 1509 737 1581 quod
771 1509 1025 1575 credam,
1047 1509 1144 1562 sed
1165 1507 1504 1562 exhibentur
1524 1506 1650 1560 sine
1670 1506 1870 1561 fraude

206 1601 359 1674 quod
397 1600 653 1654 discam.
688 1596 1215 1668 Fortasse,inquis,
1251 1601 1308 1650 et
1339 1596 1455 1650 hinc
1488 1594 1736 1666 epistola
1767 1599 1858 1648 ta.

208 1690 279 1746 lis
307 1694 425 1745 est-
462 1687 610 1746 Nolo
643 1704 778 1760 ergo
804 1687 864 1741 in
883 1688 1011 1757 ejus
1031 1685 1232 1740 limine
1256 1685 1502 1740 ulterius
1523 1683 1823 1739 immorari
1852 1700 1863 1736 :

208 1779 493 1836 interiora
523 1777 853 1832 videamus.

271 1867 516 1924 CAPUT
553 1867 647 1922 XI.
671 1897 740 1908 -ο
765 1866 850 1920 12.
879 1865 1164 1920 Veritatem
1194 1864 1484 1936 pollicetur
1513 1863 1864 1932 Manichacus,

203 1973 308 2012 non
336 1956 587 2012 exhibet.
607 1987 671 1995 —
690 1956 816 2010 Haac
835 1956 980 2019 sunt,
997 1955 1197 2024 inquit,
1215 1951 1461 2006 salubria
1482 1952 1664 2019 verba,
1688 1967 1759 2005 ea:
1779 1965 1869 2018 pe-

203 2047 361 2102 renni
389 2062 460 2100 ac
488 2046 612 2100 vivo
632 2047 820 2114 fonte;
855 2058 976 2114 qua:
1000 2044 1099 2113 qui
1125 2042 1389 2104 audierit,
1421 2043 1472 2094 et
1501 2039 1701 2094 eisdem
1744 2041 1866 2110 pri-

204 2154 348 2191 mum
379 2134 708 2202 crediderit,
757 2132 951 2189 deinde
1008 2146 1134 2203 qua?
1183 2133 1473 2185 insinuant
1523 2129 1864 2195 custodierit,

204 2242 494 2297 nunquam
527 2225 635 2279 erit
673 2224 842 2278 morti
867 2223 1155 2290 obnoxius,
1189 2237 1381 2275 verum
1427 2227 1627 2274 aeterna
1660 2223 1709 2273 et
1751 2219 1864 2288 glo-

205 2319 348 2370 riosa
377 2317 505 2369 vita
537 2314 789 2383 fruetur.
826 2313 965 2367 Nam
997 2312 1236 2380 profecto
1267 2310 1452 2363 beatus
1501 2311 1576 2362 est
1600 2308 1865 2379 judican-

208 2403 323 2469 dus,
363 2405 464 2475 qui
517 2402 620 2456 hac
649 2401 843 2456 divina
891 2402 1187 2454 instructus
1215 2399 1518 2469 cognitione
1547 2397 1741 2470 fuerit,
1770 2412 1870 2468 per

209 2511 366 2566 quam
384 2493 656 2547 liberatus
679 2493 739 2544 in
758 2491 1097 2559 sempiterna
1123 2490 1231 2542 vita
1245 2487 1612 2557 permanebit.
1633 2487 1702 2540 Et
1723 2485 1864 2551 haec,

211 2589 271 2638 ut
297 2582 540 2647 videtis,
574 2578 917 2652 pollicitatio
950 2582 1057 2646 est,
1091 2578 1352 2632 nondum
1403 2574 1682 2630 exhibitio
1726 2574 1868 2628 veri-

217 2672 345 2727 fatis
377 2689 392 2725 :
428 2676 488 2726 et
519 2687 622 2725 vos
653 2685 886 2741 quoque
915 2668 1378 2723 animadvertere
1409 2665 1683 2720 facillime
1708 2669 1868 2735 pote-

215 2761 338 2825 stis,
375 2757 493 2814 isto
527 2758 816 2814 velamine
846 2755 1138 2828 quoslibet
1182 2771 1408 2810 errores
1455 2754 1635 2808 fucari
1678 2768 1868 2824 posse,

213 2854 272 2904 ut
307 2849 725 2920 imperitorum
759 2845 970 2900 animis
1001 2861 1102 2916 per
1132 2848 1396 2898 ornatam
1423 2843 1668 2922 janupm
1694 2843 1868 2896 laten-

212 2943 292 2993 ter
322 2939 610 3009 irrepant.
651 2933 710 2990 Si
744 2935 897 2990 enim
948 2933 1199 2988 diceret:
1228 2933 1356 2987 Haec
1409 2937 1548 2987 sunt
1599 2931 1872 3002 pestifera

208 3027 406 3089 verba,
442 3042 513 3081 ex
547 3041 835 3080 venenoso
861 3023 1052 3089 fonte;
1087 3039 1214 3093 quae
1237 3021 1334 3092 qui
1367 3021 1637 3086 audierit,
1672 3025 1727 3074 et
1758 3019 1868 3074 eis-

210 3117 338 3172 dem
370 3116 635 3184 primum
665 3111 1218 3179 crediderit,deinde
1250 3127 1377 3182 quae
1409 3109 1711 3164 insinuant
1739 3125 1868 3162 cus-

211 3204 476 3268 todierit,
538 3218 842 3274 nunquam
875 3200 983 3255 erit
1027 3201 1154 3253 vitae
1202 3198 1620 3262 restituendus,
1668 3212 1870 3251 verum

210 3293 421 3366 pennati
456 3297 519 3347 et
548 3307 880 3346 aerumnosa
912 3293 1094 3344 morte
1124 3287 1414 3343 afﬁcietur
1434 3289 1592 3358 (nam
1619 3287 1871 3358 profecto

212 3384 395 3438 miser
427 3386 520 3437 est
541 3379 923 3451 judicandus,
968 3377 1067 3449 qui
1121 3378 1228 3432 hac
1273 3377 1498 3432 inferna
1536 3375 1872 3447 implicatus

211 3471 518 3545 imperitia
545 3469 737 3538 fuerit,
772 3485 870 3540 per
899 3484 1076 3538 quam
1108 3467 1415 3522 demersus
1471 3467 1528 3520 in
1569 3465 1872 3536 sempiter-

216 3561 300 3617 nis
331 3559 706 3616 cruciatibus
739 3557 1152 3629 permanebit);
1196 3558 1244 3610 si
1289 3571 1426 3626 ergo
1474 3555 1582 3610 hoc
1635 3555 1870 3619 diceret,

215 3667 418 3706 verum
454 3649 716 3704 diceret:
743 3647 843 3702 sed
877 3646 1022 3701 libro
1055 3645 1189 3699 huic
1225 3661 1358 3699 nom
1393 3644 1584 3699 solum
1641 3643 1870 3698 nullum

213 3739 557 3796 conciliaret
588 3737 906 3797 lectorem;
937 3736 1036 3790 sed
1060 3751 1262 3789 omnes
1294 3734 1352 3788 in
1386 3750 1633 3804 quorum
1660 3749 1870 3786 manus

213 3830 548 3896 incidisset,
583 3826 644 3880 in
679 3825 936 3880 maxima
967 3825 1100 3878 odia
1123 3823 1456 3878 concitaret.
1480 3823 1869 3886 Quamobrem

217 3919 284 3973 ad
309 3917 742 3987 consequentia
763 3919 1154 3968 transeamus.
1191 3927 1295 3967 nec
1319 3929 1424 3966 nos
1447 3911 1562 3966 ista
1580 3911 1874 3980 decipiant

215 4023 338 4079 quae
366 4010 631 4079 possunt
653 4019 781 4059 esse
804 4001 972 4057 bonis
994 4006 1050 4055 et
1078 4000 1267 4062 malis,
1299 4000 1488 4056 doctis
1519 4005 1576 4056 et
1623 4000 1874 4055 indoctis

215 4098 394 4152 verba
425 4093 787 4150 communia.
810 4091 958 4154 Quid
991 4106 1124 4160 ergo
1155 4089 1467 4160 sequitur?

289 4187 378 4240 13.
416 4186 562 4248 Pace,
588 4181 800 4253 inquit,
827 4182 934 4234 Dei
953 4177 1288 4242 invisibilis,
1321 4187 1371 4234 et
1400 4180 1646 4233 veritatis
1675 4180 1877 4234 notitia

219 4276 290 4330 sit
318 4291 446 4329 cum
474 4272 719 4346 [ratibus
747 4270 953 4324 sanctis
988 4272 1037 4324 et
1057 4266 1422 4334 charissimis,
1463 4269 1559 4338 qui
1593 4268 1878 4323 mandatis

221 4363 542 4422 cretestibus
573 4359 800 4415 credunt
819 4359 1032 4430 pariter
1054 4361 1216 4428 atque
1233 4356 1561 4411 deserviunt.
1589 4358 1671 4411 Ita
1696 4356 1792 4420 sit,
1816 4360 1880 4410 ut

224 4453 385 4508 dicit.
423 4450 574 4504 Nam
617 4452 674 4503 et
697 4448 809 4502 ista
830 4447 1082 4518 benigna
1117 4450 1172 4500 et
1207 4444 1617 4516 acceptissima
1659 4445 1878 4516 optatio

221 4548 328 4598 est.
350 4542 613 4596 Tantum
646 4535 1089 4591 meminerimus
1103 4534 1225 4589 haec
1247 4533 1530 4589 etabonis
1545 4534 1880 4588 doctoribus

222 4637 280 4688 et
301 4648 335 4686 a
357 4626 776 4699 deceptoribus
797 4624 909 4679 dici
933 4624 1332 4694 posse.1taque
1351 4622 1397 4678 si
1425 4622 1585 4678 nulla
1610 4623 1716 4678 nisi
1742 4621 1882 4678 talia

221 4721 463 4783 diceret,
483 4715 774 4772 omnibus
803 4712 1114 4785 legendum
1163 4717 1218 4768 et
1247 4711 1718 4783 amplectendam
1756 4729 1883 4767 esse

226 4808 636 4866 concederem.
661 4803 775 4858 Nec
795 4802 896 4857 illa
917 4819 1043 4874 quae
1066 4801 1257 4856 adhuc
1280 4808 1630 4872 sequuntur,
1661 4803 1879 4872 improv

229 4897 490 4954 baverim
510 4892 812 4964 :adjungit
833 4891 1008 4958 enim,
1027 4889 1130 4946 Sed
1157 4899 1211 4945 et
1240 4891 1467 4946 dextera
1487 4892 1716 4946 luminis
1737 4895 1884 4946 tuea-

229 4995 318 5043 tur
337 4990 389 5042 et
409 4984 622 5054 eripiat
653 4997 744 5036 vos
774 4981 840 5034 ab
862 4981 1015 5036 omni
1052 4981 1427 5034 incursatione
1451 4981 1753 5048 maligna”,
1772 4989 1822 5035 et
1853 4998 1886 5035 a

231 5075 444 5148 laqueis
468 5071 681 5127 mundi.
707 5070 776 5124 Et
797 5069 1033 5123 omnino
1056 5068 1340 5138 quidquid
1360 5067 1418 5122 in
1442 5068 1619 5138 hujus
1633 5068 1884 5139 epistola:

232 5161 532 5237 principio
564 5159 854 5230 scriptum
887 5161 994 5222 est,
1029 5157 1209 5211 donec
1229 5156 1496 5211 veniatur
1526 5158 1595 5212 ad
1625 5174 1883 5225 causam,

229 5253 366 5310 nolo
401 5248 856 5322 reprehendere,
882 5262 953 5300 ne
977 5244 1038 5300 in
1072 5246 1243 5300 rebus
1278 5245 1602 5302 minoribus
1636 5246 1884 5301 multum

230 5357 421 5415 operas
458 5342 868 5395 consumatur.
901 5335 1033 5389 Jam
1061 5349 1196 5404 ergo
1230 5335 1730 5391 evidentissimum
1763 5335 1888 5408 pol-

242 5431 630 5487 licitationem
665 5423 926 5480 hominis
953 5422 1275 5478 videamus.

314 5517 550 5575 CAPUT
574 5517 770 5572 XII.—
798 5513 884 5567 14,
923 5513 1290 5568 Deliramenta
1310 5513 1892 5571 Manichzeiﬁreelium

303 5769 321 5804 ¹
335 5765 595 5825 EJiti,aut
614 5763 812 5825 uestros
829 5759 992 5825 libros_
1009 5773 1193 5808 omnes.
1206 5760 1393 5825 Abest.
1407 5763 1658 5825 vestros,_a
1678 5764 1798 5813 Mss.

309 5833 334 5870 ³
361 5821 698 5882 Corheiensts
717 5823 907 5888 codex,
934 5821 1000 5875 ab
1028 5826 1170 5876 omni
1195 5823 1483 5881 incursione
1511 5823 1761 5889 maligna.

1673 395 2187 473 LIBERfUNUS.

3510 397 3628 458 182

1980 535 2106 586 ante
2134 533 2330 588 mundi
2358 537 2797 590 constitutionem
2814 532 3178 588 commissum.
3199 561 3268 571 —
3291 533 3366 586 De
3377 545 3436 586 eo
3457 532 3630 601 igitur

1985 620 2192 690 inquit,
2226 626 2402 692 frater
2430 623 2788 678 delectissime
2819 623 3044 676 Pattici‘
3074 621 3139 675 de
3159 635 3263 692 quo
3283 619 3427 674 mihi
3453 620 3628 686 signi-

1979 707 2176 777 ﬁcasti,
2196 711 2398 777 dicens,
2440 713 2598 766 Nosse
2618 716 2666 766 te
2694 727 2889 782 cupere
2916 710 3220 780 cujusmodi
3247 712 3326 763 sic
3368 708 3630 763 nativitas

1981 797 2112 853 Adae
2143 807 2192 852 et
2224 800 2365 869 Eure,
2400 808 2585 854 utrum
2617 802 2776 854 verbo
2805 801 2915 853 sint
2940 799 3103 853 iidem
3148 798 3373 869 prolati,
3405 813 3476 850 an
3505 796 3627 867 pri-

1982 889 2242 958 mogeniti
2271 906 2340 942 ex
2383 905 2605 960 corpore
2645 907 2662 942 :
2697 887 3109 960 respondebitur
3137 888 3237 941 tibi
3267 894 3327 941 ut
3353 885 3623 953 congruit.

1978 976 2220 1047 Namque
2247 978 2313 1031 de
2341 980 2478 1033 nisa
2505 979 2778 1050 plerisque
2801 979 2861 1032 in
2897 978 3070 1030 variis
3098 977 3386 1046 scripturis
3402 974 3629 1028 relatio-

1979 1065 2270 1135 nibusque’
2290 1067 2553 1121 dissimili
2572 1069 2734 1121 modo
2766 1068 3031 1121 insertum
3059 1069 3220 1135 atque
3239 1077 3627 1119 commemora-

1981 1162 2094 1207 tum
2117 1157 2212 1208 est.
2247 1156 2585 1226 Quapropter
2604 1158 2807 1210 veritas
2828 1156 2988 1209 istius
3022 1155 3106 1208 rei
3124 1163 3184 1208 ut
3217 1168 3330 1208 sese
3372 1153 3531 1206 habet
3560 1150 3627 1205 ab

1979 1244 2251 1298 universis
2269 1249 2390 1315 fere
2408 1245 2657 1314 gentibus
2707 1247 3017 1313 ignoratur,
3058 1251 3108 1297 et
3138 1242 3206 1296 ab
3249 1241 3502 1295 omnibus
3533 1239 3628 1310 qui

1978 1333 2141 1385 etiam
2168 1333 2233 1386 de
2253 1333 2352 1387 hoc
2369 1333 2466 1387 diu
2486 1334 2830 1404 multumque
2860 1333 3236 1403 disputarunt.
3262 1329 3324 1384 Si
3343 1332 3489 1385 enim
3513 1327 3628 1382 illis

1975 1436 2138 1490 super
2167 1421 2298 1477 Adae
2327 1425 2375 1476 et
2398 1423 2524 1478 Eva?
2551 1425 2900 1490 generatione
2944 1422 3280 1492 provenisset
3325 1419 3617 1487 manifesto

1977 1526 2312 1581 cognoscere,
2327 1528 2614 1582 nunquam
2633 1513 2968 1582 corruption:
2999 1519 3048 1566 et
3068 1511 3235 1565 morti
3253 1507 3617 1578 subjacerent.

1977 1602 2342 1655 Manifestam
2365 1617 2500 1672 ergo
2525 1600 2917 1672 cognitionem
2949 1600 3121 1670 hujus
3143 1599 3222 1653 rei
3257 1597 3425 1652 nobis
3456 1595 3630 1668 polli-

1975 1697 2158 1756 cetur,
2195 1705 2265 1744 ne
2295 1690 2651 1760 corruptioni
2699 1707 2764 1744 ac
2814 1689 2985 1743 morti
3033 1687 3430 1758 subjiciamur.
3477 1685 3542 1739 El
3581 1683 3632 1740 si

1977 1779 2166 1833 adhuc
2200 1796 2405 1850 parum
2440 1787 2544 1845 est,
2578 1780 2704 1833 vide
2738 1778 2876 1850 quid
2937 1784 3214 1849 sequatur
3253 1794 3266 1831 :
3306 1775 3628 1830 Necessario

1973 1883 2129 1939 ergo,
2164 1869 2371 1937 inquit,
2401 1869 2568 1938 plura
2596 1871 2721 1924 sunt
2760 1876 2858 1922 ant
2903 1865 3395 1929 commemoranda,
3442 1871 3502 1918 ut
3556 1862 3628 1918 ad

1975 1958 2123 2011 istud
2143 1959 2469 2026 mysterium
2491 1957 2737 2012 sineulla
2754 1958 2924 2027 possit
2938 1956 3302 2026 ambiguitate
3317 1951 3618 2026 perveniri.

1976 2045 2093 2100 Hoc
2125 2054 2206 2099 est
2245 2047 2397 2116 quod
2433 2046 2715 2116 dicebam,
2737 2045 2817 2101 sic
2842 2045 2984 2100 mihi
3006 2042 3388 2100 demonstrari
3415 2043 3621 2098 debere

1973 2133 2294 2198 veritatem,
2329 2139 2388 2190 ut
2417 2135 2487 2190 ad
2506 2135 2773 2190 eamdem
2800 2135 2922 2189 sine
2941 2133 3058 2188 ulla
3079 2131 3460 2204 ambiguitate
3485 2147 3613 2203 per-

1974 2224 2223 2278 veniam.
2258 2225 2416 2289 Quod
2442 2223 2489 2278 si
2535 2224 2657 2296 ipse
2707 2240 2820 2279 non
2863 2223 3248 2295 polliceretur,
3283 2237 3374 2276 me
3420 2224 3615 2274 tamen

1977 2311 2082 2367 hoc
2113 2313 2339 2385 exigere
2369 2317 2426 2368 et
2455 2313 2716 2384 ﬂagitare
2738 2313 3056 2384 oportebat,
3082 2315 3145 2366 ut
3167 2315 3328 2365 tanta
3349 2309 3616 2365 mercede

1978 2401 2328 2472 cognitionis
2377 2401 2820 2456 evidentissima:
2851 2405 3025 2472 atque
3055 2399 3392 2455 certissimae
3426 2415 3493 2454 ex
3523 2413 3616 2453 ca-

1975 2490 2189 2544 tholico
2220 2489 2533 2544 christiano
2555 2489 2918 2560 quibuslibet
2941 2487 3472 2544 contradicentibus
3493 2502 3618 2540 ma-

1975 2577 2264 2633 nichasum
2299 2595 2390 2632 me
2423 2579 2545 2632 fieri
2573 2595 2687 2634 non
2721 2579 2983 2649 puderet.
3014 2578 3141 2632 Jam
3188 2576 3370 2650 igitur
3418 2575 3620 2630 audia-

1977 2684 2111 2722 mus
2141 2668 2282 2736 quid
2317 2667 2539 2722 aﬂ'erat.

2051 2757 2132 2810 15.
2174 2756 2320 2812 Unde
2349 2758 2399 2810 si
2427 2757 2528 2810 tibi
2557 2756 2794 2826 videtur,
2820 2755 3029 2828 inquit,
3052 2755 3306 2810 ausculta
3319 2755 3477 2825 prius
3497 2767 3623 2825 qua

1977 2846 2183 2911 fuerint
2214 2849 2340 2899 ante
2369 2847 2806 2900 constitutionem
2841 2845 3052 2910 mundi,
3077 2853 3126 2900 et
3145 2860 3249 2915 quo
3291 2849 3448 2914 pacto
3470 2856 3621 2914 pra?-

1978 2935 2198 2988 tiumsit
2219 2937 2508 3004 agitatum,
2534 2938 2591 2988 ut
2611 2937 2782 3004 possis
2805 2935 3033 2989 luminis
3054 2937 3133 3004 sej
3139 2949 3339 3004 ungere
3357 2940 3619 2987 naturam

1975 3039 2040 3076 ac
2060 3023 2428 3077 tenebrarum.
2454 3023 2583 3078 Jam
2611 3023 2965 3079 incredibilia
2985 3027 3040 3078 et
3063 3023 3205 3078 falsa
3233 3021 3470 3078 omnino
3485 3037 3622 3091 pro-

1979 3111 2190 3184 posuit.
2216 3113 2355 3178 Quis
2377 3111 2531 3167 enim
2553 3113 2749 3168 credat
2769 3119 2902 3167 ante
2920 3112 3397 3168 constitutionem
3418 3109 3622 3164 mundi

1981 3202 2164 3256 ullum
2199 3201 2458 3271 praelium
2485 3201 2660 3256 fuisse
2691 3201 3123 3256 commissum?
3153 3202 3220 3256 Et
3251 3205 3441 3254 tamen
3465 3199 3515 3254 si
3536 3200 3626 3253 est

1980 3289 2274 3359 credibile,
2304 3292 2476 3344 modo
2499 3307 2604 3344 nos
2628 3307 2739 3346 non
2773 3291 3022 3360 credere,
3046 3290 3144 3345 sed
3168 3305 3510 3361 cognoscere
3531 3303 3624 3342 ve-

1983 3381 2202 3435 nimus.
2220 3380 2364 3434 Nam
2391 3380 2490 3450 qui
2523 3379 2666 3434 dicit
2687 3383 2890 3434 Persas
2913 3384 2970 3435 et
2989 3379 3232 3451 Scythas
3253 3382 3386 3433 ante
3413 3376 3628 3432 multos

1979 3485 2166 3524 annos
2189 3485 2385 3523 secum
2415 3467 2684 3536 bellasse,
2707 3485 2828 3524 rem
2859 3468 3002 3523 dicit
3025 3467 3360 3523 credibilem
3386 3484 3400 3533 ;
3435 3481 3626 3520 meam

1980 3562 2176 3612 tamen
2210 3575 2386 3628 quam
2420 3557 2504 3611 vel
2538 3558 2796 3611 auditam
2828 3555 2916 3610 vel
2941 3556 3148 3612 lectam
3174 3571 3487 3627 possumus
3509 3569 3629 3609 cre-

1982 3648 2138 3712 dere,
2173 3664 2286 3701 non
2319 3651 2613 3716 expertam
2639 3645 3240 3715 comprehensamque
3260 3658 3626 3715 cognoscere.

1981 3738 2124 3791 Cum
2156 3752 2291 3807 ergo
2324 3735 2500 3789 istum
2528 3734 2918 3804 repudiarcm,
2941 3734 2985 3788 si
3011 3733 3122 3788 tale
3146 3731 3363 3803 aliquid
3387 3732 3622 3798 diceret;

1983 3842 2096 3882 non
2122 3827 2272 3879 enim
2293 3841 2360 3878 ea
2384 3823 2669 3895 promisit,
2694 3840 2820 3894 quae
2843 3827 3072 3894 cogeret
3101 3823 3353 3885 credere,
3377 3820 3471 3876 sed
3497 3835 3628 3892 quze

1985 3932 2211 3989 possem
2247 3913 2371 3968 sine
2394 3913 2512 3968 ulla
2534 3912 2917 3984 ambiguitate
2939 3927 3283 3983 cognoscere
3305 3909 3626 3982 :quomodo

1984 4023 2115 4060 eum
2155 4021 2268 4058 non
2304 4002 2643 4074 repudiabo,
2678 4002 2909 4073 quando
2943 4018 3055 4056 non
3089 4001 3258 4055 modo
3291 4001 3510 4055 incerta
3534 3999 3626 4053 di-

1986 4095 2083 4161 cit,
2119 4093 2218 4148 sed
2250 4092 2423 4147 etiam
2456 4089 2864 4145 incredibilia?
2893 4091 3002 4145 Sed
3037 4089 3218 4162 quid?
3250 4090 3297 4144 si
3331 4087 3628 4160 aliquibus

1987 4181 2310 4238 rationibus
2343 4197 2410 4235 ea
2440 4179 2746 4250 perspicua
2763 4179 3064 4251 etcognita
3081 4178 3280 4234 faciet?
3303 4178 3629 4233 Audiamus

1985 4288 2145 4343 ergo,
2177 4269 2227 4325 si
2259 4285 2596 4342 possumus,
2631 4284 2767 4322 cum
2811 4273 2933 4325 tota
2976 4268 3259 4340 patientia
3287 4273 3345 4323 et
3393 4266 3631 4322 lenitate

1988 4360 2140 4431 quod
2168 4358 2444 4429 sequitur.

2058 4448 2294 4504 CAPUT
2311 4448 2533 4502 XlII.—-—
2563 4449 2645 4502 16.
2674 4452 2814 4504 Duce
2837 4446 3168 4503 substantiae
3185 4447 3504 4503 contrariae.
3529 4444 3632 4500 Re-

1987 4554 2155 4608 gnum
2185 4537 2432 4591 luminis.
2452 4538 2661 4592 Incerta
2691 4552 2786 4606 pro
2815 4538 2974 4590 certis
3005 4534 3152 4590 tradi
3171 4552 3204 4589 a
3233 4533 3633 4591 Manicheam—

1992 4628 2116 4684 Haec
2144 4625 2648 4697 quippe,inquit,in
2672 4625 2894 4680 exordio
2910 4623 3288 4694 [uerunt,duee
3307 4623 3633 4680 substantia

1991 4734 2022 4770 a
2035 4716 2394 4771 sessedivisae.
2405 4717 2465 4769 Et
2478 4717 2705 4768 luminis
2718 4714 2936 4785 quidem
2952 4715 3253 4784 imperium
3266 4713 3480 4768 tenebat
3493 4714 3635 4768 Deus

1991 4808 2152 4860 Pater
2175 4807 2231 4858 in
2249 4821 2348 4858 sua
2362 4809 2547 4859 sancta
2571 4805 2736 4874 stirpe
2754 4807 3064 4873 perpetuus,
3090 4805 3150 4858 in
3179 4803 3387 4857 virtute
3408 4805 3631 4872 magni-

1991 4897 2144 4966 ﬁcus,
2177 4902 2376 4948 natura
2422 4895 2543 4963 ipsa
2586 4908 2764 4956 verus,
2794 4893 3105 4947 wternitate
3147 4891 3375 4962 propria
3421 4905 3633 4956 semiier

1991 4983 2296 5047 exsultans,
2339 4983 2663 5037 continens'
2721 4981 2866 5052 apud
2893 4997 2948 5035 se
2989 4981 3299 5051 sapentiam
3339 4983 3390 5034 et
3445 4993 3632 5033 sensus

1993 5073 2186 5126 vitales
2211 5089 2228 5124 :
2256 5087 2358 5141 per
2387 5087 2515 5141 quos
2535 5073 2552 5106 ⁴
2583 5072 2754 5125 etiam
2800 5069 3083 5124 duodecim
3114 5068 3359 5123 membra
3403 5067 3634 5121 luminis

1992 5161 2085 5216 sui
2111 5159 2544 5225 comprehendit,
2573 5161 2732 5230 regni
2775 5159 3029 5214 videlicet
3055 5157 3272 5228 proprii
3299 5155 3517 5210 divitias
3546 5157 3634 5226 af-

1994 5251 2240 5320 ﬂuentes.
2275 5250 2334 5304 In
2365 5263 2686 5320 unoquoque
2727 5250 2910 5302 autem
2955 5246 3328 5302 membrorum
3366 5245 3484 5316 ejus
3511 5253 3643 5302 sunt

2065 5457 2076 5487 ι
2099 5451 2587 5510 Editi,dilectissime
2609 5449 2808 5498 audisti
2823 5450 2984 5497 Vetus
3004 5447 3170 5496 codex
3188 5447 3495 5498 Corbeinsis
3519 5453 3643 5500 ante

2000 5516 2140 5564 mille
2172 5529 2342 5564 annos
2364 5516 2560 5576 scriptu
2570 5509 3342 5576 e,loco,audisti,babet,Pattici
3358 5527 3376 5560 :
3397 5511 3533 5562 forte
3554 5527 3648 5563 no-

2000 5592 2124 5627 men
2155 5579 2294 5627 illius
2323 5579 2408 5629 cui
2439 5574 2719 5639 Epistulam
2750 5574 3273 5639 dedit‘Ma‘nichteus.

2064 5642 2084 5674 ²
2116 5641 2236 5688 Am.
2260 5645 2314 5688 et
2344 5635 2520 5702 plures
2550 5645 2686 5694 Mss"
2717 5635 3226 5702 revelationibusque.

2063 5703 2084 5736 3
2115 5702 2199 5750 Sic
2229 5699 2363 5774 Mss;
2399 5704 2533 5752 Editi
2569 5714 2726 5774 ‘vero,
2775 5701 3066 5748 ειη-παίσω
3093 5699 3307 5764 propria
3359 5699 3645 5761 exsultans,

2002 5767 2662 5890 “T’Eié'nii’ﬁfii”§i'§.’f%ér
2691 5837 2865 5890 quam.
