  <div class='ocr_page' id='page_1' title='image "/cluster/home/n/w/nwhite01/storage/ocr_20150623/42/hvd.32044096580642/097.png"; bbox 0 0 2043 3093; ppageno 0'>
   <div class='ocr_carea' id='block_1_1' title="bbox 211 150 268 181">
    <p class='ocr_par' dir='ltr' id='par_1_1' title="bbox 211 150 268 181">
     <span class='ocr_line' id='line_1_1' title="bbox 211 150 268 181; baseline 0 -1"><span class='ocrx_word' id='word_1_1' title='bbox 211 150 268 181; x_wconf 76' lang='grc'><strong>183</strong></span> 
     </span>
    </p>
   </div>
   <div class='ocr_carea' id='block_1_2' title="bbox 209 216 1032 246">
    <p class='ocr_par' dir='ltr' id='par_1_2' title="bbox 209 216 1032 246">
     <span class='ocr_line' id='line_1_2' title="bbox 209 216 1032 246; baseline -0.004 -1"><span class='ocrx_word' id='word_1_2' title='bbox 209 217 349 246; x_wconf 80' lang='lat' dir='ltr'><strong>recondita</strong></span> <span class='ocrx_word' id='word_1_3' title='bbox 363 216 455 244; x_wconf 85' lang='lat' dir='ltr'><strong>millia</strong></span> <span class='ocrx_word' id='word_1_4' title='bbox 471 217 717 244; x_wconf 80' lang='lat' dir='ltr'><strong>innumerabilium</strong></span> <span class='ocrx_word' id='word_1_5' title='bbox 727 220 752 243; x_wconf 82' lang='lat' dir='ltr'><strong>ct</strong></span> <span class='ocrx_word' id='word_1_6' title='bbox 762 217 956 243; x_wconf 73' lang='lat' dir='ltr'><strong>immensarum</strong></span> <span class='ocrx_word' id='word_1_7' title='bbox 973 216 1032 243; x_wconf 83' lang='lat' dir='ltr'><strong><em>Ihe-</em></strong></span> 
     </span>
    </p>
   </div>
   <div class='ocr_carea' id='block_1_3' title="bbox 209 260 1034 297">
    <p class='ocr_par' dir='ltr' id='par_1_3' title="bbox 209 260 1034 297">
     <span class='ocr_line' id='line_1_3' title="bbox 209 260 1034 297; baseline -0.002 -8"><span class='ocrx_word' id='word_1_8' title='bbox 209 270 364 290; x_wconf 80' lang='lat' dir='ltr'><strong>saurorum.</strong></span> <span class='ocrx_word' id='word_1_9' title='bbox 383 264 443 297; x_wconf 70' lang='lat' dir='ltr'><strong>Ipse</strong></span> <span class='ocrx_word' id='word_1_10' title='bbox 459 270 521 289; x_wconf 74' lang='lat' dir='ltr'><strong>vero</strong></span> <span class='ocrx_word' id='word_1_11' title='bbox 551 262 634 288; x_wconf 77' lang='lat' dir='ltr'><strong>Pater</strong></span> <span class='ocrx_word' id='word_1_12' title='bbox 650 262 678 288; x_wconf 87' lang='lat' dir='ltr'><strong>in</strong></span> <span class='ocrx_word' id='word_1_13' title='bbox 701 269 749 288; x_wconf 80' lang='lat' dir='ltr'><strong>sua</strong></span> <span class='ocrx_word' id='word_1_14' title='bbox 771 260 850 288; x_wconf 84' lang='lat' dir='ltr'><strong>laude</strong></span> <span class='ocrx_word' id='word_1_15' title='bbox 867 261 1034 296; x_wconf 60' lang='lat' dir='ltr'><strong>pracipuus,</strong></span> 
     </span>
    </p>
   </div>
   <div class='ocr_carea' id='block_1_4' title="bbox 208 305 1036 341">
    <p class='ocr_par' dir='ltr' id='par_1_4' title="bbox 208 305 1036 341">
     <span class='ocr_line' id='line_1_4' title="bbox 208 305 1036 341; baseline -0.002 -7"><span class='ocrx_word' id='word_1_16' title='bbox 208 306 400 340; x_wconf 73' lang='lat' dir='ltr'><strong>magnitudine</strong></span> <span class='ocrx_word' id='word_1_17' title='bbox 424 306 719 341; x_wconf 69' lang='lat' dir='ltr'><strong>inromprehensilulis,</strong></span> <span class='ocrx_word' id='word_1_18' title='bbox 744 305 873 341; x_wconf 79' lang='lat' dir='ltr'><strong>copulata</strong></span> <span class='ocrx_word' id='word_1_19' title='bbox 888 305 968 332; x_wconf 85' lang='lat' dir='ltr'><strong>habet</strong></span> <span class='ocrx_word' id='word_1_20' title='bbox 981 305 1036 332; x_wconf 71' lang='lat' dir='ltr'><strong>sibi</strong></span> 
     </span>
    </p>
   </div>
   <div class='ocr_carea' id='block_1_5' title="bbox 209 350 1035 385">
    <p class='ocr_par' dir='ltr' id='par_1_5' title="bbox 209 350 1035 385">
     <span class='ocr_line' id='line_1_5' title="bbox 209 350 1035 385; baseline -0.002 -7"><span class='ocrx_word' id='word_1_21' title='bbox 209 351 288 378; x_wconf 80' lang='lat' dir='ltr'><strong>beata</strong></span> <span class='ocrx_word' id='word_1_22' title='bbox 301 355 325 378; x_wconf 79' lang='lat' dir='ltr'><strong>et</strong></span> <span class='ocrx_word' id='word_1_23' title='bbox 336 351 454 385; x_wconf 77' lang='lat' dir='ltr'><strong>gloriosa</strong></span> <span class='ocrx_word' id='word_1_24' title='bbox 466 351 577 385; x_wconf 73' lang='lat' dir='ltr'><strong>saecula,</strong></span> <span class='ocrx_word' id='word_1_25' title='bbox 593 358 677 385; x_wconf 81' lang='lat' dir='ltr'><strong>neque</strong></span> <span class='ocrx_word' id='word_1_26' title='bbox 688 357 812 384; x_wconf 76' lang='lat' dir='ltr'><strong>numero,</strong></span> <span class='ocrx_word' id='word_1_27' title='bbox 824 358 911 385; x_wconf 82' lang='lat' dir='ltr'><strong>neque</strong></span> <span class='ocrx_word' id='word_1_28' title='bbox 920 350 1035 385; x_wconf 71' lang='lat' dir='ltr'><strong>prolixi-</strong></span> 
     </span>
    </p>
   </div>
   <div class='ocr_carea' id='block_1_6' title="bbox 208 395 1033 430">
    <p class='ocr_par' dir='ltr' id='par_1_6' title="bbox 208 395 1033 430">
     <span class='ocr_line' id='line_1_6' title="bbox 208 395 1033 430; baseline -0.001 -7"><span class='ocrx_word' id='word_1_29' title='bbox 208 397 264 423; x_wconf 81' lang='lat' dir='ltr'><strong>tate</strong></span> <span class='ocrx_word' id='word_1_30' title='bbox 278 395 456 427; x_wconf 67' lang='lat' dir='ltr'><strong>.mtimandu,</strong></span> <span class='ocrx_word' id='word_1_31' title='bbox 473 404 533 422; x_wconf 86' lang='lat' dir='ltr'><strong>cum</strong></span> <span class='ocrx_word' id='word_1_32' title='bbox 545 396 641 430; x_wconf 73' lang='lat' dir='ltr'><strong>quibus</strong></span> <span class='ocrx_word' id='word_1_33' title='bbox 658 395 731 422; x_wconf 82' lang='lat' dir='ltr'><strong>idem</strong></span> <span class='ocrx_word' id='word_1_34' title='bbox 742 395 856 422; x_wconf 71' lang='lat' dir='ltr'><strong>Sanctus</strong></span> <span class='ocrx_word' id='word_1_35' title='bbox 866 397 946 430; x_wconf 84' lang='lat' dir='ltr'><strong>atque</strong></span> <span class='ocrx_word' id='word_1_36' title='bbox 956 395 1033 422; x_wconf 77' lang='lat' dir='ltr'><strong>illus-</strong></span> 
     </span>
    </p>
   </div>
   <div class='ocr_carea' id='block_1_7' title="bbox 208 440 1033 475">
    <p class='ocr_par' dir='ltr' id='par_1_7' title="bbox 208 440 1033 475">
     <span class='ocr_line' id='line_1_7' title="bbox 208 440 1033 475; baseline -0.002 -7"><span class='ocrx_word' id='word_1_37' title='bbox 208 441 261 468; x_wconf 70' lang='lat' dir='ltr'><strong>tri:</strong></span> <span class='ocrx_word' id='word_1_38' title='bbox 277 441 358 467; x_wconf 83' lang='lat' dir='ltr'><strong>Pater</strong></span> <span class='ocrx_word' id='word_1_39' title='bbox 373 445 399 467; x_wconf 82' lang='lat' dir='ltr'><strong>et</strong></span> <span class='ocrx_word' id='word_1_40' title='bbox 413 441 520 474; x_wconf 79' lang='lat' dir='ltr'><strong>genitor</strong></span> <span class='ocrx_word' id='word_1_41' title='bbox 534 441 616 475; x_wconf 71' lang='lat' dir='ltr'><strong>degit,</strong></span> <span class='ocrx_word' id='word_1_42' title='bbox 634 440 711 466; x_wconf 84' lang='lat' dir='ltr'><strong>nullo</strong></span> <span class='ocrx_word' id='word_1_43' title='bbox 732 441 761 466; x_wconf 81' lang='lat' dir='ltr'><strong>in</strong></span> <span class='ocrx_word' id='word_1_44' title='bbox 777 440 869 474; x_wconf 75' lang='lat' dir='ltr'><strong>regnis</strong></span> <span class='ocrx_word' id='word_1_45' title='bbox 889 440 948 469; x_wconf 78' lang='lat' dir='ltr'><strong>eius</strong></span> <span class='ocrx_word' id='word_1_46' title='bbox 964 440 1033 466; x_wconf 71' lang='lat' dir='ltr'><strong>insi-</strong></span> 
     </span>
    </p>
   </div>
   <div class='ocr_carea' id='block_1_8' title="bbox 207 484 1035 519">
    <p class='ocr_par' dir='ltr' id='par_1_8' title="bbox 207 484 1035 519">
     <span class='ocr_line' id='line_1_8' title="bbox 207 484 1035 519; baseline -0.001 -8"><span class='ocrx_word' id='word_1_47' title='bbox 207 484 308 519; x_wconf 74' lang='lat' dir='ltr'><strong>gnibus</strong></span> <span class='ocrx_word' id='word_1_48' title='bbox 323 487 369 511; x_wconf 87' lang='lat' dir='ltr'><strong>aut</strong></span> <span class='ocrx_word' id='word_1_49' title='bbox 385 484 525 519; x_wconf 66' lang='lat' dir='ltr'><strong>indigenis</strong></span> <span class='ocrx_word' id='word_1_50' title='bbox 539 488 587 511; x_wconf 75' lang='lat' dir='ltr'><strong>aut</strong></span> <span class='ocrx_word' id='word_1_51' title='bbox 600 484 709 518; x_wconf 79' lang='lat' dir='ltr'><strong>inﬁrmo</strong></span> <span class='ocrx_word' id='word_1_52' title='bbox 725 484 879 511; x_wconf 78' lang='lat' dir='ltr'><strong>constituto.</strong></span> <span class='ocrx_word' id='word_1_53' title='bbox 891 484 931 511; x_wconf 84' lang='lat' dir='ltr'><strong>Ita</strong></span> <span class='ocrx_word' id='word_1_54' title='bbox 941 486 1035 511; x_wconf 85' lang='lat' dir='ltr'><strong>autem</strong></span> 
     </span>
    </p>
   </div>
   <div class='ocr_carea' id='block_1_9' title="bbox 207 528 1036 564">
    <p class='ocr_par' dir='ltr' id='par_1_9' title="bbox 207 528 1036 564">
     <span class='ocr_line' id='line_1_9' title="bbox 207 528 1036 564; baseline -0.001 -8"><span class='ocrx_word' id='word_1_55' title='bbox 207 529 326 564; x_wconf 69' lang='lat' dir='ltr'><strong>fundata</strong></span> <span class='ocrx_word' id='word_1_56' title='bbox 339 531 402 556; x_wconf 82' lang='lat' dir='ltr'><strong>sunt</strong></span> <span class='ocrx_word' id='word_1_57' title='bbox 413 529 537 564; x_wconf 75' lang='lat' dir='ltr'><strong>ejusdem</strong></span> <span class='ocrx_word' id='word_1_58' title='bbox 551 528 775 563; x_wconf 74' lang='lat' dir='ltr'><strong>splendidissima</strong></span> <span class='ocrx_word' id='word_1_59' title='bbox 789 536 877 562; x_wconf 84' lang='lat' dir='ltr'><strong>regna</strong></span> <span class='ocrx_word' id='word_1_60' title='bbox 896 536 981 563; x_wconf 72' lang='lat' dir='ltr'><strong>supra</strong></span> <span class='ocrx_word' id='word_1_61' title='bbox 995 528 1036 555; x_wconf 74' lang='lat' dir='ltr'><strong>lu-</strong></span> 
     </span>
    </p>
   </div>
   <div class='ocr_carea' id='block_1_10' title="bbox 208 572 1034 609">
    <p class='ocr_par' dir='ltr' id='par_1_10' title="bbox 208 572 1034 609">
     <span class='ocr_line' id='line_1_10' title="bbox 208 572 1034 609; baseline -0.001 -9"><span class='ocrx_word' id='word_1_62' title='bbox 208 573 299 601; x_wconf 85' lang='lat' dir='ltr'><strong>cidam</strong></span> <span class='ocrx_word' id='word_1_63' title='bbox 313 574 338 600; x_wconf 84' lang='lat' dir='ltr'><strong>et</strong></span> <span class='ocrx_word' id='word_1_64' title='bbox 355 573 460 600; x_wconf 78' lang='lat' dir='ltr'><strong>beatam</strong></span> <span class='ocrx_word' id='word_1_65' title='bbox 476 575 590 606; x_wconf 81' lang='lat' dir='ltr'><strong>terram,</strong></span> <span class='ocrx_word' id='word_1_66' title='bbox 609 574 636 599; x_wconf 86' lang='lat' dir='ltr'><strong>at</strong></span> <span class='ocrx_word' id='word_1_67' title='bbox 657 581 673 599; x_wconf 76' lang='grc' dir='ltr'><strong>(ι</strong></span> <span class='ocrx_word' id='word_1_68' title='bbox 685 572 763 599; x_wconf 85' lang='lat' dir='ltr'><strong>nullo</strong></span> <span class='ocrx_word' id='word_1_69' title='bbox 780 580 901 609; x_wconf 81' lang='lat' dir='ltr'><strong>unquam</strong></span> <span class='ocrx_word' id='word_1_70' title='bbox 914 575 963 600; x_wconf 67' lang='lat' dir='ltr'><strong>aut</strong></span> <span class='ocrx_word' id='word_1_71' title='bbox 977 580 1034 600; x_wconf 87' lang='lat' dir='ltr'><strong>mo-</strong></span> 
     </span>
    </p>
   </div>
   <div class='ocr_carea' id='block_1_11' title="bbox 207 618 580 653">
    <p class='ocr_par' dir='ltr' id='par_1_11' title="bbox 207 618 580 653">
     <span class='ocr_line' id='line_1_11' title="bbox 207 618 580 653; baseline -0.005 -7"><span class='ocrx_word' id='word_1_72' title='bbox 207 618 267 646; x_wconf 75' lang='lat' dir='ltr'><strong>veri</strong></span> <span class='ocrx_word' id='word_1_73' title='bbox 280 619 327 645; x_wconf 80' lang='lat' dir='ltr'><strong>aut</strong></span> <span class='ocrx_word' id='word_1_74' title='bbox 341 618 451 645; x_wconf 81' lang='lat' dir='ltr'><strong>concuti</strong></span> <span class='ocrx_word' id='word_1_75' title='bbox 465 618 580 653; x_wconf 76' lang='lat' dir='ltr'><strong>possint.</strong></span> 
     </span>
    </p>
   </div>
   <div class='ocr_carea' id='block_1_12' title="bbox 245 670 1034 706">
    <p class='ocr_par' dir='ltr' id='par_1_12' title="bbox 245 670 1034 706">
     <span class='ocr_line' id='line_1_12' title="bbox 245 670 1034 706; baseline 0 -8"><span class='ocrx_word' id='word_1_76' title='bbox 245 671 288 698; x_wconf 81' lang='grc'><strong>17.</strong></span> <span class='ocrx_word' id='word_1_77' title='bbox 306 672 371 698; x_wconf 68' lang='lat' dir='ltr'><strong>Haec</strong></span> <span class='ocrx_word' id='word_1_78' title='bbox 388 670 458 697; x_wconf 91' lang='lat' dir='ltr'><strong>mihi</strong></span> <span class='ocrx_word' id='word_1_79' title='bbox 475 671 550 697; x_wconf 81' lang='lat' dir='ltr'><strong>unde</strong></span> <span class='ocrx_word' id='word_1_80' title='bbox 565 670 740 706; x_wconf 69' lang='lat' dir='ltr'><strong>probaturus</strong></span> <span class='ocrx_word' id='word_1_81' title='bbox 761 673 814 704; x_wconf 89' lang='lat' dir='ltr'><strong>est,</strong></span> <span class='ocrx_word' id='word_1_82' title='bbox 831 672 882 698; x_wconf 86' lang='lat' dir='ltr'><strong>aut</strong></span> <span class='ocrx_word' id='word_1_83' title='bbox 898 670 957 698; x_wconf 62' lang='lat' dir='ltr'><strong>haec</strong></span> <span class='ocrx_word' id='word_1_84' title='bbox 972 670 1034 706; x_wconf 88' lang='lat' dir='ltr'><strong>ipse</strong></span> 
     </span>
    </p>
   </div>
   <div class='ocr_carea' id='block_1_13' title="bbox 209 714 1032 751">
    <p class='ocr_par' dir='ltr' id='par_1_13' title="bbox 209 714 1032 751">
     <span class='ocr_line' id='line_1_13' title="bbox 209 714 1032 751; baseline -0.001 -8"><span class='ocrx_word' id='word_1_85' title='bbox 209 715 287 743; x_wconf 88' lang='lat' dir='ltr'><strong>unde</strong></span> <span class='ocrx_word' id='word_1_86' title='bbox 303 715 459 751; x_wconf 81' lang='lat' dir='ltr'><strong>cognovit?</strong></span> <span class='ocrx_word' id='word_1_87' title='bbox 480 714 542 742; x_wconf 87' lang='lat' dir='ltr'>Noli</span> <span class='ocrx_word' id='word_1_88' title='bbox 560 723 605 742; x_wconf 89' lang='lat' dir='ltr'><strong>me</strong></span> <span class='ocrx_word' id='word_1_89' title='bbox 622 718 727 742; x_wconf 88' lang='lat' dir='ltr'><strong>terrere</strong></span> <span class='ocrx_word' id='word_1_90' title='bbox 748 714 887 742; x_wconf 78' lang='lat' dir='ltr'><strong>Paracleti</strong></span> <span class='ocrx_word' id='word_1_91' title='bbox 905 716 1032 743; x_wconf 86' lang='lat' dir='ltr'><strong>nomine.</strong></span> 
     </span>
    </p>
   </div>
   <div class='ocr_carea' id='block_1_14' title="bbox 207 759 1033 796">
    <p class='ocr_par' dir='ltr' id='par_1_14' title="bbox 207 759 1033 796">
     <span class='ocr_line' id='line_1_14' title="bbox 207 759 1033 796; baseline -0.001 -8"><span class='ocrx_word' id='word_1_92' title='bbox 207 760 316 795; x_wconf 88' lang='lat' dir='ltr'><strong>Primo,</strong></span> <span class='ocrx_word' id='word_1_93' title='bbox 328 759 397 795; x_wconf 86' lang='lat' dir='ltr'><strong>quia</strong></span> <span class='ocrx_word' id='word_1_94' title='bbox 415 768 470 787; x_wconf 89' lang='lat' dir='ltr'><strong>non</strong></span> <span class='ocrx_word' id='word_1_95' title='bbox 484 760 601 787; x_wconf 87' lang='lat' dir='ltr'><strong>credere</strong></span> <span class='ocrx_word' id='word_1_96' title='bbox 616 760 772 795; x_wconf 75' lang='lat' dir='ltr'><strong>incognita,</strong></span> <span class='ocrx_word' id='word_1_97' title='bbox 786 759 836 786; x_wconf 89' lang='lat' dir='ltr'><strong>sed</strong></span> <span class='ocrx_word' id='word_1_98' title='bbox 846 762 1033 796; x_wconf 83' lang='lat' dir='ltr'><strong>certacogno-</strong></span> 
     </span>
    </p>
   </div>
   <div class='ocr_carea' id='block_1_15' title="bbox 208 804 1031 839">
    <p class='ocr_par' dir='ltr' id='par_1_15' title="bbox 208 804 1031 839">
     <span class='ocr_line' id='line_1_15' title="bbox 208 804 1031 839; baseline -0.001 -6"><span class='ocrx_word' id='word_1_99' title='bbox 208 813 289 833; x_wconf 86' lang='lat' dir='ltr'><strong>scere</strong></span> <span class='ocrx_word' id='word_1_100' title='bbox 304 805 423 836; x_wconf 77' lang='lat' dir='ltr'><strong>accessi,</strong></span> <span class='ocrx_word' id='word_1_101' title='bbox 441 813 456 831; x_wconf 87' lang='lat' dir='ltr'><strong>a</strong></span> <span class='ocrx_word' id='word_1_102' title='bbox 468 805 547 832; x_wconf 81' lang='lat' dir='ltr'>vobis</span> <span class='ocrx_word' id='word_1_103' title='bbox 562 804 617 839; x_wconf 86' lang='lat' dir='ltr'><strong>ipsi</strong></span> <span class='ocrx_word' id='word_1_104' title='bbox 630 805 723 831; x_wconf 83' lang='lat' dir='ltr'><strong>factus</strong></span> <span class='ocrx_word' id='word_1_105' title='bbox 737 804 874 832; x_wconf 89' lang='lat' dir='ltr'><strong>timidior.</strong></span> <span class='ocrx_word' id='word_1_106' title='bbox 886 804 943 832; x_wconf 90' lang='lat' dir='ltr'><strong>Vos</strong></span> <span class='ocrx_word' id='word_1_107' title='bbox 954 804 1031 832; x_wconf 89' lang='lat' dir='ltr'><strong>enim</strong></span> 
     </span>
    </p>
   </div>
   <div class='ocr_carea' id='block_1_16' title="bbox 209 848 1032 884">
    <p class='ocr_par' dir='ltr' id='par_1_16' title="bbox 209 848 1032 884">
     <span class='ocr_line' id='line_1_16' title="bbox 209 848 1032 884; baseline -0.002 -7"><span class='ocrx_word' id='word_1_108' title='bbox 209 850 314 883; x_wconf 82' lang='lat' dir='ltr'><strong>nostis,</strong></span> <span class='ocrx_word' id='word_1_109' title='bbox 336 853 443 876; x_wconf 86' lang='lat' dir='ltr'><strong>temere</strong></span> <span class='ocrx_word' id='word_1_110' title='bbox 468 849 651 876; x_wconf 75' lang='lat' dir='ltr'><strong>credentibus</strong></span> <span class='ocrx_word' id='word_1_111' title='bbox 667 857 753 884; x_wconf 89' lang='lat' dir='ltr'><strong>quam</strong></span> <span class='ocrx_word' id='word_1_112' title='bbox 778 848 963 876; x_wconf 78' lang='lat' dir='ltr'><strong>vehementer</strong></span> <span class='ocrx_word' id='word_1_113' title='bbox 985 849 1032 876; x_wconf 85' lang='lat' dir='ltr'><strong>in-</strong></span> 
     </span>
    </p>
   </div>
   <div class='ocr_carea' id='block_1_17' title="bbox 209 892 1030 928">
    <p class='ocr_par' dir='ltr' id='par_1_17' title="bbox 209 892 1030 928">
     <span class='ocr_line' id='line_1_17' title="bbox 209 892 1030 928; baseline -0.001 -7"><span class='ocrx_word' id='word_1_114' title='bbox 209 893 318 922; x_wconf 79' lang='lat' dir='ltr'><strong>sultare</strong></span> <span class='ocrx_word' id='word_1_115' title='bbox 331 894 450 921; x_wconf 81' lang='lat' dir='ltr'><strong>soleatis</strong></span> <span class='ocrx_word' id='word_1_116' title='bbox 467 902 472 920; x_wconf 93' lang='lat'>:</span> <span class='ocrx_word' id='word_1_117' title='bbox 491 894 650 928; x_wconf 62' lang='lat' dir='ltr'><strong>praesertim</strong></span> <span class='ocrx_word' id='word_1_118' title='bbox 667 902 732 920; x_wconf 88' lang='lat' dir='ltr'><strong>cum</strong></span> <span class='ocrx_word' id='word_1_119' title='bbox 750 893 822 928; x_wconf 88' lang='lat' dir='ltr'><strong>ipse,</strong></span> <span class='ocrx_word' id='word_1_120' title='bbox 838 892 889 928; x_wconf 89' lang='lat' dir='ltr'><strong>qui</strong></span> <span class='ocrx_word' id='word_1_121' title='bbox 901 893 962 928; x_wconf 86' lang='lat' dir='ltr'><strong>jam</strong></span> <span class='ocrx_word' id='word_1_122' title='bbox 976 901 1030 920; x_wconf 73' lang='lat' dir='ltr'><strong>cm-</strong></span> 
     </span>
    </p>
   </div>
   <div class='ocr_carea' id='block_1_18' title="bbox 210 937 1030 975">
    <p class='ocr_par' dir='ltr' id='par_1_18' title="bbox 210 937 1030 975">
     <span class='ocr_line' id='line_1_18' title="bbox 210 937 1030 975; baseline -0.001 -9"><span class='ocrx_word' id='word_1_123' title='bbox 210 939 253 975; x_wconf 91' lang='lat' dir='ltr'><strong>pit</strong></span> <span class='ocrx_word' id='word_1_124' title='bbox 268 938 377 966; x_wconf 89' lang='lat' dir='ltr'><strong>incerta</strong></span> <span class='ocrx_word' id='word_1_125' title='bbox 394 946 522 973; x_wconf 84' lang='lat' dir='ltr'><strong>narrare,</strong></span> <span class='ocrx_word' id='word_1_126' title='bbox 537 938 653 973; x_wconf 81' lang='lat' dir='ltr'><strong>plenam</strong></span> <span class='ocrx_word' id='word_1_127' title='bbox 678 946 711 965; x_wconf 84' lang='lat' dir='ltr'><strong>ac</strong></span> <span class='ocrx_word' id='word_1_128' title='bbox 736 938 852 965; x_wconf 89' lang='lat' dir='ltr'><strong>ﬁrmam</strong></span> <span class='ocrx_word' id='word_1_129' title='bbox 878 937 1030 965; x_wconf 71' lang='lat' dir='ltr'><strong>scientiam</strong></span> 
     </span>
    </p>
   </div>
   <div class='ocr_carea' id='block_1_19' title="bbox 208 982 568 1019">
    <p class='ocr_par' dir='ltr' id='par_1_19' title="bbox 208 982 568 1019">
     <span class='ocr_line' id='line_1_19' title="bbox 208 982 568 1019; baseline 0 -9"><span class='ocrx_word' id='word_1_130' title='bbox 208 982 296 1019; x_wconf 86' lang='lat' dir='ltr'><strong>paulo</strong></span> <span class='ocrx_word' id='word_1_131' title='bbox 312 987 377 1010; x_wconf 89' lang='lat' dir='ltr'><strong>ante</strong></span> <span class='ocrx_word' id='word_1_132' title='bbox 393 982 568 1018; x_wconf 82' lang='lat' dir='ltr'><strong>promiserit.</strong></span> 
     </span>
    </p>
   </div>
   <div class='ocr_carea' id='block_1_20' title="bbox 245 1036 1029 1071">
    <p class='ocr_par' dir='ltr' id='par_1_20' title="bbox 245 1036 1029 1071">
     <span class='ocr_line' id='line_1_20' title="bbox 245 1036 1029 1071; baseline -0.003 -7"><span class='ocrx_word' id='word_1_133' title='bbox 245 1036 364 1065; x_wconf 83' lang='lat' dir='ltr'><strong>CAPUT</strong></span> <span class='ocrx_word' id='word_1_134' title='bbox 380 1036 490 1063; x_wconf 75' lang='lat' dir='ltr'><strong>XlV.—</strong></span> <span class='ocrx_word' id='word_1_135' title='bbox 499 1036 783 1063; x_wconf 79' lang='lat' dir='ltr'><strong>Pollicebalurrerum</strong></span> <span class='ocrx_word' id='word_1_136' title='bbox 795 1036 1029 1071; x_wconf 83' lang='lat' dir='ltr'><strong>certarumcogni-</strong></span> 
     </span>
    </p>
   </div>
   <div class='ocr_carea' id='block_1_21' title="bbox 209 1080 1029 1116">
    <p class='ocr_par' dir='ltr' id='par_1_21' title="bbox 209 1080 1029 1116">
     <span class='ocr_line' id='line_1_21' title="bbox 209 1080 1029 1116; baseline -0.001 -7"><span class='ocrx_word' id='word_1_137' title='bbox 209 1082 321 1116; x_wconf 78' lang='lat' dir='ltr'><strong>tionem,</strong></span> <span class='ocrx_word' id='word_1_138' title='bbox 337 1082 362 1108; x_wconf 83' lang='lat' dir='ltr'><strong>et</strong></span> <span class='ocrx_word' id='word_1_139' title='bbox 379 1082 499 1116; x_wconf 82' lang='lat' dir='ltr'><strong>imperat</strong></span> <span class='ocrx_word' id='word_1_140' title='bbox 515 1081 681 1108; x_wconf 81' lang='lat' dir='ltr'><strong>incertarum</strong></span> <span class='ocrx_word' id='word_1_141' title='bbox 706 1080 797 1114; x_wconf 82' lang='lat' dir='ltr'><strong>ﬁdem.</strong></span> <span class='ocrx_word' id='word_1_142' title='bbox 814 1080 933 1115; x_wconf 85' lang='lat' dir='ltr'><strong>Deinde,</strong></span> <span class='ocrx_word' id='word_1_143' title='bbox 958 1088 1029 1115; x_wconf 89' lang='lat' dir='ltr'><strong>quo-</strong></span> 
     </span>
    </p>
   </div>
   <div class='ocr_carea' id='block_1_22' title="bbox 209 1124 1030 1160">
    <p class='ocr_par' dir='ltr' id='par_1_22' title="bbox 209 1124 1030 1160">
     <span class='ocr_line' id='line_1_22' title="bbox 209 1124 1030 1160; baseline -0.002 -7"><span class='ocrx_word' id='word_1_144' title='bbox 209 1125 288 1153; x_wconf 88' lang='lat' dir='ltr'><strong>niam</strong></span> <span class='ocrx_word' id='word_1_145' title='bbox 305 1125 328 1152; x_wconf 88' lang='lat' dir='ltr'><strong>si</strong></span> <span class='ocrx_word' id='word_1_146' title='bbox 346 1125 416 1152; x_wconf 87' lang='lat' dir='ltr'><strong>mihi</strong></span> <span class='ocrx_word' id='word_1_147' title='bbox 434 1125 505 1152; x_wconf 87' lang='lat' dir='ltr'><strong>ﬁdes</strong></span> <span class='ocrx_word' id='word_1_148' title='bbox 517 1124 686 1160; x_wconf 82' lang='lat' dir='ltr'><strong>imperanda</strong></span> <span class='ocrx_word' id='word_1_149' title='bbox 697 1124 847 1160; x_wconf 80' lang='lat' dir='ltr'><strong>est,mngis</strong></span> <span class='ocrx_word' id='word_1_150' title='bbox 858 1132 904 1151; x_wconf 90' lang='lat' dir='ltr'><strong>me</strong></span> <span class='ocrx_word' id='word_1_151' title='bbox 920 1126 1030 1152; x_wconf 87' lang='lat' dir='ltr'><strong>teneret</strong></span> 
     </span>
    </p>
   </div>
   <div class='ocr_carea' id='block_1_23' title="bbox 207 1168 1028 1205">
    <p class='ocr_par' dir='ltr' id='par_1_23' title="bbox 207 1168 1028 1205">
     <span class='ocr_line' id='line_1_23' title="bbox 207 1168 1028 1205; baseline -0.001 -8"><span class='ocrx_word' id='word_1_152' title='bbox 207 1169 260 1197; x_wconf 84' lang='lat' dir='ltr'><strong>illa</strong></span> <span class='ocrx_word' id='word_1_153' title='bbox 274 1169 434 1205; x_wconf 79' lang='lat' dir='ltr'><strong>Scriptura,</strong></span> <span class='ocrx_word' id='word_1_154' title='bbox 452 1169 501 1196; x_wconf 89' lang='lat' dir='ltr'><strong>ubi</strong></span> <span class='ocrx_word' id='word_1_155' title='bbox 519 1168 593 1204; x_wconf 77' lang='lat' dir='ltr'><strong>lego,</strong></span> <span class='ocrx_word' id='word_1_156' title='bbox 606 1169 718 1196; x_wconf 83' lang='lat' dir='ltr'><strong>venisse</strong></span> <span class='ocrx_word' id='word_1_157' title='bbox 729 1169 870 1204; x_wconf 85' lang='lat' dir='ltr'><strong>Spiritum</strong></span> <span class='ocrx_word' id='word_1_158' title='bbox 880 1171 1028 1201; x_wconf 85' lang='lat' dir='ltr'><strong>sanctum,</strong></span> 
     </span>
    </p>
   </div>
   <div class='ocr_carea' id='block_1_24' title="bbox 205 1213 1027 1249">
    <p class='ocr_par' dir='ltr' id='par_1_24' title="bbox 205 1213 1027 1249">
     <span class='ocr_line' id='line_1_24' title="bbox 205 1213 1027 1249; baseline 0 -8"><span class='ocrx_word' id='word_1_159' title='bbox 205 1216 235 1242; x_wconf 79' lang='lat' dir='ltr'><strong>et</strong></span> <span class='ocrx_word' id='word_1_160' title='bbox 248 1214 401 1249; x_wconf 80' lang='lat' dir='ltr'><strong>Apostolos</strong></span> <span class='ocrx_word' id='word_1_161' title='bbox 418 1213 576 1248; x_wconf 79' lang='lat' dir='ltr'><strong>inspirasse</strong></span> <span class='ocrx_word' id='word_1_162' title='bbox 593 1214 662 1248; x_wconf 75' lang='lat' dir='ltr'><strong>(Act.</strong></span> <span class='ocrx_word' id='word_1_163' title='bbox 688 1221 719 1246; x_wconf 85' lang='lat' dir='ltr'><strong>Il,</strong></span> <span class='ocrx_word' id='word_1_164' title='bbox 738 1213 802 1248; x_wconf 75' lang='lat' dir='ltr'><strong>l--’i),</strong></span> <span class='ocrx_word' id='word_1_165' title='bbox 830 1213 936 1248; x_wconf 88' lang='lat' dir='ltr'><strong>quibus</strong></span> <span class='ocrx_word' id='word_1_166' title='bbox 961 1221 1027 1241; x_wconf 90' lang='lat' dir='ltr'><strong>eum</strong></span> 
     </span>
    </p>
   </div>
   <div class='ocr_carea' id='block_1_25' title="bbox 205 1257 1027 1293">
    <p class='ocr_par' dir='ltr' id='par_1_25' title="bbox 205 1257 1027 1293">
     <span class='ocr_line' id='line_1_25' title="bbox 205 1257 1027 1293; baseline -0.002 -7"><span class='ocrx_word' id='word_1_167' title='bbox 205 1258 348 1286; x_wconf 88' lang='lat' dir='ltr'><strong>Dominus</strong></span> <span class='ocrx_word' id='word_1_168' title='bbox 364 1266 394 1285; x_wconf 86' lang='lat' dir='ltr'><strong>se</strong></span> <span class='ocrx_word' id='word_1_169' title='bbox 410 1258 571 1285; x_wconf 85' lang='lat' dir='ltr'><strong>missurum</strong></span> <span class='ocrx_word' id='word_1_170' title='bbox 588 1266 651 1285; x_wconf 89' lang='lat' dir='ltr'><strong>esse</strong></span> <span class='ocrx_word' id='word_1_171' title='bbox 667 1257 840 1293; x_wconf 80' lang='lat' dir='ltr'><strong>promiserat</strong></span> <span class='ocrx_word' id='word_1_172' title='bbox 859 1258 946 1291; x_wconf 84' lang='lat' dir='ltr'><strong>(Joan.</strong></span> <span class='ocrx_word' id='word_1_173' title='bbox 970 1266 1027 1290; x_wconf 81' lang='lat' dir='ltr'><strong>XIV,</strong></span> 
     </span>
    </p>
   </div>
   <div class='ocr_carea' id='block_1_26' title="bbox 206 1301 1027 1338">
    <p class='ocr_par' dir='ltr' id='par_1_26' title="bbox 206 1301 1027 1338">
     <span class='ocr_line' id='line_1_26' title="bbox 206 1301 1027 1338; baseline -0.001 -8"><span class='ocrx_word' id='word_1_174' title='bbox 206 1302 249 1337; x_wconf 85' lang='grc'><strong>16,</strong></span> <span class='ocrx_word' id='word_1_175' title='bbox 265 1303 321 1337; x_wconf 82' lang='lat'><strong>26).</strong></span> <span class='ocrx_word' id='word_1_176' title='bbox 338 1303 527 1338; x_wconf 85' lang='lat' dir='ltr'><strong>Quapropter,</strong></span> <span class='ocrx_word' id='word_1_177' title='bbox 544 1305 593 1328; x_wconf 88' lang='lat' dir='ltr'><strong>aut</strong></span> <span class='ocrx_word' id='word_1_178' title='bbox 616 1310 649 1329; x_wconf 89' lang='lat' dir='ltr'><strong>ea</strong></span> <span class='ocrx_word' id='word_1_179' title='bbox 664 1310 726 1337; x_wconf 71' lang='lat' dir='ltr'><strong>qua:</strong></span> <span class='ocrx_word' id='word_1_180' title='bbox 750 1302 821 1328; x_wconf 81' lang='lat' dir='ltr'><strong>dicit</strong></span> <span class='ocrx_word' id='word_1_181' title='bbox 846 1301 936 1337; x_wconf 86' lang='lat' dir='ltr'><strong>proba</strong></span> <span class='ocrx_word' id='word_1_182' title='bbox 956 1302 1027 1329; x_wconf 89' lang='lat' dir='ltr'><strong>mihi</strong></span> 
     </span>
    </p>
   </div>
   <div class='ocr_carea' id='block_1_27' title="bbox 203 1347 1026 1382">
    <p class='ocr_par' dir='ltr' id='par_1_27' title="bbox 203 1347 1026 1382">
     <span class='ocr_line' id='line_1_27' title="bbox 203 1347 1026 1382; baseline 0 -8"><span class='ocrx_word' id='word_1_183' title='bbox 203 1355 271 1375; x_wconf 83' lang='lat' dir='ltr'><strong>vera</strong></span> <span class='ocrx_word' id='word_1_184' title='bbox 287 1355 360 1379; x_wconf 89' lang='lat' dir='ltr'><strong>esse,</strong></span> <span class='ocrx_word' id='word_1_185' title='bbox 375 1348 407 1373; x_wconf 90' lang='lat' dir='ltr'><strong>ut</strong></span> <span class='ocrx_word' id='word_1_186' title='bbox 422 1347 559 1374; x_wconf 82' lang='lat' dir='ltr'><strong>ostendas</strong></span> <span class='ocrx_word' id='word_1_187' title='bbox 582 1355 643 1382; x_wconf 77' lang='lat' dir='ltr'><strong>quze</strong></span> <span class='ocrx_word' id='word_1_188' title='bbox 663 1354 719 1373; x_wconf 86' lang='lat' dir='ltr'><strong>non</strong></span> <span class='ocrx_word' id='word_1_189' title='bbox 745 1354 864 1381; x_wconf 89' lang='lat' dir='ltr'><strong>possum</strong></span> <span class='ocrx_word' id='word_1_190' title='bbox 889 1347 1026 1380; x_wconf 80' lang='lat' dir='ltr'><strong>credere;</strong></span> 
     </span>
    </p>
   </div>
   <div class='ocr_carea' id='block_1_28' title="bbox 204 1391 1027 1427">
    <p class='ocr_par' dir='ltr' id='par_1_28' title="bbox 204 1391 1027 1427">
     <span class='ocr_line' id='line_1_28' title="bbox 204 1391 1027 1427; baseline 0 -8"><span class='ocrx_word' id='word_1_191' title='bbox 204 1394 255 1420; x_wconf 84' lang='lat' dir='ltr'><strong>aut</strong></span> <span class='ocrx_word' id='word_1_192' title='bbox 270 1400 337 1419; x_wconf 87' lang='lat' dir='ltr'><strong>eum</strong></span> <span class='ocrx_word' id='word_1_193' title='bbox 354 1391 403 1427; x_wconf 88' lang='lat' dir='ltr'><strong>qui</strong></span> <span class='ocrx_word' id='word_1_194' title='bbox 421 1391 501 1425; x_wconf 86' lang='lat' dir='ltr'><strong>dicit,</strong></span> <span class='ocrx_word' id='word_1_195' title='bbox 523 1391 614 1426; x_wconf 90' lang='lat' dir='ltr'><strong>proba</strong></span> <span class='ocrx_word' id='word_1_196' title='bbox 631 1391 701 1417; x_wconf 90' lang='lat' dir='ltr'><strong>mihi</strong></span> <span class='ocrx_word' id='word_1_197' title='bbox 726 1391 867 1426; x_wconf 88' lang='lat' dir='ltr'><strong>Spiritum</strong></span> <span class='ocrx_word' id='word_1_198' title='bbox 892 1394 1027 1419; x_wconf 87' lang='lat' dir='ltr'><strong>sanctum</strong></span> 
     </span>
    </p>
   </div>
   <div class='ocr_carea' id='block_1_29' title="bbox 204 1432 1027 1471">
    <p class='ocr_par' dir='ltr' id='par_1_29' title="bbox 204 1432 1027 1471">
     <span class='ocr_line' id='line_1_29' title="bbox 204 1432 1027 1471; baseline -0.002 -7"><span class='ocrx_word' id='word_1_199' title='bbox 204 1444 278 1468; x_wconf 83' lang='lat' dir='ltr'><strong>esse,</strong></span> <span class='ocrx_word' id='word_1_200' title='bbox 304 1438 336 1463; x_wconf 87' lang='lat' dir='ltr'><strong>ut</strong></span> <span class='ocrx_word' id='word_1_201' title='bbox 360 1436 475 1463; x_wconf 82' lang='lat' dir='ltr'><strong>credam</strong></span> <span class='ocrx_word' id='word_1_202' title='bbox 505 1444 568 1470; x_wconf 72' lang='lat' dir='ltr'><strong>qum</strong></span> <span class='ocrx_word' id='word_1_203' title='bbox 594 1444 649 1462; x_wconf 89' lang='lat' dir='ltr'><strong>non</strong></span> <span class='ocrx_word' id='word_1_204' title='bbox 675 1432 754 1470; x_wconf 80' lang='lat' dir='ltr'><strong>potes</strong></span> <span class='ocrx_word' id='word_1_205' title='bbox 783 1435 945 1463; x_wconf 79' lang='lat' dir='ltr'><strong>ostendere.</strong></span> <span class='ocrx_word' id='word_1_206' title='bbox 968 1436 1027 1471; x_wconf 83' lang='lat' dir='ltr'><strong>Ego</strong></span> 
     </span>
    </p>
   </div>
   <div class='ocr_carea' id='block_1_30' title="bbox 204 1479 1027 1515">
    <p class='ocr_par' dir='ltr' id='par_1_30' title="bbox 204 1479 1027 1515">
     <span class='ocr_line' id='line_1_30' title="bbox 204 1479 1027 1515; baseline -0.001 -7"><span class='ocrx_word' id='word_1_207' title='bbox 204 1488 333 1515; x_wconf 78' lang='lat' dir='ltr'><strong>namque</strong></span> <span class='ocrx_word' id='word_1_208' title='bbox 348 1480 521 1507; x_wconf 85' lang='lat' dir='ltr'><strong>catholicam</strong></span> <span class='ocrx_word' id='word_1_209' title='bbox 551 1480 635 1507; x_wconf 85' lang='lat' dir='ltr'><strong>ﬁdem</strong></span> <span class='ocrx_word' id='word_1_210' title='bbox 654 1480 799 1514; x_wconf 86' lang='lat' dir='ltr'><strong>proﬁteor,</strong></span> <span class='ocrx_word' id='word_1_211' title='bbox 823 1481 851 1507; x_wconf 87' lang='lat' dir='ltr'><strong>et</strong></span> <span class='ocrx_word' id='word_1_212' title='bbox 875 1488 926 1515; x_wconf 90' lang='lat' dir='ltr'><strong>per</strong></span> <span class='ocrx_word' id='word_1_213' title='bbox 946 1479 1027 1508; x_wconf 88' lang='lat' dir='ltr'><strong>illam</strong></span> 
     </span>
    </p>
   </div>
   <div class='ocr_carea' id='block_1_31' title="bbox 204 1524 1026 1560">
    <p class='ocr_par' dir='ltr' id='par_1_31' title="bbox 204 1524 1026 1560">
     <span class='ocr_line' id='line_1_31' title="bbox 204 1524 1026 1560; baseline 0 -8"><span class='ocrx_word' id='word_1_214' title='bbox 204 1532 252 1552; x_wconf 81' lang='lat' dir='ltr'><strong>me</strong></span> <span class='ocrx_word' id='word_1_215' title='bbox 267 1524 302 1552; x_wconf 87' lang='lat' dir='ltr'><strong>ad</strong></span> <span class='ocrx_word' id='word_1_216' title='bbox 318 1526 427 1551; x_wconf 87' lang='lat' dir='ltr'><strong>certam</strong></span> <span class='ocrx_word' id='word_1_217' title='bbox 445 1524 596 1551; x_wconf 81' lang='lat' dir='ltr'><strong>scientiam</strong></span> <span class='ocrx_word' id='word_1_218' title='bbox 619 1527 823 1560; x_wconf 85' lang='lat' dir='ltr'><strong>perventurum</strong></span> <span class='ocrx_word' id='word_1_219' title='bbox 839 1532 903 1552; x_wconf 87' lang='lat' dir='ltr'><strong>esse</strong></span> <span class='ocrx_word' id='word_1_220' title='bbox 918 1533 1026 1559; x_wconf 75' lang='lat' dir='ltr'><strong>prtesu-</strong></span> 
     </span>
    </p>
   </div>
   <div class='ocr_carea' id='block_1_32' title="bbox 204 1568 1026 1603">
    <p class='ocr_par' dir='ltr' id='par_1_32' title="bbox 204 1568 1026 1603">
     <span class='ocr_line' id='line_1_32' title="bbox 204 1568 1026 1603; baseline -0.001 -6"><span class='ocrx_word' id='word_1_221' title='bbox 204 1570 276 1603; x_wconf 51' lang='lat' dir='ltr'><strong>mo;:</strong></span> <span class='ocrx_word' id='word_1_222' title='bbox 293 1571 323 1596; x_wconf 90' lang='lat' dir='ltr'><strong>tu</strong></span> <span class='ocrx_word' id='word_1_223' title='bbox 340 1576 406 1596; x_wconf 84' lang='lat' dir='ltr'><strong>vero</strong></span> <span class='ocrx_word' id='word_1_224' title='bbox 423 1569 471 1603; x_wconf 89' lang='lat' dir='ltr'><strong>qui</strong></span> <span class='ocrx_word' id='word_1_225' title='bbox 488 1569 574 1595; x_wconf 87' lang='lat' dir='ltr'><strong>ﬁdem</strong></span> <span class='ocrx_word' id='word_1_226' title='bbox 592 1577 684 1596; x_wconf 84' lang='lat' dir='ltr'><strong>meam</strong></span> <span class='ocrx_word' id='word_1_227' title='bbox 708 1568 879 1596; x_wconf 81' lang='lat' dir='ltr'><strong>labefactere</strong></span> <span class='ocrx_word' id='word_1_228' title='bbox 902 1569 1026 1603; x_wconf 85' lang='lat' dir='ltr'><strong>conaris,</strong></span> 
     </span>
    </p>
   </div>
   <div class='ocr_carea' id='block_1_33' title="bbox 203 1613 1027 1649">
    <p class='ocr_par' dir='ltr' id='par_1_33' title="bbox 203 1613 1027 1649">
     <span class='ocr_line' id='line_1_33' title="bbox 203 1613 1027 1649; baseline -0.001 -7"><span class='ocrx_word' id='word_1_229' title='bbox 203 1615 312 1642; x_wconf 84' lang='lat' dir='ltr'><strong>certam</strong></span> <span class='ocrx_word' id='word_1_230' title='bbox 329 1613 468 1641; x_wconf 85' lang='lat' dir='ltr'><strong>scentiam</strong></span> <span class='ocrx_word' id='word_1_231' title='bbox 486 1614 577 1647; x_wconf 76' lang='lat' dir='ltr'><strong>trade,</strong></span> <span class='ocrx_word' id='word_1_232' title='bbox 594 1614 618 1640; x_wconf 84' lang='lat' dir='ltr'><strong>si</strong></span> <span class='ocrx_word' id='word_1_233' title='bbox 636 1615 716 1648; x_wconf 80' lang='lat' dir='ltr'><strong>potes</strong></span> <span class='ocrx_word' id='word_1_234' title='bbox 731 1622 736 1646; x_wconf 90' lang='lat'><strong>;</strong></span> <span class='ocrx_word' id='word_1_235' title='bbox 754 1616 786 1640; x_wconf 86' lang='lat' dir='ltr'><strong>ut</strong></span> <span class='ocrx_word' id='word_1_236' title='bbox 814 1613 843 1641; x_wconf 90' lang='lat' dir='ltr'><strong>id</strong></span> <span class='ocrx_word' id='word_1_237' title='bbox 873 1613 949 1649; x_wconf 90' lang='lat' dir='ltr'><strong>quod</strong></span> <span class='ocrx_word' id='word_1_238' title='bbox 969 1622 1027 1641; x_wconf 73' lang='lat' dir='ltr'><strong>cre~</strong></span> 
     </span>
    </p>
   </div>
   <div class='ocr_carea' id='block_1_34' title="bbox 203 1658 1028 1692">
    <p class='ocr_par' dir='ltr' id='par_1_34' title="bbox 203 1658 1028 1692">
     <span class='ocr_line' id='line_1_34' title="bbox 203 1658 1028 1692; baseline 0 -6"><span class='ocrx_word' id='word_1_239' title='bbox 203 1658 399 1692; x_wconf 88' lang='lat' dir='ltr'><strong>didi,temere</strong></span> <span class='ocrx_word' id='word_1_240' title='bbox 416 1666 462 1685; x_wconf 91' lang='lat' dir='ltr'><strong>me</strong></span> <span class='ocrx_word' id='word_1_241' title='bbox 490 1658 651 1685; x_wconf 84' lang='lat' dir='ltr'><strong>credidisse</strong></span> <span class='ocrx_word' id='word_1_242' title='bbox 676 1658 843 1685; x_wconf 83' lang='lat' dir='ltr'><strong>convincas.</strong></span> <span class='ocrx_word' id='word_1_243' title='bbox 876 1659 935 1686; x_wconf 91' lang='lat' dir='ltr'><strong>Duo</strong></span> <span class='ocrx_word' id='word_1_244' title='bbox 958 1661 1028 1686; x_wconf 90' lang='lat' dir='ltr'><strong>sunt</strong></span> 
     </span>
    </p>
   </div>
   <div class='ocr_carea' id='block_1_35' title="bbox 203 1702 1025 1738">
    <p class='ocr_par' dir='ltr' id='par_1_35' title="bbox 203 1702 1025 1738">
     <span class='ocr_line' id='line_1_35' title="bbox 203 1702 1025 1738; baseline 0 -8"><span class='ocrx_word' id='word_1_245' title='bbox 203 1710 267 1738; x_wconf 63' lang='lat' dir='ltr'><strong>quas</strong></span> <span class='ocrx_word' id='word_1_246' title='bbox 283 1702 355 1730; x_wconf 88' lang='lat' dir='ltr'><strong>mihi</strong></span> <span class='ocrx_word' id='word_1_247' title='bbox 374 1703 485 1738; x_wconf 83' lang='lat' dir='ltr'><strong>profers</strong></span> <span class='ocrx_word' id='word_1_248' title='bbox 504 1710 509 1729; x_wconf 88' lang='lat'>:</span> <span class='ocrx_word' id='word_1_249' title='bbox 528 1711 619 1729; x_wconf 90' lang='lat' dir='ltr'><strong>unum</strong></span> <span class='ocrx_word' id='word_1_250' title='bbox 635 1710 702 1730; x_wconf 92' lang='lat' dir='ltr'><strong>cum</strong></span> <span class='ocrx_word' id='word_1_251' title='bbox 720 1702 794 1729; x_wconf 87' lang='lat' dir='ltr'><strong>dicis</strong></span> <span class='ocrx_word' id='word_1_252' title='bbox 804 1702 946 1738; x_wconf 85' lang='lat' dir='ltr'><strong>Spiritum</strong></span> <span class='ocrx_word' id='word_1_253' title='bbox 958 1711 1025 1731; x_wconf 86' lang='lat' dir='ltr'><strong>san-</strong></span> 
     </span>
    </p>
   </div>
   <div class='ocr_carea' id='block_1_36' title="bbox 202 1746 1026 1782">
    <p class='ocr_par' dir='ltr' id='par_1_36' title="bbox 202 1746 1026 1782">
     <span class='ocr_line' id='line_1_36' title="bbox 202 1746 1026 1782; baseline 0 -8"><span class='ocrx_word' id='word_1_254' title='bbox 202 1749 282 1775; x_wconf 88' lang='lat' dir='ltr'><strong>ctum</strong></span> <span class='ocrx_word' id='word_1_255' title='bbox 298 1755 363 1774; x_wconf 85' lang='lat' dir='ltr'><strong>esse</strong></span> <span class='ocrx_word' id='word_1_256' title='bbox 379 1747 428 1782; x_wconf 88' lang='lat' dir='ltr'><strong>qui</strong></span> <span class='ocrx_word' id='word_1_257' title='bbox 447 1747 586 1782; x_wconf 88' lang='lat' dir='ltr'><strong>loquitur,</strong></span> <span class='ocrx_word' id='word_1_258' title='bbox 597 1749 625 1774; x_wconf 88' lang='lat' dir='ltr'><strong>et</strong></span> <span class='ocrx_word' id='word_1_259' title='bbox 637 1746 1026 1780; x_wconf 82' lang='lat' dir='ltr'><strong>alterum,cumdicismani-</strong></span> 
     </span>
    </p>
   </div>
   <div class='ocr_carea' id='block_1_37' title="bbox 203 1790 1028 1827">
    <p class='ocr_par' dir='ltr' id='par_1_37' title="bbox 203 1790 1028 1827">
     <span class='ocr_line' id='line_1_37' title="bbox 203 1790 1028 1827; baseline 0 -8"><span class='ocrx_word' id='word_1_260' title='bbox 203 1793 266 1819; x_wconf 85' lang='lat' dir='ltr'><strong>esta</strong></span> <span class='ocrx_word' id='word_1_261' title='bbox 281 1799 344 1818; x_wconf 88' lang='lat' dir='ltr'><strong>esse</strong></span> <span class='ocrx_word' id='word_1_262' title='bbox 361 1799 423 1827; x_wconf 68' lang='lat' dir='ltr'><strong>qua:</strong></span> <span class='ocrx_word' id='word_1_263' title='bbox 441 1790 579 1826; x_wconf 81' lang='lat' dir='ltr'><strong>loquitur.</strong></span> <span class='ocrx_word' id='word_1_264' title='bbox 604 1792 762 1826; x_wconf 86' lang='lat' dir='ltr'><strong>Utrumque</strong></span> <span class='ocrx_word' id='word_1_265' title='bbox 779 1791 831 1818; x_wconf 86' lang='lat' dir='ltr'><strong>abs</strong></span> <span class='ocrx_word' id='word_1_266' title='bbox 847 1793 873 1818; x_wconf 90' lang='lat' dir='ltr'><strong>te</strong></span> <span class='ocrx_word' id='word_1_267' title='bbox 888 1791 952 1819; x_wconf 87' lang='lat' dir='ltr'><strong>sine</strong></span> <span class='ocrx_word' id='word_1_268' title='bbox 968 1791 1028 1819; x_wconf 88' lang='lat' dir='ltr'><strong>ulla</strong></span> 
     </span>
    </p>
   </div>
   <div class='ocr_carea' id='block_1_38' title="bbox 203 1832 1026 1870">
    <p class='ocr_par' dir='ltr' id='par_1_38' title="bbox 203 1832 1026 1870">
     <span class='ocr_line' id='line_1_38' title="bbox 203 1832 1026 1870; baseline 0 -7"><span class='ocrx_word' id='word_1_269' title='bbox 203 1835 384 1863; x_wconf 83' lang='lat' dir='ltr'><strong>dubitatione</strong></span> <span class='ocrx_word' id='word_1_270' title='bbox 402 1844 574 1870; x_wconf 75' lang='lat' dir='ltr'><strong>cognoscere</strong></span> <span class='ocrx_word' id='word_1_271' title='bbox 591 1835 677 1862; x_wconf 88' lang='lat' dir='ltr'><strong>debui</strong></span> <span class='ocrx_word' id='word_1_272' title='bbox 688 1843 693 1862; x_wconf 90' lang='lat'>:</span> <span class='ocrx_word' id='word_1_273' title='bbox 703 1835 752 1862; x_wconf 90' lang='lat' dir='ltr'><strong>sed</strong></span> <span class='ocrx_word' id='word_1_274' title='bbox 765 1843 821 1862; x_wconf 92' lang='lat' dir='ltr'><strong>non</strong></span> <span class='ocrx_word' id='word_1_275' title='bbox 833 1843 899 1863; x_wconf 89' lang='lat' dir='ltr'><strong>sum</strong></span> <span class='ocrx_word' id='word_1_276' title='bbox 911 1832 1026 1869; x_wconf 83' lang='lat' dir='ltr'><strong>avarus;</strong></span> 
     </span>
    </p>
   </div>
   <div class='ocr_carea' id='block_1_39' title="bbox 206 1879 1027 1916">
    <p class='ocr_par' dir='ltr' id='par_1_39' title="bbox 206 1879 1027 1916">
     <span class='ocr_line' id='line_1_39' title="bbox 206 1879 1027 1916; baseline -0.001 -8"><span class='ocrx_word' id='word_1_277' title='bbox 206 1888 299 1908; x_wconf 88' lang='lat' dir='ltr'><strong>unum</strong></span> <span class='ocrx_word' id='word_1_278' title='bbox 318 1880 420 1907; x_wconf 91' lang='lat' dir='ltr'><strong>horum</strong></span> <span class='ocrx_word' id='word_1_279' title='bbox 438 1880 518 1907; x_wconf 91' lang='lat' dir='ltr'><strong>doce.</strong></span> <span class='ocrx_word' id='word_1_280' title='bbox 545 1880 670 1907; x_wconf 81' lang='lat' dir='ltr'><strong>Ostende</strong></span> <span class='ocrx_word' id='word_1_281' title='bbox 696 1879 773 1906; x_wconf 66' lang='lat' dir='ltr'><strong>hunc</strong></span> <span class='ocrx_word' id='word_1_282' title='bbox 793 1887 856 1907; x_wconf 82' lang='lat' dir='ltr'><strong>esse</strong></span> <span class='ocrx_word' id='word_1_283' title='bbox 884 1880 1027 1916; x_wconf 84' lang='lat' dir='ltr'><strong>Spiritum</strong></span> 
     </span>
    </p>
   </div>
   <div class='ocr_carea' id='block_1_40' title="bbox 204 1924 1026 1959">
    <p class='ocr_par' dir='ltr' id='par_1_40' title="bbox 204 1924 1026 1959">
     <span class='ocr_line' id='line_1_40' title="bbox 204 1924 1026 1959; baseline -0.001 -7"><span class='ocrx_word' id='word_1_284' title='bbox 204 1929 349 1958; x_wconf 77' lang='lat' dir='ltr'><strong>sanctum,</strong></span> <span class='ocrx_word' id='word_1_285' title='bbox 361 1926 390 1951; x_wconf 85' lang='lat' dir='ltr'><strong>et</strong></span> <span class='ocrx_word' id='word_1_286' title='bbox 405 1924 521 1951; x_wconf 78' lang='lat' dir='ltr'><strong>credam</strong></span> <span class='ocrx_word' id='word_1_287' title='bbox 535 1932 599 1950; x_wconf 87' lang='lat' dir='ltr'><strong>vera</strong></span> <span class='ocrx_word' id='word_1_288' title='bbox 616 1932 679 1951; x_wconf 84' lang='lat' dir='ltr'><strong>esse</strong></span> <span class='ocrx_word' id='word_1_289' title='bbox 695 1932 757 1959; x_wconf 69' lang='lat' dir='ltr'><strong>qua:</strong></span> <span class='ocrx_word' id='word_1_290' title='bbox 774 1924 854 1959; x_wconf 86' lang='lat' dir='ltr'><strong>dicit,</strong></span> <span class='ocrx_word' id='word_1_291' title='bbox 867 1927 894 1951; x_wconf 88' lang='lat' dir='ltr'><strong>et</strong></span> <span class='ocrx_word' id='word_1_292' title='bbox 910 1925 1026 1952; x_wconf 82' lang='lat' dir='ltr'><strong>credam</strong></span> 
     </span>
    </p>
   </div>
   <div class='ocr_carea' id='block_1_41' title="bbox 203 1968 1027 2004">
    <p class='ocr_par' dir='ltr' id='par_1_41' title="bbox 203 1968 1027 2004">
     <span class='ocr_line' id='line_1_41' title="bbox 203 1968 1027 2004; baseline 0 -8"><span class='ocrx_word' id='word_1_293' title='bbox 203 1969 344 2004; x_wconf 79' lang='lat' dir='ltr'><strong>Spiritum</strong></span> <span class='ocrx_word' id='word_1_294' title='bbox 361 1971 494 1995; x_wconf 83' lang='lat' dir='ltr'><strong>sanctum</strong></span> <span class='ocrx_word' id='word_1_295' title='bbox 512 1977 585 1999; x_wconf 85' lang='lat' dir='ltr'><strong>esse,</strong></span> <span class='ocrx_word' id='word_1_296' title='bbox 598 1969 712 1995; x_wconf 77' lang='lat' dir='ltr'><strong>etiamsi</strong></span> <span class='ocrx_word' id='word_1_297' title='bbox 727 1969 864 1995; x_wconf 83' lang='lat' dir='ltr'><strong>nescium.</strong></span> <span class='ocrx_word' id='word_1_298' title='bbox 878 1968 1027 2004; x_wconf 87' lang='lat' dir='ltr'><strong>Numquid</strong></span> 
     </span>
    </p>
   </div>
   <div class='ocr_carea' id='block_1_42' title="bbox 205 2012 1027 2048">
    <p class='ocr_par' dir='ltr' id='par_1_42' title="bbox 205 2012 1027 2048">
     <span class='ocr_line' id='line_1_42' title="bbox 205 2012 1027 2048; baseline -0.001 -7"><span class='ocrx_word' id='word_1_299' title='bbox 205 2013 318 2048; x_wconf 64' lang='lat' dir='ltr'><strong>aequius</strong></span> <span class='ocrx_word' id='word_1_300' title='bbox 334 2015 383 2040; x_wconf 88' lang='lat' dir='ltr'><strong>aut</strong></span> <span class='ocrx_word' id='word_1_301' title='bbox 398 2012 616 2040; x_wconf 84' lang='lat' dir='ltr'><strong>benevolentius</strong></span> <span class='ocrx_word' id='word_1_302' title='bbox 631 2015 727 2039; x_wconf 82' lang='lat' dir='ltr'><strong>tecum</strong></span> <span class='ocrx_word' id='word_1_303' title='bbox 743 2013 788 2048; x_wconf 83' lang='lat' dir='ltr'><strong>agi</strong></span> <span class='ocrx_word' id='word_1_304' title='bbox 803 2013 918 2048; x_wconf 82' lang='lat' dir='ltr'><strong>potest?</strong></span> <span class='ocrx_word' id='word_1_305' title='bbox 933 2013 987 2041; x_wconf 89' lang='lat' dir='ltr'><strong>Sed</strong></span> <span class='ocrx_word' id='word_1_306' title='bbox 995 2015 1027 2040; x_wconf 90' lang='lat' dir='ltr'><strong>tu</strong></span> 
     </span>
    </p>
   </div>
   <div class='ocr_carea' id='block_1_43' title="bbox 204 2056 1025 2085">
    <p class='ocr_par' dir='ltr' id='par_1_43' title="bbox 204 2056 1025 2085">
     <span class='ocr_line' id='line_1_43' title="bbox 204 2056 1025 2085; baseline 0 0"><span class='ocrx_word' id='word_1_307' title='bbox 204 2065 257 2085; x_wconf 86' lang='lat' dir='ltr'><strong>nec</strong></span> <span class='ocrx_word' id='word_1_308' title='bbox 273 2057 327 2085; x_wconf 90' lang='lat' dir='ltr'><strong>hoc</strong></span> <span class='ocrx_word' id='word_1_309' title='bbox 345 2065 396 2084; x_wconf 89' lang='lat' dir='ltr'><strong>nec</strong></span> <span class='ocrx_word' id='word_1_310' title='bbox 412 2056 483 2083; x_wconf 86' lang='lat' dir='ltr'><strong>illud</strong></span> <span class='ocrx_word' id='word_1_311' title='bbox 497 2056 573 2083; x_wconf 88' lang='lat' dir='ltr'><strong>vales</strong></span> <span class='ocrx_word' id='word_1_312' title='bbox 590 2057 752 2084; x_wconf 83' lang='lat' dir='ltr'><strong>ostendere.</strong></span> <span class='ocrx_word' id='word_1_313' title='bbox 770 2056 848 2084; x_wconf 88' lang='lat' dir='ltr'><strong>Nihil</strong></span> <span class='ocrx_word' id='word_1_314' title='bbox 865 2056 944 2084; x_wconf 82' lang='lat' dir='ltr'><strong>aliud</strong></span> <span class='ocrx_word' id='word_1_315' title='bbox 968 2057 1025 2085; x_wconf 90' lang='lat' dir='ltr'><strong>ele-</strong></span> 
     </span>
    </p>
   </div>
   <div class='ocr_carea' id='block_1_44' title="bbox 203 2100 1025 2138">
    <p class='ocr_par' dir='ltr' id='par_1_44' title="bbox 203 2100 1025 2138">
     <span class='ocr_line' id='line_1_44' title="bbox 203 2100 1025 2138; baseline 0 -9"><span class='ocrx_word' id='word_1_316' title='bbox 203 2101 283 2138; x_wconf 78' lang='lat' dir='ltr'><strong>gisti,</strong></span> <span class='ocrx_word' id='word_1_317' title='bbox 300 2101 356 2129; x_wconf 89' lang='lat' dir='ltr'><strong>nisi</strong></span> <span class='ocrx_word' id='word_1_318' title='bbox 386 2100 506 2128; x_wconf 85' lang='lat' dir='ltr'><strong>laudare</strong></span> <span class='ocrx_word' id='word_1_319' title='bbox 535 2101 612 2136; x_wconf 91' lang='lat' dir='ltr'><strong>quod</strong></span> <span class='ocrx_word' id='word_1_320' title='bbox 637 2101 740 2134; x_wconf 86' lang='lat' dir='ltr'><strong>credis,</strong></span> <span class='ocrx_word' id='word_1_321' title='bbox 765 2104 792 2128; x_wconf 89' lang='lat' dir='ltr'><strong>et</strong></span> <span class='ocrx_word' id='word_1_322' title='bbox 814 2101 933 2129; x_wconf 84' lang='lat' dir='ltr'><strong>irridere</strong></span> <span class='ocrx_word' id='word_1_323' title='bbox 949 2102 1025 2137; x_wconf 89' lang='lat' dir='ltr'><strong>quod</strong></span> 
     </span>
    </p>
   </div>
   <div class='ocr_carea' id='block_1_45' title="bbox 203 2145 1025 2181">
    <p class='ocr_par' dir='ltr' id='par_1_45' title="bbox 203 2145 1025 2181">
     <span class='ocr_line' id='line_1_45' title="bbox 203 2145 1025 2181; baseline 0 -7"><span class='ocrx_word' id='word_1_324' title='bbox 203 2146 374 2174; x_wconf 83' lang='lat' dir='ltr'><strong>credo.Cum</strong></span> <span class='ocrx_word' id='word_1_325' title='bbox 387 2146 474 2181; x_wconf 82' lang='lat' dir='ltr'><strong>igitur</strong></span> <span class='ocrx_word' id='word_1_326' title='bbox 486 2146 573 2173; x_wconf 85' lang='lat' dir='ltr'><strong>etiam</strong></span> <span class='ocrx_word' id='word_1_327' title='bbox 586 2154 636 2180; x_wconf 82' lang='lat' dir='ltr'><strong>ego</strong></span> <span class='ocrx_word' id='word_1_328' title='bbox 647 2145 775 2173; x_wconf 83' lang='lat' dir='ltr'><strong>vicissim</strong></span> <span class='ocrx_word' id='word_1_329' title='bbox 788 2146 941 2173; x_wconf 86' lang='lat' dir='ltr'><strong>laudavero</strong></span> <span class='ocrx_word' id='word_1_330' title='bbox 950 2147 1025 2181; x_wconf 91' lang='lat' dir='ltr'><strong>quod</strong></span> 
     </span>
    </p>
   </div>
   <div class='ocr_carea' id='block_1_46' title="bbox 203 2190 1027 2226">
    <p class='ocr_par' dir='ltr' id='par_1_46' title="bbox 203 2190 1027 2226">
     <span class='ocr_line' id='line_1_46' title="bbox 203 2190 1027 2226; baseline 0.001 -8"><span class='ocrx_word' id='word_1_331' title='bbox 203 2190 301 2222; x_wconf 82' lang='lat' dir='ltr'><strong>credo,</strong></span> <span class='ocrx_word' id='word_1_332' title='bbox 318 2192 346 2217; x_wconf 89' lang='lat' dir='ltr'><strong>et</strong></span> <span class='ocrx_word' id='word_1_333' title='bbox 361 2191 436 2226; x_wconf 90' lang='lat' dir='ltr'><strong>quod</strong></span> <span class='ocrx_word' id='word_1_334' title='bbox 460 2190 554 2217; x_wconf 88' lang='lat' dir='ltr'><strong>credis</strong></span> <span class='ocrx_word' id='word_1_335' title='bbox 578 2190 713 2223; x_wconf 83' lang='lat' dir='ltr'><strong>irrisero;</strong></span> <span class='ocrx_word' id='word_1_336' title='bbox 739 2190 808 2225; x_wconf 87' lang='lat' dir='ltr'><strong>quid</strong></span> <span class='ocrx_word' id='word_1_337' title='bbox 834 2192 918 2226; x_wconf 88' lang='lat' dir='ltr'><strong>putas</strong></span> <span class='ocrx_word' id='word_1_338' title='bbox 943 2190 1027 2219; x_wconf 90' lang='lat' dir='ltr'><strong>nobis</strong></span> 
     </span>
    </p>
   </div>
   <div class='ocr_carea' id='block_1_47' title="bbox 203 2234 1025 2270">
    <p class='ocr_par' dir='ltr' id='par_1_47' title="bbox 203 2234 1025 2270">
     <span class='ocr_line' id='line_1_47' title="bbox 203 2234 1025 2270; baseline 0.001 -8"><span class='ocrx_word' id='word_1_339' title='bbox 203 2242 268 2262; x_wconf 81' lang='lat' dir='ltr'><strong>esse</strong></span> <span class='ocrx_word' id='word_1_340' title='bbox 279 2235 601 2270; x_wconf 87' lang='lat' dir='ltr'><strong>judicandum,quidve</strong></span> <span class='ocrx_word' id='word_1_341' title='bbox 614 2234 779 2262; x_wconf 89' lang='lat' dir='ltr'><strong>faciendum</strong></span> <span class='ocrx_word' id='word_1_342' title='bbox 795 2235 851 2262; x_wconf 89' lang='lat' dir='ltr'><strong>nisi</strong></span> <span class='ocrx_word' id='word_1_343' title='bbox 869 2236 901 2262; x_wconf 88' lang='lat' dir='ltr'><strong>ut</strong></span> <span class='ocrx_word' id='word_1_344' title='bbox 914 2243 963 2263; x_wconf 85' lang='lat' dir='ltr'><strong>eos</strong></span> <span class='ocrx_word' id='word_1_345' title='bbox 979 2244 1025 2263; x_wconf 87' lang='lat' dir='ltr'><strong>re-</strong></span> 
     </span>
    </p>
   </div>
   <div class='ocr_carea' id='block_1_48' title="bbox 205 2278 1027 2314">
    <p class='ocr_par' dir='ltr' id='par_1_48' title="bbox 205 2278 1027 2314">
     <span class='ocr_line' id='line_1_48' title="bbox 205 2278 1027 2314; baseline 0.002 -8"><span class='ocrx_word' id='word_1_346' title='bbox 205 2278 386 2314; x_wconf 85' lang='lat' dir='ltr'><strong>linquamus,</strong></span> <span class='ocrx_word' id='word_1_347' title='bbox 403 2279 451 2314; x_wconf 90' lang='lat' dir='ltr'><strong>qui</strong></span> <span class='ocrx_word' id='word_1_348' title='bbox 471 2288 522 2307; x_wconf 88' lang='lat' dir='ltr'><strong>nos</strong></span> <span class='ocrx_word' id='word_1_349' title='bbox 540 2279 664 2306; x_wconf 86' lang='lat' dir='ltr'><strong>invitant</strong></span> <span class='ocrx_word' id='word_1_350' title='bbox 687 2281 765 2306; x_wconf 85' lang='lat' dir='ltr'><strong>certa</strong></span> <span class='ocrx_word' id='word_1_351' title='bbox 785 2286 969 2314; x_wconf 86' lang='lat' dir='ltr'><strong>cognoscere,</strong></span> <span class='ocrx_word' id='word_1_352' title='bbox 999 2282 1027 2308; x_wconf 88' lang='lat' dir='ltr'><strong>et</strong></span> 
     </span>
    </p>
   </div>
   <div class='ocr_carea' id='block_1_49' title="bbox 205 2323 1025 2360">
    <p class='ocr_par' dir='ltr' id='par_1_49' title="bbox 205 2323 1025 2360">
     <span class='ocr_line' id='line_1_49' title="bbox 205 2323 1025 2360; baseline 0.001 -9"><span class='ocrx_word' id='word_1_353' title='bbox 205 2326 306 2360; x_wconf 83' lang='lat' dir='ltr'><strong>postea</strong></span> <span class='ocrx_word' id='word_1_354' title='bbox 320 2325 465 2359; x_wconf 81' lang='lat' dir='ltr'><strong>imperant</strong></span> <span class='ocrx_word' id='word_1_355' title='bbox 480 2326 511 2350; x_wconf 87' lang='lat' dir='ltr'><strong>ut</strong></span> <span class='ocrx_word' id='word_1_356' title='bbox 525 2324 632 2351; x_wconf 89' lang='lat' dir='ltr'><strong>incerta</strong></span> <span class='ocrx_word' id='word_1_357' title='bbox 643 2323 796 2350; x_wconf 86' lang='lat' dir='ltr'><strong>credamus</strong></span> <span class='ocrx_word' id='word_1_358' title='bbox 807 2336 813 2356; x_wconf 84' lang='lat'><strong>;</strong></span> <span class='ocrx_word' id='word_1_359' title='bbox 824 2325 851 2350; x_wconf 87' lang='lat' dir='ltr'><strong>et</strong></span> <span class='ocrx_word' id='word_1_360' title='bbox 863 2331 911 2351; x_wconf 87' lang='lat' dir='ltr'><strong>eos</strong></span> <span class='ocrx_word' id='word_1_361' title='bbox 923 2332 1025 2358; x_wconf 87' lang='lat' dir='ltr'><strong>sequa-</strong></span> 
     </span>
    </p>
   </div>
   <div class='ocr_carea' id='block_1_50' title="bbox 204 2368 1026 2404">
    <p class='ocr_par' dir='ltr' id='par_1_50' title="bbox 204 2368 1026 2404">
     <span class='ocr_line' id='line_1_50' title="bbox 204 2368 1026 2404; baseline -0.001 -7"><span class='ocrx_word' id='word_1_362' title='bbox 204 2376 280 2402; x_wconf 85' lang='lat' dir='ltr'><strong>mur,</strong></span> <span class='ocrx_word' id='word_1_363' title='bbox 296 2369 346 2404; x_wconf 88' lang='lat' dir='ltr'><strong>qui</strong></span> <span class='ocrx_word' id='word_1_364' title='bbox 364 2376 415 2396; x_wconf 90' lang='lat' dir='ltr'><strong>nos</strong></span> <span class='ocrx_word' id='word_1_365' title='bbox 432 2368 554 2395; x_wconf 85' lang='lat' dir='ltr'><strong>invitant</strong></span> <span class='ocrx_word' id='word_1_366' title='bbox 569 2369 649 2403; x_wconf 88' lang='lat' dir='ltr'><strong>prius</strong></span> <span class='ocrx_word' id='word_1_367' title='bbox 664 2368 788 2401; x_wconf 86' lang='lat' dir='ltr'><strong>credere,</strong></span> <span class='ocrx_word' id='word_1_368' title='bbox 807 2368 882 2403; x_wconf 91' lang='lat' dir='ltr'><strong>quod</strong></span> <span class='ocrx_word' id='word_1_369' title='bbox 895 2369 1026 2396; x_wconf 91' lang='lat' dir='ltr'><strong>nondum</strong></span> 
     </span>
    </p>
   </div>
   <div class='ocr_carea' id='block_1_51' title="bbox 204 2411 1025 2448">
    <p class='ocr_par' dir='ltr' id='par_1_51' title="bbox 204 2411 1025 2448">
     <span class='ocr_line' id='line_1_51' title="bbox 204 2411 1025 2448; baseline 0 -7"><span class='ocrx_word' id='word_1_370' title='bbox 204 2412 338 2442; x_wconf 87' lang='lat' dir='ltr'><strong>valemus</strong></span> <span class='ocrx_word' id='word_1_371' title='bbox 349 2412 467 2444; x_wconf 84' lang='lat' dir='ltr'><strong>intueri,</strong></span> <span class='ocrx_word' id='word_1_372' title='bbox 480 2415 511 2440; x_wconf 89' lang='lat' dir='ltr'><strong>ut</strong></span> <span class='ocrx_word' id='word_1_373' title='bbox 528 2413 591 2448; x_wconf 80' lang='lat' dir='ltr'><strong>ipsa</strong></span> <span class='ocrx_word' id='word_1_374' title='bbox 607 2412 662 2439; x_wconf 89' lang='lat' dir='ltr'><strong>ﬁde</strong></span> <span class='ocrx_word' id='word_1_375' title='bbox 672 2411 843 2440; x_wconf 81' lang='lat' dir='ltr'><strong>valentiores</strong></span> <span class='ocrx_word' id='word_1_376' title='bbox 859 2413 936 2447; x_wconf 82' lang='lat' dir='ltr'><strong>facti,</strong></span> <span class='ocrx_word' id='word_1_377' title='bbox 949 2414 1025 2448; x_wconf 88' lang='lat' dir='ltr'><strong>quod</strong></span> 
     </span>
    </p>
   </div>
   <div class='ocr_carea' id='block_1_52' title="bbox 203 2456 1025 2492">
    <p class='ocr_par' dir='ltr' id='par_1_52' title="bbox 203 2456 1025 2492">
     <span class='ocr_line' id='line_1_52' title="bbox 203 2456 1025 2492; baseline -0.001 -6"><span class='ocrx_word' id='word_1_378' title='bbox 203 2457 349 2486; x_wconf 86' lang='lat' dir='ltr'><strong>credimus</strong></span> <span class='ocrx_word' id='word_1_379' title='bbox 358 2457 519 2492; x_wconf 84' lang='lat' dir='ltr'><strong>intelligere</strong></span> <span class='ocrx_word' id='word_1_380' title='bbox 531 2457 833 2492; x_wconf 81' lang='lat' dir='ltr'><strong>mereamur,nonjam</strong></span> <span class='ocrx_word' id='word_1_381' title='bbox 844 2456 1025 2485; x_wconf 89' lang='lat' dir='ltr'><strong>hominibus.</strong></span> 
     </span>
    </p>
   </div>
   <div class='ocr_carea' id='block_1_53' title="bbox 204 2500 1025 2538">
    <p class='ocr_par' dir='ltr' id='par_1_53' title="bbox 204 2500 1025 2538">
     <span class='ocr_line' id='line_1_53' title="bbox 204 2500 1025 2538; baseline -0.001 -8"><span class='ocrx_word' id='word_1_382' title='bbox 204 2502 255 2530; x_wconf 78' lang='lat' dir='ltr'><strong>sed</strong></span> <span class='ocrx_word' id='word_1_383' title='bbox 271 2501 334 2538; x_wconf 88' lang='lat' dir='ltr'><strong>ipso</strong></span> <span class='ocrx_word' id='word_1_384' title='bbox 351 2501 408 2529; x_wconf 91' lang='lat' dir='ltr'><strong>Deo</strong></span> <span class='ocrx_word' id='word_1_385' title='bbox 423 2500 599 2528; x_wconf 84' lang='lat' dir='ltr'><strong>intrinsecus</strong></span> <span class='ocrx_word' id='word_1_386' title='bbox 616 2506 742 2528; x_wconf 87' lang='lat' dir='ltr'><strong>mentem</strong></span> <span class='ocrx_word' id='word_1_387' title='bbox 761 2503 891 2529; x_wconf 85' lang='lat' dir='ltr'><strong>nostram</strong></span> <span class='ocrx_word' id='word_1_388' title='bbox 916 2501 1025 2529; x_wconf 88' lang='lat' dir='ltr'><strong>illumi-</strong></span> 
     </span>
    </p>
   </div>
   <div class='ocr_carea' id='block_1_54' title="bbox 202 2545 566 2582">
    <p class='ocr_par' dir='ltr' id='par_1_54' title="bbox 202 2545 566 2582">
     <span class='ocr_line' id='line_1_54' title="bbox 202 2545 566 2582; baseline -0.005 -8"><span class='ocrx_word' id='word_1_389' title='bbox 202 2548 291 2574; x_wconf 82' lang='lat' dir='ltr'><strong>nante</strong></span> <span class='ocrx_word' id='word_1_390' title='bbox 306 2548 392 2582; x_wconf 85' lang='lat' dir='ltr'><strong>atque</strong></span> <span class='ocrx_word' id='word_1_391' title='bbox 407 2546 542 2573; x_wconf 84' lang='lat' dir='ltr'><strong>ﬁrmante</strong></span> <span class='ocrx_word' id='word_1_392' title='bbox 552 2545 566 2572; x_wconf 84' lang='lat'><strong>?</strong></span> 
     </span>
    </p>
   </div>
   <div class='ocr_carea' id='block_1_55' title="bbox 241 2598 1026 2634">
    <p class='ocr_par' dir='ltr' id='par_1_55' title="bbox 241 2598 1026 2634">
     <span class='ocr_line' id='line_1_55' title="bbox 241 2598 1026 2634; baseline 0 -8"><span class='ocrx_word' id='word_1_393' title='bbox 241 2598 280 2626; x_wconf 80' lang='lat'><strong>[8.</strong></span> <span class='ocrx_word' id='word_1_394' title='bbox 295 2599 330 2626; x_wconf 87' lang='lat' dir='ltr'><strong>Et</strong></span> <span class='ocrx_word' id='word_1_395' title='bbox 345 2598 482 2634; x_wconf 90' lang='lat' dir='ltr'><strong>quoniam</strong></span> <span class='ocrx_word' id='word_1_396' title='bbox 499 2598 617 2634; x_wconf 63' lang='lat' dir='ltr'><strong>quiesivi</strong></span> <span class='ocrx_word' id='word_1_397' title='bbox 634 2598 710 2626; x_wconf 89' lang='lat' dir='ltr'><strong>unde</strong></span> <span class='ocrx_word' id='word_1_398' title='bbox 724 2598 795 2625; x_wconf 88' lang='lat' dir='ltr'><strong>mihi</strong></span> <span class='ocrx_word' id='word_1_399' title='bbox 814 2598 925 2634; x_wconf 85' lang='lat' dir='ltr'><strong>probet,</strong></span> <span class='ocrx_word' id='word_1_400' title='bbox 948 2608 1026 2627; x_wconf 89' lang='lat' dir='ltr'><strong>nunc</strong></span> 
     </span>
    </p>
   </div>
   <div class='ocr_carea' id='block_1_56' title="bbox 201 2643 1024 2679">
    <p class='ocr_par' dir='ltr' id='par_1_56' title="bbox 201 2643 1024 2679">
     <span class='ocr_line' id='line_1_56' title="bbox 201 2643 1024 2679; baseline 0.002 -9"><span class='ocrx_word' id='word_1_401' title='bbox 201 2650 298 2679; x_wconf 62' lang='lat' dir='ltr'><strong>quam</strong></span> <span class='ocrx_word' id='word_1_402' title='bbox 315 2643 391 2671; x_wconf 85' lang='lat' dir='ltr'><strong>unde</strong></span> <span class='ocrx_word' id='word_1_403' title='bbox 408 2643 469 2679; x_wconf 84' lang='lat' dir='ltr'><strong>ipse</strong></span> <span class='ocrx_word' id='word_1_404' title='bbox 484 2643 660 2679; x_wconf 83' lang='lat' dir='ltr'><strong>cognoverit.</strong></span> <span class='ocrx_word' id='word_1_405' title='bbox 673 2643 701 2670; x_wconf 88' lang='lat' dir='ltr'><strong>Si</strong></span> <span class='ocrx_word' id='word_1_406' title='bbox 713 2643 784 2670; x_wconf 80' lang='lat' dir='ltr'><strong>dicit</strong></span> <span class='ocrx_word' id='word_1_407' title='bbox 798 2643 852 2670; x_wconf 86' lang='lat' dir='ltr'><strong>sibi</strong></span> <span class='ocrx_word' id='word_1_408' title='bbox 868 2651 931 2671; x_wconf 88' lang='lat' dir='ltr'><strong>esse</strong></span> <span class='ocrx_word' id='word_1_409' title='bbox 947 2652 1024 2672; x_wconf 87' lang='lat' dir='ltr'><strong>reve-</strong></span> 
     </span>
    </p>
   </div>
   <div class='ocr_carea' id='block_1_57' title="bbox 200 2686 1025 2723">
    <p class='ocr_par' dir='ltr' id='par_1_57' title="bbox 200 2686 1025 2723">
     <span class='ocr_line' id='line_1_57' title="bbox 200 2686 1025 2723; baseline 0 -8"><span class='ocrx_word' id='word_1_410' title='bbox 200 2686 293 2716; x_wconf 83' lang='lat' dir='ltr'><strong>latum</strong></span> <span class='ocrx_word' id='word_1_411' title='bbox 309 2695 326 2714; x_wconf 83' lang='lat' dir='ltr'><strong>a</strong></span> <span class='ocrx_word' id='word_1_412' title='bbox 340 2688 447 2723; x_wconf 85' lang='lat' dir='ltr'><strong>Spiritu</strong></span> <span class='ocrx_word' id='word_1_413' title='bbox 459 2691 568 2720; x_wconf 80' lang='lat' dir='ltr'><strong>sancto,</strong></span> <span class='ocrx_word' id='word_1_414' title='bbox 585 2695 726 2722; x_wconf 79' lang='lat' dir='ltr'><strong>suamque</strong></span> <span class='ocrx_word' id='word_1_415' title='bbox 740 2689 868 2714; x_wconf 85' lang='lat' dir='ltr'><strong>mentem</strong></span> <span class='ocrx_word' id='word_1_416' title='bbox 885 2688 1025 2716; x_wconf 88' lang='lat' dir='ltr'><strong>divinitus</strong></span> 
     </span>
    </p>
   </div>
   <div class='ocr_carea' id='block_1_58' title="bbox 201 2731 1023 2768">
    <p class='ocr_par' dir='ltr' id='par_1_58' title="bbox 201 2731 1023 2768">
     <span class='ocr_line' id='line_1_58' title="bbox 201 2731 1023 2768; baseline 0 -9"><span class='ocrx_word' id='word_1_417' title='bbox 201 2731 389 2766; x_wconf 73' lang='lat' dir='ltr'><strong>illustratum,</strong></span> <span class='ocrx_word' id='word_1_418' title='bbox 403 2735 434 2759; x_wconf 89' lang='lat' dir='ltr'><strong>ut</strong></span> <span class='ocrx_word' id='word_1_419' title='bbox 450 2740 483 2759; x_wconf 83' lang='lat' dir='ltr'><strong>ea</strong></span> <span class='ocrx_word' id='word_1_420' title='bbox 495 2741 558 2768; x_wconf 69' lang='lat' dir='ltr'><strong>qua:</strong></span> <span class='ocrx_word' id='word_1_421' title='bbox 571 2732 653 2768; x_wconf 85' lang='lat' dir='ltr'><strong>dicit,</strong></span> <span class='ocrx_word' id='word_1_422' title='bbox 665 2734 743 2760; x_wconf 83' lang='lat' dir='ltr'><strong>certa</strong></span> <span class='ocrx_word' id='word_1_423' title='bbox 758 2733 786 2759; x_wconf 88' lang='lat' dir='ltr'><strong>et</strong></span> <span class='ocrx_word' id='word_1_424' title='bbox 798 2731 952 2759; x_wconf 85' lang='lat' dir='ltr'><strong>manifesta</strong></span> <span class='ocrx_word' id='word_1_425' title='bbox 977 2741 1023 2760; x_wconf 90' lang='lat' dir='ltr'><strong>co-</strong></span> 
     </span>
    </p>
   </div>
   <div class='ocr_carea' id='block_1_59' title="bbox 201 2776 1022 2813">
    <p class='ocr_par' dir='ltr' id='par_1_59' title="bbox 201 2776 1022 2813">
     <span class='ocr_line' id='line_1_59' title="bbox 201 2776 1022 2813; baseline 0.001 -10"><span class='ocrx_word' id='word_1_426' title='bbox 201 2778 364 2812; x_wconf 79' lang='lat' dir='ltr'><strong>gnosceret;</strong></span> <span class='ocrx_word' id='word_1_427' title='bbox 378 2777 439 2811; x_wconf 84' lang='lat' dir='ltr'><strong>ipse</strong></span> <span class='ocrx_word' id='word_1_428' title='bbox 455 2777 600 2813; x_wconf 84' lang='lat' dir='ltr'><strong>signiﬁcat</strong></span> <span class='ocrx_word' id='word_1_429' title='bbox 615 2777 684 2812; x_wconf 89' lang='lat' dir='ltr'><strong>quid</strong></span> <span class='ocrx_word' id='word_1_430' title='bbox 697 2777 810 2804; x_wconf 86' lang='lat' dir='ltr'><strong>intersit</strong></span> <span class='ocrx_word' id='word_1_431' title='bbox 826 2776 901 2803; x_wconf 86' lang='lat' dir='ltr'><strong>inter</strong></span> <span class='ocrx_word' id='word_1_432' title='bbox 917 2785 1022 2812; x_wconf 80' lang='lat' dir='ltr'><strong>cogno-</strong></span> 
     </span>
    </p>
   </div>
   <div class='ocr_carea' id='block_1_60' title="bbox 201 2819 1023 2858">
    <p class='ocr_par' dir='ltr' id='par_1_60' title="bbox 201 2819 1023 2858">
     <span class='ocr_line' id='line_1_60' title="bbox 201 2819 1023 2858; baseline -0.001 -8"><span class='ocrx_word' id='word_1_433' title='bbox 201 2820 600 2856; x_wconf 76' lang='lat' dir='ltr'><strong>scerootcrsderstssonim</strong></span> <span class='ocrx_word' id='word_1_434' title='bbox 612 2821 771 2858; x_wconf 88' lang='lat' dir='ltr'><strong>cognsocit,</strong></span> <span class='ocrx_word' id='word_1_435' title='bbox 781 2819 826 2849; x_wconf 89' lang='lat' dir='ltr'><strong>cui</strong></span> <span class='ocrx_word' id='word_1_436' title='bbox 841 2820 1023 2857; x_wconf 83' lang='lat' dir='ltr'><strong>apertissima</strong></span> 
     </span>
    </p>
   </div>
   <div class='ocr_carea' id='block_1_61' title="bbox 199 2865 1021 2902">
    <p class='ocr_par' dir='ltr' id='par_1_61' title="bbox 199 2865 1021 2902">
     <span class='ocr_line' id='line_1_61' title="bbox 199 2865 1021 2902; baseline -0.001 -7"><span class='ocrx_word' id='word_1_437' title='bbox 199 2865 258 2895; x_wconf 74' lang='lat' dir='ltr'><strong>ista</strong></span> <span class='ocrx_word' id='word_1_438' title='bbox 269 2866 486 2895; x_wconf 78' lang='lat' dir='ltr'><strong>monstrantur:</strong></span> <span class='ocrx_word' id='word_1_439' title='bbox 494 2865 536 2894; x_wconf 86' lang='lat' dir='ltr'><strong>eis</strong></span> <span class='ocrx_word' id='word_1_440' title='bbox 546 2868 645 2896; x_wconf 85' lang='lat' dir='ltr'><strong>autem</strong></span> <span class='ocrx_word' id='word_1_441' title='bbox 656 2866 765 2902; x_wconf 87' lang='lat' dir='ltr'><strong>quibus</strong></span> <span class='ocrx_word' id='word_1_442' title='bbox 774 2865 834 2895; x_wconf 70' lang='lat' dir='ltr'><strong>hac</strong></span> <span class='ocrx_word' id='word_1_443' title='bbox 843 2868 951 2902; x_wconf 81' lang='lat' dir='ltr'><strong>narrat,</strong></span> <span class='ocrx_word' id='word_1_444' title='bbox 963 2873 1021 2894; x_wconf 90' lang='lat' dir='ltr'><strong>non</strong></span> 
     </span>
    </p>
   </div>
   <div class='ocr_carea' id='block_1_62' title="bbox 47 2884 594 3053">
    <p class='ocr_par' dir='ltr' id='par_1_62' title="bbox 47 2884 594 2895">
     <span class='ocr_line' id='line_1_62' title="bbox 47 2884 594 2895; baseline 0.004 -2"><span class='ocrx_word' id='word_1_445' title='bbox 47 2884 53 2893; x_wconf 63' lang='grc' dir='ltr'><em>π</em></span> <span class='ocrx_word' id='word_1_446' title='bbox 199 2884 258 2895; x_wconf 63' lang='grc' dir='ltr'><strong>ιυη</strong></span> <span class='ocrx_word' id='word_1_447' title='bbox 269 2884 468 2895; x_wconf 62' lang='grc' dir='ltr'><strong>ωυιιιδυιαιιυυι</strong></span> <span class='ocrx_word' id='word_1_448' title='bbox 478 2886 485 2894; x_wconf 77' lang='grc' dir='ltr'>ι</span> <span class='ocrx_word' id='word_1_449' title='bbox 494 2884 536 2894; x_wconf 71' lang='lat' dir='ltr'><strong>vlo</strong></span> <span class='ocrx_word' id='word_1_450' title='bbox 546 2884 594 2895; x_wconf 64' lang='lat' dir='ltr'><strong>nul</strong></span> 
     </span>
    </p>
   </div>
   <div class='ocr_carea' id='block_1_63' title="bbox 595 148 1533 187">
    <p class='ocr_par' dir='ltr' id='par_1_63' title="bbox 595 148 1533 187">
     <span class='ocr_line' id='line_1_63' title="bbox 595 148 1533 187; baseline 0 -7"><span class='ocrx_word' id='word_1_451' title='bbox 595 150 752 180; x_wconf 80' lang='lat' dir='ltr'><strong>CONTRA</strong></span> <span class='ocrx_word' id='word_1_452' title='bbox 775 149 998 180; x_wconf 83' lang='lat' dir='ltr'><strong>EPISTOLAM</strong></span> <span class='ocrx_word' id='word_1_453' title='bbox 1021 149 1239 187; x_wconf 62' lang='lat' dir='ltr'><strong>MANICHIEI,</strong></span> <span class='ocrx_word' id='word_1_454' title='bbox 1263 152 1295 179; x_wconf 87' lang='lat' dir='ltr'><strong>S.</strong></span> <span class='ocrx_word' id='word_1_455' title='bbox 1317 148 1533 180; x_wconf 86' lang='lat' dir='ltr'><strong>AUGUSTINI</strong></span> 
     </span>
    </p>
   </div>
   <div class='ocr_carea' id='block_1_64' title="bbox 1842 153 1894 183">
    <p class='ocr_par' dir='ltr' id='par_1_64' title="bbox 1842 153 1894 183">
     <span class='ocr_line' id='line_1_64' title="bbox 1842 153 1894 183; baseline 0.038 -2"><span class='ocrx_word' id='word_1_456' title='bbox 1842 153 1894 183; x_wconf 82' lang='grc'><strong>184</strong></span> 
     </span>
    </p>
   </div>
   <div class='ocr_carea' id='block_1_65' title="bbox 1090 214 1894 251">
    <p class='ocr_par' dir='ltr' id='par_1_65' title="bbox 1090 214 1894 251">
     <span class='ocr_line' id='line_1_65' title="bbox 1090 214 1894 251; baseline 0.001 -9"><span class='ocrx_word' id='word_1_457' title='bbox 1090 215 1285 251; x_wconf 81' lang='lat' dir='ltr'><strong>cognitionem</strong></span> <span class='ocrx_word' id='word_1_458' title='bbox 1301 215 1442 250; x_wconf 83' lang='lat' dir='ltr'><strong>insinuat,</strong></span> <span class='ocrx_word' id='word_1_459' title='bbox 1460 215 1509 243; x_wconf 84' lang='lat' dir='ltr'><strong>sed</strong></span> <span class='ocrx_word' id='word_1_460' title='bbox 1525 214 1723 243; x_wconf 82' lang='lat' dir='ltr'><strong>credulitatem</strong></span> <span class='ocrx_word' id='word_1_461' title='bbox 1736 217 1842 245; x_wconf 84' lang='lat' dir='ltr'><strong>suadet.</strong></span> <span class='ocrx_word' id='word_1_462' title='bbox 1850 216 1894 246; x_wconf 85' lang='lat' dir='ltr'><strong>Cui</strong></span> 
     </span>
    </p>
   </div>
   <div class='ocr_carea' id='block_1_66' title="bbox 1090 260 1895 296">
    <p class='ocr_par' dir='ltr' id='par_1_66' title="bbox 1090 260 1895 296">
     <span class='ocr_line' id='line_1_66' title="bbox 1090 260 1895 296; baseline 0.002 -9"><span class='ocrx_word' id='word_1_463' title='bbox 1090 260 1224 295; x_wconf 87' lang='lat' dir='ltr'><strong>quisquis</strong></span> <span class='ocrx_word' id='word_1_464' title='bbox 1240 263 1347 287; x_wconf 89' lang='lat' dir='ltr'><strong>temere</strong></span> <span class='ocrx_word' id='word_1_465' title='bbox 1363 260 1556 293; x_wconf 87' lang='lat' dir='ltr'><strong>consenserit,</strong></span> <span class='ocrx_word' id='word_1_466' title='bbox 1574 260 1747 287; x_wconf 69' lang='lat' dir='ltr'><strong>Manichacus</strong></span> <span class='ocrx_word' id='word_1_467' title='bbox 1762 261 1895 296; x_wconf 85' lang='lat' dir='ltr'><strong>efﬁcitur;</strong></span> 
     </span>
    </p>
   </div>
   <div class='ocr_carea' id='block_1_67' title="bbox 1090 304 1896 341">
    <p class='ocr_par' dir='ltr' id='par_1_67' title="bbox 1090 304 1896 341">
     <span class='ocr_line' id='line_1_67' title="bbox 1090 304 1896 341; baseline 0.002 -10"><span class='ocrx_word' id='word_1_468' title='bbox 1090 313 1147 332; x_wconf 91' lang='lat' dir='ltr'><strong>non</strong></span> <span class='ocrx_word' id='word_1_469' title='bbox 1166 309 1242 332; x_wconf 83' lang='lat' dir='ltr'><strong>certa</strong></span> <span class='ocrx_word' id='word_1_470' title='bbox 1257 305 1470 340; x_wconf 81' lang='lat' dir='ltr'><strong>cognoscendo,</strong></span> <span class='ocrx_word' id='word_1_471' title='bbox 1487 304 1537 331; x_wconf 89' lang='lat' dir='ltr'><strong>sed</strong></span> <span class='ocrx_word' id='word_1_472' title='bbox 1548 304 1657 332; x_wconf 85' lang='lat' dir='ltr'><strong>incerta</strong></span> <span class='ocrx_word' id='word_1_473' title='bbox 1673 304 1825 338; x_wconf 80' lang='lat' dir='ltr'><strong>credendo;</strong></span> <span class='ocrx_word' id='word_1_474' title='bbox 1836 314 1896 341; x_wconf 88' lang='lat' dir='ltr'><strong>qua-</strong></span> 
     </span>
    </p>
   </div>
   <div class='ocr_carea' id='block_1_68' title="bbox 1089 347 1894 385">
    <p class='ocr_par' dir='ltr' id='par_1_68' title="bbox 1089 347 1894 385">
     <span class='ocr_line' id='line_1_68' title="bbox 1089 347 1894 385; baseline 0.002 -10"><span class='ocrx_word' id='word_1_475' title='bbox 1089 347 1130 376; x_wconf 85' lang='lat' dir='ltr'><strong>les</strong></span> <span class='ocrx_word' id='word_1_476' title='bbox 1147 357 1199 376; x_wconf 91' lang='lat' dir='ltr'><strong>nos</strong></span> <span class='ocrx_word' id='word_1_477' title='bbox 1216 349 1367 384; x_wconf 87' lang='lat' dir='ltr'><strong>imperitos</strong></span> <span class='ocrx_word' id='word_1_478' title='bbox 1377 348 1609 376; x_wconf 85' lang='lat' dir='ltr'><strong>adolescentulos</strong></span> <span class='ocrx_word' id='word_1_479' title='bbox 1622 348 1774 383; x_wconf 84' lang='lat' dir='ltr'><strong>aliquando</strong></span> <span class='ocrx_word' id='word_1_480' title='bbox 1784 349 1894 385; x_wconf 86' lang='lat' dir='ltr'><strong>decepit.</strong></span> 
     </span>
    </p>
   </div>
   <div class='ocr_carea' id='block_1_69' title="bbox 1089 392 1897 429">
    <p class='ocr_par' dir='ltr' id='par_1_69' title="bbox 1089 392 1897 429">
     <span class='ocr_line' id='line_1_69' title="bbox 1089 392 1897 429; baseline 0.001 -9"><span class='ocrx_word' id='word_1_481' title='bbox 1089 392 1196 420; x_wconf 88' lang='lat' dir='ltr'><strong>Debuit</strong></span> <span class='ocrx_word' id='word_1_482' title='bbox 1209 401 1276 429; x_wconf 84' lang='lat' dir='ltr'><strong>ergo</strong></span> <span class='ocrx_word' id='word_1_483' title='bbox 1299 401 1356 420; x_wconf 91' lang='lat' dir='ltr'><strong>non</strong></span> <span class='ocrx_word' id='word_1_484' title='bbox 1374 393 1457 420; x_wconf 89' lang='lat' dir='ltr'><strong>nobis</strong></span> <span class='ocrx_word' id='word_1_485' title='bbox 1481 392 1608 428; x_wconf 89' lang='lat' dir='ltr'><strong>polliceri</strong></span> <span class='ocrx_word' id='word_1_486' title='bbox 1634 393 1792 426; x_wconf 86' lang='lat' dir='ltr'><strong>scientiam,</strong></span> <span class='ocrx_word' id='word_1_487' title='bbox 1813 401 1897 429; x_wconf 80' lang='lat' dir='ltr'><strong>neque</strong></span> 
     </span>
    </p>
   </div>
   <div class='ocr_carea' id='block_1_70' title="bbox 1089 437 1898 473">
    <p class='ocr_par' dir='ltr' id='par_1_70' title="bbox 1089 437 1898 473">
     <span class='ocr_line' id='line_1_70' title="bbox 1089 437 1898 473; baseline 0.001 -9"><span class='ocrx_word' id='word_1_488' title='bbox 1089 437 1274 464; x_wconf 83' lang='lat' dir='ltr'><strong>manifestam</strong></span> <span class='ocrx_word' id='word_1_489' title='bbox 1308 437 1515 473; x_wconf 86' lang='lat' dir='ltr'><strong>cognitionem,</strong></span> <span class='ocrx_word' id='word_1_490' title='bbox 1542 445 1636 472; x_wconf 90' lang='lat' dir='ltr'><strong>neque</strong></span> <span class='ocrx_word' id='word_1_491' title='bbox 1661 437 1695 464; x_wconf 84' lang='lat' dir='ltr'><strong>ad</strong></span> <span class='ocrx_word' id='word_1_492' title='bbox 1717 437 1745 464; x_wconf 92' lang='lat' dir='ltr'><strong>id</strong></span> <span class='ocrx_word' id='word_1_493' title='bbox 1771 437 1898 472; x_wconf 67' lang='lat' dir='ltr'><strong>quaeritur</strong></span> 
     </span>
    </p>
   </div>
   <div class='ocr_carea' id='block_1_71' title="bbox 1092 480 1899 517">
    <p class='ocr_par' dir='ltr' id='par_1_71' title="bbox 1092 480 1899 517">
     <span class='ocr_line' id='line_1_71' title="bbox 1092 480 1899 517; baseline 0 -9"><span class='ocrx_word' id='word_1_494' title='bbox 1092 480 1155 509; x_wconf 87' lang='lat' dir='ltr'><strong>sine</strong></span> <span class='ocrx_word' id='word_1_495' title='bbox 1172 481 1230 509; x_wconf 87' lang='lat' dir='ltr'><strong>ulla</strong></span> <span class='ocrx_word' id='word_1_496' title='bbox 1245 482 1434 517; x_wconf 86' lang='lat' dir='ltr'><strong>ambiguitate</strong></span> <span class='ocrx_word' id='word_1_497' title='bbox 1450 481 1681 517; x_wconf 84' lang='lat' dir='ltr'><strong>perventionem;</strong></span> <span class='ocrx_word' id='word_1_498' title='bbox 1698 481 1746 508; x_wconf 87' lang='lat' dir='ltr'><strong>sed</strong></span> <span class='ocrx_word' id='word_1_499' title='bbox 1757 481 1846 509; x_wconf 83' lang='lat' dir='ltr'><strong>dicere</strong></span> <span class='ocrx_word' id='word_1_500' title='bbox 1857 490 1899 517; x_wconf 88' lang='lat' dir='ltr'><strong>po-</strong></span> 
     </span>
    </p>
   </div>
   <div class='ocr_carea' id='block_1_72' title="bbox 1091 525 1899 561">
    <p class='ocr_par' dir='ltr' id='par_1_72' title="bbox 1091 525 1899 561">
     <span class='ocr_line' id='line_1_72' title="bbox 1091 525 1899 561; baseline 0.002 -9"><span class='ocrx_word' id='word_1_501' title='bbox 1091 525 1149 553; x_wconf 84' lang='lat' dir='ltr'><strong>tius</strong></span> <span class='ocrx_word' id='word_1_502' title='bbox 1165 526 1220 553; x_wconf 86' lang='lat' dir='ltr'><strong>sibi</strong></span> <span class='ocrx_word' id='word_1_503' title='bbox 1237 526 1294 553; x_wconf 86' lang='lat' dir='ltr'><strong>ista</strong></span> <span class='ocrx_word' id='word_1_504' title='bbox 1310 534 1373 554; x_wconf 89' lang='lat' dir='ltr'><strong>esse</strong></span> <span class='ocrx_word' id='word_1_505' title='bbox 1396 528 1568 560; x_wconf 85' lang='lat' dir='ltr'><strong>monstrata,</strong></span> <span class='ocrx_word' id='word_1_506' title='bbox 1595 525 1660 553; x_wconf 89' lang='lat' dir='ltr'><strong>illos</strong></span> <span class='ocrx_word' id='word_1_507' title='bbox 1685 528 1779 553; x_wconf 82' lang='lat' dir='ltr'><strong>autem</strong></span> <span class='ocrx_word' id='word_1_508' title='bbox 1802 526 1899 561; x_wconf 85' lang='lat' dir='ltr'><strong>quibus</strong></span> 
     </span>
    </p>
   </div>
   <div class='ocr_carea' id='block_1_73' title="bbox 1090 569 1899 606">
    <p class='ocr_par' dir='ltr' id='par_1_73' title="bbox 1090 569 1899 606">
     <span class='ocr_line' id='line_1_73' title="bbox 1090 569 1899 606; baseline 0 -9"><span class='ocrx_word' id='word_1_509' title='bbox 1090 573 1247 597; x_wconf 85' lang='lat' dir='ltr'><strong>narrantur</strong></span> <span class='ocrx_word' id='word_1_510' title='bbox 1257 571 1373 598; x_wconf 86' lang='lat' dir='ltr'><strong>credere</strong></span> <span class='ocrx_word' id='word_1_511' title='bbox 1390 570 1446 598; x_wconf 90' lang='lat' dir='ltr'><strong>sibi</strong></span> <span class='ocrx_word' id='word_1_512' title='bbox 1463 570 1568 598; x_wconf 84' lang='lat' dir='ltr'><strong>debere</strong></span> <span class='ocrx_word' id='word_1_513' title='bbox 1580 578 1642 606; x_wconf 78' lang='lat' dir='ltr'><strong>quas</strong></span> <span class='ocrx_word' id='word_1_514' title='bbox 1660 569 1800 597; x_wconf 85' lang='lat' dir='ltr'><strong>nesciunt.</strong></span> <span class='ocrx_word' id='word_1_515' title='bbox 1816 570 1868 598; x_wconf 84' lang='lat' dir='ltr'><strong>Sed</strong></span> <span class='ocrx_word' id='word_1_516' title='bbox 1878 570 1899 598; x_wconf 89' lang='lat' dir='ltr'><strong>si</strong></span> 
     </span>
    </p>
   </div>
   <div class='ocr_carea' id='block_1_74' title="bbox 1090 613 1902 651">
    <p class='ocr_par' dir='ltr' id='par_1_74' title="bbox 1090 613 1902 651">
     <span class='ocr_line' id='line_1_74' title="bbox 1090 613 1902 651; baseline 0 -9"><span class='ocrx_word' id='word_1_517' title='bbox 1090 614 1143 642; x_wconf 90' lang='lat' dir='ltr'><strong>hoc</strong></span> <span class='ocrx_word' id='word_1_518' title='bbox 1158 614 1276 650; x_wconf 81' lang='lat' dir='ltr'><strong>diceret,</strong></span> <span class='ocrx_word' id='word_1_519' title='bbox 1292 615 1359 651; x_wconf 89' lang='lat' dir='ltr'><strong>quis</strong></span> <span class='ocrx_word' id='word_1_520' title='bbox 1377 623 1432 642; x_wconf 89' lang='lat' dir='ltr'><strong>non</strong></span> <span class='ocrx_word' id='word_1_521' title='bbox 1449 615 1477 642; x_wconf 86' lang='lat' dir='ltr'><strong>ei</strong></span> <span class='ocrx_word' id='word_1_522' title='bbox 1493 615 1691 650; x_wconf 86' lang='lat' dir='ltr'><strong>responderet.</strong></span> <span class='ocrx_word' id='word_1_523' title='bbox 1708 614 1737 642; x_wconf 89' lang='lat' dir='ltr'><strong>Si</strong></span> <span class='ocrx_word' id='word_1_524' title='bbox 1753 622 1818 650; x_wconf 85' lang='lat' dir='ltr'><strong>ergo</strong></span> <span class='ocrx_word' id='word_1_525' title='bbox 1832 613 1902 642; x_wconf 90' lang='lat' dir='ltr'><strong>inco-</strong></span> 
     </span>
    </p>
   </div>
   <div class='ocr_carea' id='block_1_75' title="bbox 1088 659 1901 695">
    <p class='ocr_par' dir='ltr' id='par_1_75' title="bbox 1088 659 1901 695">
     <span class='ocr_line' id='line_1_75' title="bbox 1088 659 1901 695; baseline 0 -9"><span class='ocrx_word' id='word_1_526' title='bbox 1088 659 1169 694; x_wconf 81' lang='lat' dir='ltr'><strong>gnita</strong></span> <span class='ocrx_word' id='word_1_527' title='bbox 1185 659 1349 687; x_wconf 87' lang='lat' dir='ltr'><strong>crediturus</strong></span> <span class='ocrx_word' id='word_1_528' title='bbox 1365 668 1443 693; x_wconf 89' lang='lat' dir='ltr'><strong>sum,</strong></span> <span class='ocrx_word' id='word_1_529' title='bbox 1459 668 1512 687; x_wconf 89' lang='lat' dir='ltr'><strong>cur</strong></span> <span class='ocrx_word' id='word_1_530' title='bbox 1536 668 1593 687; x_wconf 92' lang='lat' dir='ltr'><strong>non</strong></span> <span class='ocrx_word' id='word_1_531' title='bbox 1609 668 1641 687; x_wconf 82' lang='lat' dir='ltr'><strong>ea</strong></span> <span class='ocrx_word' id='word_1_532' title='bbox 1665 659 1761 695; x_wconf 86' lang='lat' dir='ltr'><strong>potius</strong></span> <span class='ocrx_word' id='word_1_533' title='bbox 1785 659 1901 693; x_wconf 83' lang='lat' dir='ltr'><strong>credam,</strong></span> 
     </span>
    </p>
   </div>
   <div class='ocr_carea' id='block_1_76' title="bbox 1089 703 1903 739">
    <p class='ocr_par' dir='ltr' id='par_1_76' title="bbox 1089 703 1903 739">
     <span class='ocr_line' id='line_1_76' title="bbox 1089 703 1903 739; baseline 0 -8"><span class='ocrx_word' id='word_1_534' title='bbox 1089 711 1153 739; x_wconf 74' lang='lat' dir='ltr'><strong>quae</strong></span> <span class='ocrx_word' id='word_1_535' title='bbox 1167 704 1226 738; x_wconf 86' lang='lat' dir='ltr'><strong>jam</strong></span> <span class='ocrx_word' id='word_1_536' title='bbox 1244 703 1436 732; x_wconf 88' lang='lat' dir='ltr'><strong>consensione</strong></span> <span class='ocrx_word' id='word_1_537' title='bbox 1446 703 1595 731; x_wconf 88' lang='lat' dir='ltr'><strong>doctorum</strong></span> <span class='ocrx_word' id='word_1_538' title='bbox 1608 704 1847 738; x_wconf 87' lang='lat' dir='ltr'><strong>indoctorumque</strong></span> <span class='ocrx_word' id='word_1_539' title='bbox 1862 711 1903 731; x_wconf 80' lang='lat' dir='ltr'><strong>ce-</strong></span> 
     </span>
    </p>
   </div>
   <div class='ocr_carea' id='block_1_77' title="bbox 1088 747 1902 784">
    <p class='ocr_par' dir='ltr' id='par_1_77' title="bbox 1088 747 1902 784">
     <span class='ocr_line' id='line_1_77' title="bbox 1088 747 1902 784; baseline 0 -10"><span class='ocrx_word' id='word_1_540' title='bbox 1088 748 1249 781; x_wconf 89' lang='lat' dir='ltr'><strong>lebrantur,</strong></span> <span class='ocrx_word' id='word_1_541' title='bbox 1266 757 1316 784; x_wconf 89' lang='lat' dir='ltr'><strong>per</strong></span> <span class='ocrx_word' id='word_1_542' title='bbox 1329 756 1430 775; x_wconf 88' lang='lat' dir='ltr'><strong>omnes</strong></span> <span class='ocrx_word' id='word_1_543' title='bbox 1457 748 1580 784; x_wconf 90' lang='lat' dir='ltr'><strong>populos</strong></span> <span class='ocrx_word' id='word_1_544' title='bbox 1596 747 1769 783; x_wconf 86' lang='lat' dir='ltr'><strong>gravissima</strong></span> <span class='ocrx_word' id='word_1_545' title='bbox 1783 747 1902 775; x_wconf 86' lang='lat' dir='ltr'><strong>auctori-</strong></span> 
     </span>
    </p>
   </div>
   <div class='ocr_carea' id='block_1_78' title="bbox 1088 791 1903 821">
    <p class='ocr_par' dir='ltr' id='par_1_78' title="bbox 1088 791 1903 821">
     <span class='ocr_line' id='line_1_78' title="bbox 1088 791 1903 821; baseline 0 -2"><span class='ocrx_word' id='word_1_546' title='bbox 1088 794 1147 819; x_wconf 87' lang='lat' dir='ltr'><strong>tate</strong></span> <span class='ocrx_word' id='word_1_547' title='bbox 1161 792 1276 819; x_wconf 88' lang='lat' dir='ltr'><strong>ﬁrmata</strong></span> <span class='ocrx_word' id='word_1_548' title='bbox 1291 792 1384 820; x_wconf 83' lang='lat' dir='ltr'><strong>sunt?</strong></span> <span class='ocrx_word' id='word_1_549' title='bbox 1398 793 1457 820; x_wconf 90' lang='lat' dir='ltr'><strong>Hoc</strong></span> <span class='ocrx_word' id='word_1_550' title='bbox 1472 793 1521 820; x_wconf 87' lang='lat' dir='ltr'><strong>ille</strong></span> <span class='ocrx_word' id='word_1_551' title='bbox 1537 795 1671 820; x_wconf 87' lang='lat' dir='ltr'><strong>metuens</strong></span> <span class='ocrx_word' id='word_1_552' title='bbox 1697 800 1733 821; x_wconf 82' lang='lat' dir='ltr'><strong>ne</strong></span> <span class='ocrx_word' id='word_1_553' title='bbox 1757 792 1812 819; x_wconf 88' lang='lat' dir='ltr'><strong>sibi</strong></span> <span class='ocrx_word' id='word_1_554' title='bbox 1833 791 1903 819; x_wconf 76' lang='lat' dir='ltr'><strong>dice~</strong></span> 
     </span>
    </p>
   </div>
   <div class='ocr_carea' id='block_1_79' title="bbox 1088 836 1904 873">
    <p class='ocr_par' dir='ltr' id='par_1_79' title="bbox 1088 836 1904 873">
     <span class='ocr_line' id='line_1_79' title="bbox 1088 836 1904 873; baseline 0 -9"><span class='ocrx_word' id='word_1_555' title='bbox 1088 839 1176 871; x_wconf 88' lang='lat' dir='ltr'><strong>retur,</strong></span> <span class='ocrx_word' id='word_1_556' title='bbox 1194 837 1619 873; x_wconf 33' lang='lat' dir='ltr'><strong>otl&#39;unditlnebulasimperitis;</strong></span> <span class='ocrx_word' id='word_1_557' title='bbox 1631 837 1760 873; x_wconf 90' lang='lat' dir='ltr'><strong>primum</strong></span> <span class='ocrx_word' id='word_1_558' title='bbox 1772 836 1904 872; x_wconf 87' lang='lat' dir='ltr'><strong>pollicens</strong></span> 
     </span>
    </p>
   </div>
   <div class='ocr_carea' id='block_1_80' title="bbox 1087 881 1901 917">
    <p class='ocr_par' dir='ltr' id='par_1_80' title="bbox 1087 881 1901 917">
     <span class='ocr_line' id='line_1_80' title="bbox 1087 881 1901 917; baseline 0 -9"><span class='ocrx_word' id='word_1_559' title='bbox 1087 889 1183 908; x_wconf 90' lang='lat' dir='ltr'><strong>rerum</strong></span> <span class='ocrx_word' id='word_1_560' title='bbox 1200 885 1345 908; x_wconf 88' lang='lat' dir='ltr'><strong>certarum</strong></span> <span class='ocrx_word' id='word_1_561' title='bbox 1361 881 1567 916; x_wconf 84' lang='lat' dir='ltr'><strong>cognitionem,</strong></span> <span class='ocrx_word' id='word_1_562' title='bbox 1579 884 1606 909; x_wconf 87' lang='lat' dir='ltr'><strong>et</strong></span> <span class='ocrx_word' id='word_1_563' title='bbox 1622 884 1724 917; x_wconf 88' lang='lat' dir='ltr'><strong>postea</strong></span> <span class='ocrx_word' id='word_1_564' title='bbox 1734 881 1901 908; x_wconf 82' lang='lat' dir='ltr'><strong>incertarum</strong></span> 
     </span>
    </p>
   </div>
   <div class='ocr_carea' id='block_1_81' title="bbox 1085 925 1902 961">
    <p class='ocr_par' dir='ltr' id='par_1_81' title="bbox 1085 925 1902 961">
     <span class='ocr_line' id='line_1_81' title="bbox 1085 925 1902 961; baseline 0 -9"><span class='ocrx_word' id='word_1_565' title='bbox 1085 925 1234 961; x_wconf 86' lang='lat' dir='ltr'><strong>imperans</strong></span> <span class='ocrx_word' id='word_1_566' title='bbox 1251 926 1349 953; x_wconf 89' lang='lat' dir='ltr'><strong>ﬁdem.</strong></span> <span class='ocrx_word' id='word_1_567' title='bbox 1365 926 1415 954; x_wconf 92' lang='lat' dir='ltr'><strong>Cui</strong></span> <span class='ocrx_word' id='word_1_568' title='bbox 1432 928 1530 953; x_wconf 85' lang='lat' dir='ltr'><strong>tamen</strong></span> <span class='ocrx_word' id='word_1_569' title='bbox 1546 926 1569 953; x_wconf 90' lang='lat' dir='ltr'><strong>si</strong></span> <span class='ocrx_word' id='word_1_570' title='bbox 1587 926 1641 954; x_wconf 89' lang='lat' dir='ltr'><strong>hoc</strong></span> <span class='ocrx_word' id='word_1_571' title='bbox 1657 926 1782 959; x_wconf 90' lang='lat' dir='ltr'><strong>dicatur,</strong></span> <span class='ocrx_word' id='word_1_572' title='bbox 1800 927 1831 953; x_wconf 90' lang='lat' dir='ltr'><strong>ut</strong></span> <span class='ocrx_word' id='word_1_573' title='bbox 1845 925 1902 952; x_wconf 82' lang='lat' dir='ltr'><strong>sal-</strong></span> 
     </span>
    </p>
   </div>
   <div class='ocr_carea' id='block_1_82' title="bbox 1085 969 1902 1003">
    <p class='ocr_par' dir='ltr' id='par_1_82' title="bbox 1085 969 1902 1003">
     <span class='ocr_line' id='line_1_82' title="bbox 1085 969 1902 1003; baseline -0.001 -6"><span class='ocrx_word' id='word_1_574' title='bbox 1085 972 1142 997; x_wconf 87' lang='lat' dir='ltr'><strong>tem</strong></span> <span class='ocrx_word' id='word_1_575' title='bbox 1159 970 1202 998; x_wconf 85' lang='lat' dir='ltr'><strong>vel</strong></span> <span class='ocrx_word' id='word_1_576' title='bbox 1217 970 1272 998; x_wconf 89' lang='lat' dir='ltr'><strong>sibi</strong></span> <span class='ocrx_word' id='word_1_577' title='bbox 1288 969 1348 998; x_wconf 66' lang='lat' dir='ltr'><strong>haac</strong></span> <span class='ocrx_word' id='word_1_578' title='bbox 1364 970 1465 998; x_wconf 85' lang='lat' dir='ltr'><strong>doceat</strong></span> <span class='ocrx_word' id='word_1_579' title='bbox 1489 978 1551 998; x_wconf 87' lang='lat' dir='ltr'><strong>esse</strong></span> <span class='ocrx_word' id='word_1_580' title='bbox 1575 972 1748 1003; x_wconf 87' lang='lat' dir='ltr'><strong>monstrata,</strong></span> <span class='ocrx_word' id='word_1_581' title='bbox 1775 969 1902 997; x_wconf 85' lang='lat' dir='ltr'><strong>similiter</strong></span> 
     </span>
    </p>
   </div>
   <div class='ocr_carea' id='block_1_83' title="bbox 1085 1014 1901 1050">
    <p class='ocr_par' dir='ltr' id='par_1_83' title="bbox 1085 1014 1901 1050">
     <span class='ocr_line' id='line_1_83' title="bbox 1085 1014 1901 1050; baseline -0.001 -8"><span class='ocrx_word' id='word_1_582' title='bbox 1085 1014 1192 1048; x_wconf 88' lang='lat' dir='ltr'><strong>deﬁcit,</strong></span> <span class='ocrx_word' id='word_1_583' title='bbox 1208 1017 1236 1042; x_wconf 90' lang='lat' dir='ltr'><strong>et</strong></span> <span class='ocrx_word' id='word_1_584' title='bbox 1252 1014 1304 1042; x_wconf 91' lang='lat' dir='ltr'><strong>hoc</strong></span> <span class='ocrx_word' id='word_1_585' title='bbox 1321 1023 1437 1050; x_wconf 91' lang='lat' dir='ltr'><strong>quoque</strong></span> <span class='ocrx_word' id='word_1_586' title='bbox 1452 1017 1484 1042; x_wconf 88' lang='lat' dir='ltr'><strong>ut</strong></span> <span class='ocrx_word' id='word_1_587' title='bbox 1499 1015 1654 1042; x_wconf 84' lang='lat' dir='ltr'><strong>credamus</strong></span> <span class='ocrx_word' id='word_1_588' title='bbox 1671 1015 1765 1050; x_wconf 87' lang='lat' dir='ltr'><strong>jubet.</strong></span> <span class='ocrx_word' id='word_1_589' title='bbox 1783 1014 1851 1047; x_wconf 88' lang='lat' dir='ltr'><strong>Quis</strong></span> <span class='ocrx_word' id='word_1_590' title='bbox 1865 1014 1901 1041; x_wconf 83' lang='lat' dir='ltr'><strong>fe-</strong></span> 
     </span>
    </p>
   </div>
   <div class='ocr_carea' id='block_1_84' title="bbox 1085 1058 1802 1095">
    <p class='ocr_par' dir='ltr' id='par_1_84' title="bbox 1085 1058 1802 1095">
     <span class='ocr_line' id='line_1_84' title="bbox 1085 1058 1802 1095; baseline 0 -9"><span class='ocrx_word' id='word_1_591' title='bbox 1085 1061 1129 1086; x_wconf 81' lang='lat' dir='ltr'><strong>rat</strong></span> <span class='ocrx_word' id='word_1_592' title='bbox 1140 1061 1252 1086; x_wconf 90' lang='lat' dir='ltr'><strong>tantam</strong></span> <span class='ocrx_word' id='word_1_593' title='bbox 1269 1059 1415 1087; x_wconf 81' lang='lat' dir='ltr'><strong>fallaciam</strong></span> <span class='ocrx_word' id='word_1_594' title='bbox 1427 1062 1598 1095; x_wconf 85' lang='lat' dir='ltr'><strong>tantamque</strong></span> <span class='ocrx_word' id='word_1_595' title='bbox 1614 1058 1802 1095; x_wconf 84' lang='lat' dir='ltr'><strong>superbiam?</strong></span> 
     </span>
    </p>
   </div>
   <div class='ocr_carea' id='block_1_85' title="bbox 1120 1103 1902 1137">
    <p class='ocr_par' dir='ltr' id='par_1_85' title="bbox 1120 1103 1902 1137">
     <span class='ocr_line' id='line_1_85' title="bbox 1120 1103 1902 1137; baseline -0.001 -6"><span class='ocrx_word' id='word_1_596' title='bbox 1120 1104 1236 1131; x_wconf 81' lang='lat' dir='ltr'><strong>CAPUT</strong></span> <span class='ocrx_word' id='word_1_597' title='bbox 1249 1103 1305 1131; x_wconf 86' lang='lat' dir='ltr'><strong>XV.</strong></span> <span class='ocrx_word' id='word_1_598' title='bbox 1322 1120 1356 1124; x_wconf 90' lang='lat'><strong>—</strong></span> <span class='ocrx_word' id='word_1_599' title='bbox 1370 1104 1409 1132; x_wconf 83' lang='grc'><strong>19.</strong></span> <span class='ocrx_word' id='word_1_600' title='bbox 1427 1104 1485 1132; x_wconf 81' lang='lat' dir='ltr'><strong>Non</strong></span> <span class='ocrx_word' id='word_1_601' title='bbox 1507 1104 1596 1131; x_wconf 71' lang='lat' dir='ltr'><strong>solum</strong></span> <span class='ocrx_word' id='word_1_602' title='bbox 1611 1105 1728 1137; x_wconf 85' lang='lat' dir='ltr'><strong>incerta,</strong></span> <span class='ocrx_word' id='word_1_603' title='bbox 1751 1104 1801 1131; x_wconf 82' lang='lat' dir='ltr'><strong>sed</strong></span> <span class='ocrx_word' id='word_1_604' title='bbox 1822 1104 1902 1131; x_wconf 83' lang='lat' dir='ltr'><strong>etiam</strong></span> 
     </span>
    </p>
   </div>
   <div class='ocr_carea' id='block_1_86' title="bbox 1082 1148 1905 1184">
    <p class='ocr_par' dir='ltr' id='par_1_86' title="bbox 1082 1148 1905 1184">
     <span class='ocr_line' id='line_1_86' title="bbox 1082 1148 1905 1184; baseline -0.001 -8"><span class='ocrx_word' id='word_1_605' title='bbox 1082 1149 1156 1183; x_wconf 77' lang='lat' dir='ltr'><strong>falsa</strong></span> <span class='ocrx_word' id='word_1_606' title='bbox 1170 1156 1226 1176; x_wconf 74' lang='lat' dir='ltr'><strong>esse</strong></span> <span class='ocrx_word' id='word_1_607' title='bbox 1243 1157 1301 1184; x_wconf 58' lang='lat' dir='ltr'><strong>qua</strong></span> <span class='ocrx_word' id='word_1_608' title='bbox 1311 1149 1407 1176; x_wconf 80' lang='lat' dir='ltr'><strong>tradit.</strong></span> <span class='ocrx_word' id='word_1_609' title='bbox 1425 1148 1643 1176; x_wconf 82' lang='lat' dir='ltr'><strong>Delzrameulum</strong></span> <span class='ocrx_word' id='word_1_610' title='bbox 1657 1148 1690 1175; x_wconf 86' lang='lat' dir='ltr'><strong>de</strong></span> <span class='ocrx_word' id='word_1_611' title='bbox 1705 1152 1779 1176; x_wconf 80' lang='lat' dir='ltr'><strong>terra</strong></span> <span class='ocrx_word' id='word_1_612' title='bbox 1794 1152 1820 1175; x_wconf 85' lang='lat' dir='ltr'><strong>et</strong></span> <span class='ocrx_word' id='word_1_613' title='bbox 1832 1149 1905 1183; x_wconf 83' lang='lat' dir='ltr'><strong>gente</strong></span> 
     </span>
    </p>
   </div>
   <div class='ocr_carea' id='block_1_87' title="bbox 1088 1193 1904 1226">
    <p class='ocr_par' dir='ltr' id='par_1_87' title="bbox 1088 1193 1904 1226">
     <span class='ocr_line' id='line_1_87' title="bbox 1088 1193 1904 1226; baseline -0.001 -6"><span class='ocrx_word' id='word_1_614' title='bbox 1088 1193 1262 1221; x_wconf 68' lang='lat' dir='ltr'><strong>latebrarum</strong></span> <span class='ocrx_word' id='word_1_615' title='bbox 1273 1193 1353 1226; x_wconf 68' lang='lat' dir='ltr'><strong>iuxta</strong></span> <span class='ocrx_word' id='word_1_616' title='bbox 1377 1193 1449 1220; x_wconf 79' lang='lat' dir='ltr'><strong>latus</strong></span> <span class='ocrx_word' id='word_1_617' title='bbox 1463 1197 1545 1221; x_wconf 78' lang='lat' dir='ltr'><strong>terrae</strong></span> <span class='ocrx_word' id='word_1_618' title='bbox 1566 1195 1669 1221; x_wconf 68' lang='lat' dir='ltr'><strong>sanctae</strong></span> <span class='ocrx_word' id='word_1_619' title='bbox 1684 1201 1717 1220; x_wconf 90' lang='lat' dir='ltr'><strong>ac</strong></span> <span class='ocrx_word' id='word_1_620' title='bbox 1735 1193 1904 1226; x_wconf 66' lang='lat' dir='ltr'><strong>substantiae,</strong></span> 
     </span>
    </p>
   </div>
   <div class='ocr_carea' id='block_1_88' title="bbox 1084 1237 1905 1273">
    <p class='ocr_par' dir='ltr' id='par_1_88' title="bbox 1084 1237 1905 1273">
     <span class='ocr_line' id='line_1_88' title="bbox 1084 1237 1905 1273; baseline -0.001 -9"><span class='ocrx_word' id='word_1_621' title='bbox 1084 1237 1307 1273; x_wconf 79' lang='lat' dir='ltr'><strong>Dei.Confulatur</strong></span> <span class='ocrx_word' id='word_1_622' title='bbox 1321 1238 1421 1273; x_wconf 85' lang='lat' dir='ltr'><strong>primo,</strong></span> <span class='ocrx_word' id='word_1_623' title='bbox 1438 1239 1485 1264; x_wconf 86' lang='lat' dir='ltr'><strong>tua</strong></span> <span class='ocrx_word' id='word_1_624' title='bbox 1496 1239 1600 1265; x_wconf 69' lang='lat' dir='ltr'><strong>natum</strong></span> <span class='ocrx_word' id='word_1_625' title='bbox 1614 1237 1662 1265; x_wconf 85' lang='lat' dir='ltr'><strong>Dei</strong></span> <span class='ocrx_word' id='word_1_626' title='bbox 1675 1241 1772 1273; x_wconf 82' lang='lat' dir='ltr'><strong>partes</strong></span> <span class='ocrx_word' id='word_1_627' title='bbox 1780 1240 1807 1265; x_wconf 77' lang='lat' dir='ltr'><strong>et</strong></span> <span class='ocrx_word' id='word_1_628' title='bbox 1819 1237 1905 1265; x_wconf 80' lang='lat' dir='ltr'><strong>latera</strong></span> 
     </span>
    </p>
   </div>
   <div class='ocr_carea' id='block_1_89' title="bbox 1083 1281 1909 1318">
    <p class='ocr_par' dir='ltr' id='par_1_89' title="bbox 1083 1281 1909 1318">
     <span class='ocr_line' id='line_1_89' title="bbox 1083 1281 1909 1318; baseline 0 -9"><span class='ocrx_word' id='word_1_629' title='bbox 1083 1283 1181 1310; x_wconf 79' lang='lat' dir='ltr'><strong>tribui!</strong></span> <span class='ocrx_word' id='word_1_630' title='bbox 1197 1283 1329 1318; x_wconf 84' lang='lat' dir='ltr'><strong>tanquam</strong></span> <span class='ocrx_word' id='word_1_631' title='bbox 1351 1291 1402 1310; x_wconf 74' lang='lat' dir='ltr'><strong>sua</strong></span> <span class='ocrx_word' id='word_1_632' title='bbox 1417 1282 1488 1310; x_wconf 79' lang='lat' dir='ltr'><strong>mole</strong></span> <span class='ocrx_word' id='word_1_633' title='bbox 1503 1290 1552 1318; x_wconf 82' lang='lat' dir='ltr'><strong>per</strong></span> <span class='ocrx_word' id='word_1_634' title='bbox 1567 1282 1688 1310; x_wconf 86' lang='lat' dir='ltr'><strong>locorum</strong></span> <span class='ocrx_word' id='word_1_635' title='bbox 1702 1283 1791 1318; x_wconf 80' lang='lat' dir='ltr'><strong>spatia</strong></span> <span class='ocrx_word' id='word_1_636' title='bbox 1807 1281 1909 1309; x_wconf 69' lang='lat' dir='ltr'><strong>disten-</strong></span> 
     </span>
    </p>
   </div>
   <div class='ocr_carea' id='block_1_90' title="bbox 1082 1325 1909 1360">
    <p class='ocr_par' dir='ltr' id='par_1_90' title="bbox 1082 1325 1909 1360">
     <span class='ocr_line' id='line_1_90' title="bbox 1082 1325 1909 1360; baseline 0 -6"><span class='ocrx_word' id='word_1_637' title='bbox 1082 1327 1178 1354; x_wconf 82' lang='lat' dir='ltr'><strong>datur.</strong></span> <span class='ocrx_word' id='word_1_638' title='bbox 1195 1327 1267 1360; x_wconf 88' lang='lat' dir='ltr'><strong>Quid</strong></span> <span class='ocrx_word' id='word_1_639' title='bbox 1286 1335 1343 1354; x_wconf 87' lang='lat' dir='ltr'><strong>non</strong></span> <span class='ocrx_word' id='word_1_640' title='bbox 1368 1326 1465 1354; x_wconf 89' lang='lat' dir='ltr'><strong>solum</strong></span> <span class='ocrx_word' id='word_1_641' title='bbox 1494 1326 1614 1360; x_wconf 80' lang='lat' dir='ltr'><strong>incerta,</strong></span> <span class='ocrx_word' id='word_1_642' title='bbox 1641 1326 1692 1354; x_wconf 89' lang='lat' dir='ltr'><strong>sed</strong></span> <span class='ocrx_word' id='word_1_643' title='bbox 1722 1326 1814 1354; x_wconf 87' lang='lat' dir='ltr'><strong>etiam</strong></span> <span class='ocrx_word' id='word_1_644' title='bbox 1836 1325 1909 1354; x_wconf 86' lang='lat' dir='ltr'><strong>falsa</strong></span> 
     </span>
    </p>
   </div>
   <div class='ocr_carea' id='block_1_91' title="bbox 1082 1370 1910 1406">
    <p class='ocr_par' dir='ltr' id='par_1_91' title="bbox 1082 1370 1910 1406">
     <span class='ocr_line' id='line_1_91' title="bbox 1082 1370 1910 1406; baseline -0.002 -7"><span class='ocrx_word' id='word_1_645' title='bbox 1082 1380 1146 1399; x_wconf 88' lang='lat' dir='ltr'><strong>esse</strong></span> <span class='ocrx_word' id='word_1_646' title='bbox 1161 1380 1223 1406; x_wconf 63' lang='lat' dir='ltr'><strong>quas</strong></span> <span class='ocrx_word' id='word_1_647' title='bbox 1239 1371 1319 1404; x_wconf 88' lang='lat' dir='ltr'><strong>dicit,</strong></span> <span class='ocrx_word' id='word_1_648' title='bbox 1337 1374 1392 1399; x_wconf 87' lang='lat' dir='ltr'><strong>Deo</strong></span> <span class='ocrx_word' id='word_1_649' title='bbox 1409 1373 1436 1398; x_wconf 89' lang='lat' dir='ltr'><strong>et</strong></span> <span class='ocrx_word' id='word_1_650' title='bbox 1452 1371 1576 1398; x_wconf 90' lang='lat' dir='ltr'><strong>Domino</strong></span> <span class='ocrx_word' id='word_1_651' title='bbox 1597 1373 1696 1398; x_wconf 88' lang='lat' dir='ltr'><strong>nostro</strong></span> <span class='ocrx_word' id='word_1_652' title='bbox 1713 1371 1788 1398; x_wconf 88' lang='lat' dir='ltr'><strong>mihi</strong></span> <span class='ocrx_word' id='word_1_653' title='bbox 1815 1370 1910 1406; x_wconf 87' lang='lat' dir='ltr'><strong>opitu-</strong></span> 
     </span>
    </p>
   </div>
   <div class='ocr_carea' id='block_1_92' title="bbox 1082 1415 1910 1451">
    <p class='ocr_par' dir='ltr' id='par_1_92' title="bbox 1082 1415 1910 1451">
     <span class='ocr_line' id='line_1_92' title="bbox 1082 1415 1910 1451; baseline -0.001 -8"><span class='ocrx_word' id='word_1_654' title='bbox 1082 1415 1159 1443; x_wconf 87' lang='lat' dir='ltr'><strong>lante</strong></span> <span class='ocrx_word' id='word_1_655' title='bbox 1175 1415 1393 1443; x_wconf 82' lang='lat' dir='ltr'><strong>monstravere?</strong></span> <span class='ocrx_word' id='word_1_656' title='bbox 1408 1416 1482 1448; x_wconf 87' lang='lat' dir='ltr'><strong>Quid</strong></span> <span class='ocrx_word' id='word_1_657' title='bbox 1508 1415 1653 1443; x_wconf 83' lang='lat' dir='ltr'><strong>infelicius</strong></span> <span class='ocrx_word' id='word_1_658' title='bbox 1682 1415 1744 1442; x_wconf 80' lang='lat' dir='ltr'><strong>ista</strong></span> <span class='ocrx_word' id='word_1_659' title='bbox 1768 1415 1910 1451; x_wconf 89' lang='lat' dir='ltr'><strong>supersti-</strong></span> 
     </span>
    </p>
   </div>
   <div class='ocr_carea' id='block_1_93' title="bbox 1081 1459 1911 1496">
    <p class='ocr_par' dir='ltr' id='par_1_93' title="bbox 1081 1459 1911 1496">
     <span class='ocr_line' id='line_1_93' title="bbox 1081 1459 1911 1496; baseline 0 -9"><span class='ocrx_word' id='word_1_660' title='bbox 1081 1461 1159 1488; x_wconf 87' lang='lat' dir='ltr'><strong>tione</strong></span> <span class='ocrx_word' id='word_1_661' title='bbox 1177 1460 1298 1488; x_wconf 88' lang='lat' dir='ltr'><strong>inveniri</strong></span> <span class='ocrx_word' id='word_1_662' title='bbox 1316 1463 1424 1496; x_wconf 82' lang='lat' dir='ltr'><strong>potest,</strong></span> <span class='ocrx_word' id='word_1_663' title='bbox 1440 1468 1504 1496; x_wconf 69' lang='lat' dir='ltr'><strong>quas</strong></span> <span class='ocrx_word' id='word_1_664' title='bbox 1529 1468 1585 1487; x_wconf 91' lang='lat' dir='ltr'><strong>non</strong></span> <span class='ocrx_word' id='word_1_665' title='bbox 1612 1460 1697 1488; x_wconf 89' lang='lat' dir='ltr'><strong>modo</strong></span> <span class='ocrx_word' id='word_1_666' title='bbox 1718 1468 1779 1488; x_wconf 84' lang='lat' dir='ltr'><strong>non</strong></span> <span class='ocrx_word' id='word_1_667' title='bbox 1796 1459 1911 1487; x_wconf 83' lang='lat' dir='ltr'><strong>exhibet</strong></span> 
     </span>
    </p>
   </div>
   <div class='ocr_carea' id='block_1_94' title="bbox 1081 1504 1912 1541">
    <p class='ocr_par' dir='ltr' id='par_1_94' title="bbox 1081 1504 1912 1541">
     <span class='ocr_line' id='line_1_94' title="bbox 1081 1504 1912 1541; baseline 0 -9"><span class='ocrx_word' id='word_1_668' title='bbox 1081 1505 1223 1532; x_wconf 82' lang='lat' dir='ltr'><strong>scentism</strong></span> <span class='ocrx_word' id='word_1_669' title='bbox 1240 1513 1329 1540; x_wconf 83' lang='lat' dir='ltr'><strong>quam</strong></span> <span class='ocrx_word' id='word_1_670' title='bbox 1352 1504 1497 1541; x_wconf 87' lang='lat' dir='ltr'><strong>promittit</strong></span> <span class='ocrx_word' id='word_1_671' title='bbox 1521 1507 1608 1540; x_wconf 88' lang='lat' dir='ltr'><strong>atque</strong></span> <span class='ocrx_word' id='word_1_672' title='bbox 1630 1504 1796 1538; x_wconf 87' lang='lat' dir='ltr'><strong>veritatem,</strong></span> <span class='ocrx_word' id='word_1_673' title='bbox 1813 1505 1864 1532; x_wconf 91' lang='lat' dir='ltr'><strong>sed</strong></span> <span class='ocrx_word' id='word_1_674' title='bbox 1879 1512 1912 1532; x_wconf 82' lang='lat' dir='ltr'><strong>ea</strong></span> 
     </span>
    </p>
   </div>
   <div class='ocr_carea' id='block_1_95' title="bbox 1081 1549 1911 1585">
    <p class='ocr_par' dir='ltr' id='par_1_95' title="bbox 1081 1549 1911 1585">
     <span class='ocr_line' id='line_1_95' title="bbox 1081 1549 1911 1585; baseline 0 -9"><span class='ocrx_word' id='word_1_675' title='bbox 1081 1549 1152 1576; x_wconf 88' lang='lat' dir='ltr'><strong>dicit</strong></span> <span class='ocrx_word' id='word_1_676' title='bbox 1175 1557 1238 1585; x_wconf 62' lang='lat' dir='ltr'><strong>quas</strong></span> <span class='ocrx_word' id='word_1_677' title='bbox 1269 1549 1455 1576; x_wconf 85' lang='lat' dir='ltr'><strong>vehementer</strong></span> <span class='ocrx_word' id='word_1_678' title='bbox 1479 1551 1550 1577; x_wconf 91' lang='lat' dir='ltr'><strong>sunt</strong></span> <span class='ocrx_word' id='word_1_679' title='bbox 1576 1549 1704 1576; x_wconf 71' lang='lat' dir='ltr'><strong>scientias</strong></span> <span class='ocrx_word' id='word_1_680' title='bbox 1734 1549 1911 1585; x_wconf 85' lang='lat' dir='ltr'><strong>veritatique</strong></span> 
     </span>
    </p>
   </div>
   <div class='ocr_carea' id='block_1_96' title="bbox 1082 1593 1912 1630">
    <p class='ocr_par' dir='ltr' id='par_1_96' title="bbox 1082 1593 1912 1630">
     <span class='ocr_line' id='line_1_96' title="bbox 1082 1593 1912 1630; baseline 0 -9"><span class='ocrx_word' id='word_1_681' title='bbox 1082 1594 1249 1621; x_wconf 78' lang='lat' dir='ltr'><strong>contraria?</strong></span> <span class='ocrx_word' id='word_1_682' title='bbox 1264 1593 1345 1626; x_wconf 89' lang='lat' dir='ltr'><strong>Quod</strong></span> <span class='ocrx_word' id='word_1_683' title='bbox 1363 1593 1391 1620; x_wconf 90' lang='lat' dir='ltr'><strong>in</strong></span> <span class='ocrx_word' id='word_1_684' title='bbox 1403 1593 1597 1629; x_wconf 88' lang='lat' dir='ltr'><strong>sequentibus</strong></span> <span class='ocrx_word' id='word_1_685' title='bbox 1613 1593 1804 1621; x_wconf 83' lang='lat' dir='ltr'><strong>manifestius</strong></span> <span class='ocrx_word' id='word_1_686' title='bbox 1826 1601 1912 1630; x_wconf 85' lang='lat' dir='ltr'><strong>appa-</strong></span> 
     </span>
    </p>
   </div>
   <div class='ocr_carea' id='block_1_97' title="bbox 1082 1637 1912 1674">
    <p class='ocr_par' dir='ltr' id='par_1_97' title="bbox 1082 1637 1912 1674">
     <span class='ocr_line' id='line_1_97' title="bbox 1082 1637 1912 1674; baseline 0.001 -10"><span class='ocrx_word' id='word_1_687' title='bbox 1082 1638 1166 1665; x_wconf 87' lang='lat' dir='ltr'><strong>rebit.</strong></span> <span class='ocrx_word' id='word_1_688' title='bbox 1189 1638 1230 1664; x_wconf 88' lang='lat' dir='ltr'><strong>Ita</strong></span> <span class='ocrx_word' id='word_1_689' title='bbox 1246 1637 1323 1664; x_wconf 90' lang='lat' dir='ltr'><strong>enim</strong></span> <span class='ocrx_word' id='word_1_690' title='bbox 1345 1637 1531 1665; x_wconf 61' lang='lat' dir='ltr'><strong>dicitzluata</strong></span> <span class='ocrx_word' id='word_1_691' title='bbox 1556 1646 1642 1665; x_wconf 87' lang='lat' dir='ltr'><strong>unam</strong></span> <span class='ocrx_word' id='word_1_692' title='bbox 1665 1645 1729 1665; x_wconf 84' lang='lat' dir='ltr'><strong>vero</strong></span> <span class='ocrx_word' id='word_1_693' title='bbox 1750 1642 1861 1674; x_wconf 82' lang='lat' dir='ltr'><strong>partem</strong></span> <span class='ocrx_word' id='word_1_694' title='bbox 1880 1646 1912 1665; x_wconf 82' lang='lat' dir='ltr'><strong>ac</strong></span> 
     </span>
    </p>
   </div>
   <div class='ocr_carea' id='block_1_98' title="bbox 1082 1682 1908 1711">
    <p class='ocr_par' dir='ltr' id='par_1_98' title="bbox 1082 1682 1908 1711">
     <span class='ocr_line' id='line_1_98' title="bbox 1082 1682 1908 1711; baseline 0.001 -2"><span class='ocrx_word' id='word_1_695' title='bbox 1082 1682 1153 1709; x_wconf 81' lang='lat' dir='ltr'><strong>latus</strong></span> <span class='ocrx_word' id='word_1_696' title='bbox 1166 1682 1284 1709; x_wconf 76' lang='lat' dir='ltr'><strong>illustris</strong></span> <span class='ocrx_word' id='word_1_697' title='bbox 1297 1682 1375 1709; x_wconf 77' lang='lat' dir='ltr'><strong>illius</strong></span> <span class='ocrx_word' id='word_1_698' title='bbox 1390 1690 1423 1709; x_wconf 84' lang='lat' dir='ltr'><strong>ac</strong></span> <span class='ocrx_word' id='word_1_699' title='bbox 1438 1686 1540 1710; x_wconf 61' lang='lat' dir='ltr'><strong>sancta:</strong></span> <span class='ocrx_word' id='word_1_700' title='bbox 1555 1684 1635 1709; x_wconf 78' lang='lat' dir='ltr'><strong>terrae</strong></span> <span class='ocrx_word' id='word_1_701' title='bbox 1649 1686 1710 1709; x_wconf 81' lang='lat' dir='ltr'><strong>erat</strong></span> <span class='ocrx_word' id='word_1_702' title='bbox 1725 1683 1908 1711; x_wconf 81' lang='lat' dir='ltr'><strong>tenebrarum</strong></span> 
     </span>
    </p>
   </div>
   <div class='ocr_carea' id='block_1_99' title="bbox 1081 1727 1912 1763">
    <p class='ocr_par' dir='ltr' id='par_1_99' title="bbox 1081 1727 1912 1763">
     <span class='ocr_line' id='line_1_99' title="bbox 1081 1727 1912 1763; baseline 0.001 -9"><span class='ocrx_word' id='word_1_703' title='bbox 1081 1730 1155 1754; x_wconf 78' lang='lat' dir='ltr'><strong>terra</strong></span> <span class='ocrx_word' id='word_1_704' title='bbox 1166 1727 1307 1762; x_wconf 84' lang='lat' dir='ltr'><strong>profunda</strong></span> <span class='ocrx_word' id='word_1_705' title='bbox 1322 1730 1346 1754; x_wconf 80' lang='lat' dir='ltr'><strong>et</strong></span> <span class='ocrx_word' id='word_1_706' title='bbox 1359 1727 1494 1754; x_wconf 72' lang='lat' dir='ltr'><strong>immensa</strong></span> <span class='ocrx_word' id='word_1_707' title='bbox 1504 1727 1742 1762; x_wconf 80' lang='lat' dir='ltr'><strong>magnitudine,in</strong></span> <span class='ocrx_word' id='word_1_708' title='bbox 1759 1736 1819 1763; x_wconf 86' lang='lat' dir='ltr'><strong>qua,</strong></span> <span class='ocrx_word' id='word_1_709' title='bbox 1834 1728 1912 1755; x_wconf 86' lang='lat' dir='ltr'><strong>habi-</strong></span> 
     </span>
    </p>
   </div>
   <div class='ocr_carea' id='block_1_100' title="bbox 1082 1771 1913 1808">
    <p class='ocr_par' dir='ltr' id='par_1_100' title="bbox 1082 1771 1913 1808">
     <span class='ocr_line' id='line_1_100' title="bbox 1082 1771 1913 1808; baseline 0.001 -10"><span class='ocrx_word' id='word_1_710' title='bbox 1082 1771 1190 1798; x_wconf 73' lang='lat' dir='ltr'><strong>tabant&#39;</strong></span> <span class='ocrx_word' id='word_1_711' title='bbox 1211 1771 1292 1805; x_wconf 80' lang='lat' dir='ltr'><strong>ignea</strong></span> <span class='ocrx_word' id='word_1_712' title='bbox 1315 1779 1437 1807; x_wconf 85' lang='lat' dir='ltr'><strong>corpora,</strong></span> <span class='ocrx_word' id='word_1_713' title='bbox 1453 1779 1554 1806; x_wconf 79' lang='lat' dir='ltr'><strong>genera</strong></span> <span class='ocrx_word' id='word_1_714' title='bbox 1577 1771 1679 1799; x_wconf 74' lang='lat' dir='ltr'><strong>scilicet</strong></span> <span class='ocrx_word' id='word_1_715' title='bbox 1703 1773 1849 1808; x_wconf 78' lang='lat' dir='ltr'><strong>pestifera.</strong></span> <span class='ocrx_word' id='word_1_716' title='bbox 1866 1772 1913 1799; x_wconf 83' lang='lat' dir='ltr'><strong>Hie</strong></span> 
     </span>
    </p>
   </div>
   <div class='ocr_carea' id='block_1_101' title="bbox 1082 1816 1913 1850">
    <p class='ocr_par' dir='ltr' id='par_1_101' title="bbox 1082 1816 1913 1850">
     <span class='ocr_line' id='line_1_101' title="bbox 1082 1816 1913 1850; baseline 0.001 -7"><span class='ocrx_word' id='word_1_717' title='bbox 1082 1817 1202 1850; x_wconf 69' lang='lat' dir='ltr'><strong>inﬁnita:</strong></span> <span class='ocrx_word' id='word_1_718' title='bbox 1215 1816 1346 1848; x_wconf 68' lang='lat' dir='ltr'><strong>tenebrae,</strong></span> <span class='ocrx_word' id='word_1_719' title='bbox 1362 1824 1400 1843; x_wconf 69' lang='lat' dir='ltr'><strong>ex</strong></span> <span class='ocrx_word' id='word_1_720' title='bbox 1413 1816 1507 1843; x_wconf 87' lang='lat' dir='ltr'><strong>eadem</strong></span> <span class='ocrx_word' id='word_1_721' title='bbox 1521 1818 1664 1843; x_wconf 83' lang='lat' dir='ltr'><strong>manantes</strong></span> <span class='ocrx_word' id='word_1_722' title='bbox 1679 1819 1785 1844; x_wconf 84' lang='lat' dir='ltr'><strong>natura</strong></span> <span class='ocrx_word' id='word_1_723' title='bbox 1812 1818 1913 1844; x_wconf 77' lang='lat' dir='ltr'><strong>ineui-</strong></span> 
     </span>
    </p>
   </div>
   <div class='ocr_carea' id='block_1_102' title="bbox 1081 1860 1914 1897">
    <p class='ocr_par' dir='ltr' id='par_1_102' title="bbox 1081 1860 1914 1897">
     <span class='ocr_line' id='line_1_102' title="bbox 1081 1860 1914 1897; baseline 0.001 -10"><span class='ocrx_word' id='word_1_724' title='bbox 1081 1860 1207 1893; x_wconf 78' lang='lat' dir='ltr'><strong>mabiles,</strong></span> <span class='ocrx_word' id='word_1_725' title='bbox 1223 1869 1286 1888; x_wconf 84' lang='lat' dir='ltr'><strong>eum</strong></span> <span class='ocrx_word' id='word_1_726' title='bbox 1300 1861 1422 1896; x_wconf 75' lang='lat' dir='ltr'><strong>proprii:</strong></span> <span class='ocrx_word' id='word_1_727' title='bbox 1435 1861 1536 1895; x_wconf 80' lang='lat' dir='ltr'><strong>felibus</strong></span> <span class='ocrx_word' id='word_1_728' title='bbox 1551 1870 1560 1887; x_wconf 91' lang='lat'><em>:</em></span> <span class='ocrx_word' id='word_1_729' title='bbox 1575 1861 1650 1887; x_wconf 88' lang='lat' dir='ltr'><strong>ultra</strong></span> <span class='ocrx_word' id='word_1_730' title='bbox 1664 1869 1731 1896; x_wconf 76' lang='lat' dir='ltr'><strong>quas</strong></span> <span class='ocrx_word' id='word_1_731' title='bbox 1741 1865 1824 1889; x_wconf 82' lang='lat' dir='ltr'><strong>erant</strong></span> <span class='ocrx_word' id='word_1_732' title='bbox 1835 1869 1914 1897; x_wconf 71' lang='lat' dir='ltr'><strong>aqua:</strong></span> 
     </span>
    </p>
   </div>
   <div class='ocr_carea' id='block_1_103' title="bbox 1081 1904 1916 1941">
    <p class='ocr_par' dir='ltr' id='par_1_103' title="bbox 1081 1904 1916 1941">
     <span class='ocr_line' id='line_1_103' title="bbox 1081 1904 1916 1941; baseline 0 -8"><span class='ocrx_word' id='word_1_733' title='bbox 1081 1913 1195 1933; x_wconf 63' lang='lat' dir='ltr'><strong>carnosa:</strong></span> <span class='ocrx_word' id='word_1_734' title='bbox 1209 1913 1240 1932; x_wconf 84' lang='lat' dir='ltr'><strong>ac</strong></span> <span class='ocrx_word' id='word_1_735' title='bbox 1250 1905 1365 1932; x_wconf 53' lang='lat' dir='ltr'><strong>turbida</strong></span> <span class='ocrx_word' id='word_1_736' title='bbox 1381 1913 1443 1932; x_wconf 87' lang='lat' dir='ltr'><strong>cum</strong></span> <span class='ocrx_word' id='word_1_737' title='bbox 1459 1906 1515 1932; x_wconf 76' lang='lat' dir='ltr'><strong>suis</strong></span> <span class='ocrx_word' id='word_1_738' title='bbox 1526 1904 1777 1940; x_wconf 74' lang='lat' dir='ltr'><strong>inhubitatoribus;</strong></span> <span class='ocrx_word' id='word_1_739' title='bbox 1795 1914 1916 1941; x_wconf 83' lang='lat' dir='ltr'><strong>quarum</strong></span> 
     </span>
    </p>
   </div>
   <div class='ocr_carea' id='block_1_104' title="bbox 1081 1949 1915 1986">
    <p class='ocr_par' dir='ltr' id='par_1_104' title="bbox 1081 1949 1915 1986">
     <span class='ocr_line' id='line_1_104' title="bbox 1081 1949 1915 1986; baseline 0.002 -10"><span class='ocrx_word' id='word_1_740' title='bbox 1081 1950 1198 1977; x_wconf 75' lang='lat' dir='ltr'><strong>interius</strong></span> <span class='ocrx_word' id='word_1_741' title='bbox 1214 1951 1289 1977; x_wconf 81' lang='lat' dir='ltr'><strong>venti</strong></span> <span class='ocrx_word' id='word_1_742' title='bbox 1303 1950 1448 1977; x_wconf 68' lang='lat' dir='ltr'><strong>horribiles</strong></span> <span class='ocrx_word' id='word_1_743' title='bbox 1461 1957 1493 1976; x_wconf 88' lang='lat' dir='ltr'><strong>ac</strong></span> <span class='ocrx_word' id='word_1_744' title='bbox 1507 1949 1678 1976; x_wconf 73' lang='lat' dir='ltr'><strong>vehementes</strong></span> <span class='ocrx_word' id='word_1_745' title='bbox 1689 1957 1753 1976; x_wconf 84' lang='lat' dir='ltr'><strong>cum</strong></span> <span class='ocrx_word' id='word_1_746' title='bbox 1766 1958 1819 1978; x_wconf 77' lang='lat' dir='ltr'><strong>suo</strong></span> <span class='ocrx_word' id='word_1_747' title='bbox 1832 1951 1915 1986; x_wconf 82' lang='lat' dir='ltr'><strong>prin-</strong></span> 
     </span>
    </p>
   </div>
   <div class='ocr_carea' id='block_1_105' title="bbox 1080 1994 1915 2031">
    <p class='ocr_par' dir='ltr' id='par_1_105' title="bbox 1080 1994 1915 2031">
     <span class='ocr_line' id='line_1_105' title="bbox 1080 1994 1915 2031; baseline 0.001 -10"><span class='ocrx_word' id='word_1_748' title='bbox 1080 1995 1139 2029; x_wconf 87' lang='lat' dir='ltr'><strong>cipe</strong></span> <span class='ocrx_word' id='word_1_749' title='bbox 1153 1996 1178 2021; x_wconf 86' lang='lat' dir='ltr'><strong>et</strong></span> <span class='ocrx_word' id='word_1_750' title='bbox 1192 1994 1376 2029; x_wconf 68' lang='lat' dir='ltr'><strong>genitoribus.</strong></span> <span class='ocrx_word' id='word_1_751' title='bbox 1393 1995 1511 2022; x_wconf 81' lang='lat' dir='ltr'><strong>Rursum</strong></span> <span class='ocrx_word' id='word_1_752' title='bbox 1527 1994 1605 2028; x_wconf 85' lang='lat' dir='ltr'><strong>regio</strong></span> <span class='ocrx_word' id='word_1_753' title='bbox 1629 1995 1712 2028; x_wconf 84' lang='lat' dir='ltr'><strong>ignea</strong></span> <span class='ocrx_word' id='word_1_754' title='bbox 1725 1996 1751 2021; x_wconf 86' lang='lat' dir='ltr'><strong>et</strong></span> <span class='ocrx_word' id='word_1_755' title='bbox 1773 1995 1915 2031; x_wconf 84' lang='lat' dir='ltr'><strong>corrupti-</strong></span> 
     </span>
    </p>
   </div>
   <div class='ocr_carea' id='block_1_106' title="bbox 1082 2038 1914 2074">
    <p class='ocr_par' dir='ltr' id='par_1_106' title="bbox 1082 2038 1914 2074">
     <span class='ocr_line' id='line_1_106' title="bbox 1082 2038 1914 2074; baseline 0.001 -8"><span class='ocrx_word' id='word_1_756' title='bbox 1082 2038 1144 2066; x_wconf 85' lang='lat' dir='ltr'><strong>bilis</strong></span> <span class='ocrx_word' id='word_1_757' title='bbox 1158 2047 1220 2066; x_wconf 80' lang='lat' dir='ltr'><strong>eum</strong></span> <span class='ocrx_word' id='word_1_758' title='bbox 1234 2039 1291 2066; x_wconf 75' lang='lat' dir='ltr'><strong>suis</strong></span> <span class='ocrx_word' id='word_1_759' title='bbox 1307 2038 1431 2065; x_wconf 68' lang='lat' dir='ltr'><strong>duribus.</strong></span> <span class='ocrx_word' id='word_1_760' title='bbox 1448 2039 1515 2065; x_wconf 84' lang='lat' dir='ltr'><strong>Pari</strong></span> <span class='ocrx_word' id='word_1_761' title='bbox 1529 2046 1605 2065; x_wconf 86' lang='lat' dir='ltr'><strong>more</strong></span> <span class='ocrx_word' id='word_1_762' title='bbox 1618 2039 1771 2066; x_wconf 79' lang='lat' dir='ltr'><strong>introrsum</strong></span> <span class='ocrx_word' id='word_1_763' title='bbox 1782 2048 1853 2074; x_wconf 73' lang='lat' dir='ltr'><strong>gens</strong></span> <span class='ocrx_word' id='word_1_764' title='bbox 1868 2048 1914 2067; x_wconf 82' lang='lat' dir='ltr'><strong>ca-</strong></span> 
     </span>
    </p>
   </div>
   <div class='ocr_carea' id='block_1_107' title="bbox 1082 2083 1915 2119">
    <p class='ocr_par' dir='ltr' id='par_1_107' title="bbox 1082 2083 1915 2119">
     <span class='ocr_line' id='line_1_107' title="bbox 1082 2083 1915 2119; baseline 0.002 -9"><span class='ocrx_word' id='word_1_765' title='bbox 1082 2083 1175 2118; x_wconf 66' lang='lat' dir='ltr'><strong>liginis</strong></span> <span class='ocrx_word' id='word_1_766' title='bbox 1202 2091 1233 2110; x_wconf 84' lang='lat' dir='ltr'><strong>ac</strong></span> <span class='ocrx_word' id='word_1_767' title='bbox 1258 2083 1332 2118; x_wconf 81' lang='lat' dir='ltr'><strong>fumi</strong></span> <span class='ocrx_word' id='word_1_768' title='bbox 1345 2083 1437 2118; x_wconf 86' lang='lat' dir='ltr'><strong>plena,</strong></span> <span class='ocrx_word' id='word_1_769' title='bbox 1468 2083 1498 2110; x_wconf 85' lang='lat' dir='ltr'><strong>in</strong></span> <span class='ocrx_word' id='word_1_770' title='bbox 1512 2091 1569 2119; x_wconf 86' lang='lat' dir='ltr'><strong>qua</strong></span> <span class='ocrx_word' id='word_1_771' title='bbox 1599 2083 1763 2111; x_wconf 85' lang='lat' dir='ltr'><strong>morabatur</strong></span> <span class='ocrx_word' id='word_1_772' title='bbox 1777 2084 1915 2112; x_wconf 75' lang='lat' dir='ltr'><strong>immanis</strong></span> 
     </span>
    </p>
   </div>
   <div class='ocr_carea' id='block_1_108' title="bbox 1080 2127 1916 2162">
    <p class='ocr_par' dir='ltr' id='par_1_108' title="bbox 1080 2127 1916 2162">
     <span class='ocr_line' id='line_1_108' title="bbox 1080 2127 1916 2162; baseline 0.002 -8"><span class='ocrx_word' id='word_1_773' title='bbox 1080 2128 1207 2162; x_wconf 73' lang='lat' dir='ltr'><strong>princeps</strong></span> <span class='ocrx_word' id='word_1_774' title='bbox 1220 2128 1348 2155; x_wconf 84' lang='lat' dir='ltr'><strong>omnium</strong></span> <span class='ocrx_word' id='word_1_775' title='bbox 1362 2128 1388 2154; x_wconf 88' lang='lat' dir='ltr'><strong>et</strong></span> <span class='ocrx_word' id='word_1_776' title='bbox 1401 2127 1468 2160; x_wconf 75' lang='lat' dir='ltr'><strong>dux,</strong></span> <span class='ocrx_word' id='word_1_777' title='bbox 1485 2127 1587 2155; x_wconf 77' lang='lat' dir='ltr'><strong>habens</strong></span> <span class='ocrx_word' id='word_1_778' title='bbox 1603 2128 1678 2155; x_wconf 83' lang='lat' dir='ltr'><strong>circa</strong></span> <span class='ocrx_word' id='word_1_779' title='bbox 1701 2135 1729 2155; x_wconf 68' lang='lat' dir='ltr'><strong>re</strong></span> <span class='ocrx_word' id='word_1_780' title='bbox 1744 2128 1916 2156; x_wconf 78' lang='lat' dir='ltr'><strong>innumera-</strong></span> 
     </span>
    </p>
   </div>
   <div class='ocr_carea' id='block_1_109' title="bbox 1082 2172 1916 2210">
    <p class='ocr_par' dir='ltr' id='par_1_109' title="bbox 1082 2172 1916 2210">
     <span class='ocr_line' id='line_1_109' title="bbox 1082 2172 1916 2210; baseline 0.002 -11"><span class='ocrx_word' id='word_1_781' title='bbox 1082 2172 1148 2200; x_wconf 78' lang='lat' dir='ltr'><strong>biles</strong></span> <span class='ocrx_word' id='word_1_782' title='bbox 1163 2172 1311 2206; x_wconf 75' lang='lat' dir='ltr'><strong>principes,</strong></span> <span class='ocrx_word' id='word_1_783' title='bbox 1329 2180 1445 2207; x_wconf 81' lang='lat' dir='ltr'><strong>quorum</strong></span> <span class='ocrx_word' id='word_1_784' title='bbox 1459 2172 1583 2199; x_wconf 87' lang='lat' dir='ltr'><strong>omnium</strong></span> <span class='ocrx_word' id='word_1_785' title='bbox 1598 2172 1655 2207; x_wconf 78' lang='lat' dir='ltr'><strong>ipse</strong></span> <span class='ocrx_word' id='word_1_786' title='bbox 1667 2173 1726 2199; x_wconf 82' lang='lat' dir='ltr'><strong>erat</strong></span> <span class='ocrx_word' id='word_1_787' title='bbox 1740 2180 1820 2200; x_wconf 72' lang='lat' dir='ltr'><strong>mens</strong></span> <span class='ocrx_word' id='word_1_788' title='bbox 1833 2175 1916 2210; x_wconf 81' lang='lat' dir='ltr'><strong>atque</strong></span> 
     </span>
    </p>
   </div>
   <div class='ocr_carea' id='block_1_110' title="bbox 1080 2217 1913 2253">
    <p class='ocr_par' dir='ltr' id='par_1_110' title="bbox 1080 2217 1913 2253">
     <span class='ocr_line' id='line_1_110' title="bbox 1080 2217 1913 2253; baseline 0.001 -9"><span class='ocrx_word' id='word_1_789' title='bbox 1080 2218 1180 2253; x_wconf 84' lang='lat' dir='ltr'><strong>origo:</strong></span> <span class='ocrx_word' id='word_1_790' title='bbox 1191 2217 1410 2252; x_wconf 64' lang='lat' dir='ltr'><strong>lietque/uerunt</strong></span> <span class='ocrx_word' id='word_1_791' title='bbox 1423 2218 1531 2244; x_wconf 60' lang='lat' dir='ltr'><strong>natura</strong></span> <span class='ocrx_word' id='word_1_792' title='bbox 1540 2217 1660 2252; x_wconf 80' lang='lat' dir='ltr'><strong>quinque</strong></span> <span class='ocrx_word' id='word_1_793' title='bbox 1669 2221 1750 2245; x_wconf 65' lang='lat' dir='ltr'><strong>terra?</strong></span> <span class='ocrx_word' id='word_1_794' title='bbox 1760 2219 1913 2253; x_wconf 57' lang='lat' dir='ltr'><strong>pestiferae.</strong></span> 
     </span>
    </p>
   </div>
   <div class='ocr_carea' id='block_1_111' title="bbox 1116 2260 1918 2296">
    <p class='ocr_par' dir='ltr' id='par_1_111' title="bbox 1116 2260 1918 2296">
     <span class='ocr_line' id='line_1_111' title="bbox 1116 2260 1918 2296; baseline 0 -8"><span class='ocrx_word' id='word_1_795' title='bbox 1116 2262 1160 2289; x_wconf 75' lang='lat'><strong>20.</strong></span> <span class='ocrx_word' id='word_1_796' title='bbox 1177 2261 1207 2289; x_wconf 90' lang='lat' dir='ltr'><strong>Si</strong></span> <span class='ocrx_word' id='word_1_797' title='bbox 1223 2262 1332 2288; x_wconf 87' lang='lat' dir='ltr'><strong>aerium</strong></span> <span class='ocrx_word' id='word_1_798' title='bbox 1351 2260 1392 2288; x_wconf 89' lang='lat' dir='ltr'><strong>vel</strong></span> <span class='ocrx_word' id='word_1_799' title='bbox 1408 2261 1496 2288; x_wconf 84' lang='lat' dir='ltr'><strong>etiam</strong></span> <span class='ocrx_word' id='word_1_800' title='bbox 1510 2261 1661 2288; x_wconf 65' lang='lat' dir='ltr'><strong>aetherium</strong></span> <span class='ocrx_word' id='word_1_801' title='bbox 1678 2269 1783 2296; x_wconf 89' lang='lat' dir='ltr'><strong>corpus</strong></span> <span class='ocrx_word' id='word_1_802' title='bbox 1800 2262 1918 2290; x_wconf 88' lang='lat' dir='ltr'><strong>diceret</strong></span> 
     </span>
    </p>
   </div>
   <div class='ocr_carea' id='block_1_112' title="bbox 1080 2305 1917 2340">
    <p class='ocr_par' dir='ltr' id='par_1_112' title="bbox 1080 2305 1917 2340">
     <span class='ocr_line' id='line_1_112' title="bbox 1080 2305 1917 2340; baseline -0.001 -6"><span class='ocrx_word' id='word_1_803' title='bbox 1080 2314 1145 2334; x_wconf 87' lang='lat' dir='ltr'><strong>esse</strong></span> <span class='ocrx_word' id='word_1_804' title='bbox 1161 2308 1297 2333; x_wconf 87' lang='lat' dir='ltr'><strong>naturam</strong></span> <span class='ocrx_word' id='word_1_805' title='bbox 1313 2305 1373 2338; x_wconf 88' lang='lat' dir='ltr'><strong>Dei,</strong></span> <span class='ocrx_word' id='word_1_806' title='bbox 1390 2306 1518 2340; x_wconf 88' lang='lat' dir='ltr'><strong>profecto</strong></span> <span class='ocrx_word' id='word_1_807' title='bbox 1529 2305 1700 2332; x_wconf 88' lang='lat' dir='ltr'><strong>irrideretur</strong></span> <span class='ocrx_word' id='word_1_808' title='bbox 1712 2305 1747 2332; x_wconf 90' lang='lat' dir='ltr'><strong>ab</strong></span> <span class='ocrx_word' id='word_1_809' title='bbox 1758 2306 1917 2340; x_wconf 88' lang='lat' dir='ltr'><strong>omnibus,</strong></span> 
     </span>
    </p>
   </div>
   <div class='ocr_carea' id='block_1_113' title="bbox 1081 2349 1916 2386">
    <p class='ocr_par' dir='ltr' id='par_1_113' title="bbox 1081 2349 1916 2386">
     <span class='ocr_line' id='line_1_113' title="bbox 1081 2349 1916 2386; baseline 0.001 -9"><span class='ocrx_word' id='word_1_810' title='bbox 1081 2351 1129 2386; x_wconf 89' lang='lat' dir='ltr'><strong>qui</strong></span> <span class='ocrx_word' id='word_1_811' title='bbox 1147 2350 1297 2386; x_wconf 61' lang='lat' dir='ltr'><strong>sapientia)</strong></span> <span class='ocrx_word' id='word_1_812' title='bbox 1311 2349 1502 2385; x_wconf 85' lang='lat' dir='ltr'><strong>veritatisque</strong></span> <span class='ocrx_word' id='word_1_813' title='bbox 1514 2352 1648 2377; x_wconf 83' lang='lat' dir='ltr'><strong>naturam</strong></span> <span class='ocrx_word' id='word_1_814' title='bbox 1666 2358 1716 2385; x_wconf 90' lang='lat' dir='ltr'><strong>per</strong></span> <span class='ocrx_word' id='word_1_815' title='bbox 1732 2349 1812 2377; x_wconf 89' lang='lat' dir='ltr'><strong>nulla</strong></span> <span class='ocrx_word' id='word_1_816' title='bbox 1832 2350 1916 2378; x_wconf 86' lang='lat' dir='ltr'><strong>loco-</strong></span> 
     </span>
    </p>
   </div>
   <div class='ocr_carea' id='block_1_114' title="bbox 1081 2393 1916 2430">
    <p class='ocr_par' dir='ltr' id='par_1_114' title="bbox 1081 2393 1916 2430">
     <span class='ocr_line' id='line_1_114' title="bbox 1081 2393 1916 2430; baseline 0 -8"><span class='ocrx_word' id='word_1_817' title='bbox 1081 2403 1146 2422; x_wconf 90' lang='lat' dir='ltr'><strong>rum</strong></span> <span class='ocrx_word' id='word_1_818' title='bbox 1156 2394 1250 2430; x_wconf 84' lang='lat' dir='ltr'><strong>spatia</strong></span> <span class='ocrx_word' id='word_1_819' title='bbox 1262 2394 1419 2421; x_wconf 82' lang='lat' dir='ltr'><strong>distentam</strong></span> <span class='ocrx_word' id='word_1_820' title='bbox 1433 2395 1520 2429; x_wconf 86' lang='lat' dir='ltr'><strong>atque</strong></span> <span class='ocrx_word' id='word_1_821' title='bbox 1528 2393 1676 2427; x_wconf 75' lang='lat' dir='ltr'><strong>diffusam,</strong></span> <span class='ocrx_word' id='word_1_822' title='bbox 1686 2393 1749 2421; x_wconf 89' lang='lat' dir='ltr'><strong>sine</strong></span> <span class='ocrx_word' id='word_1_823' title='bbox 1760 2394 1820 2422; x_wconf 88' lang='lat' dir='ltr'><strong>ulla</strong></span> <span class='ocrx_word' id='word_1_824' title='bbox 1831 2394 1916 2423; x_wconf 88' lang='lat' dir='ltr'><strong>mole</strong></span> 
     </span>
    </p>
   </div>
   <div class='ocr_carea' id='block_1_115' title="bbox 1081 2437 1907 2474">
    <p class='ocr_par' dir='ltr' id='par_1_115' title="bbox 1081 2437 1907 2474">
     <span class='ocr_line' id='line_1_115' title="bbox 1081 2437 1907 2474; baseline 0 -8"><span class='ocrx_word' id='word_1_825' title='bbox 1081 2447 1218 2474; x_wconf 85' lang='lat' dir='ltr'><strong>magnam</strong></span> <span class='ocrx_word' id='word_1_826' title='bbox 1234 2441 1262 2465; x_wconf 86' lang='lat' dir='ltr'><strong>ct</strong></span> <span class='ocrx_word' id='word_1_827' title='bbox 1277 2437 1475 2473; x_wconf 82' lang='lat' dir='ltr'><strong>magniﬁcam,</strong></span> <span class='ocrx_word' id='word_1_828' title='bbox 1492 2446 1544 2465; x_wconf 88' lang='lat' dir='ltr'><strong>nec</strong></span> <span class='ocrx_word' id='word_1_829' title='bbox 1559 2438 1587 2465; x_wconf 91' lang='lat' dir='ltr'><strong>in</strong></span> <span class='ocrx_word' id='word_1_830' title='bbox 1605 2440 1685 2474; x_wconf 84' lang='lat' dir='ltr'><strong>parte</strong></span> <span class='ocrx_word' id='word_1_831' title='bbox 1701 2438 1859 2474; x_wconf 87' lang='lat' dir='ltr'><strong>minorem,</strong></span> <span class='ocrx_word' id='word_1_832' title='bbox 1876 2441 1907 2466; x_wconf 84' lang='lat' dir='ltr'><strong>et</strong></span> 
     </span>
    </p>
   </div>
   <div class='ocr_carea' id='block_1_116' title="bbox 1082 2481 1914 2518">
    <p class='ocr_par' dir='ltr' id='par_1_116' title="bbox 1082 2481 1914 2518">
     <span class='ocr_line' id='line_1_116' title="bbox 1082 2481 1914 2518; baseline 0 -8"><span class='ocrx_word' id='word_1_833' title='bbox 1082 2483 1111 2510; x_wconf 90' lang='lat' dir='ltr'><strong>in</strong></span> <span class='ocrx_word' id='word_1_834' title='bbox 1131 2485 1212 2518; x_wconf 88' lang='lat' dir='ltr'><strong>parte</strong></span> <span class='ocrx_word' id='word_1_835' title='bbox 1227 2482 1379 2517; x_wconf 81' lang='lat' dir='ltr'><strong>majorem,</strong></span> <span class='ocrx_word' id='word_1_836' title='bbox 1396 2482 1445 2509; x_wconf 88' lang='lat' dir='ltr'><strong>sed</strong></span> <span class='ocrx_word' id='word_1_837' title='bbox 1462 2490 1513 2517; x_wconf 88' lang='lat' dir='ltr'><strong>per</strong></span> <span class='ocrx_word' id='word_1_838' title='bbox 1526 2483 1624 2509; x_wconf 88' lang='lat' dir='ltr'><strong>omnia</strong></span> <span class='ocrx_word' id='word_1_839' title='bbox 1635 2481 1776 2518; x_wconf 57' lang='lat' dir='ltr'><strong>aqualem</strong></span> <span class='ocrx_word' id='word_1_840' title='bbox 1789 2490 1914 2510; x_wconf 86' lang='lat' dir='ltr'><strong>summo</strong></span> 
     </span>
    </p>
   </div>
   <div class='ocr_carea' id='block_1_117' title="bbox 1082 2526 1914 2562">
    <p class='ocr_par' dir='ltr' id='par_1_117' title="bbox 1082 2526 1914 2562">
     <span class='ocr_line' id='line_1_117' title="bbox 1082 2526 1914 2562; baseline 0.001 -8"><span class='ocrx_word' id='word_1_841' title='bbox 1082 2527 1169 2562; x_wconf 80' lang='lat' dir='ltr'><strong>Patri,</strong></span> <span class='ocrx_word' id='word_1_842' title='bbox 1187 2535 1239 2554; x_wconf 91' lang='lat' dir='ltr'><strong>nec</strong></span> <span class='ocrx_word' id='word_1_843' title='bbox 1253 2526 1333 2554; x_wconf 84' lang='lat' dir='ltr'><strong>aliud</strong></span> <span class='ocrx_word' id='word_1_844' title='bbox 1350 2526 1505 2553; x_wconf 88' lang='lat' dir='ltr'><strong>habentem</strong></span> <span class='ocrx_word' id='word_1_845' title='bbox 1524 2527 1570 2553; x_wconf 85' lang='lat' dir='ltr'><strong>hic</strong></span> <span class='ocrx_word' id='word_1_846' title='bbox 1595 2530 1623 2554; x_wconf 83' lang='lat' dir='ltr'><strong>et</strong></span> <span class='ocrx_word' id='word_1_847' title='bbox 1639 2527 1718 2554; x_wconf 87' lang='lat' dir='ltr'><strong>aliud</strong></span> <span class='ocrx_word' id='word_1_848' title='bbox 1746 2526 1826 2561; x_wconf 89' lang='lat' dir='ltr'><strong>alibi,</strong></span> <span class='ocrx_word' id='word_1_849' title='bbox 1857 2527 1914 2555; x_wconf 82' lang='lat' dir='ltr'><strong>sed</strong></span> 
     </span>
    </p>
   </div>
   <div class='ocr_carea' id='block_1_118' title="bbox 1080 2570 1914 2608">
    <p class='ocr_par' dir='ltr' id='par_1_118' title="bbox 1080 2570 1914 2608">
     <span class='ocr_line' id='line_1_118' title="bbox 1080 2570 1914 2608; baseline 0.001 -9"><span class='ocrx_word' id='word_1_850' title='bbox 1080 2571 1190 2608; x_wconf 89' lang='lat' dir='ltr'><strong>ubique</strong></span> <span class='ocrx_word' id='word_1_851' title='bbox 1205 2571 1361 2607; x_wconf 87' lang='lat' dir='ltr'><strong>integram,</strong></span> <span class='ocrx_word' id='word_1_852' title='bbox 1377 2570 1486 2606; x_wconf 90' lang='lat' dir='ltr'><strong>ubique</strong></span> <span class='ocrx_word' id='word_1_853' title='bbox 1503 2574 1676 2606; x_wconf 58' lang='lat' dir='ltr'><strong>prasentem</strong></span> <span class='ocrx_word' id='word_1_854' title='bbox 1698 2570 1914 2607; x_wconf 85' lang='lat' dir='ltr'><strong>qualicumque</strong></span> 
     </span>
    </p>
   </div>
   <div class='ocr_carea' id='block_1_119' title="bbox 1079 2615 1754 2651">
    <p class='ocr_par' dir='ltr' id='par_1_119' title="bbox 1079 2615 1754 2651">
     <span class='ocr_line' id='line_1_119' title="bbox 1079 2615 1754 2651; baseline -0.001 -7"><span class='ocrx_word' id='word_1_855' title='bbox 1079 2617 1140 2645; x_wconf 85' lang='lat' dir='ltr'><strong>acie</strong></span> <span class='ocrx_word' id='word_1_856' title='bbox 1152 2617 1213 2651; x_wconf 86' lang='lat' dir='ltr'><strong>jam</strong></span> <span class='ocrx_word' id='word_1_857' title='bbox 1225 2615 1380 2643; x_wconf 88' lang='lat' dir='ltr'><strong>serenioris</strong></span> <span class='ocrx_word' id='word_1_858' title='bbox 1396 2615 1504 2642; x_wconf 84' lang='lat' dir='ltr'><strong>mentis</strong></span> <span class='ocrx_word' id='word_1_859' title='bbox 1520 2615 1627 2643; x_wconf 90' lang='lat' dir='ltr'><strong>intueri</strong></span> <span class='ocrx_word' id='word_1_860' title='bbox 1646 2615 1754 2643; x_wconf 84' lang='lat' dir='ltr'><strong>valent.</strong></span> 
     </span>
    </p>
   </div>
   <div class='ocr_carea' id='block_1_120' title="bbox 1114 2659 1904 2695">
    <p class='ocr_par' dir='ltr' id='par_1_120' title="bbox 1114 2659 1904 2695">
     <span class='ocr_line' id='line_1_120' title="bbox 1114 2659 1904 2695; baseline 0 -7"><span class='ocrx_word' id='word_1_861' title='bbox 1114 2660 1231 2689; x_wconf 79' lang='lat' dir='ltr'><strong>CAPUT</strong></span> <span class='ocrx_word' id='word_1_862' title='bbox 1247 2659 1319 2687; x_wconf 77' lang='lat' dir='ltr'><strong>XVI.</strong></span> <span class='ocrx_word' id='word_1_863' title='bbox 1332 2676 1365 2679; x_wconf 98' lang='lat'>—</span> <span class='ocrx_word' id='word_1_864' title='bbox 1376 2660 1503 2687; x_wconf 83' lang='lat' dir='ltr'><strong>Animam</strong></span> <span class='ocrx_word' id='word_1_865' title='bbox 1519 2661 1618 2695; x_wconf 77' lang='lat' dir='ltr'><strong>ipsam,</strong></span> <span class='ocrx_word' id='word_1_866' title='bbox 1628 2662 1680 2688; x_wconf 79' lang='lat' dir='ltr'><strong>etsi</strong></span> <span class='ocrx_word' id='word_1_867' title='bbox 1699 2660 1842 2688; x_wconf 77' lang='lat' dir='ltr'><strong>mutabili:</strong></span> <span class='ocrx_word' id='word_1_868' title='bbox 1851 2661 1904 2695; x_wconf 73' lang='lat' dir='ltr'><strong>sit,</strong></span> 
     </span>
    </p>
   </div>
   <div class='ocr_carea' id='block_1_121' title="bbox 1078 2705 1912 2742">
    <p class='ocr_par' dir='ltr' id='par_1_121' title="bbox 1078 2705 1912 2742">
     <span class='ocr_line' id='line_1_121' title="bbox 1078 2705 1912 2742; baseline 0 -10"><span class='ocrx_word' id='word_1_869' title='bbox 1078 2714 1129 2742; x_wconf 86' lang='lat' dir='ltr'><strong>per</strong></span> <span class='ocrx_word' id='word_1_870' title='bbox 1137 2706 1227 2741; x_wconf 74' lang='lat' dir='ltr'><strong>spatia</strong></span> <span class='ocrx_word' id='word_1_871' title='bbox 1238 2705 1355 2732; x_wconf 88' lang='lat' dir='ltr'><strong>locorum</strong></span> <span class='ocrx_word' id='word_1_872' title='bbox 1365 2712 1419 2732; x_wconf 84' lang='lat' dir='ltr'><strong>non</strong></span> <span class='ocrx_word' id='word_1_873' title='bbox 1431 2705 1561 2732; x_wconf 70' lang='lat' dir='ltr'><strong>dislendi.</strong></span> <span class='ocrx_word' id='word_1_874' title='bbox 1574 2707 1644 2733; x_wconf 85' lang='lat' dir='ltr'><strong>Nam</strong></span> <span class='ocrx_word' id='word_1_875' title='bbox 1659 2707 1714 2733; x_wconf 79' lang='lat' dir='ltr'><strong>tota</strong></span> <span class='ocrx_word' id='word_1_876' title='bbox 1721 2709 1802 2733; x_wconf 70' lang='lat' dir='ltr'><strong>sentit</strong></span> <span class='ocrx_word' id='word_1_877' title='bbox 1808 2705 1838 2732; x_wconf 81' lang='lat' dir='ltr'><strong>in</strong></span> <span class='ocrx_word' id='word_1_878' title='bbox 1849 2706 1912 2733; x_wconf 75' lang='lat' dir='ltr'><strong>sin-</strong></span> 
     </span>
    </p>
   </div>
   <div class='ocr_carea' id='block_1_122' title="bbox 1077 2749 1903 2785">
    <p class='ocr_par' dir='ltr' id='par_1_122' title="bbox 1077 2749 1903 2785">
     <span class='ocr_line' id='line_1_122' title="bbox 1077 2749 1903 2785; baseline -0.001 -8"><span class='ocrx_word' id='word_1_879' title='bbox 1077 2750 1137 2785; x_wconf 86' lang='lat' dir='ltr'><strong>guli</strong></span> <span class='ocrx_word' id='word_1_880' title='bbox 1150 2750 1274 2785; x_wconf 82' lang='lat' dir='ltr'><strong>partibus</strong></span> <span class='ocrx_word' id='word_1_881' title='bbox 1289 2749 1417 2784; x_wconf 72' lang='lat' dir='ltr'><strong>corporis.</strong></span> <span class='ocrx_word' id='word_1_882' title='bbox 1427 2749 1479 2776; x_wconf 87' lang='lat' dir='ltr'><strong>Sed</strong></span> <span class='ocrx_word' id='word_1_883' title='bbox 1493 2749 1564 2784; x_wconf 92' lang='lat' dir='ltr'><strong>quid</strong></span> <span class='ocrx_word' id='word_1_884' title='bbox 1571 2749 1666 2777; x_wconf 89' lang='lat' dir='ltr'><strong>dicam</strong></span> <span class='ocrx_word' id='word_1_885' title='bbox 1679 2750 1713 2777; x_wconf 89' lang='lat' dir='ltr'><strong>de</strong></span> <span class='ocrx_word' id='word_1_886' title='bbox 1725 2750 1844 2777; x_wconf 81' lang='lat' dir='ltr'><strong>veritate</strong></span> <span class='ocrx_word' id='word_1_887' title='bbox 1855 2751 1903 2776; x_wconf 82' lang='lat' dir='ltr'><strong>at-</strong></span> 
     </span>
    </p>
   </div>
   <div class='ocr_carea' id='block_1_123' title="bbox 1078 2793 1907 2831">
    <p class='ocr_par' dir='ltr' id='par_1_123' title="bbox 1078 2793 1907 2831">
     <span class='ocr_line' id='line_1_123' title="bbox 1078 2793 1907 2831; baseline 0.001 -10"><span class='ocrx_word' id='word_1_888' title='bbox 1078 2802 1133 2830; x_wconf 89' lang='lat' dir='ltr'><strong>que</strong></span> <span class='ocrx_word' id='word_1_889' title='bbox 1148 2793 1301 2830; x_wconf 81' lang='lat' dir='ltr'><strong>sapientia,</strong></span> <span class='ocrx_word' id='word_1_890' title='bbox 1312 2801 1375 2829; x_wconf 65' lang='lat' dir='ltr'><strong>quis</strong></span> <span class='ocrx_word' id='word_1_891' title='bbox 1387 2801 1489 2821; x_wconf 85' lang='lat' dir='ltr'><strong>omnes</strong></span> <span class='ocrx_word' id='word_1_892' title='bbox 1501 2793 1605 2821; x_wconf 80' lang='lat' dir='ltr'><strong>animas</strong></span> <span class='ocrx_word' id='word_1_893' title='bbox 1616 2794 1763 2829; x_wconf 81' lang='lat' dir='ltr'><strong>potentias</strong></span> <span class='ocrx_word' id='word_1_894' title='bbox 1774 2795 1907 2831; x_wconf 82' lang='lat' dir='ltr'><strong>superat;</strong></span> 
     </span>
    </p>
   </div>
   <div class='ocr_carea' id='block_1_124' title="bbox 1111 2867 1669 2901">
    <p class='ocr_par' dir='ltr' id='par_1_124' title="bbox 1111 2867 1669 2901">
     <span class='ocr_line' id='line_1_124' title="bbox 1111 2867 1669 2901; baseline -0.002 -5"><span class='ocrx_word' id='word_1_895' title='bbox 1111 2871 1120 2889; x_wconf 82' lang='grc' dir='ltr'><strong><em>ι</em></strong></span> <span class='ocrx_word' id='word_1_896' title='bbox 1135 2869 1214 2901; x_wconf 84' lang='lat' dir='ltr'><strong>Editi,</strong></span> <span class='ocrx_word' id='word_1_897' title='bbox 1229 2868 1358 2895; x_wconf 78' lang='lat' dir='ltr'><strong>habitant.</strong></span> <span class='ocrx_word' id='word_1_898' title='bbox 1372 2868 1406 2896; x_wconf 72' lang='lat' dir='ltr'><strong>At</strong></span> <span class='ocrx_word' id='word_1_899' title='bbox 1418 2869 1493 2900; x_wconf 72' lang='grc' dir='ltr'><strong>Μει,</strong></span> <span class='ocrx_word' id='word_1_900' title='bbox 1506 2867 1669 2896; x_wconf 74' lang='lat' dir='ltr'><strong>habitabant.</strong></span> 
     </span>
    </p>
   </div>
  </div>
