4086 6186
276 365 385 428 185

269 514 393 554 cum
431 495 620 568 ipsius
651 495 860 553 animae
884 501 1095 551 natura
1118 512 1244 567 quae
1274 493 1574 549 mutabilis
1604 492 1915 561 invenitur,

266 585 422 641 nullo
456 587 627 640 modo
660 585 919 640 locorum
948 585 1140 657 spatia
1175 586 1428 655 quadam
1456 584 1605 637 mole
1627 599 1733 637 sua
1754 597 1917 636 occu-

264 675 396 747 pet?
429 675 723 745 Quidquid
757 674 912 728 enim
942 674 1202 745 qualibet
1228 672 1613 728 crassitudine
1637 672 1781 733 est‘,
1803 686 1915 725 non

265 769 454 836 potest
486 764 601 819 nisi
640 763 825 817 minui
860 780 961 834 per
991 769 1205 833 partes,
1246 762 1513 817 habendo
1555 760 1712 815 aliud
1745 760 1837 814 hic
1864 761 1919 813 et

265 852 419 908 aliud
443 853 803 908 alibi.Minor
820 856 909 907 est
930 852 1084 906 enim
1101 851 1320 923 digitus
1338 868 1514 922 quam
1539 854 1660 905 tota
1683 864 1915 913 manus;

262 947 318 996 et
350 942 543 996 minor
574 946 661 996 est
692 942 912 1012 digitus
936 958 1087 995 unus
1106 941 1441 1011 quamduo,
1467 943 1521 993 et
1542 938 1677 992 alibi
1699 936 1910 992 estiste

258 1030 503 1101 digitus,
538 1030 676 1085 alibi
709 1029 824 1098 ille,
846 1028 981 1083 alibi
1014 1034 1215 1083 caetera
1239 1028 1647 1091 manus.Quod
1673 1044 1786 1081 non
1817 1042 1906 1080 so-

254 1117 380 1174 lum
406 1120 463 1174 in
497 1119 751 1174 molibus
783 1134 1088 1190 corporum
1118 1117 1483 1172 articulatis’
1504 1114 1905 1170 videmuszsed

257 1208 437 1265 etiam
461 1214 626 1265 terrae
655 1225 789 1280 pars
821 1209 932 1263 ista
962 1225 1072 1262 non
1098 1214 1187 1263 est
1208 1208 1285 1262 ibi
1315 1208 1408 1261 ubi
1436 1206 1549 1270 illa,
1574 1205 1711 1278 quia
1732 1220 1906 1259 suum

250 1297 450 1352 locum
484 1312 727 1369 quaeque
759 1297 1008 1351 obtinet:
1044 1303 1099 1352 et
1129 1313 1263 1368 pars
1296 1295 1561 1351 humoris
1594 1295 1785 1349 minor
1805 1293 1910 1347 mi-

250 1401 418 1449 nore,
452 1391 509 1441 et
533 1386 719 1456 major
750 1386 969 1455 majore
990 1384 1111 1439 loco
1142 1389 1258 1448 est;
1281 1388 1336 1440 et
1366 1383 1477 1438 alia
1502 1400 1635 1455 pars
1652 1387 1739 1437 est
1756 1382 1908 1436 circa

248 1472 529 1542 fundum,
549 1474 662 1528 alia
682 1474 833 1529 circa
851 1490 980 1528 oras
1003 1474 1213 1545 poculi.
1241 1473 1523 1529 Similiter
1543 1471 1691 1527 aeris
1714 1475 1907 1542 partes

250 1578 397 1617 suos
430 1580 677 1634 quaeque
708 1562 953 1634 implent
987 1562 1177 1630 locos;
1211 1580 1315 1617 nec
1349 1562 1468 1617 fieri
1504 1565 1696 1632 potest
1721 1566 1784 1615 ut
1811 1576 1908 1614 aer

247 1667 368 1723 quo
386 1651 666 1723 impletur
684 1652 803 1705 haec
835 1653 1065 1713 domus,
1089 1651 1267 1707 simul
1292 1668 1487 1706 secum
1508 1651 1565 1704 in
1580 1650 1780 1705 eadem
1800 1649 1906 1702 do-

247 1756 344 1796 mo
372 1741 591 1795 habere
615 1741 798 1813 possit
822 1741 997 1795 etiam
1020 1740 1183 1795 illum
1211 1757 1399 1796 aerem
1422 1756 1593 1811 quem
1618 1738 1791 1793 vicini
1810 1738 1909 1792 ha-

244 1830 432 1885 bent:
469 1830 736 1901 lucisque
765 1830 949 1903 ipsius
980 1829 1093 1885 alia
1124 1848 1257 1902 pars
1289 1830 1617 1883 infunditur
1638 1844 1737 1899 per
1758 1828 1908 1882 hanc

247 1919 597 1984 fenestram,
630 1919 743 1973 alia
784 1937 887 1991 per
924 1919 1119 1985 illam;
1168 1925 1224 1974 et
1256 1920 1443 1989 major
1474 1935 1574 1990 per
1605 1919 1905 1988 majorem,

248 2024 354 2080 per
387 2008 677 2062 minorem
710 2014 903 2063 autem
939 2010 1148 2063 minor.
1171 2009 1284 2063 Nec
1312 2008 1547 2063 omnino
1573 2011 1764 2079 potest
1780 2022 1909 2061 esse

249 2096 494 2168 aliquod
527 2114 759 2169 corpus,
794 2098 911 2152 sive
942 2096 1172 2152 cceleste
1207 2098 1326 2153 sive
1349 2102 1639 2167 terrestre,
1674 2097 1791 2151 sive
1813 2112 1907 2150 ae-

249 2186 408 2242 rium
456 2185 577 2241 sive
607 2186 939 2251 humidum,
984 2188 1135 2257 quod
1170 2203 1283 2241 non
1318 2187 1514 2241 minus
1556 2186 1629 2241 sit
1666 2185 1722 2239 in
1750 2189 1910 2256 parte

248 2293 429 2348 quam
455 2277 513 2330 in
536 2280 691 2330 toto:
728 2291 915 2347 neque
947 2275 1064 2330 ullo
1096 2276 1267 2330 modo
1290 2276 1473 2347 possit
1496 2276 1553 2329 in
1585 2275 1708 2329 loco
1730 2274 1908 2345 hujus

245 2365 435 2436 partis
471 2363 648 2419 simul
674 2363 884 2419 habere
918 2363 1086 2419 aliam
1121 2370 1374 2434 partem;
1410 2365 1509 2418 sed
1538 2365 1693 2419 aliud
1728 2364 1821 2419 hic
1852 2368 1909 2419 et

244 2453 407 2509 aliud
441 2453 581 2508 alibi
606 2453 827 2509 habens
860 2470 961 2525 per
992 2453 1271 2524 quaelibet
1301 2454 1489 2524 spatia
1513 2453 1766 2509 locorum
1792 2454 1908 2508 dis-

240 2544 396 2597 tanti
420 2548 477 2597 et
508 2542 857 2607 dividua,vel
879 2542 1163 2613 potius,ut
1197 2543 1279 2598 ita
1309 2542 1520 2607 dicam,
1546 2542 1729 2597 sectili
1756 2546 1907 2599 mole

242 2631 860 2687 distenditur.Animaa
881 2648 1012 2687 vero
1032 2632 1495 2700 natura,etiamsi
1519 2649 1631 2687 non
1660 2632 1759 2686 illa
1780 2633 1907 2702 ejus

240 2722 511 2793 potentia
528 2722 931 2776 consideretur
946 2738 1055 2793 qua
1078 2721 1345 2789 intelligit
1358 2722 1789 2788 veritatem,sed
1810 2720 1908 2776 illa

241 2807 494 2862 inferior
522 2824 638 2877 qua
676 2808 933 2863 continet
966 2825 1177 2880 corpus
1219 2814 1273 2863 et
1316 2810 1492 2864 sentit
1522 2810 1581 2863 in
1628 2826 1902 2881 corpore:

243 2896 413 2952 nullo
445 2898 623 2951 modo
649 2896 946 2953 invenitur
992 2897 1245 2953 locorum
1282 2898 1492 2970 spatiis
1525 2899 1722 2971 aliqua
1757 2898 1907 2955 mole

242 2985 530 3041 distendi.
564 2985 708 3039 Nam
742 2986 993 3058 singulis
1026 2987 1115 3041 sui
1167 2988 1424 3059 corporis
1458 2987 1757 3060 particulis
1788 2992 1907 3043 tota

239 3081 462 3148 praesto
496 3081 607 3143 est,
641 3091 774 3130 cum
811 3081 931 3130 tota
963 3076 1139 3130 sentit
1170 3078 1226 3130 in
1260 3076 1543 3149 singulis:
1579 3094 1684 3132 nec
1716 3078 1907 3133 minor

236 3180 380 3235 pars
413 3166 545 3235 ejus
579 3164 636 3218 in
669 3164 853 3235 digito
896 3169 1002 3235 est,
1050 3169 1108 3219 et
1151 3168 1335 3235 major
1366 3167 1421 3219 in
1458 3167 1712 3237 brachio,
1754 3168 1906 3221 sicut

236 3253 375 3325 ipse
395 3253 622 3324 digitus
647 3253 880 3307 brachio
901 3254 1091 3308 minor
1120 3259 1206 3309 est
1224 3271 1236 3321 ;
1257 3254 1354 3309 sed
1383 3255 1777 3326 ubiquetanta
1797 3263 1902 3321 est,

236 3342 382 3413 quia
414 3341 638 3413 ubique
660 3345 779 3395 tota
796 3346 904 3397 est.
924 3342 1067 3397 Cum
1082 3343 1238 3397 enim
1268 3345 1904 3417 tangiturdigitus,nou

237 3448 345 3503 per
378 3436 571 3486 totum
605 3448 815 3501 corpus
841 3431 1036 3499 sentit,
1059 3438 1115 3487 et
1135 3436 1327 3487 tamen
1355 3440 1472 3488 tota
1493 3436 1903 3491 sentit.’[‘otam

237 3521 402 3576 enim
440 3526 633 3574 tactus
666 3520 761 3575 ille
782 3537 896 3575 non
920 3520 1089 3586 latet;
1119 3523 1273 3592 quod
1300 3540 1412 3577 non
1440 3523 1623 3591 ﬁeret,
1646 3524 1757 3579 nisi
1782 3529 1906 3579 tota

235 3614 459 3681 praesto
493 3614 667 3663 esset.
703 3608 816 3663 Nec
848 3609 931 3663 sic
960 3614 1084 3663 tota
1116 3615 1321 3679 praesto
1346 3616 1452 3679 est,
1488 3628 1619 3666 cum
1644 3613 1906 3683 tangitur

237 3700 468 3770 digitus
492 3704 547 3752 et
570 3698 747 3752 sentit
765 3699 820 3752 in
838 3698 1111 3770 digito,ut
1133 3706 1402 3754 caeterum
1420 3702 1648 3756 deserat
1670 3719 1901 3774 corpus,

238 3793 293 3842 et
327 3804 463 3842 sese
495 3787 567 3842 ad
602 3803 783 3841 unum
819 3786 984 3841 illum
1017 3787 1207 3843 locum
1240 3788 1297 3842 in
1343 3806 1454 3858 quo
1486 3792 1662 3845 sentit
1701 3792 1904 3863 agglo-

240 3881 450 3931 meret.
486 3876 595 3930 Sed
627 3892 757 3931 cum
793 3880 911 3930 tota
933 3876 1183 3931 scntitin
1218 3877 1397 3948 digito
1426 3894 1655 3947 manus,
1686 3880 1903 3936 sialius

239 3965 411 4022 locus
444 3966 801 4038 tangaturin
836 3967 998 4037 pede,
1028 3982 1131 4021 nec
1163 3967 1241 4020 ibi
1275 3968 1490 4022 desinit
1520 3975 1641 4023 tota
1664 3971 1901 4026 sentire:

240 4061 424 4126 atque
459 4055 540 4109 ita
588 4056 645 4109 in
679 4054 928 4125 singulis
976 4056 1331 4111 distantibus
1382 4057 1523 4112 locis
1574 4062 1692 4113 tota
1727 4059 1904 4115 simul

240 4145 436 4211 adest,
472 4160 588 4197 non
621 4160 804 4197 unum
839 4144 1112 4199 deserens
1146 4152 1207 4199 ut
1240 4145 1299 4199 in
1332 4145 1508 4201 altero
1543 4152 1665 4201 tota
1693 4148 1787 4213 sit,
1811 4164 1905 4203 ne-

240 4250 361 4305 que
393 4234 477 4287 ita
508 4238 827 4304 utrumque
857 4237 1065 4288 tenens
1097 4239 1162 4287 ut
1193 4235 1366 4289 aliam
1401 4240 1622 4306 partem
1656 4236 1750 4291 hic
1802 4237 1903 4292 ha-

239 4322 401 4388 beat,
428 4327 487 4377 et
520 4322 654 4377 alibi
692 4321 861 4376 aliam
891 4340 904 4388 ;
929 4322 1028 4377 sed
1063 4323 1359 4378 sufficiens
1386 4325 1655 4379 exhibere
1687 4342 1748 4381 se
1779 4326 1903 4381 siu—

238 4412 402 4483 gulis
434 4411 581 4465 locis
611 4410 787 4465 simul
818 4416 1021 4479 totam,
1055 4413 1331 4482 quoniam
1351 4416 1471 4467 tota
1497 4414 1675 4469 sentit
1705 4415 1762 4469 in
1788 4416 1905 4469 sin-

239 4500 426 4574 gulis,
464 4501 609 4555 satis
638 4500 894 4555 ostendit
924 4517 984 4555 se
1025 4499 1289 4555 locorum
1315 4502 1519 4572 spatiis
1552 4520 1664 4557 non
1697 4505 1901 4559 teneri.

313 4588 550 4644 CAPUT
570 4588 737 4643 XVII.
756 4620 822 4629 —
838 4591 1111 4644 Memoria
1122 4592 1267 4661 capit
1279 4593 1649 4646 maximorum
1665 4593 1905 4647 locorum

241 4680 538 4749 imagines.
566 4678 791 4743 Quid,si
827 4679 953 4748 ejus
978 4678 1319 4734 memoriam
1340 4681 1806 4751 cogitemus,non
1825 4698 1906 4737 re-

241 4784 378 4823 rum
398 4766 988 4839 intelligibilium,sed
1004 4767 1212 4823 harum
1227 4786 1569 4840 corporearu
1582 4786 1634 4823 m
1660 4787 1835 4841 quam
1850 4776 1906 4826 et

242 4858 452 4912 bestiae
485 4857 696 4910 habere
725 4856 1061 4911 sentiuntur
1081 4857 1240 4927 (nam
1272 4862 1328 4912 et
1359 4875 1460 4928 per
1482 4858 1607 4914 loca
1629 4864 1763 4915 nota
1779 4861 1903 4916 sine

243 4962 446 5002 errore
469 4945 738 5017 jumenta
760 4950 1103 5016 pergunt,et
1119 4944 1333 4999 cubilia
1348 4962 1452 5001 sua
1472 4948 1493 4980 ³
1515 4947 1711 5001 bestiae
1742 4965 1904 5019 repe-

246 5039 408 5099 tunt,
428 5040 486 5088 et
506 5050 680 5089 canes
710 5033 1082 5088 dominorum
1102 5050 1341 5089 suorum
1365 5052 1606 5106 corpora
1628 5052 1901 5107 recogno-

244 5128 444 5191 scuut,
462 5128 518 5177 et
539 5122 896 5177 dormientes
919 5122 1262 5194 plerumque
1291 5124 1903 5191 immurmurant,etin

244 5212 524 5267 latratum
540 5211 855 5283 aliquando
869 5214 1369 5284 erumpunt,quod
1396 5214 1555 5269 nullo
1578 5216 1747 5271 modo
1772 5232 1903 5287 pos-

243 5307 380 5357 sent
410 5301 524 5356 nisi
554 5301 611 5356 in
646 5318 849 5356 eorum
875 5302 1157 5357 memoria
1177 5302 1433 5358 visarum
1459 5321 1652 5359 rerum
1685 5304 1772 5360 vel
1801 5321 1903 5377 per

246 5406 460 5462 corpus
482 5395 802 5463 utcumque
829 5408 1133 5446 sensaruni
1161 5397 1536 5448 versarentur
1558 5394 1898 5466 imagines);

320 5572 334 5605 ¹
364 5570 441 5616 Ita
469 5569 593 5617 Mss.
624 5568 689 5617 At
718 5567 869 5625 editi,
897 5568 1236 5617 crassitudine
1261 5568 1587 5620 distenditur.

311 5631 333 5664 ι
360 5632 515 5702 μίῑὶ,
544 5631 597 5702 in
632 5629 919 5702 mobilibus
954 5645 1217 5702 corporum
1256 5631 1518 5702 articulis.
1562 5632 1901 5697 Castigautur

250 5694 449 5756 auxilio
477 5694 673 5742 veteris
696 5706 825 5756 man
838 5694 1053 5756 useripti
1082 5695 1429 5743 Corbeieneis.

312 5756 332 5792 ³
360 5755 514 5817 Editi,
546 5759 592 5806 et
622 5754 855 5806 cubicula
882 5754 994 5807 sua;
1034 5756 1371 5821 Castigantur
1402 5771 1468 5807 ex
1494 5760 1893 5824 manuscriptis.

1716 358 1950 422 LIBER
1994 357 2101 420 UN
2107 358 2227 420 US.

3560 354 3677 414 186

2028 490 2157 561 quis
2190 491 2363 559 digne
2396 490 2648 562 cogitet,
2679 488 2779 544 ubi
2808 486 3259 560 capianturistae
3282 486 3681 560 imagines,ub

2029 584 2352 651 gestentur,
2387 581 2469 634 vel
2505 580 2602 633 ubi
2639 577 3083 633 formentur‘?Si
3116 576 3267 633 enim
3295 594 3405 631 non
3439 581 3678 649 possent

2027 684 2155 723 esse
2187 669 2436 737 majores
2468 684 2644 739 quam
2680 667 2860 722 nostri
2892 666 3153 737 corporis
3184 667 3478 736 quantitas
3497 671 3673 737 tenet,

2028 758 2243 812 diceret
2274 757 2676 829 aliquis,intra
2701 758 2826 827 ipsa
2849 757 2938 810 sui
2962 756 3217 827 corporis
3249 755 3437 825 spatia
3458 757 3673 827 quibus

2027 852 2084 903 et
2115 847 2214 902 illa
2245 847 2634 913 concluditur,
2686 846 2791 900 has
2822 844 3107 916 imagines
3138 845 3395 898 animam
3420 845 3671 917 figurare

2021 940 2195 1006 atque
2220 936 2784 991 servare.Nuncvero
2804 950 2935 988 cum
2962 934 3331 1004 perexiguam
3357 938 3521 988 terrai
3545 951 3673 1005 par-

2018 1028 2134 1079 tem
2168 1030 2409 1095 occupet
2432 1040 2662 1097 corpus,
2698 1023 3117 1077 immensarum
3142 1022 3443 1093 regionum
3463 1029 3519 1079 et
3542 1024 3670 1079 cceli

2018 1130 2083 1168 ac
2107 1118 2268 1168 terra:
2300 1114 2587 1185 imagines
2619 1112 2850 1166 animus
2877 1111 3075 1175 volvit,
3095 1110 3307 1181 quibus
3330 1113 3667 1167 catervatim

2017 1202 2451 1257 discedentibus
2474 1220 2539 1257 ac
2558 1200 3009 1257 succedentibus
3029 1217 3141 1253 non
3163 1200 3225 1253 tit
3257 1205 3541 1271 angustus
3559 1218 3570 1255 :
3588 1207 3670 1257 at-

2016 1308 2130 1362 que
2161 1292 2295 1346 hinc
2326 1308 2387 1347 se
2418 1292 2669 1347 ostendit
2702 1308 2815 1345 non
2865 1291 3143 1344 diffusum
3176 1304 3304 1344 esse
3346 1306 3446 1361 per
3486 1289 3667 1364 locos,

2017 1381 2155 1452 quia
2173 1380 2559 1435 maximorum
2590 1380 2847 1435 locorum
2874 1378 3229 1449 imaginibus
3254 1396 3364 1433 non
3390 1380 3557 1451 quasi
3583 1398 3671 1436 ca-

2016 1468 2193 1541 pitur,
2228 1470 2325 1525 sed
2354 1470 2546 1541 potius
2577 1486 2674 1524 eas
2706 1469 2897 1539 capit;
2932 1485 3046 1521 non
3076 1468 3207 1521 sinu
3236 1467 3452 1539 aliquo,
3485 1469 3583 1523 sed
3616 1469 3671 1523 vi

2018 1559 2392 1629 potentiaque
2425 1559 2719 1619 ineffabili.
2745 1575 2857 1627 qua
2881 1557 3013 1613 licet
3041 1557 3125 1611 eis
3155 1561 3209 1610 et
3239 1557 3449 1612 addere
3482 1557 3668 1628 quoli-

2018 1648 2114 1702 bet
2143 1653 2199 1701 et
2220 1648 2541 1712 detrahere,
2565 1653 2621 1702 et
2650 1648 2708 1701 in
2737 1652 3049 1719 angustum
3085 1663 3180 1700 eas
3214 1646 3575 1714 contrahere,
3608 1651 3665 1701 et

2018 1753 2118 1809 per
2149 1736 2438 1791 immensa
2470 1737 2811 1807 eXpandere,
2832 1740 2887 1791 et
2917 1736 3187 1790 ordinare
3210 1740 3272 1789 ut
3288 1735 3441 1803 velit,
3466 1740 3522 1790 et
3543 1753 3666 1808 per-

2016 1827 2272 1896 turbare,
2306 1831 2363 1880 et
2393 1826 2793 1897 multiplicare,
2828 1830 2883 1879 et
2913 1826 2983 1879 ad
3015 1825 3365 1896 paucitatem
3397 1824 3665 1897 singula-

2017 1914 2315 1969 ritatemve
2360 1914 2635 1987 redigere.

2088 2050 2167 2105 CA
2182 2048 2317 2105 PUT
2355 2049 2544 2104 XVIII.
2570 2081 2633 2089 -
2656 2048 3002 2119 Intellz'gendi
3027 2049 3264 2119 potentia
3290 2047 3353 2102 de
3375 2062 3561 2101 rerum
3581 2062 3664 2102 ve-

2017 2140 2181 2194 ritate
2210 2139 2381 2210 deque
2415 2140 2533 2210 ipsa.
2563 2140 2887 2209 cogitatione
2907 2136 3141 2208 judicat.
3163 2135 3308 2203 Quid
3319 2138 3444 2207 jam
3467 2136 3537 2191 de
3564 2134 3663 2191 illa

2018 2228 2225 2299 loquar
2238 2227 2509 2299 potentia,
2522 2244 2634 2298 qua
2652 2225 3362 2297 intelligiturveritas,qua
3375 2224 3505 2279 istis
3519 2223 3664 2295 ipsis

2019 2334 2145 2389 quae
2160 2318 2229 2372 de
2245 2316 2501 2388 corporis
2517 2331 2692 2371 sensu
2709 2316 2931 2371 haustae
2950 2312 3661 2386 ﬁgurantur,imaginibus

2018 2422 2145 2463 sese
2178 2422 2277 2478 pro
2306 2407 2547 2461 veritate
2567 2405 2997 2478 opponentibus
3028 2420 3240 2475 magna
3255 2402 3552 2458 vivacitate
3572 2418 3661 2458 re-

2016 2496 2283 2552 sistitur?
2305 2498 2430 2563 Qua
2446 2496 2674 2550 videtur
2702 2494 2899 2563 aliam,
2919 2494 3073 2549 verbi
3089 2494 3295 2565 gratia,
3314 2508 3507 2548 veram
3531 2508 3659 2548 esse

2016 2584 2446 2657 Carthaginem,
2467 2583 2639 2638 aliam
2665 2600 2841 2656 quam
2865 2582 3324 2654 cogitausfingit,
3350 2586 3405 2636 et
3429 2598 3531 2652 pro
3554 2598 3660 2637 suo

2015 2673 2255 2729 arbitrio
2288 2678 2406 2729 tota
2439 2672 2712 2728 facilitate
2743 2676 3099 2727 commutat:
3138 2688 3205 2726 ex
3236 2672 3436 2725 eadem
3466 2670 3661 2725 venire

2016 2763 2291 2819 facilitate
2326 2762 2779 2817 innumerabiles
2802 2762 3076 2825 mundos,
3102 2760 3158 2815 in
3191 2759 3403 2831 quibus
3427 2759 3660 2830 Epicuri

2015 2851 2286 2923 cogitatio
2342 2850 2850 2906 innumerabiliter
2896 2850 3263 2922 peregrinata
3304 2854 3417 2905 est:
3468 2852 3544 2915 et,
3592 2865 3659 2904 ne

2014 2942 2202 2997 multa
2232 2946 2546 3011 consecter,
2580 2956 2647 2995 ex
2692 2940 2892 2995 eadem
2944 2939 3140 2994 venire
3195 2937 3656 2994 facilitateistam

2014 3036 2225 3087 terram
2254 3031 2402 3086 lucis
2428 3047 2531 3102 per
2551 3029 2738 3102 spatia
2760 3030 2987 3085 infinita
3010 3030 3303 3097 diffusam,
3323 3033 3379 3083 et
3398 3027 3657 3099 quinque

2014 3126 2184 3176 antra
2215 3120 2405 3191 gentis
2432 3120 2801 3174 tenebrarum
2827 3136 2959 3174 cum
2992 3118 3422 3174 habitatoribus
3444 3117 3656 3186 suis,in

2014 3211 2229 3281 quibus
2260 3210 2558 3265 Manichazi
2581 3210 2990 3281 phantasmata
3018 3209 3277 3264 veritatis
3309 3208 3418 3263 sibi
3446 3224 3657 3263 nomen

2015 3316 2159 3355 ausa
2190 3304 2327 3353 sunt
2352 3314 2656 3369 usurpare.
2680 3297 2823 3363 Quid
2846 3302 2933 3352 est
2950 3312 3085 3368 ergo
3104 3296 3223 3351 haec
3252 3296 3510 3367 potentia
3532 3312 3658 3366 quae

2012 3387 2125 3444 ista
2153 3386 2466 3443 discernit?
2497 3387 2755 3441 Profecto
2798 3391 3268 3457 quantacumque
3315 3387 3409 3449 sit,
3468 3389 3523 3439 et
3569 3384 3658 3439 bis

2014 3476 2289 3533 omnibus
2322 3477 2511 3547 major
2526 3481 2636 3541 est,
2667 3479 2722 3530 et
2754 3475 2879 3530 sine
2903 3474 3021 3529 ulla
3040 3474 3349 3529 talirerum
3374 3473 3658 3545 imagina-

2015 3567 2171 3622 tione
2200 3568 2506 3639 cogitatur.
2542 3565 2689 3619 Huic
2728 3565 2916 3619 inveni
2948 3564 3156 3636 spatia,
3192 3564 3238 3619 si
3271 3568 3465 3635 potes;
3508 3562 3658 3618 hanc

2016 3656 2277 3712 diﬂ'unde
2292 3672 2391 3727 per
2404 3655 2736 3722 locos,hanc
2750 3653 2990 3709 infinitae
3012 3654 3181 3708 molis
3199 3657 3257 3707 tu
3270 3670 3425 3708 more
3438 3653 3657 3708 disten-

2014 3746 2102 3801 de.
2138 3744 2398 3800 Profecto
2432 3745 2479 3799 si
2512 3744 2657 3798 bene
2705 3742 2944 3814 cogitas,
2998 3759 3110 3797 non
3146 3746 3328 3812 potes.
3368 3740 3655 3812 Quidquid

2013 3835 2169 3892 enim
2201 3835 2307 3889 tibi
2348 3832 2463 3888 tale
2501 3832 2838 3898 occurrerit,
2880 3831 3113 3901 judicas
3152 3831 3280 3903 ipsa
3310 3830 3658 3902 cogitatione

2013 3925 2195 3979 secari
2232 3939 2405 3995 posse
2454 3939 2556 3994 per
2585 3926 2798 3993 partes,
2834 3921 3093 3991 facisque
3123 3921 3201 3976 ibi
3226 3920 3395 3975 aliam
3431 3923 3656 3990 partem

2012 4012 2506 4079 minorem,’aliam
2527 4012 3127 4082 majorem,quantum
3149 4010 3368 4081 placet;
3388 4009 3530 4063 illud
3555 4027 3657 4064 au-

2012 4108 2129 4159 tem
2160 4102 2357 4174 ipsum
2389 4117 2503 4172 quo
2536 4101 2649 4157 ista
2670 4102 2923 4170 judicas,
2944 4102 3133 4155 cernis
3166 4116 3292 4156 esse
3323 4116 3502 4172 supra
3522 4100 3652 4166 ista,

2013 4209 2130 4247 non
2157 4191 2266 4247 loci
2299 4190 2627 4258 altitudine,
2662 4190 2761 4246 sed
2795 4189 3061 4262 potentiae
3093 4189 3390 4262 dignitate,

2084 4326 2314 4382 CAPUT
2354 4325 2491 4380 XIX.
2516 4356 2584 4365 —
2603 4326 2692 4379 21.
2736 4324 2795 4379 Si
2824 4326 3015 4380 animo
3041 4339 3140 4394 per
3168 4324 3307 4379 locos
3334 4340 3442 4379 non
3466 4328 3655 4379 exten-

2011 4415 2182 4485 ditur,
2215 4416 2384 4470 mullo
2421 4417 2608 4469 minus
2650 4415 2805 4469 Deus.
2853 4414 3058 4479 Quare,
3111 4414 3158 4468 si
3196 4414 3454 4468 animam
3485 4414 3654 4469 toties

2015 4503 2377 4572 mutabilem,
2394 4502 2511 4558 sive
2528 4504 2816 4557 variarum
2839 4502 3205 4557 voluntatum
3222 4504 3411 4566 turba,
3431 4503 3551 4557 sive
3570 4502 3653 4557 af-

2013 4595 2260 4649 fectibus
2279 4609 2378 4664 pro
2402 4609 2595 4647 rerum
2615 4592 2779 4662 cepia
2796 4590 2881 4646 vel
2900 4592 3094 4662 inopia
3117 4608 3243 4647 sese
3262 4592 3651 4659 flectentibus,

2014 4682 2132 4738 sive
2148 4680 2836 4754 ipsisinnumerabilibus
2853 4680 3005 4735 ludis
3024 4680 3653 4751 phantasmatum,sive

2013 4771 2299 4827 oblivione
2330 4774 2385 4824 et
2418 4769 2718 4835 memoria,
2750 4770 2867 4824 sive
2900 4769 3164 4823 doctrina
3184 4774 3240 4824 et
3263 4771 3579 4841 imperitia;
3604 4771 3651 4825 si

2013 4876 2147 4932 ergo
2171 4862 2449 4919 animam,
2470 4864 2534 4911 ut
2563 4857 2699 4923 dixi,
2727 4857 2818 4911 his
2836 4862 3008 4927 atque
3030 4858 3369 4928 hujusmodi
3389 4860 3654 4914 motioni-

2014 4951 2123 5005 bus
2138 4949 2309 5004 toties
2331 4947 2670 5002 mutabilem
2685 4947 3013 5011 ,sentisnon
3039 4948 3285 5001 diffundi
3308 4950 3653 5019 extendique

2013 5056 2115 5111 per
2139 5038 2428 5103 locos,sed
2460 5037 2658 5091 omnia
2678 5036 2815 5091 talia
2838 5037 3026 5107 spatia
3052 5039 3319 5106 potentiae
3350 5038 3653 5094 vivacitate

2010 5144 2319 5201 superare:
2355 5126 2494 5198 quid
2528 5126 2597 5181 de
2629 5126 2755 5197 ipso
2786 5126 2903 5181 Deo
2935 5126 3309 5197 cogitandum
3338 5132 3437 5181 aut
3466 5127 3663 5183 existi-

2009 5219 2289 5274 mandum
2316 5222 2425 5280 est,
2445 5216 2545 5287 qui
2570 5232 2747 5287 supra
2768 5230 2971 5270 omnes
2990 5216 3301 5270 rationales
3325 5220 3547 5271 mentes
3568 5218 3657 5273 in-

2008 5323 2336 5363 concussus
2377 5311 2552 5376 atque
2591 5304 3088 5360 incommutabilis
3129 5322 3373 5361 manens
3402 5348 3415 5373 ,
3448 5306 3659 5363 tribuit

2009 5397 2161 5468 quod
2180 5396 2389 5467 cuique
2408 5395 2782 5450 tribuendum
2796 5394 3095 5459 est?Quem
3113 5394 3340 5450 lacilius
3353 5394 3544 5467 eloqui
3559 5414 3661 5453 au-

2007 5487 2104 5541 det
2133 5482 2829 5556 anima,quamvidere:et
2846 5500 3019 5553 quem
3039 5489 3197 5539 tanto
3221 5484 3655 5558 minuseloqui-

2004 5578 2347 5646 tur,quanto
2370 5574 2655 5629 sincerius
2681 5575 2874 5629 videre
2893 5574 3273 5644 potuerit.Qui
3293 5579 3485 5631 tamen
3510 5576 3654 5643 si,ut

2004 5663 2451 5719 Manichaeorum
2473 5662 2883 5732 phantasmata
2915 5663 3568 5734 perstrepunt.locorum
3583 5682 3652 5721 ex

2005 5770 2123 5812 una
2150 5758 2315 5825 parte
2344 5750 2831 5822 determinato,ex
2847 5750 2977 5808 aliis
3007 5750 3294 5809 immenso
3312 5754 3502 5827 spatio
3528 5758 3649 5813 ten-
3666 5808 3684 5836 ἀ
