4086 6186
372 418 489 479 187

378 551 640 607 daretur:
675 548 1049 620 quantalibet
1078 548 1138 603 in
1168 564 1234 603 eo
1267 548 1583 620 particulae,
1604 552 1658 602 et
1689 550 2024 601 innumera-

379 640 524 695 bilia
557 640 740 693 frusta
771 638 884 693 alia
918 639 1157 705 majora,
1182 638 1295 693 alia
1326 638 1551 692 minora
1584 654 1685 709 pro
1718 636 2025 709 cogitantis

381 727 621 785 arbitrio
657 726 1036 794 metirentur;
1063 732 1122 780 ut
1145 727 1427 794 bipedalis
1448 726 1504 780 in
1525 742 1611 791 eo,
1632 725 1787 780 verbi
1815 725 2021 797 gratia,

378 832 513 889 pars
545 820 671 870 octo
704 816 969 886 partibus
994 814 1183 869 minor
1202 821 1547 885 essetquam
1574 813 2021 885 decempedalis.

370 906 433 960 Id
454 904 611 959 enim
632 919 866 959 necesse
892 909 978 959 est
999 904 1296 974 contingat
1330 904 1605 957 omnibus
1639 902 2021 971 naturis,qua3

374 1010 478 1067 per
491 993 629 1048 talia
644 994 834 1064 spatia
850 994 1073 1047 diﬁ'usze
1088 993 1303 1063 ubique
1323 996 1452 1046 totae
1471 1008 1599 1047 esse
1618 1008 1730 1045 non
1756 995 2019 1062 possunt:

372 1083 525 1154 quod
560 1083 616 1135 in
650 1082 780 1153 ipsa
812 1083 1009 1136 anima
1031 1082 1477 1145 noninvcnitur,
1497 1085 1551 1134 et
1570 1081 1737 1134 abeis
1765 1079 1862 1150 qui
1888 1096 2022 1133 con-

372 1174 631 1228 siderare
652 1170 771 1224 haec
806 1187 917 1225 non
942 1170 1154 1239 valent,
1178 1170 1513 1224 deformiter
1534 1170 1600 1223 de
1626 1168 1725 1222 illa
1755 1173 1811 1222 et
1839 1168 2021 1239 turpi-

371 1262 461 1316 ter
493 1259 769 1315 creditur.

442 1347 679 1405 CAPUT
720 1348 832 1403 ΧΧ.
857 1379 921 1389 —
950 1348 1037 1401 2'2.
1075 1348 1511 1402 Deliramentum
1542 1346 1607 1401 de
1639 1346 1848 1417 duplici
1875 1350 2025 1401 terra

376 1439 670 1507 refellitur.
704 1437 1109 1493 Verumtamen
1153 1454 1282 1491 cum
1310 1436 1643 1491 carnalibus
1678 1436 1889 1490 animis
1911 1436 2024 1491 l'or-

374 1532 533 1584 tasse
564 1544 676 1582 non
710 1526 795 1581 sic
839 1526 1127 1598 agendum
1162 1531 1270 1591 est,
1304 1525 1402 1579 sed
1435 1524 1903 1580 descendendum
1939 1527 2027 1577 est

377 1616 570 1688 potius
603 1617 672 1671 ad
697 1632 897 1670 eorum
931 1614 1444 1687 cogitationes,qui
1468 1614 2024 1683 naturamincorpo~

378 1720 535 1761 ream
568 1704 999 1775 etspiritualem
1032 1704 1337 1775 cOgitando
1358 1704 1551 1774 potius
1572 1703 1735 1773 sequi
1756 1702 1891 1768 ‘,vel
1910 1718 2025 1757 non

376 1796 614 1861 audent,
647 1794 734 1849 vel
762 1794 1022 1849 nondum
1055 1797 1281 1858 valent;
1316 1792 1395 1846 ita
1428 1797 1492 1847 ut
1522 1809 1626 1846 nec
1649 1792 1835 1861 ipsam
1869 1790 2023 1861 cogi-

372 1883 652 1939 tationem
679 1899 845 1938 suam
872 1883 1070 1937 eadem
1104 1881 1452 1951 cogitatione
1475 1880 2025 1944 considerent,etin-

373 1973 610 2028 veniant
638 1988 764 2025 eam
800 1970 958 2026 nullo
992 1972 1249 2025 locorum
1284 1969 1475 2039 spatio
1508 1970 1577 2023 de
1604 1968 2027 2041 ipsislocorum

379 2061 966 2135 spatiisjudicantem
990 2061 1031 2113 2.
1064 2059 1496 2113 Descendamus
1530 2074 1664 2129 ergo
1714 2059 1785 2112 ad
1829 2073 2027 2112 eorum

381 2167 610 2218 sensus,
646 2155 701 2204 et
742 2166 1071 2220 quaeramus
1103 2150 1173 2203 ab
1206 2147 1309 2216 eis,
1332 2150 1502 2219 juxta
1532 2163 1707 2218 quam
1737 2150 1944 2217 partem
1978 2148 2027 2201 et

372 2238 547 2310 juxta
578 2238 729 2308 quod
765 2238 927 2303 latus,
948 2236 1098 2291 sicut
1129 2236 1477 2291 Manichacus
1509 2236 1669 2304 dicit,
1698 2236 1936 2289 illustris
1959 2235 2026 2288 il-

380 2327 486 2382 lius
502 2330 783 2383 acsanctz
795 2336 957 2382 terra?
973 2333 1100 2380 erat
1124 2326 1471 2379 tenebrarum
1502 2328 1669 2378 terra.
1688 2323 1833 2378 Dicit
1845 2322 1998 2377 enim
2010 2366 2022 2389 ,

373 2420 537 2489 iuxta
568 2433 738 2470 unam
764 2420 979 2487 partem
1007 2432 1070 2469 ac
1100 2415 1396 2476 latus;nec
1424 2413 1565 2467 dicit
1585 2430 1757 2485 quam
1780 2418 2024 2484 partem,

374 2505 462 2561 vel
495 2506 649 2576 quod
684 2505 859 2570 latus,
893 2505 1156 2559 dextrum
1190 2520 1261 2557 an
1296 2502 1621 2558 sinistrum.
1658 2502 1764 2557 Sed
1793 2500 2025 2572 quodli-

379 2593 477 2649 bet
507 2594 746 2666 eligant,
795 2592 938 2648 illud
990 2598 1142 2647 certe
1174 2591 1552 2647 manifestum
1594 2596 1703 2655 est,
1750 2607 1865 2644 non
1914 2589 2027 2644 dici

385 2700 569 2738 unum
602 2682 776 2748 latus,
812 2682 924 2736 nisi
949 2682 1045 2736 ubi
1077 2686 1165 2736 est
1209 2686 1265 2735 et
1293 2680 1539 2735 alterum
1571 2679 1743 2733 latus.
1779 2678 1883 2733 Ubi
1918 2694 2027 2732 au-

381 2777 499 2829 tem
531 2771 616 2828 vel
649 2771 760 2826 tria
790 2770 875 2825 vel
901 2771 1063 2842 plura
1095 2776 1235 2825 sunt
1261 2770 1463 2837 latera,
1487 2770 1814 2848 autﬁguraa
1847 2767 2029 2821 ambi~

382 2868 480 2919 tus
499 2860 848 2933 intelligitur
870 2861 1127 2932 undique
1151 2859 1518 2923 terminatus,
1546 2862 1646 2913 aut
1668 2857 1716 2912 si
1743 2874 1809 2912 ex
1830 2856 2028 2927 aliqua

381 2956 541 3025 parte
571 2950 630 3005 in
663 2950 1019 3005 immensum
1053 2952 1227 3021 patet,
1260 2965 1327 3003 ex
1360 2948 1430 3002 iis
1460 2952 1655 3001 tamen
1700 2963 1823 3017 qum
1849 2945 2029 2999 latera

383 3041 677 3104 dicuntur,
713 3055 947 3093 necesse
979 3043 1064 3092 est
1095 3038 1352 3091 ﬁniatur.
1387 3036 1591 3090 Dicant
1616 3050 1771 3105 ergo,
1819 3050 1887 3087 ex
1917 3032 2028 3087 alio

382 3129 580 3195 latere,
610 3127 696 3183 vel
716 3145 784 3183 ex
815 3127 944 3181 aliis
974 3126 1273 3195 lateribus,
1300 3125 1437 3195 quid
1458 3124 1887 3194 adjungebatur
1919 3127 2029 3175 tero

388 3236 463 3275 rae
495 3216 663 3283 lucis,
680 3218 728 3272 si
761 3233 827 3271 ex
851 3216 1160 3271 unolatere
1190 3212 2029 3285 eratgenstenebrarum‘lNon

390 3308 625 3363 dicunt:
659 3307 758 3362 sed
786 3323 917 3361 cum
953 3308 1315 3377 praemuntur
1345 3308 1408 3357 ut
1440 3301 1655 3368 dicant,
1684 3300 1909 3355 inﬁnita
1942 3300 2033 3354 di-

389 3401 530 3453 cunt
560 3411 687 3452 esse
711 3395 824 3450 alia
856 3395 1036 3449 latera
1065 3399 1228 3449 terra
1251 3392 1409 3446 illius
1438 3407 1609 3461 quam
1642 3389 1785 3444 lucis
1810 3393 2031 3457 vocant,

386 3486 442 3541 id
478 3490 586 3553 est,
619 3501 720 3555 per
749 3484 977 3537 inﬁnita
1007 3482 1196 3552 spatia
1226 3479 1502 3548 distendi,
1525 3483 1581 3533 et
1612 3477 1771 3532 nullo
1796 3478 1909 3531 ﬁne
1940 3493 2033 3530 co-

382 3574 591 3630 hiberi.
626 3573 739 3629 Nec
785 3571 1126 3643 intelligunt
1158 3572 1284 3641 jam
1320 3586 1433 3623 non
1476 3584 1604 3623 esse
1639 3566 1844 3636 latera,
1878 3566 2035 3636 quod

388 3662 693 3737 quibusvis
724 3662 907 3717 tardis
938 3660 1189 3732 ingeniis
1223 3658 1661 3730 apertissimum
1714 3662 1820 3711 cst.
1874 3657 2036 3709 Tunc

390 3754 549 3809 enim
576 3755 771 3809 essent
802 3751 1001 3817 latera,
1046 3767 1094 3804 SI
1141 3748 1355 3802 ﬁnibus
1405 3746 1527 3801 suis
1558 3745 2033 3800 terminarentur.

392 3843 540 3908 Quid
572 3842 643 3897 ad
678 3858 790 3910 me,
813 3841 1019 3911 inquit,
1038 3839 1083 3894 si
1119 3854 1231 3892 non
1263 3836 1578 3892 sintlatera
1599 3835 1626 3888 ?
1656 3836 1765 3889 Sed
1796 3851 1928 3889 cum
1951 3834 2036 3887 di-

396 3948 575 3997 ceres,
599 3932 773 4002 juwta
802 3946 970 3983 unam
999 3937 1206 3999 partem
1244 3943 1309 3982 ac
1359 3926 1523 3990 latus,
1585 3924 1757 3978 aliam
1810 3939 2039 3994 quoque

390 4024 613 4093 partem
647 4019 766 4074 sive
798 4024 1012 4089 partes,
1047 4022 1103 4070 et
1128 4015 1283 4069 aliud
1320 4015 1472 4068 latus
1502 4012 1620 4067 sive
1651 4011 1834 4066 latera
1872 4028 2037 4083 coge-

392 4109 497 4164 bas
525 4107 792 4178 intelligi.
828 4106 971 4161 Nam
1004 4107 1052 4160 si
1084 4120 1264 4159 unum
1297 4107 1528 4157 tantum
1553 4100 1705 4155 latus
1737 4106 1879 4165 erat,
1912 4104 2040 4153 tan-

394 4201 519 4252 tum
546 4198 715 4267 juxta
746 4194 899 4249 latus
934 4194 1045 4247 dici
1078 4191 1296 4257 debuit,
1330 4207 1443 4245 non
1482 4191 1645 4259 juxta
1676 4206 1851 4243 unum
1877 4189 2037 4242 latus.

400 4284 563 4342 Sicut
591 4285 648 4339 in
679 4301 917 4357 corpore
949 4287 1147 4338 nostro
1196 4286 1345 4335 recte
1385 4278 1633 4333 dicimus
1664 4294 1791 4333 esse
1819 4277 2039 4348 aliquid

392 4376 564 4447 juxta
596 4392 776 4431 unum
812 4373 1069 4440 oculum,
1102 4370 1240 4442 quia
1258 4374 1345 4423 est
1363 4367 1751 4435 alteroculus;
1774 4367 2043 4437 autjuxta

403 4482 580 4520 unam
616 4462 957 4529 mamillam,
980 4461 1119 4532 quia
1140 4464 1226 4514 est
1242 4457 1517 4513 altera.Si
1552 4462 1744 4511 autem
1777 4456 2043 4510 dicamus

394 4556 564 4625 juxta
594 4570 777 4607 unum
830 4568 1060 4619 nasum,
1095 4554 1194 4603 aut
1237 4550 1408 4618 juxta
1456 4564 1639 4601 unum
1673 4545 2043 4612 umbilicum,

398 4660 530 4699 cum
561 4642 713 4697 alius
744 4658 856 4696 non
886 4641 1034 4703 sit,a
1064 4638 1248 4694 doctis
1266 4642 1323 4692 et
1344 4636 1677 4690 abindoctis
1698 4634 2041 4688 ridebimur.

398 4733 507 4789 Sed
545 4750 659 4787 non
683 4737 736 4786 te
765 4730 955 4785 verbis
976 4744 1202 4800 premo:
1240 4728 1482 4781 tortasse
1502 4726 1656 4778 enim
1676 4739 1859 4777 unum
1876 4722 2043 4793 quasi

401 4820 637 4877 unicum
670 4818 962 4891 appellare
992 4816 1248 4873 voluisti.

469 4908 701 4965 CAPUT
739 4907 878 4964 XXI.
912 4938 975 4947 —
1009 4905 1271 4960 Eamdem
1302 4912 1505 4957 terram
1530 4902 1690 4971 lucis,
1721 4903 1771 4956 si
1790 4909 1955 4957 terra?
1976 4904 2047 4955 le-

396 5000 688 5055 nebrarum
704 4998 984 5069 jungitur,
1004 5011 1116 5049 esse
1133 5008 1468 5063 corpoream.
1494 4993 1693 5061 Figura
1714 4999 1878 5046 terra:
1898 4998 2046 5044 tene-

403 5092 628 5145 brarum
648 5088 858 5159 junctae
882 5102 1003 5140 cum
1034 5092 1183 5138 terra
1215 5083 1370 5136 lucis.
1404 5080 1549 5145 Quid
1583 5096 1717 5150 ergo
1748 5085 1868 5133 erat
1882 5080 2048 5147 juxta

399 5177 542 5233 illud
565 5178 720 5232 latus
743 5182 927 5242 terrae,
949 5188 1122 5242 quam
1156 5170 1446 5224 illustrem
1474 5186 1539 5222 ac
1565 5173 1823 5222 sanctam
1851 5169 2048 5222 vocas?

399 5268 578 5334 Terra,
616 5265 834 5337 inquis,
866 5263 1232 5319 tenebrarum.
1252 5258 1423 5322 Quid,
1447 5257 1641 5311 deista
1663 5263 1818 5311 terra
1839 5255 2045 5312 saltem

402 5355 671 5411 concedis
702 5354 853 5426 quod
888 5367 1163 5423 corporea
1209 5347 1370 5404 erat?
1417 5347 1661 5401 Necesse
1709 5351 1798 5399 est
1845 5351 1899 5401 te
1941 5346 2047 5401 hoc

405 5446 624 5509 dicere;
652 5440 1123 5512 quandoquidem
1156 5435 1354 5492 omnia
1386 5451 1626 5505 corpora
1668 5433 1801 5488 inde
1832 5432 2047 5489 asseris

408 5534 688 5605 originem
720 5532 948 5586 ducere.
976 5528 1124 5593 Quid
1157 5542 1313 5597 ergo,
1338 5540 1553 5595 quaso,
1584 5524 1851 5595 quamvis
1874 5523 2044 5591 tardi,

469 5696 485 5728 ί
518 5692 847 5741 Corbeiensis
876 5695 1027 5738 vetus
1056 5688 1243 5743 codex,
1275 5684 1550 5747 cogitando
1576 5684 1827 5747 persequi.

464 5757 485 5790 ²
512 5754 668 5813 Editi,
700 5754 965 5801 inveniant
994 5766 1105 5800 eam
1137 5746 1360 5799 locorum
1391 5749 1557 5813 spatia
1588 5746 1651 5813 de
1679 5748 1802 5813 ipsis
1823 5746 2048 5813 locorum

391 5818 576 5883 ορατίίε
588 5809 929 5882 iudicantem.
961 5814 1326 5866 Emendantur
1348 5826 1414 5863 ex
1440 5809 1749 5862 Corbeiensi
1778 5809 1981 5861 codice.

1146 416 1464 477 CONTRA
1506 413 1951 475 EPISTOLAM
1998 412 2436 492 MANICHIEI,
2483 417 2548 477 S.
2594 416 3018 480 AUGUSTINI

3664 415 3782 476 188

2138 548 2407 617 quamvis
2422 549 2683 604 carnales
2698 549 2984 619 homines,
3000 565 3071 603 ne
3085 548 3193 603 hoc
3207 547 3443 619 quidem
3460 546 3773 619 aliquando

2134 636 2776 709 animadvertitis,quod
2792 637 3073 694 lateribus
3090 637 3200 693 sibi
3215 638 3389 709 jungi
3406 642 3651 707 utraque
3669 636 3778 691 ista

2131 729 2287 781 terra
2318 744 2430 781 non
2466 727 2666 797 possit,
2714 727 2825 783 nisi
2856 732 3011 782 esset
3042 732 3287 798 utraque
3328 728 3639 797 corporea?
3667 728 3780 781 Cur

2133 831 2267 885 ergo
2304 816 2469 870 nobis
2493 816 2798 871 dicebatur
2820 817 3013 872 nescio
3032 834 3147 887 qua
3163 820 3178 852 ¹
3195 816 3446 871 caecitate
3472 814 3779 887 perversis,

2132 905 2501 959 tenebrarum
2531 910 2758 960 tantum
2792 910 3008 960 terram
3057 907 3237 962 fuisse
3280 904 3364 959 vel
3395 921 3522 960 esse
3571 920 3780 975 corpo-

2134 1009 2289 1047 ream
2318 1010 2331 1059 ;
2366 994 2521 1048 illa'n
2558 1012 2690 1049 vero
2709 1000 3001 1067 quaaterra
3024 994 3262 1049 luminis
3278 991 3780 1049 dicereturincor-

2134 1098 2366 1153 poream
2399 1088 2456 1138 et
2486 1083 2851 1154 spiritualem
2884 1084 3038 1140 credi
3071 1083 3371 1155 oportere?
3400 1081 3778 1153 Expergisca-

2134 1188 2267 1225 mur
2298 1171 2612 1243 aliquando
2665 1173 2930 1228 bomines
2978 1173 3135 1229 boni.
3179 1177 3237 1227 et
3267 1173 3473 1226 saltem
3496 1169 3782 1225 admoniti

2134 1259 2288 1329 quod
2325 1259 2669 1314 facillimum
2710 1267 2798 1315 est
2846 1261 3241 1329 attendamus,
3284 1260 3431 1314 duas
3461 1264 3645 1313 terras
3668 1256 3782 1312 sibi

2133 1346 2415 1403 lateribus
2431 1365 2542 1403 non
2558 1366 2728 1421 posse
2740 1349 3154 1421 conjungi,nisi
3173 1349 3444 1419 utraque2
3458 1348 3780 1418 sitcorpus.

2202 1455 2291 1508 23.
2324 1456 2439 1510 Aut
2487 1457 2535 1511 si
2585 1457 2653 1511 ad
2706 1456 2820 1510 ista
2860 1456 3034 1511 etiam
3067 1456 3247 1511 crassi
3280 1459 3336 1510 et
3372 1454 3519 1510 tardi
3552 1469 3782 1521 sumus,

2134 1557 2329 1612 quaero
2363 1548 2559 1597 utrum
2591 1549 2647 1598 et
2678 1545 2804 1615 ipsa
2830 1548 2982 1598 terra
3011 1545 3383 1599 tenebrarum
3418 1559 3601 1598 unum
3627 1541 3784 1597 latus

2135 1628 2424 1696 habuerit,
2447 1636 2503 1685 et
2534 1636 2737 1687 caetera
2755 1632 3007 1698 inﬁnita,
3030 1633 3183 1687 sicut
3199 1640 3351 1687 terra
3382 1630 3684 1686 lucis.Non
3701 1630 3786 1685 ita

2135 1720 2407 1785 credunt;
2442 1720 2651 1775 timent
2681 1722 2835 1776 enim
2868 1738 2939 1776 ne
2971 1722 3084 1776 Deo
3108 1721 3372 1775 videatur
3400 1718 3660 1792 aequalis.
3686 1718 3782 1773 Di-

2135 1808 2601 1880 cuntergoillam
2620 1827 2720 1881 per
2734 1812 3084 1882 profundum
3104 1812 3454 1865 immensam
3477 1815 3533 1863 et
3546 1807 3784 1880 perlon-

2136 1913 2302 1969 gum:
2339 1915 2575 1953 sursum
2604 1914 2807 1955 versus
2838 1906 3033 1954 autem
3068 1917 3245 1971 supra
3267 1898 3461 1973 illam3
3484 1898 3674 1970 spatia
3697 1898 3787 1953 in-

2138 1988 2296 2041 ﬁnite
2326 1986 2631 2043 inanitatis
2662 1989 2980 2043 afﬁrmant.
3008 1990 3074 2043 Et
3106 2006 3177 2043 ne
3198 1989 3327 2059 ipsa
3359 1987 3445 2043 vel
3478 1986 3780 2058 simplum,

2136 2078 2290 2130 terra
2306 2082 2499 2131 autem
2531 2076 2774 2131 luminis
2797 2078 3043 2149 duplum
3067 2083 3266 2133 tenere
3289 2077 3571 2144 videatur,
3598 2091 3781 2147 angu-

2136 2170 2434 2219 stanteam
2450 2183 2481 2220 a
2494 2166 2724 2221 duobus
2738 2166 2912 2220 etiam
2930 2166 3537 2235 lateribus.Tanquam
3557 2164 3606 2220 si
3630 2181 3784 2219 unus
3887 2175 3903 2192 ‘

2136 2253 2304 2325 panis
2325 2254 2431 2315 (sic
2462 2255 2619 2309 enim
2640 2256 2791 2326 quod
2824 2254 3279 2310 diciturfacilius
3300 2254 3481 2309 videri
3508 2254 3785 2324 potest)in

2135 2342 2390 2412 quadrae
2413 2348 2664 2414 quatuor
2677 2342 3034 2397 decussatim
3052 2342 3299 2398 formetu
3311 2342 3419 2409 r,in
3435 2341 3650 2412 quibus
3668 2346 3786 2397 tres

2136 2431 2253 2485 sint
2284 2432 2561 2497 candida,
2598 2448 2714 2486 una
2744 2433 2939 2504 nigra:
2975 2433 3145 2487 modo
3188 2433 3257 2486 de
3298 2431 3487 2486 tribus
3517 2429 3786 2486 candidis

2134 2518 2270 2574 tolle
2302 2519 2760 2588 distinctionem,
2793 2527 2849 2575 et
2884 2522 2970 2576 fac
3000 2521 3131 2577 illas
3156 2526 3212 2577 et
3234 2538 3471 2575 sursum
3502 2536 3706 2575 versus
3728 2524 3787 2575 et

2135 2609 2409 2664 deorsum
2442 2626 2667 2677 versus,
2701 2615 2758 2665 et
2789 2610 3046 2682 undique
3080 2616 3229 2665 retro
3264 2610 3555 2665 inﬁnitas:
3597 2609 3682 2664 sic
3711 2609 3783 2664 ab

2134 2698 2218 2753 eis
2249 2714 2377 2753 esse
2408 2698 2663 2752 creditur
2691 2704 2842 2754 terra
2872 2699 3039 2755 lucis.
3064 2699 3225 2754 Illam
3243 2716 3375 2754 vero
3394 2699 3620 2771 nigram
3642 2715 3783 2770 qua-

2135 2787 2301 2842 dram
2335 2788 2423 2841 fac
2453 2788 2724 2843 deorsum
2756 2804 2960 2844 versus
2993 2792 3050 2843 et
3082 2795 3233 2844 retro
3260 2788 3572 2852 inﬁnitam,
3604 2803 3784 2858 supra

2136 2893 2198 2932 se
2239 2881 2430 2931 autem
2483 2876 2833 2933 immensam
2876 2878 3215 2933 inanitatem
3249 2878 3500 2933 habere:
3544 2878 3628 2932 sic
3659 2875 3787 2948 opi-

2137 2971 2355 3020 nantur
2384 2972 2598 3021 terram
2622 2967 3177 3022 tenebrarum‘Sed
3206 2967 3326 3021 haec
3355 2966 3532 3020 nimis
3550 2964 3789 3019 attentis

2137 3059 2192 3110 et
2216 3055 2479 3109 studiose
2497 3055 2932 3125 inquirentibus
2947 3056 3111 3127 quasi
3130 3060 3349 3111 secreta
3364 3056 3785 3109 demonstrant.

2209 3143 2439 3198 CAPUT
2478 3143 2646 3198 XXII.
2676 3176 2737 3184 —
2756 3145 2957 3213 Figura
2971 3145 3286 3201 terraelucis
3300 3143 3517 3215 fmdior.
3540 3143 3787 3198 Verum-

2138 3237 2333 3288 tamen
2365 3233 2413 3286 si
2447 3232 2519 3286 ita
2547 3238 2654 3299 est,
2689 3238 2925 3305 apparet
2948 3238 3160 3288 terram
3183 3233 3555 3288 tenebrarum
3578 3249 3612 3287 a
3632 3237 3786 3287 terra

2142 3321 2289 3376 lucis
2320 3322 2549 3376 duobus
2569 3321 2852 3377 lateribus
2867 3322 3024 3393 tangi
3037 3324 3123 3377 .Et
3138 3323 3341 3393 utique
3356 3323 3403 3376 si
3417 3322 3646 3376 duobus
3665 3324 3790 3374 tan-

2141 3410 2317 3482 gitur,
2353 3410 2582 3465 duobus
2612 3410 2787 3464 etiam
2821 3412 3028 3483 tangit.
3061 3412 3225 3467 Certe
3242 3412 3410 3483 juxta
3438 3427 3613 3464 unum
3645 3410 3790 3464 latus

2141 3507 2259 3555 erat
2288 3502 2440 3553 terra
2462 3500 2831 3554 tenebrarum.

2212 3607 2301 3659 24.
2338 3605 2554 3660 Deinde
2585 3623 2759 3677 quam
2780 3607 2930 3661 foeda
2948 3606 3135 3676 ﬁgura
3156 3606 3343 3661 terra“
3362 3605 3511 3662 lucis
3529 3610 3791 3678 apparet,

2144 3699 2423 3765 tanquam
2461 3694 2598 3748 ﬁssa
2631 3694 2852 3767 ungula
2884 3695 3050 3766 nigro
3093 3696 3347 3766 quodam
3370 3711 3553 3750 cuneo
3597 3696 3798 3750 subter

2147 3789 2386 3853 arctato,
2407 3782 2540 3837 illac
2570 3788 2797 3837 tantum
2824 3784 2989 3838 ﬁnita
3006 3801 3122 3855 qua
3147 3784 3407 3851 ﬁnditur,
3424 3784 3597 3839 hians
3618 3784 3796 3839 etiam

2147 3875 2203 3927 et
2218 3876 2423 3941 patens
2438 3872 2689 3943 desuper
2710 3872 3050 3945 interposito
3071 3872 3227 3928 inani
3249 3873 3528 3945 quidquid
3545 3891 3578 3927 a
3595 3890 3798 3945 super-

2148 3960 2273 4015 ﬁcie
2285 3965 2448 4015 terras
2462 3963 2834 4016 tenebrarum
2851 3980 3088 4017 sursum
3102 3962 3674 4018 versusimmensum
3690 3966 3799 4018 est.

2149 4052 2331 4115 Quam
2364 4050 2569 4105 deinde
2601 4050 2807 4106 melior
2826 4051 3013 4122 ipsius
3032 4052 3585 4107 terraetenebrarum
3610 4052 3799 4123 ﬁgura

2150 4138 2505 4193 ostenditur:
2542 4138 3149 4210 siquidemillaﬁndit,
3174 4140 3295 4195 hac
3319 4139 3695 4208 ﬁnditur;illa
3715 4142 3798 4195 in-

2150 4226 2381 4292 seritur,
2416 4227 2536 4280 baec
2568 4226 2905 4299 interpatet;
2934 4227 3031 4283 illa
3062 4228 3120 4282 in
3155 4244 3216 4283 se
3241 4227 3383 4283 nulli
3404 4228 3674 4283 inanitati
3698 4229 3801 4284 dat

2149 4314 2365 4378 locum,
2399 4315 2519 4370 haec
2552 4316 2623 4382 ab
2654 4316 2923 4372 inferiore
2944 4322 3172 4371 tantum
3207 4322 3368 4389 parte
3389 4317 3517 4372 laxa
3547 4334 3661 4373 non
3685 4322 3794 4389 est,

2153 4421 2266 4474 quo
2284 4403 2477 4459 hostili
2502 4421 2683 4460 cuneo
2697 4405 3107 4477 subimpletur.
3134 4406 3353 4461 Indocti
3371 4422 3506 4479 ergo
3528 4407 3798 4464 homines

2152 4493 2374 4548 etavari
2405 4510 2535 4548 cum
2553 4496 2833 4565 majorem
2860 4494 3798 4551 honoremtribuuntmultitudini

2153 4582 2407 4655 partium
2442 4601 2616 4655 quam
2636 4584 2864 4652 unitati,
2899 4589 3075 4639 utsex
3089 4588 3284 4656 partes
3309 4585 3513 4641 darent
3532 4583 3801 4640 terraalu-

2153 4671 2381 4740 cis,trcs
2407 4672 2681 4728 deorsum
2715 4680 3062 4740 versus,trel
3094 4690 3327 4728 sursum
3352 4672 3805 4737 versus,malue-

2153 4766 2289 4816 runt
2318 4763 2609 4833 penetrari
2661 4766 2876 4817 terram
2930 4761 3077 4816 lucis
3111 4778 3285 4834 quam
3320 4766 3642 4833 penetrare.
3677 4760 3806 4817 Tali

2220 4993 2235 5026 ί
2269 4991 2352 5039 Er.
2386 4995 2437 5040 et
2469 4993 2614 5056 [ιον.2
2646 4991 2910 5056 dicebatur
2936 5006 2967 5040 a
2995 4992 3161 5041 nescio
3181 5005 3301 5056 qua,
3334 4997 3434 5042 etc.
3469 4993 3801 5056 Praepositio,

2154 5068 2204 5111 a,
2237 5068 2341 5103 non
2371 5059 2450 5103 est
2479 5054 2620 5115 apud
2651 5055 2765 5103 Am.
2795 5069 2971 5118 neque
3000 5056 3056 5103 in
3088 5054 3211 5104 Mss.

2222 5118 2240 5181 ε
2268 5120 2409 5181 mea,
2441 5119 2727 5181 utrumque.

2219 5180 2239 5213 δ
2268 5180 2402 5228 Editi
2422 5181 2581 5244 vulgo
2606 5178 2699 5236 sic,
2728 5194 2820 5243 per
2832 5178 3146 5244 profundum
3161 5180 3459 5244 immensam
3476 5194 3494 5226 :
3513 5178 3807 5244 adportan-

2153 5254 2275 5303 gum
2286 5257 2487 5290 sursum
2514 5241 2685 5291 uersus
2701 5241 2956 5305 a‘ulsupra
2974 5241 3136 5305 illam,
3155 5246 3255 5290 etc.
3273 5242 3576 5305 Castigandi
3599 5256 3664 5290 ex
3679 5241 3805 5293 Mss.

2157 5307 2249 5372 qui
2274 5321 2388 5369 pro,
2420 5310 2529 5364 aut,
2551 5305 2771 5372 habent,
2800 5308 2999 5372 autem,
3032 5308 3084 5353 et
3111 5304 3212 5353 hoc
3246 5308 3400 5372 pacto
3428 5304 3589 5353 verba
3618 5305 3808 5354 distin-

2156 5366 2343 5435 guunt,
2372 5383 2466 5430 per
2492 5367 3217 5435 profunduniimmensaruet
3242 5366 3583 5435 perlongum:
3604 5380 3807 5418 sursum

2155 5429 2329 5483 uersus
2357 5429 2525 5479 autern
2559 5429 2713 5491 supra
2760 5430 2926 5486 illam,
2975 5434 3074 5478 etc.
3112 5430 3243 5477 Nam
3289 5429 3809 5492 infra’comparatur

2155 5502 2297 5547 terra
2324 5495 2420 5541 ista
2450 5494 2667 5556 quadrae
2699 5494 2861 5556 nigras
2894 5492 3127 5556 deorsum
3177 5506 3365 5556 versus.
3412 5492 3558 5556 quod
3600 5497 3683 5556 est
3711 5508 3810 5556 per

2155 5553 2502 5623 profundum,
2534 5563 2582 5605 et
2612 5553 2777 5615 retro,
2800 5554 2944 5618 quod
2975 5559 3054 5603 est
3082 5567 3176 5616 per
3207 5553 3445 5618 longum}
3469 5553 3726 5617 inﬁnita,

2220 5623 2241 5656 ι
2272 5620 2363 5668 Hic
2408 5619 2534 5668 editi
2564 5618 2787 5678 addunt,
2836 5621 2907 5666 sic
2935 5616 3001 5665 ab
3039 5617 3111 5665 ei:
3154 5630 3258 5666 esse
3302 5616 3559 5680 creditur;
3593 5618 3741 5681 quod
3772 5632 3806 5668 a

2775 5656 2787 5678 ,
2836 5653 2905 5666 νυν
2935 5653 2998 5665 νιν
3039 5653 3107 5665 νυ.
3154 5653 3256 5666 νυυν
3302 5653 3342 5665 V'
3360 5653 3514 5667 νυιυσυυσ
3539 5653 3555 5680 ’

2158 5685 2279 5734 Mss.
2310 5682 2473 5731 abest.

2219 5748 2239 5782 ⁸
2271 5747 2327 5794 In
2361 5744 2516 5795 editis
2544 5742 2742 5794 omissa
2771 5745 2885 5793 erat
2911 5755 3033 5802 vox,
3065 5742 3247 5805 terra;
3268 5754 3388 5806 qua:
3420 5742 3476 5792 in
3502 5741 3627 5793 Mss.
3653 5755 3809 5807 τερος

2158 5810 2308 5861 ritur.
