4086 6186
260 348 378 408 313

1648 342 1878 404 LIBER
1919 341 2286 404 TERTIUS.

3551 326 3670 388 214

260 487 378 547 tur,
417 482 491 537 ad
523 480 1049 536 demonstrandum
1109 479 1425 546 Christum,
1459 494 1584 549 quae
1635 495 1748 531 non
1784 480 1907 530 erat
2016 476 2251 546 elegans
2281 473 2696 530 vocabulorum
2729 469 3038 525 fabricator
3069 466 3320 521 Faustus
3352 460 3477 528 fuit,
3512 468 3576 516 ut
3607 466 3663 520 et

253 576 456 626 exorta
485 575 603 638 est;
638 587 754 625 non
788 569 914 623 ideo
967 568 1236 623 Christus
1287 573 1458 622 natus
1490 573 1579 620 est
1626 566 1765 636 quia
1806 565 1905 619 illa

249 659 612 726 exstitit,sed
635 659 763 714 ideo
797 657 895 713 illa
925 657 1296 724 exstititquia
1312 657 1575 711 Christus
1598 662 1769 710 natus
1791 660 1898 710 est.

256 748 442 813 Unde,
478 748 528 802 si
559 748 671 802 dici
704 752 1012 818 Oporteret,
1045 764 1161 800 non
1217 745 1445 800 stellam
1506 745 1750 813 Christo,
1798 744 1897 798 sed

248 838 550 894 Christum
619 836 799 892 stellas
858 836 1042 890 fatum
1110 835 1290 889 fuisse
1354 835 1703 887 diceremus.
1769 837 1897 903 Ipse

244 929 465 998 quippe
495 926 602 990 illi,
638 943 752 980 non
783 925 884 980 illa
915 925 1049 979 huic
1081 924 1354 979 nascendi
1401 923 1593 977 attulit
1632 938 1892 976 causam.

247 1016 293 1072 si
329 1031 472 1088 ergo
505 1020 645 1070 sunt
674 1016 792 1069 fata
829 1031 955 1083 quae
1001 1030 1035 1068 a
1083 1014 1278 1079 fando,
1333 1012 1391 1066 id
1433 1017 1538 1078 est,
1583 1028 1616 1066 a
1645 1012 1890 1066 dicendo

241 1104 543 1176 appellata
570 1110 709 1158 sunt
734 1119 747 1158 :
775 1102 1053 1174 quoniam
1076 1102 1344 1157 Christus
1374 1100 1625 1156 Verbum
1650 1100 1749 1155 Dei
1779 1104 1887 1168 est,

232 1195 292 1249 in
328 1211 446 1265 quo
470 1198 742 1264 anteqam
774 1192 1160 1260 essent,dicta
1183 1196 1322 1246 sunt
1349 1190 1582 1255 omnia;
1617 1206 1730 1245 non
1757 1206 1888 1244 con-

229 1282 480 1338 sortium
509 1283 772 1337 Siderum
797 1281 978 1336 fatum
1010 1279 1225 1335 Christi
1245 1283 1353 1347 est,
1373 1280 1470 1334 sed
1503 1279 1686 1334 fatum
1710 1278 1883 1334 etiam

228 1371 500 1426 siderum
532 1371 799 1426 Christus
829 1375 950 1424 est:
982 1369 1082 1440 qui
1129 1373 1186 1424 et
1233 1369 1424 1439 ipsam
1479 1384 1711 1423 carnem
1771 1369 1882 1422 sub

227 1460 375 1516 ccelo
408 1465 668 1514 creatam
701 1475 766 1514 ea
794 1458 1091 1514 voluntate
1143 1458 1488 1529 assumpsit,
1538 1474 1654 1528 qua
1703 1457 1879 1512 etiam

224 1549 441 1603 coelum
471 1549 722 1615 creavit;
769 1565 837 1603 ea
885 1552 1165 1618 potestate
1216 1547 1486 1618 deposuit
1532 1551 1590 1602 et
1638 1547 1875 1619 recepit,

224 1654 344 1708 qua
372 1637 556 1692 etiam
589 1636 879 1692 sideribus
912 1635 1236 1707 imperavit.

295 1725 532 1781 CAPUT
553 1725 861 1779 VL—Cur
892 1741 1027 1797 ergo
1060 1742 1174 1780 non
1201 1725 1276 1779 sit
1308 1723 1688 1797 Evangelium
1719 1727 1873 1796 quod

221 1815 294 1869 de
325 1816 442 1869 ista
472 1815 842 1885 generatione
875 1820 1162 1879 narratur,
1198 1830 1328 1868 cum
1361 1818 1478 1868 tam
1523 1815 1674 1869 bona
1705 1815 1874 1871 nobis

221 1905 628 1970 annuntietur,
656 1909 721 1958 ut
751 1920 850 1974 per
881 1904 1102 1974 ipsam‘
1129 1907 1326 1957 nostra
1357 1908 1594 1958 sanetur
1624 1903 1872 1959 infirmi-

217 1993 454 2047 tas?An
488 1992 626 2063 quia
644 1992 937 2046 Mattheus
968 2008 1081 2044 non
1114 1997 1202 2045 est
1226 1991 1306 2045 ita
1336 2008 1597 2059 exorsus,
1623 1999 1687 2046 ut
1712 1993 1867 2048 dice-

219 2087 329 2145 ret,
349 2083 582 2136 Initium
607 2082 896 2152 Evangelii
916 2082 1042 2136 Jesu
1075 2080 1301 2142 Christi,
1325 2080 1574 2136 sicutait
1614 2081 1864 2151 Marcus;

217 2172 341 2239 sed,
371 2172 541 2226 Liber
567 2171 941 2241 generationis
959 2171 1085 2226 Jesu
1117 2169 1363 2225 Christi?
1392 2170 1510 2224 ltoc
1542 2172 1712 2226 modo
1762 2189 1865 2228 nec

213 2259 473 2315 Joannes
495 2259 873 2332 Evangelium
916 2259 1224 2330 scripsisse
1280 2259 1526 2329 dicatur,
1576 2261 1715 2331 quia
1758 2278 1863 2317 nec

210 2348 338 2419 ipse
371 2350 474 2415 ait,
499 2348 734 2404 initium
765 2348 1198 2421 Evangelii,aut
1220 2348 1390 2404 Liber
1407 2349 1857 2422 Evangelii;sed,

202 2438 268 2493 In
298 2439 576 2510 principio
603 2447 725 2494 erat
760 2439 986 2495 Verbum
1015 2438 1195 2510 (Joan.
1231 2455 1270 2509 ι,
1304 2439 1376 2509 1).
1413 2438 1535 2495 Nisi
1567 2438 1712 2494 forte
1736 2445 1855 2496 tam

267 2585 285 2617 ί
318 2582 448 2645 Tres
470 2580 756 2645 Mss.,quod
779 2581 874 2629 ista
898 2580 962 2629 de
975 2581 1302 2644 generatione
1317 2584 1732 2640 narrantur,cum
1747 2583 1852 2631 tam

205 2644 338 2709 bona
356 2644 504 2709 nobis
525 2644 973 2709 ann’untieniurmt
1005 2658 1098 2706 per
1129 2645 1379 2709 ipsa.Am.
1398 2647 1451 2694 et
1470 2645 1571 2704 Er.,
1604 2659 1715 2693 cum
1745 2647 1850 2695 tam

201 2705 336 2756 bona
370 2707 526 2756 nobis
552 2707 941 2767 annunlieniur,
971 2705 1026 2756 id
1050 2705 1157 2771 per;
1177 2708 1361 2770 ipsum.

2021 565 2121 619 hoc
2145 563 2389 619 Joannis
2421 563 2744 630 exordium,
2764 557 3103 614 Verbidium
3121 552 3659 622 nominaverit,pro~

2014 659 2141 724 pter
2174 654 2453 719 Verbum;
2487 653 2639 706 sicut
2664 650 2827 714 illud,
2853 651 3086 719 propter
3111 641 3394 716 genesim,
3423 641 3653 696 Genesi-

2013 743 2173 796 dium
2209 759 2388 796 ausus
2413 745 2498 796 est
2529 739 2838 811 appellare.
2863 737 2972 792 Sed
2996 751 3098 789 cur
3130 749 3242 787 non
3278 731 3473 802 potius
3497 732 3651 802 cogi-

2009 831 2166 898 tatis,
2202 838 2422 901 quanta
2464 827 2827 900 impudentia
2859 823 3110 897 prolixas
3158 821 3286 874 illas
3336 823 3391 874 et
3435 819 3649 890 impias

2004 920 2235 975 fabulas
2267 926 2484 975 vestras
2514 916 2880 988 Evangelium
2913 909 3270 967 nominatis?
3301 909 3448 975 Quid
3489 910 3643 963 enim

2003 1009 2120 1064 illic
2154 1010 2287 1064 boni
2319 1008 2721 1073 annuntialur,
2756 1004 2854 1058 ubi
2905 1003 3120 1057 dicitur
3171 1000 3323 1054 Deus
3366 998 3643 1052 adversus

2000 1098 2275 1155 rebellem
2307 1099 2500 1154 nescio
2535 1112 2712 1168 quam
2745 1091 3094 1149 contrariam
3130 1088 3497 1158 alienamque
3542 1104 3644 1141 na-

1997 1193 2192 1244 turam
2221 1205 2334 1243 non
2366 1187 2532 1242 aliter
2579 1201 2757 1257 regno
2802 1199 2908 1238 suo
2963 1180 3224 1252 potuisse
3285 1176 3645 1248 prospiscere

1996 1282 2169 1350 atque
2201 1277 2521 1342 consulere,
2554 1275 2665 1330 nisi
2699 1278 2922 1346 partem
2955 1287 3072 1325 suae
3097 1271 3315 1323 natura:
3339 1264 3498 1320 illius
3522 1265 3640 1320 avi-

1993 1368 2098 1424 das
2117 1368 2311 1423 fauces
2341 1365 2731 1423 devorandam
2765 1362 3038 1425 mitteret,
3071 1362 3244 1428 atque
3274 1356 3355 1411 ita
3374 1354 3636 1426 polluen-

1991 1459 2148 1524 dam,
2184 1461 2247 1511 ut
2276 1461 2408 1529 post
2447 1459 2641 1510 tantos
2688 1453 2916 1508 labores
2967 1454 3141 1520 atque
3174 1445 3467 1501 cruciatus
3516 1461 3631 1499 non

1988 1551 2186 1618 posset
2216 1546 2418 1602 saltem
2450 1551 2570 1601 tota
2599 1540 2881 1615 purgari?
2912 1539 3074 1594 Itane
3103 1541 3223 1592 tam
3256 1535 3444 1590 malus
3477 1552 3627 1590 nun-

1986 1635 2104 1690 tius
2132 1635 2506 1707 Evangelium
2539 1633 2668 1689 est?
2698 1636 2859 1687 Certe
2881 1645 3084 1685 omnes
3112 1625 3211 1698 qui
3233 1642 3415 1698 graece
3439 1624 3525 1679 vel
3551 1631 3630 1680 te-

1986 1724 2179 1779 nuiter
2197 1729 2500 1794 noverunt,
2525 1719 2926 1793 Evangelium,
2957 1719 3180 1772 Bonum
3203 1713 3498 1780 nuntium,
3532 1718 3629 1768 aut

1983 1817 2199 1868 Bonam
2222 1812 2724 1868 annuntiationem
2748 1803 3528 1879 interpretantur.Quomodo
3543 1807 3630 1858 est

1983 1906 2177 1957 autem
2204 1903 2309 1957 iste
2327 1903 2515 1957 bonus
2538 1901 2805 1965 nuntius,
2825 1893 3296 1968 quandoquidem
3319 1893 3442 1963 ipse
3474 1892 3627 1947 Deus

1979 1991 2163 2053 vobis,
2179 1991 2299 2046 velo
2319 1990 2428 2046 sibi
2455 1990 2740 2062 opposito,
2770 1988 2968 2059 lugere
2988 1984 3291 2038 nuntiatus
3309 1987 3415 2050 est,
3440 1983 3623 2036 donec

1978 2097 2085 2136 sua
2107 2082 2370 2135 membra
2394 2081 2463 2135 ab
2484 2081 2582 2134 illa
2609 2078 2930 2133 vastatione
2952 2079 3007 2130 et
3024 2071 3518 2129 contaminatione
3541 2087 3622 2126 re-

1977 2174 2256 2239 parentur
2285 2173 2458 2239 atque
2491 2165 2849 2239 purgentur?
2899 2163 2998 2236 qui
3049 2162 3097 2217 si
3138 2159 3456 2232 aliquando
3495 2159 3617 2213 luc-

1974 2260 2101 2312 tum
2131 2258 2366 2320 ﬁnierit.
2400 2257 2652 2312 crudelis
2703 2257 2814 2311 erit
2857 2253 3003 2321 Quid
3054 2250 3208 2306 enim
3242 2249 3311 2303 de
3343 2248 3438 2302 illo
3470 2248 3617 2302 male

1972 2347 2186 2402 meruit
2217 2364 2351 2420 pars
2381 2347 2480 2402 illa
2501 2347 2628 2417 ejus
2670 2362 2796 2417 quae
2822 2344 2880 2398 in
2913 2341 3084 2415 globo
3137 2337 3457 2412 ligabitur‘?
3486 2355 3615 2409 quae.

1969 2435 2251 2507 utiquein
2299 2441 2577 2491 mternum
2627 2434 2882 2508 lugenda
2908 2436 3015 2501 est,
3050 2430 3187 2502 quia
3223 2429 3282 2483 in
3324 2431 3608 2484 aeternum

1965 2524 2358 2581 damnabitur.
2384 2526 2496 2581 Sed
2527 2524 2841 2594 evasimus,
2898 2520 3050 2594 quod
3099 2519 3282 2575 istum
3332 2515 3606 2573 nuntium

1965 2614 2236 2686 quisquis
2269 2615 2578 2687 diligenter
2607 2612 2937 2680 adverterit,
2973 2628 3087 2667 non
3137 2609 3367 2681 cogitur
3394 2606 3611 2682 lugere,

1964 2702 2105 2774 quia
2135 2702 2329 2760 malus
2352 2709 2475 2771 est;
2507 2705 2605 2759 sed
2634 2703 2843 2774 ridere,
2875 2700 3016 2773 quia
3045 2698 3232 2756 falsus
3263 2700 3370 2755 est.

1395 2959 1772 3055 LIBER
1871 2961 2425 3058 TERTIUS.

275 3219 515 3276 CAPUT
543 3219 944 3277 PRIMUM.—-
966 3220 1228 3277 Faus'rus
1255 3220 1435 3276 dixit:
1465 3222 1695 3294 Accipis
1725 3239 1856 3293 ergo

198 3308 640 3381 generationem
664 3311 686 3364 Ρ
708 3308 988 3381 Equidem
1003 3315 1246 3365 conatus
1264 3309 1362 3365 diu
1377 3327 1508 3366 sum
1533 3311 1640 3366 hoc
1661 3312 1856 3384 ipsum

200 3397 640 3470 qualecumque
670 3403 758 3454 est
812 3400 1132 3470 pesuadeie
1180 3398 1345 3466 mihi,
1381 3400 1518 3472 quia
1557 3400 1633 3456 sit
1683 3406 1855 3457 natus

203 3489 395 3543 Deus:
423 3487 523 3542 sed
578 3488 835 3543 offensus
876 3489 1125 3543 duorum
1174 3489 1425 3544 maxime
1470 3490 1852 3562 evangelista—

197 3593 334 3631 rum
368 3576 760 3644 dissensione,
804 3577 897 3645 qui
949 3577 1347 3649 genealogiam
1390 3579 1516 3648 ejus
1566 3578 1850 3647 scribunt,

199 3665 374 3721 Lucae
407 3670 465 3720 et
488 3665 968 3733 Matthaiwiitth.
988 3668 1159 3733 1,4-17
1180 3675 1228 3722 et
1257 3669 1384 3721 Luc.
1410 3667 1856 3740 111,23—38),hzssi

201 3755 469 3811 incertus
498 3771 812 3826 quemnam
839 3755 1209 3827 potissimum
1224 3756 1678 3828 sequerer.Fieri
1701 3757 1856 3812 enim

194 3861 372 3917 posse
388 3845 763 3913 putabam,ut
775 3845 912 3916 quia
925 3845 1200 3915 praescius
1215 3862 1329 3900 non
1350 3862 1685 3916 sum,quem
1700 3863 1858 3902 men-

201 3935 297 3989 tiri
329 3933 754 3999 existimarem,
793 3933 916 4005 ipse
942 3934 1157 3990 diceret
1186 3950 1406 4003 verum;
1432 3939 1489 3990 et
1517 3952 1692 4006 quem
1723 3952 1858 3992 vera

197 4022 385 4094 loqui,
422 4022 546 4094 ipse
577 4023 818 4078 forsitan
857 4023 1210 4079 mentiritur.
1248 4023 1482 4079 Infinita
1498 4042 1629 4095 ergo
1653 4042 1854 4081 eorum

196 4111 626 4184 praetermisssa
646 4111 767 4180 lite,
792 4116 845 4167 et
860 4112 1279 4168 interminabili
1304 4113 1556 4180 mihi,ad
1569 4114 1853 4170 Joannem

198 4201 584 4272 Marcumque
607 4218 697 4256 me
729 4201 948 4257 contuli
976 4220 987 4258 :
1014 4218 1117 4257 nec
1145 4203 1446 4274 impariter
1472 4221 1506 4258 a
1527 4204 1756 4259 duobus
1778 4205 1849 4259 ad

195 4291 367 4360 duos,
401 4296 460 4346 et
484 4292 556 4346 ab
607 4291 987 4362 Evangelistis
1018 4292 1089 4346 ad
1123 4293 1386 4361 ejusdem
1421 4292 1678 4348 nominis
1719 4311 1848 4366 pro-

195 4379 472 4435 fessores.
501 4383 759 4444 Quorum
783 4380 925 4435 mihi
960 4380 1246 4450 principia
1293 4379 1528 4436 interim
1575 4398 1689 4436 non
1739 4382 1849 4438 im-

194 4468 408 4524 merito
442 4467 808 4540 placuerunt,
844 4469 982 4540 quia
1007 4486 1112 4524 nec
1144 4469 1346 4539 David,
1371 4487 1474 4525 nec
1499 4470 1742 4525 Mariam
1770 4472 1851 4525 in-

197 4557 423 4623 dicunt,
459 4573 565 4612 nec
586 4557 836 4630 Joseph;
871 4558 973 4613 sed
995 4558 1249 4613 Joannes
1282 4559 1518 4629 quidem
1552 4559 1609 4613 in
1643 4560 1851 4630 princi-

198 4646 290 4717 pio
306 4647 490 4700 fuisse
506 4645 761 4701 Verbum
777 4646 1001 4714 dicit,et
1017 4647 1265 4702 Verbum
1282 4646 1460 4702 fuisse
1473 4647 1625 4718 apud
1641 4646 1846 4719 Deum,

197 4742 252 4790 et
286 4740 471 4790 Deum
504 4735 688 4790 fuisse
713 4735 963 4791 Verbum
989 4736 1168 4807 (Joan.
1196 4736 1323 4807 1,4),
1349 4735 1645 4791 Christum
1668 4736 1848 4810 signi-

198 4823 383 4880 ﬁcans
415 4840 429 4879 :
459 4827 684 4879 Marcus
719 4841 873 4893 vero,
909 4826 1286 4896 Evangelium,
1308 4824 1517 4896 inquit,
1541 4827 1669 4882 Jesu
1693 4827 1848 4882 Chri-

195 4915 266 4968 sti
292 4914 404 4983 ﬁlii
424 4913 522 4968 Dei
543 4914 746 4984 (Marc.
775 4931 816 4981 ι,
852 4913 902 4984 1)
935 4930 946 4967 :
978 4919 1260 4986 tanquam
1286 4915 1623 4970 Matthaeum
1647 4932 1848 4987 expro-

195 5003 395 5070 brans,
430 5004 529 5074 qui
565 5003 1028 5075 posueritﬁlium
1053 5003 1251 5059 David.
1280 5004 1402 5059 Nisi
1432 5004 1576 5060 forte
1599 5004 1848 5061 alterum

195 5091 308 5159 hic,
334 5099 390 5148 et
413 5092 660 5148 alterum
694 5094 789 5148 ille
815 5094 1125 5148 annuntiat
1145 5097 1367 5148 Jesum.
1393 5094 1525 5150 Haec
1546 5111 1680 5166 ergo
1704 5095 1848 5150 ratio

194 5188 436 5253 est,qua
465 5199 570 5253 ego
599 5199 709 5237 non
747 5182 967 5253 accipio
998 5182 1292 5237 Christum
1327 5186 1552 5237 natum.
1584 5184 1668 5238 Tu
1693 5200 1844 5252 vero,

197 5273 242 5326 si
273 5276 482 5327 tantus
512 5287 576 5326 es
599 5275 662 5326 ut
680 5271 829 5326 hanc
854 5271 998 5326 mihi
1031 5270 1257 5327 adimas
1278 5271 1846 5343 oﬁ‘ensionem,ef{ice

197 5367 258 5414 ut
289 5360 445 5416 inter
473 5375 536 5416 se
566 5359 680 5432 ipsi
721 5358 1097 5426 conveniant;
1133 5363 1189 5414 et
1223 5363 1545 5431 utcumque
1576 5375 1843 5416 succum-

195 5449 331 5504 bam
359 5466 372 5517 ;
407 5449 680 5519 quamvis
707 5463 811 5504 nec
835 5447 917 5503 sic
936 5449 1168 5520 quidem
1192 5449 1434 5521 dignum
1453 5448 1564 5504 erit
1588 5465 1656 5505 ex
1681 5454 1844 5506 utero

195 5541 400 5593 natum
434 5539 667 5593 credere
698 5542 900 5609 Deum,
928 5542 985 5593 et
1016 5539 1195 5593 Deum
1227 5537 1708 5595 Christianorum.

269 5627 501 5684 CAPUT
532 5627 600 5683 ll.
633 5657 700 5669 —
729 5629 1082 5683 AUGUSTINUS
1101 5627 1399 5700 respondit
1423 5644 1435 5681 :
1461 5628 1503 5684 Ο
1527 5629 1574 5684 si
1605 5628 1700 5701 pio
1718 5633 1841 5686 stu-

197 5715 297 5774 dio
327 5715 572 5790 legisses
603 5716 1007 5789 Evangelium,
1039 5721 1096 5774 et
1124 5733 1189 5773 ea
1220 5733 1347 5790 que
1378 5721 1433 5774 te
1463 5717 1522 5775 in
1548 5719 1846 5792 Evangeli-

1967 3223 2076 3280 stis
2108 3227 2386 3296 tanquam
2413 3222 2802 3296 repugnantia
2823 3222 3165 3289 movissent,
3190 3221 3466 3294 diligente
3487 3238 3614 3292 quas

1966 3331 2109 3370 rere.
2141 3331 2316 3385 quam
2346 3319 2564 3369 temere
2599 3315 2878 3368 damnare
2915 3311 3255 3366 maluisses:
3293 3316 3358 3365 ut
3405 3310 3612 3366 saltem

1966 3405 2200 3474 propter
2219 3403 2404 3474 ipsam
2418 3420 2565 3473 ,qua:
2581 3402 2749 3474 quasi
2765 3402 2948 3474 prima
2965 3402 3150 3456 fronte
3168 3401 3612 3472 occurrit,aper-

1964 3491 2256 3546 tissimam
2294 3491 2762 3563 repugnantiam,
2784 3490 3087 3562 cogitares,
3107 3489 3217 3544 nisi
3248 3489 3467 3561 aliquid
3495 3489 3612 3544 illic

1969 3597 2247 3652 magnum
2277 3579 2500 3646 lateret,
2536 3579 2771 3635 difﬁcile
2800 3579 2918 3635 fieri
2951 3579 3211 3650 potuisse
3245 3582 3308 3632 ut
3338 3582 3498 3632 tanta
3529 3577 3612 3632 eis

1968 3670 2283 3725 auctoritas
2304 3670 2363 3723 in
2393 3674 2679 3723 terrarum
2704 3667 2838 3724 orbe
2861 3668 3231 3740 praeberetur,
3258 3683 3372 3738 qua
3391 3666 3501 3720 sibi
3529 3671 3614 3720 tot

1966 3758 2272 3814 hominum
2295 3758 2770 3813 doctissimorum
2789 3757 3020 3827 ingenia
3047 3757 3445 3827 subjugarent.
3463 3755 3609 3819 Quid

1966 3847 2120 3902 enim
2157 3864 2436 3920 magnum
2460 3853 2549 3903 est
2569 3847 2761 3903 videre
2787 3847 2938 3920 quod
2962 3846 3211 3914 vidistis,
3237 3845 3381 3902 alios
3396 3845 3610 3902 Christi

1967 3938 2290 3992 secundum
2325 3953 2558 3992 carnem
2591 3941 3067 4010 progeneratores
3099 3935 3544 3992 commemorari
3577 3953 3611 3991 a

1966 4026 2145 4094 Luca,
2175 4025 2322 4083 alios
2352 4044 2386 4081 a
2415 4026 2705 4094 Matthaao,
2739 4043 2871 4082 cum
2906 4026 3077 4081 ambo
3121 4024 3339 4096 Joseph
3392 4024 3607 4080 consti-

1965 4118 2153 4185 tuant,
2185 4115 2520 4171 Matthierus
2553 4117 2624 4171 ad
2657 4131 2830 4188 quem
2866 4115 3160 4185 terminet,
3212 4118 3393 4170 Lucas
3426 4130 3459 4169 a
3491 4131 3605 4186 quo

1963 4203 2205 4276 incipiat
2237 4205 2374 4276 :qui
2425 4209 2659 4276 propter
2706 4204 3000 4276 quoddam
3058 4220 3192 4258 cum
3247 4204 3374 4274 ejus
3423 4208 3606 4259 matre

1965 4297 2232 4348 sanctum
2263 4299 2318 4349 et
2347 4293 2627 4366 virginale
2649 4293 3009 4365 conjugium,
3043 4293 3218 4348 etiam
3252 4293 3376 4364 ipse
3397 4309 3606 4364 parens

1963 4380 2176 4436 Christi
2210 4383 2424 4438 meruit
2451 4382 2730 4454 appellari
2759 4400 2771 4450 ;
2809 4386 2870 4437 ut
2900 4386 3132 4454 propter
3164 4381 3383 4437 virilem
3415 4381 3606 4453 digni-

1961 4475 2161 4538 tatem,
2197 4471 2269 4526 ab
2301 4472 2451 4543 ipso,
2483 4471 2570 4527 vel
2604 4488 2790 4543 usque
2822 4470 2892 4527 ab
2937 4472 3155 4542 ipsum,
3205 4471 3608 4543 generationes

1960 4560 2449 4617 contexerentur?
2507 4560 2654 4625 Quid
2714 4577 2848 4633 ergo
2883 4576 3167 4632 magnum
3197 4564 3286 4616 est
3316 4561 3473 4632 quod
3525 4562 3607 4615 vi-

1962 4648 2155 4720 distis,
2190 4651 2344 4721 quod
2373 4649 2558 4707 alium
2608 4654 2832 4722 patrem
2884 4650 3096 4706 habeat
3140 4650 3356 4722 Joseph
3399 4667 3604 4708 secun-

1962 4739 2101 4793 dum
2167 4739 2527 4809 Matthmum,
2578 4738 2758 4796 alium
2819 4739 3141 4795 secundum
3200 4740 3474 4810 Lucam;
3549 4744 3607 4796 et

1961 4827 2138 4883 alium
2167 4845 2339 4884 avum
2373 4830 2694 4885 secundum
2726 4829 2926 4894 istum,
2962 4828 3142 4883 alium
3177 4830 3501 4886 secundum
3531 4829 3600 4886 il-

1958 4916 2103 4984 lum,
2137 4921 2193 4972 et
2223 4918 2494 4989 deinceps
2527 4936 2764 4974 sursum
2808 4935 3009 4974 versus
3056 4935 3239 4989 usque
3278 4923 3345 4974 ad
3398 4919 3600 4985 David,

1959 5022 2062 5077 per
2095 5010 2215 5062 tam
2251 5005 2468 5063 multas
2498 5008 2900 5080 generationes
2921 5007 3066 5063 alios
3088 5011 3357 5079 parentes
3378 5009 3505 5079 ejus
3526 5009 3598 5063 ab

1957 5095 2241 5163 isto,alios
2265 5096 2335 5152 ab
2355 5096 2453 5152 illo
2475 5097 2851 5153 enumerari?
2873 5098 3029 5153 Itane
3051 5101 3171 5152 tam
3193 5101 3450 5168 apertam
3476 5114 3598 5152 ma-

1960 5184 2348 5258 nifestamque
2367 5186 2875 5259 diversitatem,tot
2896 5187 3050 5243 acuti
3072 5191 3128 5244 et
3146 5187 3297 5243 docti
3316 5186 3595 5253 viri,divi-

1957 5291 2169 5330 narum
2201 5275 2635 5348 Scripturarum
2661 5280 3109 5348 pertractatores
3138 5275 3596 5348 diligentissimi,

1958 5381 2071 5419 non
2102 5364 2401 5420 viderent?
2431 5364 2530 5437 qui
2554 5365 2791 5436 quidem
2815 5365 2873 5421 in
2901 5364 3299 5436 latinalingua
3324 5364 3594 5438 perpauci

1955 5457 2131 5522 sunt;
2165 5470 2262 5510 eos
2294 5457 2488 5510 autem
2521 5453 2577 5509 in
2609 5471 2797 5527 graeco
2819 5455 2953 5526 quis
2987 5453 3598 5511 numeret?Viderunt

1954 5558 2082 5598 eam
2117 5542 2306 5613 plane.
2339 5544 2484 5609 Quid
2517 5543 2674 5599 enim
2697 5542 2949 5609 facilius,
2981 5547 3081 5599 aut
3120 5543 3253 5616 quis
3284 5543 3592 5617 paululum

1953 5630 2209 5702 intuens,
2256 5632 2369 5689 ista
2400 5649 2513 5688 non
2545 5631 2772 5688 videat?
2801 5631 2907 5687 Sed
2941 5631 3032 5705 pie
3064 5632 3388 5706 cogitantes
3416 5639 3590 5690 tanta:

1951 5721 2314 5781 auctoritatis
2342 5721 2741 5793 eminentiam,
2771 5720 2950 5780 latere
2979 5721 3059 5780 ibi
3091 5722 3310 5797 aliquid
3330 5725 3591 5782 credide-
