4086 6186
457 377 575 436 215

461 514 621 574 runt,
657 508 808 580 quod
831 506 1164 580 petentibus
1193 507 1451 570 daretur,
1474 506 1900 562 oblatrantibus
1929 523 2111 577 nega-

470 606 657 664 retur;
679 616 710 653 a
741 597 1136 669 quaerentibus
1160 596 2105 667 inveniretur,reprehendentibus

463 688 904 744 subtraheretur
931 704 942 752 ;
967 686 1338 757 pulsantibus
1359 685 1678 757 aperiretur
1700 687 1907 756 (Matth.
1931 701 2004 752 v1,
2026 685 2104 756 7),

464 776 943 850 oppugnantibus
966 774 1362 842 clauderetur;
1395 775 1705 845 petierunt,
1731 774 2106 846 quaesierunt,

465 868 865 941 pulsaverunt,
894 869 1258 936 acceperunt,
1287 865 1655 932 invenerunt,
1690 865 2072 918 intraverunt.

533 955 761 1012 CAPUT
786 954 1173 1026 IlI.—Nempe
1202 958 1324 1009 tota
1351 954 1411 1008 in
1444 953 1551 1009 hoc
1583 954 1794 1026 quaetio
1823 957 1932 1023 est,
1965 969 2109 1023 quo-

468 1046 640 1102 modo
666 1044 920 1115 potuerit
941 1044 1090 1098 duos
1112 1048 1302 1114 patres
1317 1042 1530 1098 habere
1553 1043 1790 1114 Joseph.
1817 1046 1934 1097 Hoc
1955 1041 2112 1096 enim

466 1135 510 1191 si
538 1134 797 1207 potuisse
830 1131 950 1187 ﬁeri
983 1133 1442 1199 demonstratur,
1477 1131 1640 1187 nulla
1669 1131 1905 1187 omnino
1937 1147 2112 1186 causa

466 1228 574 1290 est,
591 1240 694 1277 cur
717 1222 1031 1293 quisquam
1056 1221 1304 1276 istorum
1328 1220 1841 1293 evangelistarum,
1858 1219 1918 1273 in
1937 1220 2116 1274 diver-

467 1315 548 1369 sis
569 1310 1044 1384 generationibus
1062 1310 1496 1376 enumerandis,
1525 1309 1739 1365 falsum
1763 1308 1978 1364 dixisse
2001 1325 2119 1364 cre-

467 1404 660 1458 datur.
681 1405 724 1456 A
749 1401 979 1456 duobus
996 1400 1149 1456 enim
1176 1400 1605 1472 patribus,jam
1632 1416 1743 1454 non
1765 1399 1875 1454 erit
1901 1399 2115 1453 mirum

468 1507 658 1563 neque
679 1489 1059 1557 contrarium,
1085 1490 1240 1562 quod
1264 1495 1320 1544 et
1342 1490 1430 1543 avi
1452 1490 1567 1544 duo
1589 1493 1645 1544 et
1668 1489 1815 1543 atavi
1839 1492 1897 1544 et
1921 1487 2116 1559 proavi

468 1597 596 1636 esse
630 1583 965 1651 potuerunt,
998 1582 1054 1633 et
1084 1578 1370 1650 quidquid
1397 1595 1576 1650 supra
1597 1583 1687 1633 est
1709 1594 1894 1649 usque
1917 1578 1987 1632 ad
2013 1582 2119 1631 Da-

469 1669 564 1723 vid
598 1669 768 1738 cujus
798 1671 964 1723 erant
992 1668 1164 1722 ambo
1197 1667 1322 1737 ﬁlii,
1347 1671 1403 1722 et
1431 1669 1703 1722 Salomon
1737 1667 1836 1738 qui
1870 1667 2121 1738 pertinet

472 1759 542 1813 ad
579 1758 841 1814 ordinem
875 1773 1048 1828 quem
1075 1756 1383 1812 Matthaeus
1407 1762 1642 1812 secutus
1675 1760 1782 1822 est,
1816 1760 1870 1810 et
1891 1755 2119 1810 Nathan

473 1848 574 1919 qui
605 1851 693 1902 est
738 1847 796 1900 in
830 1846 978 1900 serie
1009 1861 1180 1914 quam
1235 1846 1420 1900 Lucas
1461 1845 1746 1916 exposuit.
1801 1843 2124 1899 Attendunt

472 1936 628 1990 enim
663 1935 772 1989 ista
803 1933 1089 1998 nonnulli,
1123 1937 1180 1988 et
1207 1933 1406 1988 vident
1451 1950 1565 1988 non
1600 1949 1770 2004 posse
1817 1950 1850 1987 a
1891 1932 2120 1987 duobus

473 2024 615 2079 viris
639 2040 739 2094 per
768 2022 1264 2078 commixitionem
1296 2023 1487 2077 carnis
1540 2022 1815 2078 hominen
1857 2021 2038 2094 gigni,
2067 2025 2124 2074 et

475 2115 604 2168 ideo
628 2112 1023 2184 putantistam
1046 2111 1426 2182 quaestionem
1448 2128 1562 2166 non
1586 2126 1757 2182 posse
1788 2110 1995 2165 disolvi
2021 2109 2118 2180 (a):

477 2219 582 2258 nec
610 2201 934 2265 intuentur,
969 2202 1124 2272 quod
1188 2201 1644 2256 usitatissimum
1705 2205 1876 2271 atque
1923 2198 2122 2254 facilliv

476 2309 639 2347 mum
672 2291 818 2356 est‘,
861 2295 1087 2362 patrem
1140 2290 1516 2360 cujusquam,
1550 2305 1662 2344 non
1707 2306 1842 2344 eum
1893 2292 2122 2343 tantum

474 2381 588 2437 dici
619 2397 652 2434 a
691 2397 804 2451 quo
837 2379 1092 2452 genitus,
1126 2379 1228 2433 sed
1286 2379 1460 2434 etiam
1519 2394 1652 2433 eum
1715 2395 1748 2432 a
1805 2395 1919 2449 quo
1951 2377 2125 2432 fuerit

475 2471 792 2540 adoptatus
825 2469 921 2540 (b).

549 2559 748 2629 Neque
779 2559 936 2613 enim
969 2557 1299 2629 adoptionis
1331 2556 1631 2614 vinculum
1664 2556 1817 2628 apud
1849 2555 2125 2628 antiquos

480 2647 738 2702 alienum
761 2647 831 2702 ab
855 2662 1053 2701 eorum
1082 2647 1341 2701 moribus
1367 2646 1494 2713 fuit,
1519 2663 1653 2700 cum
1677 2646 1850 2701 etiam
1879 2646 2126 2701 feminas

476 2735 849 2791 inveniamus
880 2736 1186 2807 adoptasse
1213 2735 1326 2790 sibi
1362 2734 1531 2801 ﬁlios,
1564 2751 1680 2790 non
1727 2751 1795 2789 ex
1827 2739 1988 2790 utero
2020 2751 2126 2790 suo

480 2829 681 2880 natos:
707 2825 860 2880 sicut
880 2828 1021 2880 Sara
1050 2841 1118 2879 ex
1150 2826 1303 2896 Agar
1333 2824 1490 2895 (Gen.
1516 2841 1632 2889 xv1,
1655 2824 1795 2895 2),et
1815 2823 1914 2878 Lia
1940 2840 2008 2878 ex
2031 2840 2130 2878 an-

483 2913 618 2969 cilla
649 2931 754 2970 sua
783 2913 890 2986 (Id.
924 2931 1051 2980 xxx,
1084 2914 1261 2985 9-13),
1281 2917 1337 2969 et
1359 2913 1477 2968 ﬁlia
1512 2912 1861 2968 Pbraraonis
1895 2914 2128 2985 Moysen

488 3005 784 3075 adeptavit
814 3003 1013 3071 (Exod.
1040 3021 1100 3074 II,
1127 3003 1181 3069 9,
1210 3003 1316 3069 10).
1343 3007 1473 3074 Ipse
1505 3006 1700 3057 autem
1732 3003 2128 3073 Jacob,nepo-

489 3097 578 3148 tes
618 3109 778 3159 suos,
814 3092 964 3147 ﬁlios
986 3092 1202 3163 Joseph
1227 3091 1690 3163 adoptavit(Gen.
1718 3109 1914 3156 XLVIII,
1941 3093 2018 3160 5).
2040 3091 2130 3163 Ip-

489 3181 767 3235 sum’vero
783 3180 1114 3252 adoptionis
1129 3197 1338 3235 nomen
1360 3179 1678 3250 plurimum
1696 3179 1883 3235 valere
1900 3179 1956 3234 in
1992 3198 2131 3236 nos-

488 3273 588 3323 trae
623 3269 754 3324 ﬁdei
787 3273 1172 3333 sacramento,
1206 3268 1524 3339 apostolica
1567 3268 1830 3323 doctrina
1858 3274 2126 3325 testatur.

487 3357 650 3414 Unde
674 3358 972 3429 apostolus
1004 3357 1216 3412 Paulus
1246 3374 1380 3412 cum
1412 3360 1482 3413 de
1527 3359 1862 3413 Judeaorum
1905 3360 2130 3415 meritis

482 3446 856 3517 loqueretur:
882 3451 1129 3517 Quorum
1159 3451 1256 3514 est,
1282 3447 1490 3518 inquit,
1515 3447 1747 3518 adoptio,
1775 3455 1826 3502 et
1843 3448 2054 3517 gloria,
2077 3453 2129 3504 et

483 3537 841 3605 Testamenta,
858 3544 906 3591 et
925 3537 1260 3605 Legislatio;
1278 3552 1510 3608 quorum
1528 3545 1735 3607 patres,
1759 3539 1807 3592 et
1837 3553 1908 3592 ea:
1928 3539 2128 3609 quibus

481 3626 726 3681 Christus
751 3629 1051 3681 secundum
1080 3643 1327 3694 carnem,
1359 3627 1456 3697 qui
1483 3634 1563 3681 est
1590 3642 1751 3697 super
1781 3630 1969 3683 omnia
1989 3629 2128 3684 Deus

479 3715 790 3770 benedictus
822 3717 881 3770 in
911 3715 1118 3772 saecula
1149 3716 1321 3786 (Rom.
1356 3732 1433 3781 Ix,
1466 3716 1521 3784 4,
1550 3715 1626 3783 5).
1668 3717 1801 3771 Item
1857 3717 1992 3772 dicit
2019 3734 2032 3772 :
2060 3720 2125 3774 Et

477 3806 587 3876 ipsi
617 3807 675 3859 in
695 3807 1093 3876 nobismetipsis
1115 3806 1546 3875 ingemiseimus,
1567 3804 1915 3876 adoptionem
1939 3822 2125 3878 exspe-

475 3902 678 3948 ctantes
709 3895 954 3964 ﬁliorum
1002 3894 1131 3948 Dei2
1181 3895 1610 3964 redemptionem
1655 3896 1903 3965 corporis
1948 3898 2126 3951 nostri

476 3981 574 4053 (Id.
610 3998 729 4042 VIII,
759 3982 874 4048 23).
911 3982 1052 4036 Item
1077 3981 1187 4036 alio
1220 3981 1345 4037 loco
1372 3999 1384 4037 :
1412 3983 1545 4037 Cum
1574 3991 1754 4038 autem
1785 3985 2123 4056 venitpleni-

474 4069 607 4123 tudo
637 4070 914 4140 temporis,
934 4071 1088 4124 misit
1121 4070 1255 4124 Deus
1278 4071 1481 4124 Filium
1500 4087 1659 4124 suum
1679 4071 1888 4143 factum
1912 4089 1983 4128 ea:
2001 4091 2121 4128 mu-

476 4159 633 4222 liere,
655 4163 859 4229 factum
887 4160 988 4212 sub
1013 4159 1162 4228 Lege,
1192 4167 1252 4213 ut
1280 4175 1366 4214 eos
1391 4160 1490 4230 qui
1516 4159 1615 4214 sub
1639 4161 1775 4228 Lege
1794 4166 1951 4216 erant
1982 4163 2125 4218 redi-

483 4255 672 4310 meret,
697 4256 757 4301 ut
779 4247 1118 4317 adoptionem
1149 4249 1400 4318 ﬁliorum
1428 4250 1795 4320 reciperemus
1825 4250 2024 4320 (Gulat.
2045 4269 2122 4318 Iv,

478 4336 528 4389 4.
560 4335 638 4402 5),
672 4336 800 4391 Hmc
833 4335 1012 4408 igitur
1043 4336 1276 4407 adoptio
1308 4337 1510 4407 quanti
1533 4339 1883 4392 sacramenti
1909 4338 2002 4408 sit,
2030 4339 2122 4395 his

475 4429 648 4495 atque
680 4425 1016 4496 bujusmodi
1039 4425 1390 4480 testimoniis
1416 4426 1560 4481 satis
1583 4430 1842 4498 apparet.
1871 4426 2118 4483 Unicum

476 4513 630 4567 enim
660 4514 872 4570 Filium
899 4519 1048 4569 Deus
1070 4513 1263 4582 habet,
1290 4531 1460 4586 quem
1476 4515 1676 4586 genuit
1698 4518 1768 4570 de
1791 4516 2124 4572 substantia

477 4618 604 4666 sua,
633 4603 701 4657 de
724 4619 836 4674 quo
861 4603 1075 4659 dicitur
1102 4620 1114 4658 :
1151 4603 1285 4658 Cum
1313 4606 1369 4658 in
1391 4605 1571 4674 forma
1596 4605 1691 4660 Dei
1711 4609 1868 4674 esset,
1897 4621 2002 4660 non
2028 4624 2118 4660 ra-

475 4692 665 4762 pinam
698 4691 996 4747 arbitratus
1027 4695 1102 4747 est
1135 4708 1248 4747 esse
1276 4692 1505 4764 aequalis
1529 4696 1640 4746 Deo
1669 4692 1936 4764 (Philipp.
1956 4710 2017 4763 II,
2041 4695 2118 4761 6).

476 4781 590 4835 Nos
613 4784 810 4835 autem
837 4798 950 4835 non
977 4781 1274 4836 subtantia
1297 4797 1403 4836 sua
1424 4781 1655 4852 genuit;
1682 4785 1946 4836 creatura
1965 4783 2120 4837 enim

476 4885 706 4935 sumus,
743 4887 918 4941 quam
973 4886 1086 4923 non
1129 4870 1350 4941 genuit,
1386 4872 1483 4924 sed
1549 4870 1682 4924 fecit
1726 4888 1739 4926 :
1787 4875 1844 4926 et
1876 4872 2024 4938 ideo,
2060 4877 2125 4927 ut

475 4959 684 5014 fratres
740 4959 951 5014 Christi
983 4959 1305 5013 secundum
1343 4959 1582 5014 modum
1632 4960 1844 5014 suum3
1887 4960 2118 5032 faceret,

476 5047 915 5119 adoptavit.lste
937 5047 1134 5119 itaque
1167 5048 1377 5102 modus
1401 5065 1516 5119 quo
1541 5065 1646 5103 nos
1673 5051 2118 5122 Deus,cumjam

473 5153 739 5193 essemus
776 5137 848 5192 ab
879 5136 1006 5208 ipso
1038 5153 1150 5191 non
1183 5137 1323 5208 nati,
1357 5138 1458 5193 sed
1487 5137 1705 5193 conditi
1740 5143 1796 5194 et
1841 5138 2116 5208 instituti,

471 5228 646 5282 verbo
669 5243 775 5281 suo
813 5231 869 5281 et
904 5227 1092 5298 gratia
1113 5242 1219 5280 sua
1236 5228 1517 5297 genuitut
1536 5226 1639 5281 ﬁlii
1671 5229 1799 5299 ejus
1829 5244 2116 5298 essemus,

540 5440 555 5505 ξ
589 5439 1355 5505 AliquotMssqusitatisimum
1377 5441 2004 5505 atque/requentissimum
2026 5451 2117 5495 est.

537 5502 558 5537 ³
577 5502 985 5565 Αδοὸῑ,βιὶογυηι
1001 5504 1109 5562 Dei,
1137 5518 1166 5553 a
1196 5504 1317 5553 Mss.
1352 5507 1404 5552 et
1433 5502 1498 5553 ab
1522 5502 1914 5568 antiquioribus
1929 5507 2114 5557 editio-

478 5563 639 5612 nibus
667 5566 780 5612 Am.
814 5567 899 5614 Er.

536 5627 556 5661 ⁸
586 5628 662 5675 ita
692 5629 744 5674 in
774 5629 897 5676 Mss.
927 5629 991 5676 At
1019 5629 1074 5677 in
1105 5630 1278 5687 editis,
1306 5633 1554 5678 nostrum.

90 5723 444 5827 ,μμ-*π
534 5706 614 5834 lt)
637 5705 1348 5833 ﬁ“?£'.£‘i‘i‘°:ap‘;“§fsf‘3:
1381 5715 1425 5771 ¹’
1451 5724 1567 5774 ⁰⁸¹³⁶
1597 5712 1646 5762 ⁷’

1198 371 1511 433 CONTRA
1556 371 1931 434 FAUSTUM
1975 368 2501 444 MANICH/EUM,
2548 371 2612 430 S.
2661 368 3088 432 AUGUSTINI

3746 371 3870 432 216

2224 505 2458 574 adOptio
2489 509 2746 558 vocatur.
2767 503 2927 558 Unde
2943 504 3199 559 Joannes
3224 505 3398 560 dicit:
3438 506 3594 560 Dedit
3622 505 3700 560 eis
3718 515 3872 578 pote-

2220 598 2414 647 statem
2445 595 2587 664 ﬁlios
2615 595 2715 648 Dei
2742 595 2867 664 ﬁeri
2897 595 3076 665 (Joan.
3113 611 3151 660 I,
3187 595 3294 663 12).
3357 595 3500 650 Cum
3561 595 3740 667 igitur
3763 597 3868 667 jus

2222 683 2549 755 adeptionis
2585 683 2834 738 ﬁliorum
2868 684 3018 755 apud
3052 688 3245 756 patres
3277 689 3507 740 nostros
3539 692 3596 740 et
3625 685 3684 740 in
3712 685 3867 741 Scri-

2223 772 2411 843 pturis
2443 773 2661 827 sanctis
2696 772 2977 828 usitatum
3010 774 3116 841 sit;
3151 774 3616 845 quaeimpietatis
3639 776 3874 830 demen-

2223 861 2303 914 tia
2335 861 2674 931 praecipitat,
2708 862 2873 932 prius
2894 862 3296 934 Evangelistas
3313 863 3584 918 falsitatis
3602 880 3870 936 arguere,

2225 950 2376 1019 quod
2440 950 2700 1005 diversas
2760 951 3165 1022 generationes
3237 958 3872 1020 commemoraverunt,

2225 1043 2506 1108 tanquam
2541 1043 2798 1108 utraeque
2847 1056 2992 1094 verte
3033 1055 3162 1095 esse
3222 1057 3336 1095 non
3375 1041 3640 1112 possint;
3691 1059 3872 1113 quam

2225 1127 2477 1199 cogitare
2506 1133 2563 1182 et
2592 1128 2888 1183 attendere
2919 1133 2975 1183 et
3005 1129 3197 1184 videre
3219 1130 3371 1200 quod
3393 1129 3870 1202 facillimumest,

2227 1233 2401 1288 quam
2433 1216 2635 1271 crebra
2667 1217 3087 1273 consuetudine
3125 1218 3357 1290 generis
3401 1218 3668 1287 humani,
3718 1237 3876 1275 unus

2227 1306 2401 1361 homo
2432 1311 2580 1361 duos
2620 1310 2812 1377 patres
2861 1305 3075 1360 habere
3115 1307 3399 1378 potuerit;
3460 1325 3642 1362 unum
3702 1310 3875 1380 cujus

2227 1411 2400 1449 carne
2431 1395 2606 1451 homo
2638 1395 2716 1450 sit
2745 1396 3000 1467 genitus,
3047 1394 3295 1450 alterum
3329 1396 3499 1466 cujus
3549 1396 3874 1467 voluntate,

2229 1499 2363 1538 cum
2391 1486 2515 1555 jam
2549 1485 2722 1540 homo
2745 1488 2919 1552 esset,
2962 1484 3118 1539 ﬁlius
3149 1485 3225 1540 sit
3273 1485 3636 1556 adoptatus?
3686 1487 3794 1553 Qui
3824 1487 3877 1542 si

2231 1588 2347 1627 non
2377 1577 2530 1627 recte
2554 1572 2770 1627 dicitur
2789 1578 2972 1644 pater,
2995 1590 3099 1628 nec
3129 1590 3232 1628 nos
3257 1579 3408 1628 recte
3431 1573 3881 1641 dicimus,Pater

2228 1670 2434 1728 noster,
2454 1663 2553 1732 qui
2571 1678 2627 1716 es
2650 1664 2709 1716 in
2737 1662 3113 1733 caetis(Matth.
3144 1680 3219 1728 v1,
3253 1663 3330 1732 9),
3363 1663 3413 1717 ei
3445 1663 3516 1718 de
3536 1665 3707 1735 cujus
3729 1665 3878 1719 sub-

2231 1749 2446 1805 stantia
2475 1750 2595 1805 nati
2627 1767 2742 1805 non
2777 1768 3004 1820 sumus,
3049 1751 3149 1806 sed
3183 1751 3354 1820 cujus
3385 1752 3573 1822 gratia
3602 1756 3659 1807 et
3698 1752 3877 1808 mise-

2231 1838 2631 1894 ricordissima
2660 1839 2956 1896 voluntate
2987 1839 3248 1910 adoptati
3300 1841 3626 1896 secundum
3659 1842 3880 1897 doctri-

2233 1945 2366 1983 nam
2400 1929 2779 2000 apostolicam
2812 1934 2867 1984 et
2897 1927 3302 1984 ﬁdelissimam
3322 1932 3623 1986 veritatem
3646 1947 3880 1988 sumus.

2234 2019 2432 2088 Ipsum
2467 2018 2681 2090 quippe
2713 2019 3000 2074 habemus
3033 2025 3089 2074 et
3119 2020 3327 2090 Deum,
3359 2023 3414 2074 et
3456 2020 3790 2088 Dominum,
3824 2025 3886 2076 et

2234 2106 2459 2161 Patrem
2487 2123 2498 2160 :
2527 2107 2730 2177 Deum,
2765 2109 2918 2178 quod
2953 2108 3025 2162 ab
3057 2108 3204 2179 ipso,
3230 2108 3406 2163 etiam
3429 2125 3498 2164 ex
3534 2108 3876 2164 hominibus

2231 2195 2591 2266 parentibus,
2618 2196 2833 2252 conditi
2857 2213 3066 2252 sumus
3094 2215 3106 2265 ;
3145 2196 3477 2266 Dominum,
3511 2198 3664 2269 quod
3697 2198 3748 2252 ei
3782 2216 3882 2253 su-

2233 2284 2375 2339 bditi
2411 2301 2656 2352 sumus;
2694 2286 2941 2353 Patrem,
2975 2287 3128 2356 quod
3180 2286 3306 2356 ejus
3355 2287 3666 2358 adoptione
3696 2287 3886 2343 renati

2234 2390 2465 2428 sumus.

2307 2463 2492 2518 Facile
2509 2464 2619 2518 fuit
2635 2480 2770 2536 ergo
2795 2464 3081 2536 religiosis
3104 2464 3637 2536 perscrutatoribus
3658 2465 3889 2521 divina-

2234 2570 2364 2608 rum
2389 2552 3191 2625 Litterarum,aliquantulum
3215 2554 3671 2622 considerare,et
3688 2555 3887 2611 videre

2233 2642 2292 2698 in
2312 2642 2556 2698 diversis
2574 2642 2785 2698 Christi
2806 2643 3282 2714 generationibus
3307 2643 3579 2699 aduobus
3597 2644 3894 2715 evangeli-

2237 2731 2342 2787 stis
2363 2732 3322 2802 commemoratis,quomododuos
3345 2737 3536 2803 patres
3559 2735 3753 2804 potuit
3783 2734 3890 2789 ba-

2235 2823 2370 2878 bere
2421 2821 2655 2893 Joseph,
2689 2838 2940 2894 quorum
2966 2821 3363 2893 progenitores
3398 2822 3608 2878 diversi
3636 2838 3892 2879 enume-

2236 2911 2579 2967 rentur.Hoc
2600 2914 2657 2966 et
2677 2927 2798 2974 vos,
2815 2911 2863 2966 si
2884 2911 3148 2966 studium
3170 2911 3560 2966 contentionis
3576 2928 3690 2966 non
3708 2928 3888 2968 excae-

2237 3007 2412 3070 caret,
2423 3001 2586 3056 facile
2598 3001 2791 3056 videre
2809 3000 3197 3071 possetis.Sed
3213 3000 3282 3054 ab
3297 2999 3353 3054 ill
3364 3000 3413 3054 is
3427 3000 3564 3055 viris
3582 2999 3694 3055 alia
3707 3001 3886 3057 etiam

2239 3089 2483 3161 quaesita
2504 3095 2560 3145 et
2576 3090 2809 3145 inventa
2826 3094 3123 3158 sunt,cum
3141 3105 3344 3145 omnes
3370 3089 3575 3145 harum
3600 3091 3890 3146 narratio-

2237 3195 2377 3233 num
2403 3184 2596 3251 partes
2615 3184 3062 3251 pertractarent:
3087 3181 3202 3234 haac
3226 3183 3420 3234 autem
3444 3184 3684 3234 avestro
3725 3180 3901 3235 intel-

2237 3266 2387 3322 lectu
2421 3268 2763 3339 longissime
2787 3272 3011 3323 remota
3032 3276 3189 3322 sunt.
3217 3267 3419 3338 Itaque
3433 3269 3608 3323 etiam
3633 3268 3690 3322 in
3706 3268 3891 3324 Mani-

2237 3355 2377 3410 chtei
2419 3373 2610 3411 errore
2650 3355 2973 3420 constituti,
3014 3355 3070 3409 id
3103 3356 3257 3426 quod
3304 3356 3362 3409 in
3396 3357 3571 3412 rebus
3602 3356 3885 3413 humanis

2236 3443 2359 3498 ﬁeri
2393 3444 2558 3514 solet,
2593 3450 2658 3498 ut
2677 3445 2829 3499 alius
2860 3461 3032 3500 carne
3063 3449 3300 3516 generet
3329 3443 3538 3511 ﬁlium,
3571 3445 3718 3501 alius
3741 3463 3882 3502 eum

2233 3532 2528 3589 voluntate
2559 3533 2810 3604 adoptat,
2846 3549 2909 3588 ac
2942 3533 3025 3589 sic
3058 3550 3211 3589 unus
3249 3534 3398 3589 duos
3429 3539 3622 3605 patres
3645 3535 3880 3605 habeat,

2232 3622 2279 3678 si
2305 3640 2419 3678 non
2481 3624 2720 3678 adverso
2753 3621 2947 3678 animo
2979 3622 3271 3695 legeretis,
3322 3622 3626 3692 cogitando
3683 3625 3881 3681 videre

2231 3713 2500 3785 possetis.

2302 3803 2533 3857 CAPUT
2559 3802 2649 3858 1V.
2685 3833 2751 3842 ——-
2781 3802 2897 3857 Cur
2926 3807 3122 3858 autem
3146 3802 3454 3858 Matthzeus
3479 3803 3550 3858 ab
3577 3802 3876 3860 Abraham

2230 3893 2485 3963 coeperit,
2511 3891 2869 3947 descendens
2897 3891 3165 3962 usquead
3189 3891 3429 3962 Joseph;
3456 3891 3644 3948 Lucas
3675 3897 3877 3950 autem

2228 3998 2261 4036 a
2276 3981 2490 4052 Joseph
2507 3979 3239 4052 cmperit,ascendens,non
3257 3996 3444 4051 usque
3463 3981 3534 4035 ad
3556 3981 3878 4053 Abraham,

2228 4071 2326 4126 sed
2362 4087 2549 4140 usque
2575 4069 2645 4123 ad
2666 4069 2847 4124 Deum
2873 4070 2969 4139 qui
2996 4069 3128 4123 fecit
3150 4068 3468 4139 hominem,
3503 4074 3558 4126 et
3575 4071 3709 4126 dato
3731 4089 3881 4142 prae-

2228 4163 2391 4231 cepto
2424 4162 2771 4228 potestatem
2800 4158 2958 4212 dedit
2989 4161 3050 4212 ut
3075 4158 3316 4214 credens
3343 4158 3498 4214 ﬁlius
3531 4159 3630 4214 Dei
3663 4160 3830 4215 ﬁeret
3865 4178 3879 4218 :

2227 4252 2284 4303 et
2307 4265 2412 4303 cur
2443 4246 2539 4302 ille
2561 4246 2617 4300 in
2636 4247 2820 4316 capite
2853 4245 2981 4300 libri
3015 4249 3421 4318 generationes
3447 4249 3604 4315 ipsas
3625 4265 3876 4305 enume-

2227 4337 2377 4391 ravit
2403 4353 2416 4404 ;
2443 4335 2537 4391 ille
2567 4339 2786 4400 autem,
2819 4353 2952 4391 cum
2987 4335 3269 4390 Dominus
3309 4336 3570 4392 Salvator
3598 4354 3631 4392 a
3653 4337 3882 4394 Joanne

2225 4425 2552 4496 baptizatus
2575 4424 2811 4480 fuisset:
2837 4428 2892 4479 et
2924 4424 3063 4496 quid
3097 4423 3206 4479 sibi
3240 4425 3374 4479 velit
3396 4443 3676 4482 numerus
3697 4443 3878 4498 gene-

2228 4515 2500 4570 rationun
2534 4514 2857 4569 secundum
2884 4513 3247 4582 Matthzeum,
3275 4518 3336 4568 ut
3368 4520 3454 4569 ter
3476 4517 3881 4587 quatordecim

2227 4604 2584 4676 digerantur,
2621 4604 2835 4675 quibus
2877 4603 2932 4657 in
2984 4620 3280 4658 summam
3323 4606 3692 4676 computatis,
3743 4611 3878 4662 tan-

2225 4709 2401 4764 quam
2426 4695 2440 4727 ¹
2479 4709 2594 4747 una
2623 4693 2820 4747 minus
2844 4697 3140 4764 appareat;
3170 4710 3450 4748 numerus
3473 4698 3668 4750 autem
3699 4711 3880 4767 gene-

2225 4782 2517 4836 rationum
2552 4782 2877 4837 secundum
2908 4781 3144 4849 Lucam,
3181 4782 3279 4853 qui
3313 4783 3371 4837 in
3422 4784 3712 4855 baptismo
3759 4784 3878 4841 Do-

2225 4871 2366 4926 mini
2408 4875 2921 4938 commemoratur,
2945 4871 3015 4925 ad
3039 4870 3412 4943 septuaginta
3433 4878 3491 4927 et
3507 4877 3725 4944 septem
3748 4891 3882 4945 per-

2223 4961 2446 5015 veniat:
2470 4975 2643 5031 quem
2679 4975 2991 5014 numerum
3024 4959 3146 5031 ipse
3180 4960 3460 5016 Dominus
3511 4962 3568 5017 in
3605 4968 3878 5034 peccato-

2225 5066 2354 5104 rum
2389 5047 2794 5103 remissionem
2831 5049 3204 5103 commendat
3252 5049 3477 5114 dicens,
3511 5051 3628 5106 Non
3646 5056 3879 5110 tantum

2221 5140 2436 5208 septies,
2462 5137 2556 5206 sed
2586 5152 2756 5207 usque
2811 5139 3120 5207 septuagies
3176 5139 3368 5208 septies
3413 5139 3511 5210 (Id.
3541 5156 3697 5211 xvm,
3730 5142 3824 5212 22)
3863 5159 3878 5198 :

2222 5226 2385 5280 nullo
2413 5229 2579 5296 pacto
2614 5224 2890 5296 indagare
2936 5224 3204 5296 possetis,
3239 5225 3351 5280 nisi
3403 5231 3507 5281 aut
3547 5227 3617 5282 ab
3672 5226 3879 5299 aliquo

2219 5314 2502 5371 catholico
2536 5314 2591 5368 id
2625 5313 2926 5382 audiretis,
2962 5329 3073 5368 non
3099 5313 3378 5386 quolibet,
3412 5316 3512 5371 sed
3538 5315 3876 5374 divinarum

2222 5405 2661 5476 Scripturarum
2693 5402 2978 5470 studioso,
3012 5409 3068 5457 et
3099 5409 3384 5474 quantum
3419 5411 3634 5478 posset,
3661 5407 3878 5481 perito;

2220 5497 2321 5549 aut
2349 5492 2461 5566 ipsi
2495 5494 2564 5548 ab
2597 5507 2792 5547 errore
2822 5492 3083 5560 correcti,
3125 5492 3340 5564 pietate
3383 5495 3671 5552 catholica
3714 5500 3879 5568 pete-

2218 5582 2356 5636 retis
2386 5587 2449 5635 ut
2480 5580 2842 5652 acciperetis,
2876 5580 3214 5652 quaereretis
3245 5587 3308 5638 ut
3330 5582 3688 5657 inveniretis,
3737 5586 3876 5657 pul-

2217 5669 2424 5726 saretis
2457 5673 2521 5724 ut
2543 5669 2856 5725 intraretis.

2279 5778 2295 5813 ι
2329 5776 2485 5836 Editi,
2517 5778 2707 5826 tamen.
2737 5775 2804 5825 At
2829 5775 2974 5839 Msa,
3005 5777 3270 5842 tanquam.
