4086 6186
265 387 354 446 217
1466 390 1476 399 ’
1598 378 1831 440 LIBER

1975 377 2268 440 ’ARTUS.

318 516 513 575 CAPUT
534 513 596 569 V.
629 544 694 554 -
725 513 1109 585 Quapropter,
1133 514 1408 584 quoniam
1436 514 1490 569 id
1525 515 1677 586 quod
1702 515 1844 569 Fau-

264 616 383 665 stum
406 607 466 661 de
486 602 925 677 generationum
950 602 1283 658 diversitate
1310 604 1613 674 permovit,
1639 603 1849 675 quiain

266 696 448 752 duobus
470 692 721 764 patribus
740 691 1136 764 intelligendis
1156 692 1251 747 hic
1269 694 1459 749 nodus
1471 697 1616 758 erat,
1632 692 1853 748 intelle-

266 793 335 842 cta
354 788 534 839 natura
554 786 608 837 et
627 781 936 852 adoptione
959 779 1216 835 solutum
1238 786 1347 849 est,
1366 782 1582 837 frustra
1598 799 1655 837 se
1673 780 1855 837 voluit

268 876 319 930 ad
346 874 469 928 duos
523 870 911 943 evangelistas
959 871 1240 939 conferre,
1275 875 1328 925 et
1360 871 1431 926 ab
1463 870 1594 927 aliis
1623 873 1852 927 duobus

267 962 448 1018 auferre
475 976 486 1013 :
521 958 705 1030 magis
736 958 1069 1013 offensurus
1110 958 1181 1013 ad
1216 974 1363 1029 quos
1395 974 1457 1013 se
1485 957 1850 1026 contulisset,

267 1066 403 1123 quam
424 1065 515 1104 eos
535 1065 567 1102 a
583 1047 795 1118 quibus
814 1046 1173 1102 abstulisset.
1190 1047 1312 1102 Non
1331 1047 1486 1102 enim
1501 1053 1701 1103 amant
1718 1065 1852 1103 san-

265 1141 319 1197 cti
342 1154 458 1194 suos
481 1136 775 1203 electores,
794 1136 843 1191 si
857 1152 1094 1191 suorum
1110 1136 1401 1192 sociorum
1416 1137 1857 1193 eosinvenerint

262 1231 554 1285 desertores.
572 1225 799 1281 Unitate
817 1226 972 1280 enim
992 1226 1400 1296 gaudent,etin
1420 1225 1650 1281 Christo
1670 1243 1853 1281 unum

262 1321 395 1373 sunt:
418 1319 470 1370 et
491 1314 536 1370 si
564 1313 714 1369 alius
732 1313 913 1379 aliud,
938 1318 993 1369 et
1013 1316 1163 1370 alius
1181 1315 1337 1370 aliud
1357 1315 1652 1383 ;autalius
1666 1315 1851 1385 aliter,

262 1412 304 1463 et
321 1407 448 1461 alius
476 1404 677 1471 aliter;
709 1420 845 1459 vera
873 1408 1064 1459 tamen
1098 1421 1301 1459 omnes
1335 1406 1560 1473 dicunt,
1594 1422 1698 1460 nec
1743 1405 1856 1460 sibi

263 1496 353 1551 ullo
368 1494 522 1550 modo
544 1494 854 1558 contraria,
879 1494 927 1548 si
960 1492 1092 1564 pius
1125 1493 1304 1548 lector
1330 1495 1587 1561 accedat,
1621 1494 1669 1548 si
1696 1493 1857 1548 mitis

260 1586 397 1656 legat,
418 1584 460 1639 si
485 1599 594 1637 non
628 1582 902 1638 haeretica
925 1582 1122 1639 animo
1146 1583 1299 1637 unde
1318 1582 1552 1653 rixetur,
1577 1583 1676 1638 sed
1705 1582 1860 1637 ﬁdeli

262 1674 393 1729 corde
412 1672 553 1728 unde
575 1672 914 1741 zediﬁcetur,
940 1671 1217 1744 inquirat.
1240 1672 1370 1728 Jam
1394 1688 1553 1744 ergo,
1578 1672 1857 1744 quoniam

261 1761 618 1834 singulorum‘
673 1766 906 1833 patrum
956 1762 1380 1833 generationes,
1434 1778 1581 1833 quos
1609 1766 1674 1817 ut
1706 1779 1859 1817 unus

260 1852 395 1906 homo
413 1851 550 1907 duos
568 1850 832 1917 haberet,
854 1867 967 1906 non
992 1855 1081 1906 est
1100 1851 1171 1906 ad
1202 1851 1459 1906 humano
1482 1867 1696 1923 genere
1717 1850 1856 1906 alie-

266 1957 391 2008 num,
419 1940 677 2011 singulos
726 1939 1128 2009 Evangelistas
1177 1941 1501 1995 narrandas
1527 1940 1859 2012 suscepisse

265 2029 593 2090 credidimus,
628 2046 745 2084 non
777 2034 866 2084 est
896 2046 924 2084 a
974 2030 1215 2085 veritate
1243 2034 1442 2085 nostra
1471 2030 1617 2085 ﬁdes
1646 2029 1856 2085 aliena.

267 2118 516 2183 Quocirca,
551 2117 707 2173 inter
728 2135 789 2174 se
801 2119 929 2189 jam
955 2118 1337 2191 Evangelistis
1359 2118 1859 2187 convenientibus,

267 2206 382 2262 sicut
404 2207 647 2264 Faustus
676 2207 964 2279 promisit,
997 2212 1317 2280 utcumque
1351 2208 1735 2263 succumbite.

315 2296 512 2352 CAPUT
540 2296 637 2351 VI.
664 2298 832 2351 —An
863 2296 1006 2351 illud
1028 2298 1183 2368 quod
1216 2298 1505 2367 adjunxit,
1538 2314 1637 2353 vos
1670 2302 1862 2354 movet

269 2386 419 2440 adhuc
436 2386 462 2439 ?
481 2389 748 2455 Quamvis
770 2401 867 2441 nec
886 2388 966 2442 sic
990 2385 1225 2457 quidem,
1250 2386 1461 2457 inquit,
1484 2386 1714 2456 dignum
1733 2389 1857 2457 erit,

268 2482 457 2529 enitere
469 2484 669 2530 natum
692 2475 910 2530 credere
932 2477 1119 2541 Deum,
1145 2480 1193 2531 et
1216 2477 1383 2530 Deum
1400 2476 1859 2533 Christianorum.

264 2563 400 2627 Quasi
422 2579 527 2619 non
548 2564 745 2636 ipsam
772 2565 1027 2619 divinam
1054 2569 1323 2620 naturam
1355 2581 1423 2620 ex
1452 2565 1675 2621 feminae
1698 2571 1861 2623 utero

268 2652 511 2708 exstitisse
524 2654 662 2709 cred
673 2654 1073 2709 amus.Nonne
1085 2654 1259 2709 modo
1274 2655 1873 2728 commemoraviApo-

266 2740 368 2795 stoli
389 2742 814 2808 testimonium,
837 2744 932 2799 ubi
956 2744 1037 2798 ait
1054 2743 1125 2799 de
1140 2744 1354 2799 Judaei:
1376 2760 1389 2799 :
1410 2744 1648 2813 Quorum
1661 2750 1865 2815 patres,

268 2834 304 2883 et
322 2847 379 2885 cz
397 2832 582 2902 quibus
608 2832 859 2888 Christus
879 2832 1181 2889 secundum
1205 2849 1451 2901 carnem,
1482 2835 1580 2907 qui
1601 2844 1679 2889 est
1708 2850 1871 2906 super

263 2922 413 2975 omnia
430 2921 566 2977 Deus
586 2922 902 2978 benedictus
916 2924 975 2977 in
990 2922 1503 2978 smeula?Christus
1519 2939 1655 2995 ergo
1669 2923 1867 2979 Domi-

303 3097 316 3131 ¹
341 3098 478 3161 Apud
505 3100 593 3150 Er.
628 3100 803 3163 Lugd.
835 3104 889 3151 et
907 3101 1057 3160 Ven.,
1078 3101 1196 3151 Jam
1216 3114 1337 3165 ergo
1357 3100 1413 3151 in
1430 3101 1773 3165 singulorum.
1793 3102 1865 3153 M.

3477 372 3597 434 218

1958 529 2071 568 nus
2102 518 2158 568 et
2211 512 2472 567 Salvator
2524 515 2720 567 noster
2751 508 2906 565 ﬁlius
2944 507 3044 565 Dei
3074 523 3247 564 verus
3280 508 3602 563 secundum

1960 601 2356 666 divinitatem,
2395 604 2450 655 et
2482 600 2637 655 ﬁlius
2668 598 2927 655 hominis
2950 615 3119 654 verus
3143 598 3465 653 secundum
3488 612 3611 653 car-

1962 708 2118 753 nem,
2153 708 2267 745 non
2299 706 2365 745 ex
2398 706 2461 745 eo
2494 690 2648 761 quod
2680 694 2767 744 est
2820 704 2997 761 super
3026 688 3224 743 omnia
3249 687 3403 743 Deus
3434 686 3607 741 bene-

1964 780 2158 836 dictus
2190 780 2250 834 in
2281 778 2496 835 saecula
2524 796 2590 833 ex
2620 778 2857 832 femina
2906 783 3082 833 natus
3126 780 3250 840 est;
3287 776 3385 831 sed
3420 791 3488 830 ex
3518 774 3616 829 illa

1966 870 2309 925 inﬁrmitate
2334 885 2510 941 quam
2537 866 2799 938 suscepit
2818 884 2883 921 ex
2903 867 3091 931 nobis,
3118 871 3183 920 ut
3202 866 3257 921 in
3283 881 3349 920 ea
3370 880 3620 919 morere-

1963 964 2061 1014 tur
2084 976 2185 1031 pro
2211 958 2399 1027 nobis,
2425 962 2482 1013 et
2503 960 2891 1027 eamisanaret
2908 955 2965 1010 in
2984 955 3153 1011 nobis
3175 976 3188 1019 ε,
3211 970 3324 1009 non
3343 971 3412 1008 ex
3430 954 3617 1008 forma

1964 1049 2086 1112 Dei,
2122 1048 2180 1102 in
2205 1065 2320 1118 qua
2341 1064 2474 1101 cum
2498 1051 2674 1112 esset,
2692 1062 2803 1101 non
2821 1047 3075 1115 rapinam
3094 1045 3391 1099 arbitratus
3408 1046 3481 1100 est
3497 1059 3615 1099 esse

1965 1139 2205 1210 aequalis
2240 1139 2367 1205 Deo,
2399 1138 2603 1207 {natus
2658 1153 2725 1191 ex
2785 1134 3001 1190 femina
3040 1140 3164 1202 est;
3200 1134 3299 1187 sed
3332 1149 3399 1187 ex
3426 1133 3616 1188 forma

1967 1228 2138 1297 servi,
2172 1244 2347 1299 quam
2380 1226 2732 1299 accipiendo,
2764 1226 3107 1295 semetipsum
3133 1222 3611 1292 exz'nanivit(Phi-

1969 1318 2105 1389 lipp.
2130 1335 2193 1383 ιι,
2216 1318 2291 1388 6).
2315 1317 2513 1387 Neque
2538 1315 2692 1370 enim
2718 1316 2789 1369 ob
2816 1314 2969 1369 aliud
2996 1312 3325 1367 exinanisse
3344 1328 3405 1367 se
3423 1312 3614 1366 dictus

1969 1412 2075 1474 est,
2112 1406 2221 1461 nisi
2273 1406 2610 1477 accipiendo
2664 1404 2917 1459 formam
2951 1402 3123 1465 servi,
3159 1418 3271 1456 non
3304 1400 3621 1455 amittendo

1970 1496 2219 1551 formam
2254 1494 2375 1550 Dei.
2436 1494 2539 1550 Illa
2596 1493 2750 1547 enim
2785 1497 3013 1560 natura,
3063 1507 3179 1562 qua
3208 1490 3266 1545 in
3302 1490 3489 1544 forma
3520 1489 3620 1544 Dei

1971 1586 2209 1657 aequalis
2269 1590 2356 1639 est
2415 1582 2588 1645 Patri,
2636 1580 3190 1637 incommutabiliter
3224 1584 3617 1651 permanente,

1971 1674 2231 1746 suscepit
2264 1672 2607 1728 mutabilem
2642 1675 2926 1737 nostram,
2964 1687 3063 1742 per
3092 1686 3267 1741 quam
3302 1669 3371 1723 de
3396 1667 3616 1738 virgine

1971 1768 2324 1819 nasceretur.
2362 1766 2475 1816 Vos
2508 1766 2727 1825 autem,
2762 1777 2894 1815 cum
2927 1776 3159 1815 carnem
3192 1757 3402 1812 Christi
3434 1755 3613 1827 virgi-

1971 1852 2087 1908 nali
2121 1858 2283 1907 utero
2315 1851 2680 1907 committere
2710 1850 2978 1915 horretis,
3030 1849 3219 1920 ipsam
3250 1846 3612 1902 divinitatem

1971 1942 2095 2012 Dei,
2129 1958 2242 1996 non
2272 1946 2500 1995 tantum
2551 1939 2881 2007 hominum,
2935 1938 3032 1993 sed
3076 1943 3131 1992 et
3160 1953 3372 1991 canum
3406 1951 3613 2007 porco-

1972 2048 2221 2101 rumque
2254 2030 2436 2085 uteris
2492 2027 2914 2085 commisistisl
2972 2026 3151 2083 semel
3186 2029 3524 2098 conceptam
3557 2023 3613 2077 in

1972 2126 2133 2175 utero
2167 2120 2408 2192 virginis
2438 2118 2651 2175 Christi
2682 2135 2913 2173 carnem
2943 2134 3057 2172 non
3082 2114 3252 2172 vultis
3274 2116 3527 2179 credere,
3558 2113 3617 2167 in

1973 2213 2124 2282 quo‘
2161 2226 2273 2264 non
2307 2210 2498 2265 solum
2532 2225 2645 2263 non
2687 2208 2924 2280 ligatus,
2973 2206 3072 2262 sed
3108 2222 3212 2261 nec
3243 2205 3505 2260 mutatus
3535 2206 3624 2258 est

1973 2299 2127 2354 Deus
2150 2316 2168 2359 ;
2200 2303 2257 2354 et
2287 2299 2479 2370 ipsam
2512 2298 2611 2353 Dei
2648 2302 2895 2369 partem,
2926 2296 3303 2366 divinamque
3325 2298 3619 2362 naturam,

1972 2387 2031 2443 in
2064 2389 2329 2444 omnium
2362 2388 2689 2455 hominum,
2722 2403 2787 2442 ac
2813 2382 3506 2451 bestiarumgmasculinis
3529 2397 3619 2437 se-

1975 2479 2235 2535 minibus
2252 2482 2309 2534 et
2325 2477 2622 2533 femininis
2644 2476 2913 2543 uteris,in
2927 2475 3199 2531 omnibus
3212 2472 3619 2544 conceptibus,

1973 2585 2076 2641 per
2105 2584 2308 2623 omnes
2339 2573 2547 2633 terras,
2576 2572 2633 2622 et
2663 2582 2765 2638 per
2792 2581 2997 2621 omnes
3032 2580 3237 2635 aquas,
3270 2567 3327 2618 et
3359 2578 3460 2634 per
3489 2577 3620 2616 om-

1982 2674 2084 2713 nes
2118 2657 2325 2713 horas’
2354 2656 2545 2728 ligari,
2578 2656 2851 2728 opprimi,
2887 2652 3273 2726 coinquinari,
3306 2658 3362 2708 et
3394 2666 3499 2707 nec
3530 2655 3621 2705 to-

1978 2750 2100 2802 tam
2133 2752 2333 2819 postea
2364 2746 2802 2816 liberarisposse
2832 2742 3197 2816 prmdicatisl

2042 2855 2059 2919 ξ
2088 2854 2205 2919 ξω.
2237 2858 2289 2919 et
2319 2853 2558 2919 plerique
2593 2852 2716 2900 Mss.
2748 2852 2801 2899 in
2830 2864 2950 2916 qua.
3002 2913 3014 2919 _
3170 2911 3181 2919 _
3206 2909 3220 2919 ‘
3261 2914 3270 2919 _
3460 2908 3493 2919 η
3578 2907 3589 2918 .

2038 2917 2061 2951 ²
2090 2916 2243 2965 Forte
2274 2909 2577 2980 legendum,
2606 2928 2779 2971 auras,
2804 2909 2862 2980 ut
2886 2913 3113 2980 suadere
3135 2909 3343 2980 vide_t_ur
3364 2909 3621 2980 orationis

1976 2979 2156 3028 series.
2196 2969 2427 3028 Hecvest
2449 2969 2608 3027 etiam
2631 2969 2898 3026 sententia
2918 2975 3096 3031 Morel,
3121 2975 3212 3037 qui
3235 2973 3490 3037 Element,
3511 2969 3618 3037 Cri-

1975 3044 2084 3099 tic.,
2118 3056 2236 3104 pag.
2262 3044 2369 3098 309,
2404 3055 2567 3105 prope
2597 3040 2790 3105 similia
2819 3034 3197 3105 commemorat
3226 3036 3391 3085 verba
3420 3034 3541 3084 libri
3570 3035 3619 3093 6,

1974 3118 2090 3168 cap.
2119 3102 2152 3156 8
2177 3120 2189 3153 :
2221 3105 2274 3154 in
2304 3102 2461 3163 terra,
2490 3102 2547 3153 in
2575 3118 2729 3168 aqua,
2762 3103 2814 3151 in
2844 3116 2982 3151 aere.
3144 3102 3209 3149 M.

1381 3302 1757 3395 LIBER
1849 3301 2451 3413 QUARTUS.

309 3530 517 3588 CAPUT
549 3531 861 3588 PRIMUM.
895 3562 963 3571 —
994 3531 1247 3588 FAUSTUS
1278 3530 1425 3588 dixit
1452 3549 1464 3587 :
1498 3532 1727 3605 Accipis
1759 3534 1868 3589 Te-

260 3623 573 3677 stamentum
596 3620 782 3676 Vetus
802 3619 830 3675 7
851 3620 907 3676 Si
935 3626 1022 3677 est
1041 3620 1183 3677 mihi
1207 3621 1267 3676 in
1290 3638 1354 3677 eo
1374 3621 1702 3689 hereditas,
1722 3623 1869 3678 acci-

258 3706 361 3777 pio;
390 3710 430 3763 si
462 3728 576 3765 non
613 3714 728 3777 est,
763 3727 877 3766 non
912 3712 1154 3783 accipio.
1188 3710 1539 3783 Improbitas
1563 3712 1719 3767 enim
1743 3712 1864 3769 haec

261 3796 453 3866 quidem
486 3799 678 3854 nimia
708 3803 815 3865 est,
850 3816 1136 3872 usurpare
1166 3800 1398 3856 tabulas
1428 3817 1555 3872 quze
1580 3804 1867 3857 testentur

257 3885 670 3944 exheredatum.
698 3892 783 3943 An
809 3889 1042 3961 ignoras
1062 3890 1503 3945 Testamentum
1525 3893 1707 3946 Vetus
1724 3890 1863 3947 Cha.-

256 3988 547 4032 nanaeorum
610 3983 830 4032 terram
891 3980 1289 4048 rspromittere
1346 3977 1499 4050 (Gen.
1557 3995 1651 4045 xv,
1694 3980 1780 4044 18,
1812 3982 1863 4035 et

255 4078 365 4132 mi,
384 4065 463 4137 8);
492 4068 591 4123 sed
619 4083 751 4121 eam
776 4071 972 4122 tamen
996 4068 1235 4135 Judaeis,
1260 4067 1318 4122 id
1339 4073 1448 4135 est,
1473 4067 1858 4133 circumcisis,

256 4155 297 4205 et
312 4154 782 4221 sacriﬁcantibus,
806 4160 861 4211 et
883 4156 1314 4211 abstinentibus
1329 4174 1362 4213 a
1377 4156 1633 4230 porcina,
1648 4174 1713 4212 ac
1728 4156 1862 4213 reli-

256 4241 359 4312 quis
370 4259 457 4299 car
470 4244 671 4302 nibus.
687 4261 835 4316 quas
848 4245 1187 4302 immundas
1199 4246 1427 4319 Moyses
1444 4246 1717 4319 appellat,
1733 4247 1864 4302 sab-

256 4327 362 4385 bata
378 4333 840 4401 observantibus,
867 4339 923 4389 et
953 4352 1287 4407 azymorum
1315 4335 1765 4408 solemnitatem,
1799 4352 1863 4392 ac

258 4419 440 4493 reliqua
462 4422 830 4494 hujusmodi,
857 4441 987 4496 quae
1006 4426 1134 4495 ejus
1154 4424 1279 4496 ipse
1301 4429 1543 4481 testator
1562 4425 1645 4480 eis
1665 4426 1862 4481 obser-

257 4511 408 4565 vanda
438 4513 743 4568 mandavit
771 4513 969 4585 (Leuit.
1002 4531 1079 4585 xv,
1110 4515 1166 4581 7,
1188 4518 1239 4569 et
1255 4514 1427 4571 Exod.
1455 4531 1555 4582 xu,
1579 4524 1631 4571 et
1648 4517 1813 4589 xx,8)
1835 4516 1864 4571 ‘I

258 4595 362 4659 Qua
391 4602 524 4670 quia
551 4602 1021 4659 Christianorum
1069 4603 1333 4676 placuere
1379 4604 1598 4659 nemini
1626 4630 1640 4672 ;
1673 4621 1865 4677 neque

258 4688 379 4743 enim
410 4691 726 4763 quisquam
752 4698 1082 4749 nostrorum
1108 4710 1175 4749 ea
1196 4693 1481 4762 custodit;
1505 4694 1747 4766 dignum
1776 4698 1865 4751 est

258 4779 306 4829 ut
327 4794 439 4834 cum
464 4782 666 4837 refusa
687 4780 1021 4838 haereditate
1041 4784 1357 4839 reddamus
1379 4788 1436 4838 et
1458 4782 1708 4840 tabulas.
1733 4784 1863 4841 Haec

256 4879 363 4936 ergo
390 4870 573 4940 prima
606 4887 785 4927 causa
814 4876 903 4928 est
931 4888 1035 4928 cur
1062 4889 1168 4945 ego
1211 4874 1649 4929 Testamentum
1680 4873 1862 4931 Vetus

260 4953 615 5023 obiiciendum
651 4965 829 5032 puto:
876 4960 991 5017 nisi
1042 4970 1093 5017 le
1140 4979 1233 5018 me
1264 4963 1610 5035 prudentius
1643 4963 1861 5035 aliquid

260 5041 446 5102 doceas.
481 5048 755 5105 Secunda
799 5065 933 5106 vero
982 5067 1160 5108 causa
1202 5055 1311 5122 est,
1352 5052 1507 5123 quod
1538 5056 1657 5108 tam
1685 5054 1863 5109 etiam

262 5132 439 5190 misera
470 5139 625 5209 ejus,
656 5144 713 5194 et
743 5140 1080 5212 corporalis,
1106 5157 1173 5196 ac
1193 5141 1365 5214 longe
1385 5142 1456 5197 ab
1479 5142 1686 5199 animae
1712 5159 1869 5199 com-

261 5225 414 5281 modis
462 5226 775 5285 hazreditas
824 5233 932 5297 est,
994 5234 1058 5285 ut
1112 5235 1244 5302 post
1272 5231 1502 5288 beatam
1531 5232 1693 5290 illam
1723 5232 1865 5289 Novi

260 5308 580 5373 Testamenti
641 5316 1145 5390 pollicitationem,
1203 5337 1329 5391 qum
1388 5320 1669 5378 ccelorum
1719 5323 1862 5379 mihi

262 5414 493 5474 regnum,
526 5411 585 5461 et
617 5407 797 5462 vitam
829 5413 1171 5480 perpetuam
1203 5409 1573 5481 repromittit,
1606 5412 1781 5467 etiam
1814 5416 1864 5467 si

266 5493 408 5558 gratis
436 5510 562 5549 eam
599 5496 745 5551 mihi
778 5501 1022 5553 testator
1050 5515 1194 5553 suus
1237 5499 1484 5571 ingeret,
1515 5500 1862 5559 fastidirem.

319 5580 529 5640 CAPUT
562 5585 635 5641 Il.
665 5616 733 5626 -—
761 5588 1137 5643 AUGUSTINUS
1180 5588 1517 5659 respondit:
1547 5589 1865 5662 Tompora-

272 5661 383 5723 lium
397 5674 629 5742 quidem
647 5692 840 5731 rerum
859 5677 1281 5746 promissiones
1293 5677 1663 5734 Testamento
1676 5661 1867 5737 Veteri

273 5760 541 5831 contineri,
573 5768 635 5820 et
686 5764 815 5823 ideo
862 5768 1045 5823 Vetus
1089 5766 1532 5826 Testamentum
1562 5768 1866 5843 appellari,

1979 3550 2149 3591 nemo
2171 3539 2435 3592 nostrum
2456 3536 2784 3609 ambigit;et
2808 3537 2962 3608 quod
2984 3540 3207 3591 aeternas
3223 3534 3353 3589 vitae
3373 3532 3624 3605 promis-

1978 3625 2179 3681 missio
2207 3642 2571 3699 regnumque
2593 3625 2867 3681 ccelorum
2891 3626 2962 3680 ad
2987 3625 3208 3680 Novum
3242 3623 3491 3695 pertinet
3512 3623 3620 3677 Te-

1973 3719 2333 3770 stamentum
2360 3734 2375 3783 ς
2401 3714 2499 3769 sed
2526 3714 2583 3769 in
2605 3714 2722 3770 illis
2743 3712 3167 3786 temporalibus
3194 3714 3411 3783 ﬁguras
3433 3710 3615 3765 fuisse

1972 3804 2324 3874 futurorum,
2356 3820 2482 3875 quae
2516 3803 2898 3876 implerentur
2929 3804 2985 3858 in
3011 3801 3201 3867 nobis,
3235 3802 3293 3856 in
3316 3817 3459 3872 quos
3483 3799 3616 3856 linis

1976 3892 2325 3949 steculorum
2355 3893 2608 3963 obvenit,
2632 3910 2745 3949 non
2767 3893 3022 3965 suspicio
3043 3909 3194 3957 mea,
3227 3892 3326 3947 sed
3347 3890 3618 3962 apostoli-

1977 3999 2081 4038 cus
2114 3982 2439 4038 intellectus
2487 3987 2595 4047 est,
2646 3982 2875 4038 dicente
2908 3981 3107 4050 Paulo,
3139 3998 3272 4036 cum
3305 3981 3374 4035 de
3404 3979 3619 4035 talibus

1974 4070 2334 4143 loqueretur,
2368 4073 2497 4129 Haec
2546 4073 2732 4128 omnia
2771 4073 2967 4143 ﬁgurae
2996 4072 3230 4125 nostrae'
3264 4072 3531 4140 fuerunt;
3565 4072 3623 4123 et

1974 4160 2188 4216 iterum
2199 4206 2213 4229 ,
2229 4165 2366 4218 Haec
2380 4163 2565 4216 omnia
2580 4164 2639 4216 in
2650 4162 2827 4232 ﬁgura
2842 4162 3227 4231 contingebant
3248 4160 3363 4215 illis
3373 4176 3394 4221 ,'
3412 4161 3622 4230 scripta

1971 4254 2099 4307 sunt
2121 4258 2301 4306 autem
2322 4260 2550 4322 propter
2564 4268 2679 4321 nos,
2700 4254 2759 4306 in
2781 4252 3047 4322 quosﬁnis
3060 4250 3391 4306 saeculorum
3401 4249 3618 4304 obvenit

1973 4342 2019 4409 (Ι
2040 4339 2158 4394 Cor.
2175 4358 2229 4405 κ,
2244 4341 2297 4411 6,
2321 4340 2428 4411 11).
2445 4344 2569 4395 Νοη
2585 4356 2719 4411 ergo
2731 4340 2913 4395 Vetus
2927 4340 3366 4395 Testamentum
3388 4339 3457 4393 ad
3472 4354 3614 4393 con—

1972 4429 2300 4499 sequendas
2321 4428 2450 4485 illas
2468 4429 2909 4501 promissiones,
2924 4429 3022 4484 sed
3042 4429 3113 4484 ad
3132 4427 3540 4499 intelligendas
3554 4426 3613 4481 in

1973 4519 2060 4575 eis
2085 4519 2224 4577 Novi
2239 4519 2596 4575 Testamenti
2612 4518 3129 4588 praenuntiationes
3142 4518 3466 4588 accipimus
3482 4533 3493 4572 :
3510 4516 3612 4571 Ve-

1972 4608 2115 4664 teris
2140 4607 2355 4679 quippe
2376 4607 2729 4673 testificatio,
2758 4606 2929 4661 ﬁdem
2954 4606 3109 4662 Novo
3131 4606 3426 4662 conciliat.
3456 4604 3615 4661 Unde

1974 4697 2137 4753 Domi
2149 4714 2258 4752 nus
2272 4702 2651 4769 posteaquam
2668 4698 3023 4753 resurrexita
3036 4695 3489 4768 mortuis,seque
3502 4711 3618 4750 non

1978 4786 2171 4842 solum
2185 4785 2533 4841 intuendum
2549 4786 2968 4858 discipulorum
2986 4785 3298 4855 oculis,sed
3312 4784 3621 4841 etiamcon-

1976 4876 2346 4931 trectandum
2363 4874 2635 4931 manibus
2649 4874 2881 4943 obtulit,
2895 4891 2966 4930 ne
2981 4875 3120 4948 quid
3139 4879 3330 4930 tamen
3344 4890 3477 4930 cum
3495 4873 3619 4930 suis

1978 4963 2327 5021 mortalibus
2348 4968 2404 5019 et
2427 4963 2758 5020 carnalibus
2783 4964 3049 5020 sensibus
3067 4963 3453 5034 fallaciteragi
3472 4962 3620 5017 arbi-

1970 5058 2286 5119 trarentur,
2314 5053 2501 5125 magis
2523 5070 2621 5109 eos
2645 5054 2714 5109 de
2739 5058 2999 5110 veterum
3020 5054 3324 5108 Librorum
3340 5051 3617 5106 testiﬁca-

1974 5143 2132 5199 tione
2166 5142 2420 5198 ﬁrmavit
2448 5142 2647 5199 dicens
2672 5159 2684 5198 :
2721 5143 3010 5216 Oportebat
3039 5143 3260 5213 impleri
3286 5142 3472 5197 omnia
3500 5156 3618 5212 quae

1974 5234 2179 5304 scripta
2206 5237 2337 5288 sunt
2364 5235 2424 5288 in
2452 5234 2589 5304 Lege
2618 5234 2808 5304 Moysi,
2834 5236 2884 5289 et
2904 5233 3209 5303 Prophetis,
3226 5234 3278 5286 et
3299 5230 3535 5285 Psalmis
3555 5230 3622 5285 de

1978 5338 2064 5378 me
2082 5323 2233 5391 (Luc.
2258 5338 2411 5390 xxxv,
2436 5322 2545 5394 44).
2570 5320 2696 5377 Non
2719 5322 2914 5393 itaque
2934 5337 3067 5392 spes
3090 5325 3289 5375 nostra
3318 5318 3377 5374 in
3404 5324 3624 5391 tempo-

1980 5410 2189 5467 ralium
2227 5428 2420 5467 rerum
2451 5411 2839 5484 promissione
2878 5410 3065 5466 deﬁxa
3095 5413 3221 5478 est;
3256 5410 3623 5481 quandoqui-

1978 5502 2110 5556 dem
2144 5517 2249 5556 nec
2281 5501 2442 5573 ipsos
2464 5500 2623 5557 illius
2648 5499 2927 5572 temporis
2949 5503 3182 5554 sanctos
3208 5504 3266 5554 et
3286 5497 3623 5570 spirituales

1977 5590 2155 5661 viros,
2188 5589 2559 5646 Patriarchas
2587 5594 2644 5645 et
2674 5588 3013 5660 Prophetas,
3045 5587 3137 5643 his
3167 5588 3414 5642 terrenis
3447 5587 3621 5642 rebus

2045 5718 2063 5753 ί
2094 5717 2184 5767 Er.
2215 5720 2270 5766 et
2298 5716 2447 5773 hom,
2494 5715 2675 5778 ﬁgure
2723 5715 2907 5778 nostri.
2942 5715 3140 5765 Omnes
3168 5715 3282 5766 fere
3332 5716 3454 5766 Mss.
3503 5726 3625 5764 cum

1980 5779 2119 5841 Am.,
2146 5781 2328 5844 ﬁgure
2354 5782 2567 5839 nostra;
2589 5782 2644 5829 et
2671 5778 2747 5828 sic
2774 5777 2915 5830 intra
2934 5779 3153 5843 passim.
