4086 6186
110 5666 295 5739 4.4-"

104 5746 159 5807 F’

398 307 521 370 219

404 714 546 777 ctas,
574 710 770 768 futura
792 714 1096 786 ﬁguranda
1116 725 1170 774 et
1200 726 1647 792 praenuntiantia
1666 710 2038 805 decerneret;

402 800 709 871 magisque
758 803 1113 861 desiderium
1146 826 1347 866 eorum
1387 814 1457 869 de
1494 815 1646 872 Novo
1675 800 2039 882 Testamento

396 892 547 943 erat:
570 890 669 944 sed
694 896 981 962 praesens‘
1007 896 1226 953 functio
1247 903 1585 975 corporalis,
1610 908 1679 962 ad
1709 910 2039 983 significan-

400 976 475 1032 da
508 994 654 1033 nova
675 986 938 1048 ventura,
971 984 1484 1054 pollicitationibus
1507 976 1798 1054 veteribus
1819 1003 2036 1071 praebe-

399 1065 593 1122 batur.
616 1068 702 1123 Ita
719 1068 953 1126 illorum
974 1072 1278 1132 hominum
1300 1096 1411 1135 non
1436 1085 1662 1139 tantum
1686 1065 1909 1160 lingua,
1933 1093 2035 1148 sed

395 1159 453 1210 et
493 1157 610 1212 vita
661 1160 1001 1231 prophetica
1049 1165 1179 1223 fuit.
1225 1168 1484 1227 Carnalis
1533 1179 1726 1231 autem
1759 1157 2032 1254 populus,

392 1246 700 1316 promissis
728 1248 859 1305 vita
892 1255 1193 1323 praesentis
1224 1257 1562 1318 inhterebat.
1598 1264 1676 1321 De
1698 1246 1813 1338 quo
1837 1246 2033 1329 tamen

384 1333 557 1391 etiam
590 1338 804 1410 populo
859 1340 1269 1419 nihilominus;
1290 1333 1776 1423 significabantur
1816 1358 2030 1420 futura.

454 1426 563 1480 Sed
593 1443 696 1482 vos
728 1427 808 1483 ita
841 1446 953 1485 non
990 1432 1353 1508 intelligitis;
1388 1441 1544 1514 quia,
1578 1443 1730 1501 sicut
1752 1449 2035 1522 propheta

385 1513 551 1581 dixit,
588 1517 716 1571 Nisi
742 1518 1107 1595 credideritis,
1139 1542 1249 1581 non
1280 1513 1598 1602 intelligetis
1630 1513 1786 1607 (Isai.
1821 1513 1920 1606 vix,
1951 1542 2027 1613 9).

386 1604 512 1657 Non
536 1604 691 1660 enim
714 1606 853 1663 estis
883 1610 1096 1666 eruditi
1130 1612 1187 1669 in
1214 1632 1390 1690 regno
1422 1604 1721 1691 caelorum,
1747 1625 1804 1682 id
1830 1604 1935 1695 est,
1969 1604 2028 1686 in

389 1691 645 1748 Ecclesia
664 1695 878 1752 Christi
900 1716 1032 1755 vera
1047 1702 1348 1762 catholica.
1366 1710 1525 1775 Quod
1540 1713 1589 1767 si
1604 1716 1832 1787 essetis,
1853 1691 2027 1774 dedi-

386 1780 540 1837 vitiis
554 1790 887 1842 sanctorum
912 1789 1363 1866 Scripturarum,
1386 1815 1498 1854 non
1521 1801 1710 1859 solum
1734 1821 1900 1874 nova,
1927 1809 2027 1864 sed

388 1872 561 1925 etiam
586 1879 779 1931 vetera
800 1880 1157 1948 proferretis.
1177 1884 1307 1955 Ipse
1324 1887 1538 1960 quippe
1558 1891 1840 1951 Dominus
1855 1872 2024 1954 dicit:

385 1964 681 2032 Propterea
701 1969 882 2022 omnis
903 1971 1089 2026 scriba
1108 1974 1359 2031 eruditus
1383 1978 1444 2037 in
1469 1995 1635 2051 regno
1659 1984 1933 2053 caelorum,
1956 1989 2029 2042 si-

380 2050 533 2105 milis
562 2056 639 2107 est
666 2054 880 2111 homini
902 2063 1331 2136 patrifamilias,
1362 2050 1667 2139 pro/“eremi
1685 2071 1750 2128 de
1770 2050 2026 2134 thesauro

378 2155 477 2195 suo
496 2157 635 2196 nova
661 2151 711 2198 et
733 2152 912 2202 vetera
933 2148 1142 2219 (Matth.
1178 2169 1305 2222 xm,
1327 2156 1446 2228 52).
1474 2159 1539 2213 Et
1564 2158 1712 2232 ideo,
1737 2162 1875 2218 dum
1900 2165 2027 2223 sola

381 2230 673 2299 promissa
707 2233 801 2289 Dei
836 2252 980 2292 nova
1013 2243 1209 2297 tenere
1238 2259 1337 2299 vos
1369 2230 1761 2316 arbitramini,
1792 2269 2026 2311 reman-

385 2317 547 2375 sistis
570 2320 627 2375 in
649 2326 934 2381 vetustate
956 2329 1167 2400 carnis,
1192 2335 1249 2387 et
1266 2334 1579 2392 novitatem
1600 2338 1912 2400 induxistis
1936 2361 2024 2401 er-

452 2445 677 2528 ¹
689 2449 849 2528 sltem,
868 2452 967 2528 sed
992 2455 1122 2528 sicut
1138 2462 1685 2528 prasens_._Particula,
1706 2468 1853 2526 sicut,
1877 2470 2031 2522 abest

384 2504 451 2555 ab
483 2508 807 2561 editionibus
834 2504 948 2563 aliis
977 2521 1028 2566 et
1056 2504 1479 2584 pici-isq’dé'iiéi

1123 317 1434 380 CONTRA
1480 323 1857 390 FAUSTUM
1920 334 2446 411 MANICHAEUM,
2493 340 2562 405 S.
2603 343 3027 416 AUGUSTINI

401 441 587 498 fuisse
608 443 834 500 deditos
864 448 1160 506 credimus
1196 469 1209 508 :
1242 452 1643 528 intelligehant
1674 464 1850 534 enim,
1886 484 2048 525 reve-
2158 474 2325 531 roris.
2353 481 2427 531 De

403 530 561 587 lante
574 532 682 587 sibi
703 534 922 625 Spiritu
938 537 1059 606 Dei,
1077 542 1217 611 quid
1237 546 1484 616 tempori
1506 548 1590 604 illi
1606 530 1967 625 congrueret,
1989 564 2047 614 et
2154 570 2264 618 tem
2285 530 2447 623 uerbo

405 621 621 692 quibus
645 624 835 680 modis
858 625 1010 682 Deus
1036 646 1137 699 per
1160 629 1290 687 illas
1313 650 1515 691 omnes
1540 655 1629 693 res
1660 621 1857 713 gestas
1879 650 1933 700 et
1956 646 2043 701 di-

3687 362 3807 424 290

2451 494 2566 550 qua
2597 482 2848 539 novitate
2870 486 3183 557 Apostolus
3203 489 3344 547 dicit
3368 508 3381 548 :
3405 494 3682 565 Pro/anas
3701 512 3799 549 au-

2448 585 2573 623 rum
2592 574 2853 629 novitates
2878 578 3019 632 evita
3044 602 3057 644 ;
3080 580 3317 636 multum
3335 597 3481 637 enim
3501 585 3799 654 proﬁciunt

2151 652 2222 707 ad
2250 655 2612 726 impietatem,
2637 670 2687 715 et
2708 677 2886 720 sermo
2906 681 3095 721 eorum
3113 670 3256 724 sicut
3277 686 3473 726 cancer
3490 652 3683 744 serpit.
3714 674 3798 728 Ea:

2151 742 2347 812 quibus
2371 754 2449 800 est
2473 752 2828 821 Hymenaeus,
2851 761 2902 809 et
2925 754 3192 825 Philetas,
3217 762 3313 829 qui
3330 760 3479 816 circa
3506 742 3797 818 veritatem

2148 830 2565 904 aberraverunt,
2588 839 2829 896 dicentes
2849 847 3303 902 resurrectionem
3306 848 3639 920 jamfactam
3659 867 3793 919 esse,

2147 922 2195 1012 et
2222 921 2383 991 ﬁdem
2406 928 2769 996 quorumdam
2794 932 3176 990 subuerterant
3205 938 3281 1008 (ll
3315 939 3451 993 Tim.
3487 956 3550 1007 ιι,
3585 940 3789 1012 16-18).

2146 1008 2227 1064 Ex
2249 1026 2365 1082 qua
2385 1030 2530 1071 vena
2552 1015 2821 1076 falsitatis
2843 1038 2946 1077 vos
2966 1040 3204 1080 manare
3221 1027 3572 1098 cognoscite,
3593 1030 3693 1100 qui
3709 1030 3794 1085 di-

2145 1098 2297 1166 citis,
2323 1119 2477 1159 nunc
2498 1121 2623 1162 esse
2635 1112 3117 1167 resurrectionem
3137 1116 3546 1171 tantummodo
3565 1117 3790 1174 anima-

2145 1203 2275 1244 rum
2300 1207 2402 1261 per
2419 1195 2889 1264 praedicationem
2918 1201 3213 1270 veritatis;
3236 1219 3544 1275 corporum
3568 1211 3787 1276 autem,

2145 1293 2321 1348 quam
2336 1283 2799 1352 praedicaverunt
2812 1290 3092 1362 Apostoli,
3106 1292 3366 1350 futuram
3383 1295 3788 1367 negatis.Quid

2144 1370 2337 1423 autem
2354 1371 2753 1446 spiritualiter,
2770 1379 3095 1435 secundum
3111 1380 3409 1438 hominem
3427 1384 3787 1458 interiorem,

2144 1455 2242 1525 qui
2275 1465 2584 1517 renovatur
2612 1464 2671 1519 in
2701 1467 2998 1538 agnitione
3029 1469 3127 1525 Dei
3161 1471 3382 1541 (Cotoss.
3419 1489 3506 1540 ιιι,
3538 1474 3649 1546 10),
3682 1455 3786 1546 ροέ

2142 1546 2307 1601 testis
2338 1549 2590 1621 cogitare
2617 1570 2630 1621 ;
2664 1570 2796 1610 cum
2826 1573 2928 1629 per
2957 1564 3301 1616 vetustatem
3354 1561 3567 1628 carnis,
3596 1567 3655 1618 et
3685 1580 3790 1635 per

2139 1635 2463 1694 carnalium
2491 1656 2685 1698 rerum
2719 1643 3028 1719 imagines,
3060 1649 3276 1719 quibus
3300 1655 3456 1706 totus
3475 1667 3635 1708 error
3655 1668 3784 1710 ves-

2138 1726 2225 1778 ter
2248 1724 2576 1797 involvitur,
2602 1748 2697 1787 res
2719 1750 3046 1805 corporeae,
3074 1754 3187 1793 non
3206 1740 3578 1810 possessione
3594 1746 3786 1798 tenea-

2136 1810 2232 1882 tis,
2267 1815 2367 1870 sed
2400 1816 2806 1888 phantasmate
2841 1824 3131 1895 sapiatis?
3161 1826 3395 1883 Terram
3446 1829 3599 1884 enim
3633 1830 3780 1886 Cha-

2137 1916 2626 1979 nanaaorum,quze
2651 1910 2962 1966 manifesta
2991 1918 3134 1978 erat,
3153 1921 3209 1968 et
3232 1915 3536 1972 manifeste
3560 1916 3642 1973 illi
3677 1936 3779 1989 po-

2137 1990 2273 2061 pulo
2305 1992 2441 2049 data
2472 2000 2583 2063 est,
2614 2004 2985 2056 contemnere
3033 2018 3155 2067 vos,
3188 2008 3245 2057 et
3274 2003 3534 2060 fastidire
3563 2006 3774 2078 gloria-

2137 2078 2280 2134 mini
2308 2098 2320 2149 ;
2357 2084 2524 2153 quasi
2555 2102 2669 2141 non
2704 2087 2784 2142 ita
2813 2093 3031 2144 terram
3062 2089 3304 2148 luminis
3336 2093 3678 2151 describatis
3705 2112 3777 2152 ex

2136 2185 2254 2224 una
2284 2176 2466 2244 parte,
2499 2191 2533 2229 a
2563 2179 2717 2231 terra
2740 2178 2931 2249 gentis
2952 2180 3350 2248 tenebrarum,
3371 2187 3651 2255 tanquam
3674 2201 3776 2240 cu-

2137 2274 2246 2314 neo
2278 2267 2569 2319 coarctato
2601 2264 2900 2338 disissam,
2937 2274 3000 2323 ut
3030 2285 3215 2340 neque
3238 2271 3295 2325 in
3319 2288 3515 2327 rerum
3537 2274 3781 2329 veritate

2135 2346 2486 2420 inveniatur,
2522 2358 2579 2408 et
2608 2352 2667 2409 in
2700 2356 3124 2427 cogitationum
3174 2365 3500 2417 vestrarum
3532 2362 3787 2419 falsitate

2137 2438 2443 2495 credatur:
2478 2446 2535 2496 et
2563 2441 2692 2498 ideo
2715 2459 2820 2500 nec
2844 2445 3019 2501 vitam
3041 2451 3293 2502 vestram
3317 2449 3455 2505 data
3474 2451 3787 2521 sustineat,

2137 2530 2195 2582 et
2222 2533 2477 2585 mentem
2507 2536 2761 2588 vestram
2795 2533 3126 2591 desiderata
3157 2541 3517 2610 corrumpat.

380 2636 3037 2681 ———__...___._._._____._________________________

1557 2751 1937 2851 LIBER
2023 2756 2596 2869 QUINTUS.

454 2988 684 3046 CAPUT
707 2991 1018 3050 PRIMUM.
1042 3025 1109 3037 —-
1130 2996 1380 3067 Fausrus
1402 3000 1820 3076 dixitzAccipis
1832 3005 2028 3062 Evan-

384 3077 599 3150 gelium
618 3083 715 3134 Ptu
733 3098 826 3137 me
847 3082 1172 3157 interrogas
1194 3093 1391 3144 utrum
1410 3090 1712 3162 accipiam,
1738 3093 1797 3149 in
1821 3111 1932 3165 quo
1947 3095 2029 3151 id-

383 3165 580 3239 ipsum
599 3170 857 3240 accipere
879 3178 1136 3243 apparet,
1170 3176 1301 3245 quia
1321 3194 1447 3249 qua:
1461 3180 1633 3249 jubet
1653 3182 1915 3239 observo.
1939 3187 2025 3240 Au

381 3281 488 3338 ego
507 3266 575 3320 de
592 3270 648 3321 te
667 3284 921 3339 quaerere
944 3270 1143 3339 debeo,
1160 3276 1357 3329 utrum
1384 3277 1658 3349 accipias,
1674 3278 1732 3334 in
1753 3296 1868 3351 quo
1887 3281 2024 3337 nul-

379 3354 437 3409 la
456 3354 792 3427 accipientis
810 3358 1186 3432 Evangelium
1211 3362 1481 3419 videntur
1508 3366 1762 3423 indicia?
1783 3369 1899 3440 Ego
1925 3387 2025 3442 pa-

378 3447 526 3498 trem
560 3444 782 3512 dimisi,
815 3452 873 3503 et
919 3453 1189 3519 matrem,
1225 3469 1479 3524 uxorem,
1527 3455 1700 3521 ﬁlios,
1734 3462 1791 3512 et
1819 3463 2027 3515 caetera

381 3547 511 3603 quas
540 3534 917 3606 Evangelium
948 3539 1114 3606 jubet
1137 3540 1346 3609 (Matth.
1379 3560 1493 3608 xm,
1521 3546 1613 3613 29)
1642 3562 1654 3611 ;
1689 3551 1745 3600 et
1775 3547 2023 3603 interro-

381 3637 486 3693 gas
509 3628 706 3679 utrum
730 3626 1011 3699 accipiam
1038 3630 1455 3704 Evangelium?
1480 3633 1601 3689 Nisi
1624 3635 1816 3691 adhuc
1836 3638 2027 3693 nescis

384 3711 525 3781 quid
549 3712 790 3784 sitquod
815 3716 1187 3788 Evangelium
1212 3727 1603 3793 nuncupatur.
1630 3724 1730 3779 Est
1758 3726 1911 3780 enim
1938 3727 2026 3781 ni-

383 3798 461 3855 hil
481 3799 639 3855 aliud
659 3820 833 3874 quam
860 3807 1212 3877 praedicatio,
1234 3814 1290 3864 et
1307 3812 1649 3867 mandatum
1667 3813 1744 3869 Ch
1756 3814 2026 3887 risti.Ego

380 3904 682 3971 argentum
711 3906 769 3957 et
789 3919 998 3958 aurum
1024 3906 1216 3976 rejeci,
1237 3910 1295 3962 et
1315 3925 1392 3964 tes
1412 3908 1469 3962 in
1502 3911 1664 3964 zonis
1692 3911 1903 3967 habere
1927 3914 2025 3969 de-

379 3988 522 4056 stiti,
550 3990 889 4061 quotidiano
912 3997 1219 4050 contentus
1240 3996 1389 4067 cibo,
1414 4014 1518 4053 nec
1550 4001 1620 4054 de
1650 4001 1903 4057 crastino
1926 4020 2026 4058 cu-

381 4094 539 4145 rans,
566 4095 669 4133 nec
695 4081 849 4135 unde
870 4086 1068 4138 venter
1088 4084 1421 4156 impleatur,
1442 4092 1543 4142 aut
1567 4105 1778 4162 corpus
1800 4092 2025 4164 operia-

381 4169 497 4233 tur,
533 4166 991 4226 sollicitudinem
1048 4189 1255 4244 gerens
1319 4175 1419 4247 (Id.
1452 4193 1508 4242 x,
1538 4179 1591 4243 9,
1629 4180 1713 4245 10,
1746 4184 1795 4234 et
1820 4198 1895 4245 v1,
1927 4182 2025 4236 25-

384 4255 480 4321 3/1)
507 4273 520 4322 ;
555 4260 612 4311 et
643 4258 855 4329 qumris
888 4276 921 4315 a
949 4277 1042 4317 me
1073 4267 1270 4317 utrum
1295 4266 1576 4337 accipiam
1602 4269 1976 4341 Evangelium
1998 4271 2027 4326 ?

385 4354 564 4409 Vides
587 4354 644 4410 in
678 4372 773 4411 me
802 4356 1013 4414 Christi
1044 4360 1436 4419 beatitudines
1458 4363 1590 4419 illas
1611 4382 1738 4436 quae
1770 4366 2026 4440 Evange-

388 4441 531 4498 lium
560 4444 778 4500 faciunt
798 4447 898 4519 (Id.
923 4465 975 4516 v,
1003 4449 1161 4522 3-11)
1193 4466 1206 4519 ;
1232 4456 1290 4507 et
1313 4452 1637 4527 interrogas
1661 4460 1856 4511 utrum
1882 4455 2024 4513 illud

386 4532 709 4605 accipiam?
731 4536 905 4592 Vides
932 4554 1264 4610 pauperem,
1294 4541 1454 4598 vides
1488 4543 1710 4613 mitem,
1736 4544 1895 4600 vides
1920 4562 2025 4618 pa-

382 4621 635 4682 cificum.
663 4626 1028 4697 puro‘fcorde,
1064 4628 1384 4702 lugentem,
1417 4632 1789 4701 esurientem,
1822 4634 2023 4690 sitien-

382 4715 499 4766 tem
534 4715 966 4783 persecutiones
996 4722 1054 4772 et
1083 4719 1216 4773 odia
1245 4721 1635 4777 sustinentem
1670 4731 1903 4795 propter
1923 4725 2019 4795 ju-

380 4800 599 4856 stitiam
619 4820 631 4869 ;
649 4806 707 4857 et
726 4803 960 4860 dubitas
975 4810 1170 4862 utrum
1194 4808 1471 4881 accipiam
1489 4811 2023 4884 Evangelium‘mon

378 4910 517 4966 ergo
532 4896 656 4964 jam
682 4893 895 4949 mirum
916 4900 1004 4951 est
1024 4896 1309 4952 Joannem
1325 4898 1645 4970 Baptistam
1664 4901 1786 4957 viso
1802 4902 2025 4969 Jesu,et

383 4985 510 5055 ejus
525 4983 662 5038 item
680 4983 894 5039 auditis
908 4984 1470 5057 operibus,quaerere
1483 4988 1675 5045 adhuc
1690 4995 1884 5046 utrum
1900 4992 2023 5064 ipse

384 5084 538 5136 esset
558 5082 821 5136 Christus
850 5097 861 5135 :
889 5082 982 5136 cui
1004 5081 1173 5153 digne
1194 5087 1249 5139 et
1272 5083 1477 5139 merito
1496 5085 1669 5141 Jesus
1691 5104 1795 5143 nec
1818 5088 2022 5162 digna-

380 5173 477 5225 tus
500 5171 735 5241 quidem
762 5176 851 5226 est
875 5172 1209 5227 renuntiare
1226 5172 1377 5243 quod
1406 5175 1527 5245 ipse
1542 5179 1716 5244 esset;
1732 5177 1830 5233 sed
1849 5194 2025 5250 opera

380 5276 587 5316 rursus
617 5262 819 5316 eadem
843 5260 951 5328 illi,
977 5278 1100 5331 qua:
1116 5262 1454 5333 jamjudum
1477 5265 1763 5337 audierat,
1789 5284 2022 5324 reman-

378 5347 557 5414 davit,
589 5350 733 5406 Caeci
760 5350 963 5417 vident,
995 5350 1153 5406 surdi
1204 5353 1470 5421 audiunt,
1500 5357 1709 5411 mortui
1731 5360 2025 5429 resurgunt

380 5444 486 5515 (Id.
511 5462 589 5511 ιι,
610 5448 757 5519 2-6),
785 5453 892 5504 etc.
919 5449 1079 5515 Quod
1102 5465 1206 5523 ego
1239 5466 1471 5522 quoque
1501 5452 1654 5508 circa
1683 5457 1737 5509 te
1766 5470 1881 5510 non
1912 5454 2023 5511 im-

384 5535 594 5592 merito
619 5536 868 5608 fecerim,
896 5538 945 5593 si
968 5539 1298 5612 perroganti
1322 5543 1518 5596 utrum
1539 5541 1816 5614 accipiam
1837 5547 2024 5599 Evan-

294 5614 604 5687 β’πιιω
626 5627 841 5695 dixero,
860 5626 1069 5683 Omnia
1090 5645 1220 5685 mea
1239 5628 1458 5698 dimisi,
1483 5633 1729 5702 patrem,
1754 5635 2022 5705 matrem,

632 5767 648 5795 ,
680 5725 854 5797 ﬁlios,
882 5741 1117 5797 aurum,
1148 5729 1478 5800 argentum,
1526 5728 1902 5802 manducare,
1936 5729 2026 5786 bi-

2134 3007 2290 3078 bere,
2323 3010 2584 3081 delicias,
2630 3012 2998 3087 voluptates;
3030 3017 3140 3075 hoc
3180 3019 3288 3077 tibi
3320 3021 3391 3077 ad
3423 3020 3784 3098 interrogata

2129 3098 2274 3155 satis
2298 3115 2647 3172 responsum
2680 3107 2842 3175 puta,
2876 3109 2932 3161 et
2963 3106 3199 3164 beatum
3227 3112 3283 3165 te
3317 3110 3607 3179 futurum,
3639 3113 3688 3169 si
3719 3113 3780 3170 in

2128 3202 2225 3242 me
2253 3204 2369 3243 non
2401 3189 2582 3246 fueris
2613 3192 3066 3250 scandalizatus.

2198 3277 2432 3334 CAPUT
2464 3279 2531 3335 ΙΙ.
2566 3311 2635 3322 —-
2666 3283 2773 3337 Sed
2807 3300 2944 3351 non,
2976 3284 3194 3357 inquis,
3228 3287 3489 3360 accipere
3518 3290 3779 3363 Evange-

2128 3364 2275 3421 lium
2299 3367 2408 3424 boc
2429 3370 2619 3426 solum
2643 3376 2752 3438 est,
2780 3372 2828 3427 si
2848 3374 2995 3443 quod
3022 3376 3315 3448 praecepit,
3354 3377 3563 3445 facias;
3589 3380 3688 3435 sed
3714 3384 3781 3436 ut

2127 3456 2309 3511 etium
2344 3459 2549 3515 credas
2572 3461 2847 3517 omnibus
2877 3478 3004 3535 quae
3038 3464 3097 3519 in
3133 3466 3333 3520 eodem
3371 3467 3587 3539 scripta
3615 3474 3779 3538 sunt,

2131 3560 2388 3617 quorum
2417 3546 2672 3619 primum
2701 3554 2787 3605 est
2809 3549 2975 3618 illud,
3003 3552 3143 3623 quia
3165 3555 3241 3609 sit
3263 3558 3436 3610 natus
3462 3558 3777 3613 Deus'.Sed

2129 3650 2234 3689 nec
2266 3634 2405 3691 item
2437 3640 2527 3692 est
2557 3636 2749 3693 solum
2782 3639 2951 3708 illud,
2987 3642 3364 3713 Evangelium
3400 3645 3678 3716 accipere,
3714 3652 3780 3702 ut

2129 3724 2334 3780 credas
2361 3725 2501 3797 quia
2521 3731 2695 3783 natus
2718 3729 2992 3785 estJesus
3010 3749 3024 3798 ;
3041 3732 3138 3786 sed
3158 3733 3411 3788 utfacias
3425 3736 3601 3790 etiam
3622 3737 3777 3807 quod

2130 3813 2423 3886 praecepit.
2447 3817 2519 3870 At
2539 3816 2587 3871 si
2612 3833 2704 3871 me
2726 3817 2939 3874 idcirco
2964 3820 3345 3892 Evangelium
3379 3840 3492 3878 non
3519 3824 3780 3896 accipere

2129 3906 2325 3974 putas,
2357 3904 2497 3975 quia
2525 3907 2955 3972 generationem
2990 3911 3384 3981 praetermitto,
3420 3930 3525 3969 nec
3558 3917 3618 3968 tu
3641 3931 3777 3988 ergo

2129 3991 2344 4064 accipis
2371 4017 2386 4061 ;
2418 3997 2475 4047 et
2505 3994 2689 4050 multo
2721 3996 2906 4067 magis
2936 4013 3048 4052 non
3073 3998 3310 4071 accipis,
3332 4000 3468 4072 quia
3489 4010 3778 4076 praecepta

2130 4080 2477 4135 contemnis.
2510 4082 2588 4137 Ac
2617 4098 2721 4155 per
2749 4082 2858 4138 hoc
2890 4084 3122 4140 interim
3149 4102 3318 4157 pares
3343 4104 3570 4157 sumus,
3596 4091 3778 4146 donec

2129 4167 2519 4225 discutiamus
2542 4174 2599 4225 et
2619 4176 2832 4243 partes:
2850 4174 3010 4228 autsi
3027 4173 3131 4229 tibi
3147 4192 3262 4230 non
3279 4178 3618 4248 praejudicat
3631 4197 3777 4252 prte-

2129 4263 2432 4331 ceptorum
2455 4258 2570 4315 ista
2594 4262 2949 4332 contemptio
2977 4264 3048 4318 ad
3073 4264 3463 4334 profitendum
3490 4267 3655 4339 quia“
3676 4286 3776 4325 ac-

2130 4346 2313 4419 cipias
2334 4347 2734 4421 Evangelium,
2756 4351 2901 4405 mibi
2919 4368 3099 4423 quare
3116 4354 3185 4408 ad
3203 4353 3313 4410 hoc
3330 4357 3669 4428 prejudicet
3681 4374 3780 4431 ge-

2130 4436 2398 4509 nealogis
2418 4437 2696 4494 damnata
2716 4438 2743 4493 ?
2759 4440 2919 4505 Quod
2942 4440 2989 4496 si
3013 4441 3388 4514 Evangelium
3417 4445 3696 4517 accipere,
3719 4446 3780 4502 in

2130 4526 2361 4582 duobus
2384 4525 2476 4582 his
2498 4531 2746 4595 constat,
2770 4533 2836 4584 ut
2857 4529 3024 4602 dicis,
3048 4531 3417 4605 genealogias
3439 4535 3694 4603 credere,
3721 4540 3780 4592 et

2128 4617 2663 4681 servare,mandata
2677 4618 2815 4689 quid
2830 4633 2965 4692 ergo
2978 4619 3357 4692 imperfectus
3370 4620 3776 4694 imperfectum

2120 4704 2357 4777 judicas
2378 4705 2407 4761 ?
2427 4705 2677 4778 Uterque
2699 4711 2965 4762 nostrum
2990 4712 3120 4779 eget
3140 4708 3439 4767 alterutro.
3468 4712 3591 4783 Sin,
3616 4714 3771 4783 quod

2128 4793 2343 4849 certius
2364 4798 2471 4865 est,
2497 4796 2758 4867 accipere
2773 4795 3146 4867 Evangelium
3162 4797 3219 4852 in
3236 4797 3358 4854 sola
3371 4801 3771 4858 observatione

2129 4887 2356 4939 constat
2366 4882 2687 4939 ctelestium
2704 4885 3358 4959 mandatorum,duplici
3377 4890 3549 4945 modo
3563 4890 3779 4962 impro-

2128 4972 2241 5027 bus
2265 4987 2349 5040 es,
2374 4972 2497 5045 qui,
2522 4976 2589 5027 ut
2616 4972 2731 5027 dici
2762 4973 2929 5040 solet,
2963 4974 3226 5031 desertor
3254 4993 3469 5050 arguas
3500 4977 3772 5036 militem.

2130 5061 2197 5117 Et
2226 5067 2416 5117 tamen
2451 5076 2578 5134 age,
2612 5078 2922 5134 ponamus,
2958 5064 3096 5135 quia
3124 5064 3207 5119 ita
3227 5066 3337 5133 vis,
3362 5066 3478 5123 duo
3502 5067 3622 5124 haec
3644 5086 3775 5141 par-

2128 5155 2215 5208 tes
2245 5167 2373 5207 esse
2406 5151 2536 5207 ﬁdei
2562 5152 2847 5224 perfectis,
2874 5169 3123 5225 quarum
3152 5171 3269 5210 una
3291 5156 3526 5228 quidem
3551 5163 3781 5215 constet

2128 5241 2188 5295 in
2209 5241 2405 5312 verbo,
2431 5240 2491 5295 id
2514 5245 2604 5297 est
2624 5241 2787 5296 fateri
2821 5241 3121 5298 Christum
3150 5249 3354 5300 natum
3383 5263 3397 5312 ;
3431 5246 3613 5304 altera
3644 5263 3779 5304 vero

2129 5330 2187 5385 in
2215 5346 2403 5401 opere,
2429 5330 2581 5402 quod
2608 5334 2697 5386 est
2717 5331 3044 5386 observatio
3065 5338 3487 5405 praeceptorum
3509 5336 3670 5393 :vide
3689 5352 3780 5391 er-

2130 5435 2202 5492 go
2216 5436 2391 5491 quam
2408 5420 2650 5475 arduam
2668 5435 2774 5491 ego
2788 5420 3242 5478 etdifﬂciliorem
3261 5422 3403 5480 mihi
3422 5430 3641 5497 partem
3660 5427 3777 5483 ele-

2131 5509 2313 5581 gerim
2344 5526 2357 5577 ;
2389 5513 2451 5564 tu
2481 5508 2612 5565 vide
2642 5525 2818 5581 quam
2843 5508 3201 5567 levissimam
3224 5516 3281 5568 et
3300 5512 3640 5570 faciliorem.
3661 5515 3778 5571 Nec

2194 5617 2222 5685 ί.
2246 5615 2363 5685 Am.
2392 5615 2475 5664 Er.
2510 5618 2563 5685 et
2591 5615 2735 5685 Mss._.
2760 5616 2882 5680 quia
2904 5618 3060 5685 natus
3079 5617 3147 5667 sit
3166 5618 3329 5669 Jesus.
3349 5647 3407 5657 —
3429 5620 3577 5682 Lov.,
3604 5622 3737 5672 Deus
3757 5636 3780 5685 ;

2130 5678 2226 5729 sed
2257 5678 2325 5726 ad
2354 5678 2673 5740 marginem,
2695 5678 2858 5728 lesus.
2954 5679 3022 5728 ll.

2191 5741 2215 5778 ³
2240 5741 2390 5803 Lov.,
2419 5739 2573 5807 quod.
2601 5739 2671 5792 M.
