4052 6178
203 331 315 390 229

207 461 434 518 Domini
455 461 947 532 justiﬁcarentur,
971 461 1141 530 cujus
1167 459 1611 516 resurrectionis
1637 457 1858 529 dies,ex

210 551 297 605 die
327 549 565 621 quidem
600 551 898 621 passionis
927 550 1161 617 tertius,
1182 553 1313 621 post
1334 549 1488 603 diem
1509 552 1706 603 tamen
1730 549 1859 603 sab-

213 639 346 704 bati,
373 639 485 695 h'oc
509 644 598 696 est
628 644 762 712 post
791 641 1130 712 septimum,
1155 644 1396 695 octavus
1425 639 1567 692 fuit:
1605 638 1858 708 profecto

209 727 830 800 spoliarenturcarnali
854 728 1173 785 velamento
1189 727 1525 784 mortalium
1549 726 1860 781 desiderio-

212 832 370 872 rum:
398 822 454 871 et
475 818 670 872 cordis
687 818 1132 874 circumcisione
1151 818 1496 890 gaudentes,
1521 833 1635 871 non
1652 832 1778 869 eam
1801 813 1859 867 in

211 923 378 962 carne
390 907 1245 978 adumbratamﬁguratamque
1261 905 1861 975 deriderenttempore

215 995 1100 1065 VeterisTestamenti,quamvis
1107 997 1231 1067 jam
1253 1003 1509 1066 tempore
1521 993 1864 1048 NoviTesta-

214 1085 393 1139 menti
428 1084 551 1140 ﬁeri
577 1085 986 1158 observarique
1009 1102 1123 1141 non
1152 1089 1441 1156 cogerent.
1491 1085 1550 1138 In
1575 1099 1688 1153 quo
1707 1081 1862 1136 enim

212 1174 476 1228 membro
500 1173 918 1247 congruentius
933 1173 1240 1246 expoliatio
1257 1189 1390 1227 carn
1400 1171 1507 1227 alis
1524 1175 1580 1226 et
1603 1168 1864 1225 mortalis

212 1262 1203 1335 concupiscentiaﬁguratur,quam
1219 1263 1374 1317 unde
1388 1259 1635 1315 carnalis
1648 1263 1704 1314 et
1720 1274 1866 1312 mor-

213 1350 348 1406 talis
389 1352 544 1406 fetus
601 1351 903 1407 exoritur?
961 1353 1092 1415 Sed,
1154 1352 1305 1407 sicut
1353 1351 1493 1406 dicit
1533 1346 1862 1420 Apostolus,

215 1439 411 1495 Omnia
432 1441 641 1496 munda
661 1441 882 1496 mundis
902 1458 921 1502 ,°
945 1441 1243 1496 immundis
1266 1444 1450 1495 autem
1471 1447 1520 1494 et
1556 1437 1868 1508 inﬁdelibus

212 1530 354 1582 nihil
387 1533 466 1584 est
494 1531 761 1584 mundum
778 1550 796 1595 ,-
818 1529 909 1584 sed
937 1531 1144 1601 polluta
1173 1535 1299 1584 sunt
1330 1545 1518 1584 eorum
1547 1537 1598 1582 et
1638 1541 1790 1580 mens
1818 1527 1869 1579 cf

211 1620 550 1674 conscientia
574 1621 703 1687 (Tit.
728 1635 769 1684 l,
796 1620 904 1686 15).
931 1619 1130 1690 Itaque
1156 1618 1274 1687 isti,
1299 1618 1397 1688 qui
1443 1617 1619 1672 nimis
1663 1613 1864 1669 mundi

214 1707 318 1762 sibi
351 1707 651 1773 videntur,
687 1707 828 1777 quia
851 1707 950 1762 illa
973 1708 1236 1763 membra
1259 1712 1540 1776 tanquam
1562 1703 1870 1758 immunda

216 1800 689 1860 aversantur,aut
711 1797 960 1851 aversari
985 1813 1046 1851 se
1061 1795 1374 1866 fingunt,in
1391 1811 1489 1849 eas
1503 1791 1868 1848 inﬁdelitatis

217 1891 266 1940 et
295 1885 518 1939 erroris
537 1884 949 1939 immunditias
967 1885 1319 1953 inciderunt,
1339 1889 1404 1938 ut
1421 1899 1554 1937 cum
1579 1882 1870 1936 detesten-

219 1979 308 2027 tur
336 1974 852 2029 circumcisionem
885 1974 1100 2039 carnis,
1133 1990 1310 2044 quam
1361 1972 1508 2027 dixit
1555 1968 1872 2041 Apostolus

218 2063 568 2134 signaculum
591 2063 837 2133 justitiae
865 2063 995 2132 ﬁdei
1024 2063 1196 2134 (Rom.
1230 2079 1304 2127 IV,
1340 2062 1449 2129 11),
1481 2059 1539 2114 in
1588 2058 1735 2131 ipsis
1784 2062 1872 2112 ta-

222 2169 348 2206 men
361 2150 708 2206 carnalibus
727 2152 1007 2206 membris
1025 2151 1222 2206 divina
1242 2150 1339 2205 Dei
1357 2151 1449 2205 sui
1467 2149 1733 2204 membra
1745 2163 1872 2202 cre-

221 2241 358 2295 dant
389 2239 668 2312 colligata
699 2245 755 2294 et
775 2240 1082 2312 inquinata
1096 2238 1375 2294 detineri:
1401 2243 1464 2293 ut
1481 2255 1614 2294 cum
1638 2251 1872 2292 carnem

223 2330 596 2385 immundam
631 2329 852 2399 dicunt,
885 2333 941 2384 et
969 2329 1153 2384 Deum
1185 2328 1306 2384 illic
1334 2345 1403 2384 ex
1433 2332 1614 2400 parte,
1649 2343 1766 2398 qua
1794 2325 1874 2380 ibi

223 2422 476 2486 tenetur,
505 2417 882 2473 immundum
917 2418 1133 2472 factum
1166 2418 1357 2473 dicere
1411 2415 1872 2488 compellantur;

226 2507 442 2578 quippe
465 2523 643 2578 quem
661 2507 930 2560 mundari
951 2511 1213 2578 oportere
1227 2506 1677 2577 asseruntzquod
1696 2504 1878 2558 donec

227 2596 344 2659 fiat,
380 2599 677 2667 quantum
705 2595 826 2650 ﬁeri
849 2594 1117 2666 potuerit,
1154 2595 1386 2650 interim
1412 2612 1568 2649 nunc
1589 2610 1720 2650 eum
1749 2608 1877 2663 per-

229 2684 343 2755 peti
378 2686 583 2739 omnia
606 2701 731 2755 quae
754 2701 957 2739 carnes
983 2685 1306 2756 patiuntur,
1332 2701 1445 2739 non
1468 2688 1696 2738 tantum
1716 2682 1774 2736 in
1794 2681 1879 2735 la-

236 2774 375 2828 bore
408 2778 466 2828 et
497 2773 694 2828 dolore
724 2773 1130 2841 afﬂictionum,
1166 2774 1266 2828 sed
1300 2773 1474 2828 etiam
1506 2773 1563 2826 in
1588 2771 1882 2842 voluptate

235 2861 734 2933 corruptelarum.
771 2862 832 2916 Ei
865 2879 1120 2934 namque
1142 2879 1202 2918 se
1224 2862 1428 2917 dicunt
1447 2877 1698 2933 parcere,
1728 2860 1879 2931 quod

231 2967 345 3005 non
380 2951 809 3020 concumbunt,
842 2967 912 3005 ne
936 2951 1104 3006 nodis
1125 2950 1349 3006 carneis
1380 2950 1597 3006 arctius
1619 2948 1884 3020 implice-

227 3044 341 3106 tur,
369 3043 433 3094 et
453 3039 753 3094 sordidius
771 3039 1131 3111 inquinetur.
1153 3041 1298 3096 Cum
1321 3055 1457 3111 ergo
1477 3038 1781 3111 Apostolus
1802 3037 1887 3092 di-

227 3133 337 3192 cat,
374 3128 578 3184 Omnia
608 3128 814 3184 munda
862 3130 1104 3196 mundis,
1145 3128 1345 3199 utique
1393 3128 1733 3184 hominibus
1787 3125 1883 3198 qui

227 3221 487 3289 possunt
518 3217 577 3272 in
615 3217 872 3273 deterius
900 3217 1217 3273 voluntatis
1244 3218 1616 3287 perversitate
1635 3215 1847 3270 mutari
1871 3239 1886 3281 ;

230 3310 456 3377 quanto
483 3303 674 3377 magis
697 3306 895 3360 omnia
917 3293 1136 3361 munda
1153 3306 1545 3378 suntDeo,qui
1566 3304 1891 3378 semperin-

229 3393 680 3450 commutabilis
710 3398 766 3448 et
786 3394 1322 3449 incontaminabilis
1346 3395 1676 3466 permanet?
1703 3397 1891 3449 Decu-

223 3484 322 3554 jus
347 3482 647 3554 sapientia
668 3483 865 3538 divina
887 3483 1107 3537 dictum
1131 3489 1218 3537 est
1238 3482 1297 3537 in
1319 3485 1400 3538 eis
1423 3484 1787 3554 Libris,quos
1803 3499 1890 3537 re-

233 3571 1066 3642 prehendendovehementius
1079 3571 1462 3643 inquinamini
1476 3573 1802 3644 ,quodnihil
1816 3574 1896 3626 in-

236 3663 546 3732 quinatum
576 3663 642 3715 in
671 3677 794 3716 eam
825 3662 1080 3728 incurrit,
1113 3669 1166 3716 et
1193 3663 1424 3734 attingit
1453 3661 1653 3733 ubique
1679 3665 1898 3732 propter

233 3767 403 3805 suam
437 3750 788 3805 munditiam
818 3749 966 3821 (Sap.
1000 3768 1102 3817 vn,
1151 3751 1242 3816 25,
1291 3751 1404 3821 24).
1452 3751 1831 3822 Quapropter,
1867 3767 1898 3805 ο

237 3838 1152 3905 immundissimavanitas,itane
1166 3837 1434 3911 displicet
1447 3839 1550 3894 tibi
1565 3839 1622 3893 in
1640 3840 1901 3894 membro

244 3927 1900 4000 bumano,undehumanageneratiopropagatur,signum

246 4017 719 4091 regenerationis
732 4016 1194 4087 humanae,illum
1210 4017 1300 4072 cui
1317 4019 1536 4072 munda
1557 4021 1694 4072 sunt
1709 4017 1907 4073 omnia

244 4107 438 4164 Deum
455 4106 714 4178 jussisse
732 4105 1039 4172 constitui;
1063 4110 1118 4162 et
1141 4106 1328 4177 placet
1345 4106 1443 4161 tibi
1463 4107 1635 4162 etiam
1661 4107 1717 4160 in
1742 4107 1908 4178 flagi-

243 4198 513 4268 tiis,quaa
528 4194 626 4250 illo
642 4196 904 4250 membro
929 4196 998 4250 ab
1015 4195 1328 4267 impudicis
1345 4195 1683 4250 hominibus
1704 4210 1908 4265 perpe-

242 4290 513 4350 trantur,
547 4285 742 4357 ipsum
777 4289 953 4338 Deum
985 4288 1266 4351 vestrum,
1301 4283 1393 4338 cui
1428 4283 1570 4338 nihil
1617 4288 1703 4338 est
1738 4301 1908 4338 mun-

246 4376 423 4441 dum,
458 4391 528 4428 ex
562 4378 726 4445 parte
757 4390 874 4429 sua:
906 4379 1126 4428 natura;
1159 4372 1570 4428 commaculari
1599 4377 1774 4444 atque
1792 4389 1910 4428 cor-

247 4463 454 4534 rumpi
474 4461 653 4527 ?Quid
672 4463 824 4516 enim
844 4463 1056 4532 patitur
1069 4461 1126 4516 in
1140 4462 1315 4516 variis
1332 4461 1779 4531 turpibuscorru
1792 4465 1912 4532 pte-

243 4553 347 4610 ]is.
377 4567 557 4622 quem
583 4549 1120 4621 conjugaliquoque
1135 4549 1446 4604 concubitu
1468 4549 1913 4619 creditisinqui-

250 4642 386 4695 nari
414 4639 442 4692 ‘I
465 4639 550 4693 Ad
570 4639 625 4692 id
651 4639 826 4693 etiam
855 4640 1004 4710 quod
1037 4637 1226 4692 dicere
1249 4637 1449 4692 soletis
1475 4639 1514 4704 ¹,
1541 4637 1762 4708 Ergone
1783 4640 1912 4694 dee-

248 4733 370 4791 rat,
399 4727 500 4781 ubi
528 4731 678 4782 Deus
701 4727 1098 4799 praefiguraret
1119 4726 1485 4799 signaculum
1501 4726 1743 4797 justitize
1763 4727 1916 4794 fidei,

251 4816 378 4871 nisi
413 4815 474 4870 in
507 4815 608 4870 illo
642 4817 904 4872 membro
928 4820 950 4871 Ρ
973 4816 1376 4887 respondetur,
1405 4817 1518 4872 Cur
1540 4815 1694 4870 enim
1727 4833 1840 4872 non
1864 4820 1920 4871 et

250 4905 390 4960 ibi?
413 4904 634 4974 Primo,
656 4904 794 4976 quia
816 4904 1013 4960 omnia
1030 4906 1253 4958 munda
1277 4904 1536 4970 mundis,
1561 4908 1780 4975 quanto
1804 4922 1923 4960 ma-

251 4996 355 5066 gis
382 4992 502 5048 Deo
522 4991 550 5046 ?
573 4992 792 5047 Deinde
820 4994 955 5065 quia
979 4992 1089 5048 hoc
1119 4991 1433 5064 Apostolus
1460 4993 1622 5059 dixit,
1649 4993 1923 5064 signacu-

250 5082 394 5138 lum
427 5082 630 5136 datum
665 5081 1173 5154 Abrabzejustitie
1206 5080 1359 5144 ﬁdei,
1393 5081 1452 5136 in
1484 5081 1586 5136 tali
1619 5080 1923 5137 circumci-

255 5172 458 5226 sione.
486 5171 604 5226 Vos
628 5177 822 5227 autem
850 5170 1027 5227 nolite
1045 5171 1405 5238 erubescere,
1429 5170 1478 5225 si
1505 5170 1768 5241 potestis,
1789 5187 1923 5225 cum

253 5259 442 5318 vobis
465 5260 714 5316 dicitur:
741 5261 963 5333 Ergone
986 5261 1184 5315 deerat
1209 5260 1318 5314 Deo
1330 5263 1519 5314 vestro
1543 5259 1684 5330 quid
1708 5263 1926 5331 ageret,

256 5366 338 5405 ne
361 5354 724 5404 suanaturaa
742 5355 964 5422 partem
981 5348 1111 5403 istis
1130 5347 1562 5419 membrisque
1586 5348 1668 5402 sic
1690 5348 1926 5420 despui-

256 5438 460 5506 tis,im
474 5437 717 5511 plicaret
731 5440 758 5493 ?
779 5438 1056 5494 Pudenda
1068 5438 1306 5509 quidem
1328 5437 1442 5492 ista
1455 5436 1929 5492 dicunturhomi-

335 5655 361 5719 ξ
394 5652 610 5719 Qodices
639 5654 760 5705 Mss.
793 5667 902 5705 non
952 5654 1129 5719 pauci,
1179 5651 1372 5703 Audete
1417 5653 1533 5717 jam
1581 5651 1748 5704 dicere
1793 5652 1934 5718 quod

260 5714 476 5766 voletis.

1602 327 1835 387 LIBER
1877 323 2208 387 SEXTUS.

3494 349 3615 407 230

1970 458 2144 512 nibus
2201 467 2435 531 propter
2493 468 2698 519 nostrae
2751 468 3121 527 mortalitatis
3171 478 3612 548 corruptibilem

1969 547 2373 618 poonalemque
2431 555 2832 625 propaginem,
2897 576 3024 629 quas
3096 561 3231 618 inde
3303 547 3609 624 subsistit:

1970 637 2184 728 quibus
2217 638 2358 728 casti
2389 641 2667 697 adhibent
2694 648 3122 717 verecundiam,
3147 651 3427 724 impudici
3446 664 3613 728 petu-

1971 723 2237 789 lantiam,
2271 727 2422 781 Deus
2446 728 2759 797 justitiam.

2043 813 2270 904 CAPUT
2302 815 2394 869 IV.
2419 847 2487 855 —
2511 818 2902 878 Cessationem
2929 842 3061 881 vero
3089 829 3468 888 sabbatorum
3486 834 3612 904 jam

1974 902 2210 972 quidem
2243 920 2662 975 supervacuam
2697 909 2965 968 ducimus
2998 916 3067 969 ad
3093 902 3617 992 observandum,ex

1974 1006 2088 1060 quo
2111 1007 2244 1061 spes
2269 992 2518 1048 revelata
2549 1000 2638 1050 est
2660 1003 2870 1055 nostra:
2894 1004 3103 1072 quietis
3127 1011 3374 1077 cateruae;
3401 1029 3514 1066 non
3535 1017 3617 1068 ta-

1975 1095 2107 1134 men
2133 1081 2200 1134 ad
2227 1081 2537 1152 legendum
2560 1085 3070 1160 etintelligendum
3094 1096 3250 1166 :quia
3264 1100 3617 1169 propheticis

1974 1169 2334 1239 temporibus
2357 1187 2490 1225 cum
2520 1180 2715 1229 essent
2747 1177 2858 1232 ista
2889 1195 3014 1250 quas
3039 1183 3203 1238 nobis
3229 1184 3333 1239 hoc
3361 1192 3620 1260 tempore

1976 1257 2268 1326 patefacta
2288 1264 2564 1325 sunt,non
2589 1267 2816 1319 tantum
2843 1269 3341 1337 sermonibus,sed
3362 1279 3415 1329 et
3439 1257 3619 1331 actio-

1977 1344 2150 1434 nibus
2166 1348 2657 1417 praefigurandaet
2678 1355 3123 1422 praenuntiantia
3143 1359 3262 1422 ;illo
3286 1362 3452 1433 signo
3467 1366 3620 1434 quod

1976 1430 2249 1503 legimus,
2285 1451 2374 1489 res
2406 1436 2515 1490 ista
2536 1446 2853 1507 praenotata
2876 1449 2960 1497 est
2986 1461 3160 1515 quam
3193 1430 3621 1509 tencrhusIVos

1979 1531 2167 1575 autem
2202 1523 2327 1577 volo
2362 1525 2502 1578 mihi
2534 1527 2760 1595 dicatis,
2795 1547 2896 1584 cur
2939 1541 3186 1590 vestram
3238 1542 3620 1596 cessationem

1980 1609 2174 1663 nolitis
2197 1610 2438 1682 implere
2462 1617 2488 1666 ?
2507 1614 2689 1670 Judaei
2711 1618 2924 1690 quippe
2948 1623 3189 1678 sabbato
3212 1630 3496 1697 suo,quod
3522 1632 3624 1685 ad-

1977 1697 2092 1751 huc
2124 1700 2432 1755 carnaliter
2464 1703 2720 1774 sapiunt,
2756 1724 2869 1761 non
2903 1710 3094 1766 solum
3125 1713 3181 1767 in
3207 1731 3344 1785 agro
3370 1717 3619 1774 fructum

1979 1787 2205 1841 nullum
2232 1789 2672 1861 decerpunt,sed
2690 1812 2794 1850 nec
2817 1797 2871 1850 in
2899 1799 3070 1854 domo
3086 1803 3398 1859 concidunt
3420 1811 3517 1860 aut
3535 1824 3627 1862 co-

1979 1881 2187 1947 quunt.
2221 1877 2334 1933 Vos
2369 1884 2560 1934 autem
2581 1888 2870 1939 cessantes
2893 1887 3127 1958 quidem
3152 1894 3468 1961 expectatis
3492 1895 3624 1965 quis

1979 1971 2064 2018 Au
2075 1965 2262 2020 ditoru
2275 1983 2329 2020 m
2354 1972 2676 2025 vestrorum
2692 1979 2927 2045 propter
2942 1993 3040 2031 vos
3055 1982 3377 2049 pascendos
3391 1983 3626 2040 cultello

1978 2053 2065 2108 vel
2097 2054 2376 2109 fascicula
2405 2062 2664 2114 armatus
2683 2059 2738 2114 in
2776 2061 3004 2118 hortum
3029 2067 3311 2138 prosiliat,
3337 2069 3629 2128 homicida

1981 2143 2441 2211 cucurbitarum,
2477 2162 2723 2217 quarum
2754 2151 2919 2206 vobis
2949 2153 3169 2222 afferat,
3198 2157 3411 2212 mirum
3437 2160 3625 2230 dictu,

1980 2232 2111 2286 viva
2137 2233 2433 2287 cadavera.
2457 2235 2602 2290 Nam
2629 2237 2675 2291 si
2701 2255 2813 2294 non
2854 2256 2953 2296 eas
2988 2244 3215 2315 occidit,
3251 2248 3387 2317 quid
3425 2266 3525 2304 vos
3565 2250 3624 2306 in

1981 2319 2084 2376 tali
2104 2321 2249 2376 facto
2274 2323 2605 2380 metuistis?
2626 2326 2683 2381 Si
2699 2332 2893 2384 autem
2913 2332 3259 2389 occiduntur
3280 2352 3412 2391 cum
3436 2338 3631 2393 decer-

1983 2415 2222 2482 puntur,
2248 2414 2540 2481 quomodo
2563 2414 2646 2469 eis
2673 2415 2826 2472 inest
2843 2418 2976 2489 vita,
3002 2421 3094 2475 cui
3119 2425 3431 2495 purganda:
3451 2433 3626 2499 atque

1985 2501 2307 2554 recreandae
2333 2503 2738 2559 manducando
2759 2511 2929 2577 atque
2953 2513 3236 2567 ructando
3250 2531 3349 2568 vos
3365 2517 3627 2573 asseritis

1986 2588 2334 2642 subvenire?
2352 2589 2628 2662 Accipitis
2655 2609 2789 2665 ergo
2813 2596 3067 2652 viventes
3083 2602 3435 2669 cucurbitas,
3457 2621 3626 2676 quas,

1986 2676 2032 2731 si
2069 2677 2335 2747 possetis,
2370 2678 2655 2749 deglutire
2675 2682 2999 2740 deberetis:
3032 2693 3096 2742 ut
3119 2695 3249 2759 post
3270 2691 3412 2746 illud
3442 2711 3625 2750 unum

1987 2764 2219 2835 vulnus,
2252 2765 2310 2819 in
2346 2783 2459 2837 quo
2492 2785 2589 2823 eas
2621 2785 2751 2825 cum
2786 2773 3074 2844 decerpsit
3120 2785 3308 2832 vester
3362 2783 3626 2851 Auditor,

1990 2871 2121 2909 reus
2145 2854 3029 2932 factusest,vestraindulgentia
3053 2864 3627 2936 liberandus;saltem

1988 2943 2261 3014 deinceps
2284 2944 2353 2998 ad
2377 2944 2663 3002 officinam
2686 2948 3315 3024 aqualiculivestri,ubi
3334 2958 3516 3014 Deum
3539 2977 3634 3015 ve-

1991 3035 2177 3086 strum
2213 3031 2310 3086 illo
2348 3033 2543 3104 proelio
2577 3037 2958 3107 confractum,
3006 3042 3316 3101 reformare
3362 3049 3634 3119 possetis,

1992 3119 2189 3174 illaesze
2209 3125 2382 3192 atque
2408 3122 2642 3194 integrae
2666 3127 3049 3195 pervenirent.
3074 3131 3239 3188 Nunc
3262 3139 3457 3191 autem
3481 3142 3643 3193 ante-

1994 3225 2170 3278 quam
2193 3210 2276 3263 eis
2299 3211 2663 3267 conterendis
2685 3213 2889 3270 dentes
2909 3217 3637 3295 incumbant,minutatim,

1997 3298 2043 3352 si
2069 3298 2175 3352 hoc
2199 3297 2389 3367 palato
2414 3299 2716 3369 placuerit,
2742 3304 3130 3362 conciduntur
3153 3327 3185 3363 a
3206 3311 3370 3368 vobis
3397 3316 3637 3384 :quibus

1996 3387 2117 3439 tam
2150 3386 2366 3440 crebris
2396 3387 2736 3444 vulneribus
2767 3407 2991 3458 earum,
3037 3400 3329 3467 quomodo
3374 3418 3474 3456 vos
3522 3421 3639 3458 non

1999 3473 2140 3528 estis
2164 3475 2284 3528 rei?
2307 3475 2504 3530 Videte
2536 3481 2919 3548 quomadmod
2934 3499 3028 3536 um
3065 3486 3226 3540 vobis
3252 3490 3545 3559 oxPediret
3576 3497 3642 3547 ut

2001 3562 2152 3632 quod
2177 3579 2291 3617 uno
2316 3564 2373 3617 in
2393 3569 2614 3634 septem
2628 3566 2834 3622 diebus
2858 3568 3076 3625 faciunt
3095 3573 3299 3641 Judaei,
3328 3594 3429 3632 vos
3448 3579 3641 3648 quoti-

2003 3651 2095 3706 die
2118 3651 2459 3718 faceretis,et
2485 3672 2516 3706 a
2532 3654 2630 3708 tali
2658 3655 2830 3710 etiam
2854 3658 3170 3716 domestico
3192 3679 3361 3734 opere
3384 3682 3640 3723 cessare-

2005 3739 2096 3794 tis.
2130 3741 2260 3795 Jam
2289 3742 2423 3811 quid
2458 3741 2590 3814 igne
2611 3745 2922 3801 cucurbitae.
2972 3750 3293 3819 patiuntur,
3349 3755 3444 3808 ubi
3488 3760 3642 3811 certe

2006 3846 2119 3885 non
2152 3831 2504 3885 reformatur
2533 3831 2667 3898 vita,
2703 3850 2826 3904 quae
2858 3835 2915 3889 in
2948 3837 3031 3891 eis
3052 3839 3184 3893 est?
3207 3840 3330 3896 Non
3353 3843 3508 3898 enim
3534 3845 3644 3899 fer-

2006 3937 2145 3975 vens
2177 3918 2293 3974 olla
2322 3925 2523 3975 sancto
2554 3923 2736 3976 ventri
2771 3927 3095 3995 comparari
3118 3933 3342 3999 potest:
3374 3936 3429 3987 et
3449 3938 3645 3990 tamen

2007 4009 2285 4077 irridetis,
2309 4013 2587 4080 tanquam
2605 4013 2957 4082 superﬂuam
2983 4016 3206 4071 sabbati
3240 4021 3647 4079 cessationem.

2011 4098 2234 4160 Quanto
2266 4096 2469 4167 utique
2498 4099 2719 4167 sanius,
2755 4118 2868 4156 non
2915 4103 3105 4158 solum
3146 4122 3272 4161 eam
3307 4126 3421 4164 non
3448 4128 3648 4182 repre-

2012 4187 2344 4241 henderetis
2375 4187 2433 4240 in
2467 4186 2752 4253 Patribus,
2787 4193 3021 4260 quando
3051 4195 3347 4264 superﬂua
3368 4215 3480 4253 non
3508 4200 3650 4270 fuit;

2009 4276 2116 4331 sed
2150 4278 2325 4330 etiam
2359 4292 2536 4342 nunc,
2569 4278 2800 4346 quando
2824 4279 2947 4348 jam
2981 4287 3276 4353 superﬂua
3304 4291 3411 4352 est,
3461 4289 3650 4358 ipsam

2016 4364 2210 4436 potius
2241 4366 2536 4435 teneretis,
2564 4381 2737 4436 quam
2761 4367 2932 4421 istam
2951 4375 3201 4426 vestram
3222 4390 3334 4428 non
3358 4376 3655 4448 significa-

2014 4454 2170 4508 tione
2203 4453 2639 4523 acceptabilem,
2675 4455 2772 4510 sed
2806 4473 2998 4512 errore
3015 4460 3410 4518 damnabilem
3435 4482 3449 4534 ;
3476 4483 3653 4537 quam

2017 4541 2193 4598 etiam
2228 4558 2342 4595 non
2374 4541 2672 4612 implendo
2704 4543 2784 4598 rei
2819 4546 2961 4600 estis
2985 4550 3308 4607 secundum
3328 4555 3665 4624 opinionem

2017 4637 2218 4686 vestrae
2241 4631 2536 4696 vanitatis,
2562 4635 2617 4685 et
2637 4631 2935 4704 implendo
2957 4638 3119 4692 vani‘
3149 4642 3471 4698 secundum
3496 4645 3666 4714 judi-

2019 4720 2174 4774 cium
2198 4717 2683 4775 veritatis‘?dicitis
2706 4722 2860 4777 enim
2877 4723 3132 4782 dolorem
3151 4730 3364 4784 sentire
3385 4731 3662 4800 fructum,

2021 4824 2156 4862 cum
2188 4808 2260 4862 de
2288 4808 2492 4863 arbore
2538 4808 2817 4880 carpitur,
2873 4814 3090 4869 sentire
3133 4833 3266 4871 cum
3317 4821 3662 4888 conciditur,

2024 4914 2157 4952 cum
2190 4896 2414 4965 teritur,
2469 4913 2601 4951 cum
2647 4900 2939 4970 coquitur,
2985 4919 3120 4959 cum
3171 4908 3490 4962 manditur.
3540 4909 3665 4965 Non

2025 5003 2160 5058 ergo
2191 4985 2479 5040 debuistis
2508 4987 2685 5054 vesci,
2726 4987 2836 5042 nisi
2866 4990 2950 5045 eis
2982 5008 3109 5064 quas
3158 4996 3339 5050 cruda
3386 5002 3443 5051 et
3483 4996 3666 5054 illaesa

2027 5079 2274 5146 possunt
2304 5077 2674 5147 transvorari,
2709 5081 2772 5131 ut
2801 5095 2981 5134 unum
3017 5081 3220 5137 saltem
3255 5083 3507 5140 dolorem
3533 5103 3667 5142 cum

2027 5166 2439 5236 decerpantur,
2473 5181 2586 5220 non
2615 5182 2647 5221 a
2675 5167 2860 5234 vobis,
2885 5169 2985 5224 sed
3013 5171 3267 5226 avestris
3288 5173 3670 5232 Auditoribus

2031 5257 2385 5324 paterentur.

2100 5342 2207 5397 Sed
2241 5342 2462 5399 dicitis:
2487 5343 2785 5407 Quomodo
2813 5347 3189 5402 subvenimus
3212 5352 3382 5404 tantze
3428 5351 3574 5424 vitae,
3622 5353 3672 5410 si

2044 5715 2055 5725 .
2099 5647 2263 5759 1pm].
2297 5647 2381 5696 Er.
2412 5650 2465 5695 et
2494 5645 2732 5709 plerique
2766 5646 2903 5708 Mss,
2947 5652 2995 5699 et
3041 5653 3201 5716 vani;
3247 5655 3444 5707 omisso
3489 5657 3674 5716 verbo,

2044 5729 2140 5759 imv
2166 5727 2238 5759 em
2264 5726 2309 5759 O-

2036 5726 2309 5777 ιγηρίεηαο.
