4086 6186
219 317 338 376 237

216 464 270 516 ι,
307 450 376 515 t),
413 450 535 501 tam
566 444 646 502 rei
678 449 874 502 essent
904 444 1063 500 illius
1097 443 1376 516 temporis
1407 448 1463 500 et
1484 443 1641 499 illius
1667 441 1868 515 populi

214 536 508 604 homines,
527 535 576 591 si
596 535 901 591 observare
923 539 1384 604 contemnerent,
1409 533 1644 604 quando
1663 531 1746 588 sic
1772 530 1874 585 illa

217 627 370 692 ﬁeri,
394 626 505 680 ista
527 642 656 696 quae
678 642 833 680 nunc
858 623 1107 680 revelata
1130 628 1288 688 sunt,
1316 627 1455 678 tunc
1486 622 1568 678 sic
1599 637 1870 693 praanun-

217 715 352 770 tiari
386 715 725 786 oportebat;
768 730 942 785 quam
979 729 1085 768 nos
1118 712 1470 784 desipientes
1502 727 1788 779 essemus,
1821 707 1872 764 si

216 820 376 858 nunc
398 804 525 874 jam
561 803 871 858 manifesto
921 802 1075 857 Novo
1126 803 1522 870 Testamento,
1563 798 1694 853 illas
1725 814 1869 869 prae-

219 892 583 947 nuntiativas
596 889 1278 962 observationes,aliquid
1296 891 1463 944 nobis
1479 889 1752 960 prodesse
1769 903 1870 958 pu-

216 988 503 1037 taremus.
539 980 702 1036 Sicut
732 979 1006 1052 sacnilegi
1037 983 1093 1033 et
1121 979 1309 1051 impii,
1345 977 1392 1034 si
1415 979 1648 1033 eosdem
1677 977 1872 1032 Libros

217 1072 320 1144 qui
349 1073 586 1142 propter
616 1086 724 1126 nos
753 1069 957 1141 scripti
1007 1073 1163 1136 sunt,
1198 1072 1264 1123 ut
1294 1084 1362 1124 ea
1391 1085 1517 1140 quae
1543 1069 1666 1139 jam
1701 1067 1870 1123 nobis

215 1160 473 1216 revelata
497 1164 556 1215 et
574 1159 633 1214 in
662 1158 1133 1214 manifestatione
1157 1157 1506 1213 annuntiata
1526 1160 1682 1224 sunt,
1706 1158 1870 1210 tanto

214 1254 353 1304 ante
380 1249 498 1303 illis
522 1249 727 1321 ﬁguris
748 1247 1137 1320 praenuntiata
1159 1252 1598 1319 cognoscentes,
1625 1243 1873 1300 ﬁdeliter

209 1346 271 1395 et
297 1339 549 1394 ﬁrmiter
571 1343 925 1406 teneremus,
951 1337 1080 1392 ideo
1105 1341 1445 1409 putaremus
1486 1335 1868 1406 abjiciendos,

209 1430 354 1500 quia
376 1445 446 1484 ea
466 1444 596 1500 quae
622 1427 698 1482 ibi
723 1427 942 1497 scripta
963 1429 1120 1496 sunt,
1148 1442 1260 1481 non
1278 1426 1400 1494 jam
1417 1425 1723 1480 observare
1741 1440 1865 1479 cor-

209 1517 516 1590 poraliter,
548 1517 650 1572 sed
685 1514 1011 1588 intelligere
1036 1519 1092 1570 et
1134 1515 1318 1570 facere
1349 1513 1729 1586 spiritualiter
1761 1529 1868 1567 nos

209 1607 505 1663 Dominus
525 1606 708 1677 jubet.
736 1605 948 1676 Scripta
966 1612 1094 1659 sunt
1111 1603 1267 1659 enim
1286 1606 1502 1675 propter
1521 1619 1635 1666 nos,
1661 1605 1718 1657 in
1738 1618 1868 1674 quos

208 1699 342 1768 ﬁni:
361 1696 695 1752 meatorum
717 1696 949 1761 obvenit,
977 1693 1129 1749 sicut
1150 1693 1290 1749 item
1310 1693 1453 1748 dicit
1469 1693 1622 1748 idem
1641 1697 1869 1764 aposto-

211 1790 308 1841 lus
340 1786 384 1855 (Ι
423 1785 544 1840 Cor.
579 1801 632 1852 x,
668 1784 778 1854 11).
831 1783 1042 1838 Omnia
1098 1782 1252 1837 enim
1313 1798 1442 1853 quae
1484 1786 1619 1836 ante
1647 1782 1869 1853 scripta

213 1881 376 1942 sunt,
413 1880 478 1928 ut
507 1891 615 1929 nos
647 1874 994 1929 doceremur
1023 1871 1245 1942 scripta
1292 1875 1432 1926 sunt
1462 1872 1634 1943 (Rom.
1663 1888 1752 1939 xv,
1786 1871 1864 1938 4).

214 1966 726 2035 Quapropter,non
742 1961 1097 2016 manducare
1108 1977 1376 2034 azymum
1391 1977 1492 2032 per
1509 1965 1761 2016 statutos
1776 1976 1865 2015 se-

213 2061 370 2126 ptem
407 2054 536 2108 dies
566 2050 757 2124 (Exod.
811 2068 915 2117 xu,
957 2051 1067 2120 15),
1119 2053 1381 2122 tempore
1418 2049 1645 2105 Veteris
1678 2050 1868 2105 Testa-

211 2145 393 2199 menti
412 2146 716 2214 peccatum
737 2141 985 2207 fuit;tem
995 2153 1130 2211 pore
1144 2143 1337 2194 autem
1353 2137 1492 2194 Novi
1506 2137 1864 2193 Testamenti

211 2252 323 2290 non
348 2237 442 2288 est
465 2236 768 2304 peccatum
792 2247 804 2285 :
827 2231 924 2285 sed
946 2229 1004 2283 in
1025 2245 1125 2298 spe
1150 2229 1327 2283 futuri
1351 2228 1543 2284 saeculi
1568 2244 1739 2298 quam
1761 2227 1866 2282 ha-

210 2325 421 2379 bemus
444 2322 504 2376 in
534 2321 780 2387 Christo,
819 2319 918 2391 qui
951 2323 1006 2374 et
1035 2318 1290 2374 animam
1320 2322 1580 2374 nostram
1611 2317 1865 2372 induens

200 2412 461 2484 justitia,
495 2415 555 2466 et
581 2426 790 2481 corpus
823 2413 1088 2464 nostrum
1119 2407 1366 2462 induens
1401 2405 1861 2476 immortalitate,

207 2508 368 2558 tutos
404 2517 513 2556 nos
545 2500 803 2564 innovat,
836 2498 1067 2553 credere
1097 2496 1316 2568 aliquid
1341 2514 1409 2552 ex
1429 2496 1641 2552 veteris
1663 2512 1860 2550 corru-

208 2589 431 2663 ptionis
454 2586 802 2644 necessitate
819 2590 992 2657 atque
1013 2584 1332 2656 indigentia
1349 2601 1454 2639 nos
1477 2601 1754 2655 passuros
1775 2584 1862 2640 vel

211 2685 473 2747 acturos,
507 2692 740 2747 semper
770 2678 1072 2746 peccatum
1103 2678 1213 2740 est,
1248 2673 1530 2744 quamdiu
1555 2671 1864 2728 volvuntur

209 2767 308 2823 isti
343 2770 573 2838 septem
606 2763 730 2819 dies
760 2762 974 2835 quibus
1007 2761 1302 2835 peragitur
1330 2765 1603 2833 tempus:
1630 2763 1730 2817 sed
1755 2762 1863 2818 hoc

205 2856 441 2912 Veteris
453 2853 811 2910 Testamenti
828 2852 1191 2924 temporibus
1205 2851 1264 2906 in
1279 2851 1464 2922 ﬁgura
1479 2851 1833 2906 occultatum
1844 2893 1858 2919 ,

208 2965 236 3001 a
258 2945 627 3019 quibusdam
649 2941 869 2998 sanctis
891 2941 1356 3012 intelligebatur;
1382 2946 1643 3012 tempore
1665 2945 1860 2996 autem

204 3032 718 3091 NoviTestamenti
734 3031 791 3085 in
806 3029 1270 3085 manifestatione
1284 3028 1595 3084 revelatum
1607 3028 1861 3100 ,populis

202 3120 753 3197 praedicatumUnde
770 3119 890 3175 Seri
902 3123 1070 3191 ptura
1082 3118 1181 3174 illa
1193 3123 1332 3174 tunc
1346 3122 1467 3173 erat
1482 3122 1856 3190 praeceptum,

199 3229 356 3269 nunc
380 3210 818 3267 testimonium.
850 3207 1268 3280 Scen0pegiam
1303 3223 1416 3263 non
1440 3206 1731 3263 celebrare
1753 3207 1858 3262 ali-

198 3303 444 3374 quando
464 3304 768 3373 peccatum
802 3298 911 3352 fuit
932 3298 1077 3368 (Lev.
1097 3315 1254 3363 χχιιι,
1278 3297 1369 3367 34)
1397 3314 1410 3364 ;
1445 3313 1600 3351 nunc
1633 3314 1746 3352 non
1770 3301 1859 3353 est

195 3396 509 3465 peccatum
539 3407 553 3444 ε
575 3387 954 3444 tabernaculo
978 3392 1174 3442 autem
1203 3386 1296 3442 Dei
1322 3387 1475 3458 quod
1495 3391 1584 3441 est
1605 3385 1858 3442 Ecclesia

198 3499 306 3538 non
340 3477 778 3551 compaginari,
826 3492 1056 3548 semper
1086 3481 1390 3547 peccatum
1422 3481 1550 3542 est;
1583 3477 1684 3531 sed
1716 3481 1856 3531 tunc

193 3571 493 3645 agebatur
513 3569 622 3623 sub
639 3571 924 3639 praecepto
940 3566 1206 3636 ﬁgurato,
1223 3581 1378 3619 nunc
1398 3563 1677 3636 legiturin
1693 3565 1855 3619 testi-

195 3659 397 3716 monio
421 3661 694 3712 revelato.
722 3655 865 3710 Nam
893 3659 950 3709 et
974 3653 1116 3708 illud
1143 3654 1298 3726 quod
1327 3658 1464 3708 tunc
1496 3652 1710 3710 factum
1743 3657 1855 3718 est,

196 3765 309 3803 non
342 3746 652 3802 diceretur
681 3742 1122 3798 tabernaculum
1156 3741 1500 3813 testimonii,
1535 3742 1647 3797 nisi
1678 3741 1852 3796 alicui

195 3834 435 3892 veritati
468 3850 598 3905 qua:
625 3849 733 3888 suo
762 3838 1022 3904 tempore
1051 3830 1398 3886 declaranda
1427 3836 1570 3902 erat,
1600 3832 1854 3904 quadam

201 3920 1057 3998 congruentiasigniﬁcationis
1072 3924 1463 3975 attestaretur.
1488 3921 1544 3974 Li
1555 3923 1676 3976 neis
1690 3922 1859 3977 vesti-

202 4016 312 4070 bus
335 4014 594 4071 miscere
617 4027 960 4083 purpuram,
986 4015 1040 4066 et
1059 4009 1359 4064 linostima
1379 4013 1535 4065 veste
1565 4010 1726 4064 indui
1751 4010 1858 4064 ali-

202 4105 448 4178 quando
474 4105 780 4174 peccatum
806 4099 914 4155 fuit
937 4100 1112 4172 (Deut.
1137 4116 1272 4170 xm,
1303 4099 1390 4170 11)
1416 4124 1429 4166 ;
1455 4116 1608 4154 nunc
1633 4116 1746 4154 non
1771 4103 1859 4154 est

199 4199 556 4261 peccatum:
610 4189 943 4244 inordinate
986 4189 1198 4257 vivere,
1251 4191 1309 4242 et
1366 4186 1579 4242 diversi
1628 4189 1859 4260 generis

193 4280 607 4354 professiones
629 4277 771 4332 velle
797 4278 1060 4347 miscere,
1088 4281 1152 4331 ut
1169 4275 1256 4332 vel
1276 4276 1740 4332 sanctimonialis
1764 4278 1860 4332 ha-

194 4369 330 4426 beat
350 4371 705 4424 ornameuta
724 4369 1064 4438 nuptarum,
1084 4364 1168 4420 vel
1193 4382 1260 4420 ea
1281 4381 1410 4436 quae
1442 4382 1502 4421 se
1524 4383 1638 4421 non
1670 4367 1858 4422 conti-

193 4475 344 4515 nens
370 4457 603 4529 nupsit,
623 4455 876 4527 speciem
895 4455 1134 4526 virginis
1154 4460 1337 4527 gerat,
1358 4454 1516 4509 omni
1537 4458 1708 4511 modo
1728 4473 1857 4528 pec-

190 4553 402 4603 catum
426 4551 518 4601 est
545 4549 639 4614 ;et
658 4544 705 4600 si
732 4543 873 4616 quid
904 4543 1376 4598 inconvenienter
1408 4559 1476 4597 ex
1508 4543 1734 4599 diverso
1755 4561 1859 4616 ge-

1600 311 1836 373 LIBER
1877 308 2300 374 SEPTIMUS.

3514 316 3635 377 238

1983 457 2118 496 nere
2142 443 2198 497 in
2233 442 2346 498 vita
2377 445 2663 517 cujusque
2694 435 3042 502 contexitur;
3070 446 3279 502 Verum
3311 445 3455 502 illud
3489 451 3631 504 tunc

1983 531 2098 604 ﬁgu
2110 533 2413 588 rabaturin
2433 535 2717 602 vestibus,
2745 536 2900 607 quod
2921 552 3075 590 nunc
3090 535 3486 592 deciaraturin
3507 555 3630 593 mo-

1983 621 2163 677 ribus.
2190 622 2337 677 Illud
2358 623 2512 678 enim
2531 629 2652 679 erat
2665 629 2898 696 tempus
2911 625 3301 696 signiﬁcandi,
3318 626 3425 682 hoc
3443 628 3630 682 mani-

1983 711 2255 767 festandi.
2289 712 2437 784 Ergo
2464 712 2592 784 ipsa
2623 713 2944 785 Scriptura,
2995 731 3121 785 quae
3153 720 3292 770 tunc
3325 715 3432 770 fuit
3459 733 3626 771 exac-

1981 800 2092 855 trix
2125 817 2366 873 operum
2395 802 2876 874 signiﬁcantium,
2925 821 3082 860 nunc
3113 805 3279 860 testis
3309 811 3398 860 est
3429 822 3623 861 rerum

1983 889 2441 962 signiﬁcatarum
2453 896 2527 959 ;et
2541 909 2666 964 quae
2681 897 2818 947 tunc
2833 893 3252 950 observabatur
3265 895 3335 949 ad
3352 911 3623 966 przsnun-

1980 979 2303 1047 tiationem,
2326 997 2480 1036 nunc
2500 980 2858 1036 recitaturad
2871 983 3393 1040 conﬁrmationem.
3413 985 3622 1041 Bovem

1981 1071 2039 1122 et
2061 1067 2292 1123 asinum
2327 1069 2397 1124 ad
2430 1070 2789 1141 operandum
2818 1071 3064 1143 iungere
3094 1074 3236 1127 tunc
3266 1089 3380 1128 non
3412 1072 3624 1130 licebat

1979 1158 2159 1229 (Deut.
2193 1175 2332 1224 χχιι,
2367 1159 2491 1230 1Ο);
2525 1175 2682 1214 nunc
2725 1159 2877 1215 licet.
2933 1159 3294 1215 Declaratum
3343 1165 3430 1217 est
3462 1161 3620 1218 enim

1981 1263 2083 1319 per
2112 1247 2482 1320 Apostolum,
2513 1265 2647 1303 cum
2679 1249 2748 1304 de
2774 1249 2915 1304 bove
2957 1249 3268 1306 triturante
3298 1267 3410 1305 non
3444 1250 3620 1306 infre-

1982 1338 2174 1391 nando
2205 1336 2566 1408 Scripturam
2590 1337 2884 1406 recoleret,
2910 1338 3197 1394 dicentem
3227 1356 3241 1395 :
3266 1339 3540 1411 Numquid
3559 1338 3624 1396 de

1981 1425 2144 1481 bobus
2165 1441 2302 1482 cura
2318 1433 2398 1480 est
2413 1427 2518 1481 Deo
2537 1429 2562 1478 .9
2583 1428 2768 1492 Quare
2791 1442 2925 1498 ergo
2951 1443 3105 1482 nunc
3129 1426 3361 1500 legitur,
3389 1427 3622 1499 quando

1977 1514 2033 1570 id
2062 1517 2212 1587 quod
2234 1515 2666 1587 prohibuitjam
2688 1515 2861 1572 licet?
2878 1515 3022 1580 Quia
3039 1517 3191 1571 idem
3212 1517 3336 1589 ipse
3353 1517 3430 1572 ibi
3450 1532 3624 1572 secu-

1978 1608 2072 1660 tus
2103 1604 2414 1677 Apostolus
2446 1604 2526 1660 ait
2551 1622 2562 1658 :
2596 1607 2825 1676 Propter
2843 1622 2940 1661 nos
2963 1605 3247 1677 Scriptura
3267 1607 3404 1662 dicit
3425 1607 3469 1678 (Ι
3495 1606 3617 1663 Cor.

1977 1710 2054 1763 Ix,
2078 1694 2131 1761 9,
2168 1697 2274 1766 10).
2301 1695 2368 1749 Et
2397 1695 2598 1766 utique
2618 1694 2866 1766 impium
2889 1699 2978 1751 est
2999 1700 3063 1750 ut
3085 1712 3198 1751 non
3222 1694 3487 1767 legamus
3509 1712 3617 1751 nos

1976 1785 2129 1856 quod
2156 1785 2439 1856 scriptum
2463 1789 2551 1840 est
2575 1789 2809 1856 propter
2831 1802 2936 1840 nos
2963 1803 2975 1840 :
3002 1785 3188 1857 magis
3210 1787 3365 1840 enim
3386 1793 3619 1857 propter

1975 1891 2098 1941 nos,
2127 1873 2342 1945 quibus
2365 1874 2797 1940 manifestatur,
2820 1890 2996 1945 quam
3017 1874 3475 1947 propterillosin
3495 1874 3619 1946 qui-

1973 1964 2086 2019 bus
2109 1963 2488 2035 ﬁgurahatur.
2509 1963 2718 2018 Bovem
2735 1963 2950 2035 quippe
2967 1968 3020 2018 et
3038 1964 3295 2031 asinum,
3313 1964 3362 2019 si
3382 1980 3617 2020 necesse

1975 2053 2070 2118 sit,
2105 2053 2514 2124 unusquisque
2537 2052 2662 2108 sine
2684 2053 3032 2108 detrimento
3054 2054 3244 2125 operis
3260 2054 3491 2126 jungit:
3518 2071 3616 2109 sa-

1975 2143 2229 2216 pientem
2251 2159 2383 2198 vero
2407 2147 2459 2198 et
2491 2142 2760 2207 stultum,
2794 2159 2910 2197 non
2946 2146 3009 2197 ut
3041 2160 3192 2197 unus
3220 2143 3536 2214 praecipiat,
3561 2149 3619 2199 et

1977 2233 2124 2288 alter
2143 2233 2520 2303 obtemperet,
2546 2232 2645 2287 sed
2669 2232 2886 2303 pariter
2909 2248 2978 2287 ex
2998 2231 3206 2303 aequali
3231 2236 3534 2303 potestate,
3554 2237 3620 2288 ut

1975 2338 2045 2375 an
2057 2320 2575 2376 nuntientverbum
2597 2319 2716 2391 Dei,
2737 2337 2848 2376 non
2871 2320 2997 2376 sine
3015 2319 3289 2376 seandalo
3308 2320 3616 2391 quisquam

1975 2410 2214 2466 comites
2249 2410 2402 2466 facit.
2431 2411 2629 2481 Itaque
2652 2410 2917 2465 eamdem
2942 2409 3300 2481 Scripturam
3326 2414 3615 2482 tenemus,

1974 2505 2032 2556 et
2062 2505 2201 2556 tunc
2234 2503 2517 2572 potestate
2561 2499 2991 2571 praecipientem
3025 2498 3248 2553 umbris
3269 2499 3614 2571 tegendum,

1975 2591 2128 2661 quod
2163 2607 2319 2645 nunc
2367 2589 2726 2661 aperiretur;
2778 2592 2835 2643 et
2877 2604 3032 2643 nunc
3061 2587 3407 2643 auctoritate
3438 2591 3615 2644 attes-

1971 2684 2191 2734 tantem
2225 2678 2352 2734 luce
2383 2683 2670 2750 apertum,
2703 2677 2856 2749 quod
2889 2681 3026 2732 tunc
3061 2676 3384 2748 tegebatur.

2042 2769 2122 2824 De
2155 2767 2314 2823 calvo
2347 2773 2542 2822 autem
2575 2770 2631 2822 et
2662 2767 2901 2821 reburro
2929 2766 3120 2836 (Levii.
3155 2782 3278 2832 xm,
3312 2765 3424 2835 40),
3456 2766 3612 2836 quod

1972 2875 2070 2914 eos
2085 2857 2538 2912 immundosLex
2551 2855 3248 2927 dixerit,parumFaustus
3264 2854 3610 2922 attenderat,

1971 2953 2072 3002 aut
2088 2947 2146 3001 in
2166 2947 2514 3002 mendosum
2527 2944 2786 3000 codicem
2803 2943 3103 2998 inciderat.
3118 2943 3228 2998 Sed
3246 2943 3472 2997 utinam
3486 2941 3612 3014 ipse

1971 3036 2192 3093 calvam
2217 3037 2464 3092 frontem
2488 3035 2702 3090 habere
2721 3033 3060 3102 voluisseti,
3093 3036 3268 3103 atque
3297 3032 3353 3086 in
3384 3048 3450 3088 ea
3481 3048 3611 3086 cru-

1970 3143 2094 3183 cem
2116 3126 2327 3182 Christi
2345 3126 2519 3196 ﬁgere
2535 3141 2650 3179 non
2664 3121 3025 3180 erubuisset:
3044 3121 3298 3194 profecto
3315 3120 3612 3176 Christum

1968 3216 2340 3283 clamantem,
2374 3219 2484 3285 Ego
2511 3230 2632 3268 sum
2662 3214 2866 3268 veritas
2897 3212 3075 3284 (Joan.
3107 3227 3225 3278 xxv,
3246 3211 3324 3279 6),
3349 3225 3452 3264 nec
3476 3226 3612 3265 cum

1971 3305 2132 3361 falsis
2163 3305 2504 3360 vulneribus
2554 3302 2922 3368 occubuisse,
2967 3317 3068 3356 nec
3103 3316 3234 3355 cum
3269 3298 3432 3354 falsis
3462 3298 3612 3354 cica-

1966 3394 2210 3450 tricibus
2244 3391 2629 3448 resurrexisse
2660 3390 3021 3447 credidisset.
3055 3389 3204 3455 Quin
3229 3387 3407 3443 etiam
3433 3388 3609 3442 dicit:

1966 3485 2072 3555 Ego
2100 3484 2298 3555 fallere
2317 3499 2428 3538 non
2456 3481 2667 3543 didici;
2715 3479 2855 3552 quod
2899 3480 3068 3534 sentio
3113 3478 3322 3549 loquor.
3358 3477 3481 3532 Non
3515 3478 3605 3530 est

1964 3591 2100 3646 ergo
2132 3572 2456 3644 discipulus
2486 3569 2697 3625 Christi
2742 3569 2854 3634 sui,
2895 3583 3068 3638 quem
3105 3565 3280 3622 falsas
3311 3564 3608 3621 cicatrices

1966 3661 2372 3719 dubitantibus
2405 3658 2713 3730 discipulis
2745 3658 3177 3713 demonstrasse
3207 3654 3452 3710 insanus
3484 3652 3606 3724 opi-

1968 3757 2161 3818 natur,
2185 3756 2374 3806 etnon
2398 3749 2587 3804 solum
2613 3748 2683 3802 de
2704 3745 2925 3802 caeteris
2954 3742 3308 3800 vanitatibus
3332 3742 3476 3810 suis,
3503 3741 3603 3796 sed

1965 3843 2142 3897 etiam
2165 3841 2235 3895 de
2256 3840 2385 3911 ipsa
2404 3836 2618 3892 Christi
2649 3835 2878 3891 fallacia
2903 3834 3013 3890 sibi
3044 3837 3326 3904 tanquam
3359 3848 3473 3886 non
3500 3829 3607 3884 fal-

1964 3930 2106 3986 lenti
2138 3927 2261 3983 vult
2291 3927 2446 3983 credi
2474 3943 2486 3980 :
2517 3930 2712 3981 utrum
2734 3923 2961 3979 Christo
2985 3921 3241 3991 melior',
3265 3937 3380 3993 quo
3405 3917 3609 3974 fallen-

1966 4025 2024 4076 te
2056 4019 2181 4091 ipse
2213 4034 2327 4073 non
2361 4015 2544 4084 fallit;
2579 4032 2652 4070 an
2685 4031 2751 4069 eo
2800 4014 2928 4085 ipso
2964 4028 3078 4067 non
3118 4010 3338 4066 veracis
3369 4007 3609 4073 Christi,

1967 4111 2065 4166 sed
2100 4106 2320 4164 fallacis
2352 4102 2651 4161 Manichaei
2683 4100 3029 4173 discipulus,
3061 4117 3194 4156 cum
3213 4098 3349 4155 etin
3372 4097 3478 4153 hoc
3506 4095 3612 4152 fal-

1967 4199 2054 4270 lit,
2087 4199 2144 4253 in
2177 4213 2291 4269 quo
2323 4213 2386 4252 se
2417 4211 2532 4250 non
2564 4192 2840 4249 didicisse
2873 4189 3070 4246 fallere
3101 4188 3404 4262 gloriatur.

2032 4360 2220 4430 i_Ed_i_ti
2249 4357 2406 4430 vulgo
2437 4356 2512 4405 sic
2545 4356 2741 4430 ferunt.
2768 4351 2977 4430 AP‘lures
2999 4351 3433 4430 Attamenv'etere‘s
3463 4346 3610 4406 Mss.,

1969 4425 2076 4475 Sed
2103 4424 2300 4472 utinam
2337 4412 2442 4475 ipse
2473 4418 2669 4467 calvam
2700 4417 2924 4477 frontem
2953 4413 3139 4461 habere
3157 4412 3432 4477 noluisset.

2033 4470 2313 4546 iiSichm.
2346 4470 2430 4531 Er.
2462 4490 2515 4530 et
2560 4470 2805 4546 plerique
2825 4477 3099 4546 “Mem-At.
3150 4476 3297 4534 Lov.,
3328 4471 3435 4522 vult
3457 4470 3614 4521 credi.

1975 4537 2313 4612 Viderit‘quis
2343 4549 2515 4594 utrum
2547 4537 2751 4592 Christo
2790 4540 2858 4588 sit
2885 4537 3086 4587 melior.

197 4663 2774 4693 Μ

1347 4749 1726 4846 LIBER
1795 4745 2436 4847 SEPTIMUS.

275 5007 529 5067 CAPUT
560 5007 875 5066 PRIMUM.
908 5039 976 5050 ——
1009 5009 1272 5065 Fausrus
1302 5008 1483 5065 dixit:
1540 5010 1728 5076 Quare
1759 5028 1871 5067 non

205 5099 410 5155 credis
444 5100 502 5153 in
553 5099 952 5171 genealogiam
1007 5098 1195 5155 Jesu?
1242 5097 1435 5154 Multae
1468 5099 1706 5170 quidem
1740 5104 1878 5155 sunt

207 5205 436 5258 causae,
468 5189 567 5242 sed
602 5187 884 5259 palmaris
915 5187 1036 5255 illa,
1071 5187 1208 5259 quia
1239 5203 1343 5242 nec
1372 5187 1497 5258 ipse
1528 5205 1626 5244 ore
1650 5206 1755 5244 suo
1781 5205 1878 5244 us-

206 5291 400 5347 quam
429 5290 492 5329 se
525 5275 742 5330 fatetur
764 5281 988 5348 patrem
1010 5276 1246 5343 habere,
1272 5279 1372 5330 aut
1395 5292 1579 5347 genus
1602 5275 1660 5330 in
1682 5280 1836 5332 terra
1861 5293 1875 5334 :

209 5366 316 5421 sed
346 5380 380 5418 θ
407 5365 774 5436 contra,quia
795 5383 910 5421 non
935 5366 1012 5420 sit
1035 5365 1106 5420 de
1129 5364 1234 5420 hoc
1266 5365 1459 5435 modo,
1481 5364 1616 5435 quia
1649 5381 1683 5419 a
1712 5369 1881 5422 Patre

213 5458 338 5510 Deo
363 5455 738 5525 processerit,
762 5456 900 5526 quia
921 5453 1289 5510 descenderit
1318 5455 1388 5508 de
1419 5453 1580 5523 coelo,
1605 5454 1742 5523 quia
1763 5471 1879 5510 non

211 5543 333 5599 sibi
361 5543 478 5597 sint
502 5549 688 5598 mater
708 5550 764 5598 et
779 5544 1009 5611 fratres,
1029 5543 1140 5598 nisi
1155 5542 1881 5615 quifecerintvoluntatem

209 5630 414 5686 Patris
437 5631 550 5699 sui,
574 5632 676 5703 qui
698 5633 757 5687 in
776 5633 938 5690 caelis
960 5639 1069 5690 est.
1096 5633 1178 5688 Ad
1206 5630 1448 5702 hmc,illi
1464 5631 1575 5701 ipsi
1591 5631 1812 5702 quihas
1830 5631 1883 5689 ei

214 5718 602 5794 genealogias
632 5721 954 5795 ascribunt,
975 5739 1089 5780 non
1108 5738 1244 5780 eum
1263 5723 1398 5778 ante
1416 5719 1778 5780 nativitatem
1795 5739 1885 5780 co-

1985 5007 2258 5083 gnovisse
2280 5003 2578 5060 videntur:
2604 4998 2704 5056 sed
2720 5012 2908 5072 neque
2921 4996 3118 5054 statim
3133 5002 3192 5052 ut
3208 4998 3379 5052 natus
3397 4997 3628 5083 est,quo

1987 5080 2361 5154 crederentur
2380 5110 2448 5148 ea
2470 5089 2796 5160 scripsisse,
2821 5103 2946 5159 quae
2969 5102 3106 5158 erga
3135 5100 3266 5141 eum
3300 5081 3482 5138 oculis
3504 5080 3628 5136 suis

1986 5187 2240 5243 viderint
2269 5187 2433 5257 gesta
2457 5200 2470 5250 ;
2507 5180 2606 5236 sed
2632 5176 2832 5249 juveni
2851 5178 2978 5248 jam
3002 5179 3058 5232 et
3080 5178 3306 5256 maturo
3330 5170 3629 5241 conjuncti

1988 5279 2127 5331 sunt
2147 5274 2220 5343 ei,
2251 5274 2308 5328 id
2331 5276 2438 5335 est,
2462 5285 2750 5324 annorum
2770 5265 2948 5322 ferme
2970 5263 3238 5335 triginta:
3262 5257 3555 5329 siquidem
3575 5259 3632 5311 et

1989 5370 2130 5420 aetas
2153 5361 2361 5419 ascribi
2389 5358 2600 5415 divinis
2623 5356 2843 5429 potest‘
2869 5354 2993 5410 sine
3025 5347 3409 5422 blasphemia.
3445 5348 3633 5413 Quare

1991 5470 2125 5510 cum
2149 5453 2208 5507 in
2237 5449 2394 5508 omni
2419 5445 2753 5504 testimonio
2777 5443 3032 5500 verilalis
3070 5441 3179 5496 hoc
3202 5453 3431 5509 semper
3455 5433 3634 5508 queri

1991 5541 2196 5611 soleat,
2221 5544 2495 5596 utrumne
2526 5535 2657 5609 quis
2687 5533 2956 5604 audierit,
2990 5548 3064 5594 an
3093 5528 3340 5598 viderit;
3371 5525 3469 5583 isti
3499 5540 3634 5581 vero

2062 5733 2077 5768 ¹
2107 5729 2228 5782 Sola
2257 5741 2324 5780 ex
2351 5723 2604 5778 omnibus
2648 5719 3076 5774 Amerbachiaua
3116 5717 3299 5781 editio,
3322 5729 3425 5768 non
3450 5714 3635 5782 potest.
