4086 6186
0 5531 4 5538 ρ

0 5543 46 5674 ί

0 5731 10 5740 νυ

0 5741 6 5754 Ι

0 5781 66 5816 L1}.
131 5807 150 5814 -

223 5933 238 5946 θ

215 5959 224 5983 Ἴ

1763 0 1948 48 ΪὛἼἿῬ
1973 0 2022 30 "3
2049 2 2058 4 “
2161 2 2538 38 ηψπ-’τάπης
2557 4 3426 60 κζ-Ὗιτνν-ιᾏ-νντηδμττηεινξῦπῃι

451 317 571 377 339
1206 309 1517 371 CONTRA
1559 307 1938 369 FAUSTUM
1984 303 2504 378 MANICHJEUM,
2556 306 2622 366 S.
2668 306 3095 367 AUGUSTINI
3736 311 3856 371 240

456 463 562 502 nec
594 444 825 502 audisse
855 459 914 501 se
948 442 1240 499 fateantur
1272 442 1342 496 ab
1372 441 1499 513 ipso
1526 439 1918 511 generationis
1940 437 2097 493 hunc

457 536 740 604 ordinem,
761 538 863 589 aut
879 533 1015 605 quia
1032 532 1269 587 omnino
1289 530 1588 598 sitnatus;
1610 545 1714 584 nec
1732 527 1946 583 vidisse
1963 543 2100 582 ocu-

455 625 551 692 lis,
575 625 714 697 quia
733 623 906 694 longo
929 626 1058 693 post
1081 627 1356 691 tempore,
1383 619 1440 674 id
1457 623 1563 684 est,
1585 623 1715 689 post
1731 617 2099 687 Baptismum

456 713 831 787 cognoverint
887 726 1057 767 eum:
1121 709 1264 765 mihi
1311 713 1368 765 et
1414 707 1572 763 omni
1605 711 1756 763 recte
1780 704 2098 777 judicanti,

455 808 580 861 tam
611 802 856 859 stultum
885 800 1115 856 videtur
1142 799 1252 854 hoc
1283 798 1533 865 credere,
1568 813 1744 868 quam
1773 795 1820 851 si
1845 795 1978 868 quis
2001 811 2102 849 cm-

457 911 593 950 cum
623 899 680 948 et
708 891 955 948 surdum
986 893 1190 945 testem
1225 888 1284 942 in
1306 887 1600 958 judicium
1630 890 1814 941 vocet.

529 981 758 1039 CAPUT
789 981 857 1036 Il.
891 1010 958 1020 —
987 980 1358 1034 AUGUSTINUS
1388 975 1725 1048 respondit:
1751 975 1937 1039 Quam
1961 972 2105 1029 dicit

459 1072 784 1146 palmarem
814 1085 1073 1138 causam,
1125 1084 1232 1122 cur
1275 1083 1390 1122 non
1423 1065 1672 1138 accipiat
1701 1064 2104 1137 genealogiam

458 1166 598 1218 Jesu
630 1159 868 1228 Christi,
899 1158 978 1213 ibi
1007 1156 1375 1229 apertissime
1423 1155 1612 1211 victus
1643 1153 1992 1221 ostenditur,
2024 1151 2104 1208 le-

461 1250 733 1324 gentibus
759 1265 884 1321 quae
909 1264 1088 1318 supra
1109 1245 1365 1301 diximus
1389 1245 1458 1299 de
1486 1243 1628 1300 Filio
1650 1243 1930 1311 hominis,
1950 1241 2105 1314 quod

459 1345 580 1396 tam
605 1339 805 1395 crebro
829 1354 888 1393 se
910 1335 1177 1392 Christus
1203 1351 1331 1390 esse
1351 1337 1602 1390 testatur
1624 1333 1828 1405 (Matth.
1849 1349 1974 1403 x111,
1997 1331 2107 1403 10),

461 1433 520 1484 et
540 1430 611 1502 de
636 1427 778 1483 Filio
801 1427 924 1492 Dei,
949 1424 1240 1496 quomodo
1269 1424 1422 1479 idem
1445 1422 1570 1494 ipse
1589 1421 1904 1478 sitetﬁlius
1919 1420 2108 1476 homi-

463 1519 556 1574 nis
578 1517 678 1590 (Id.
711 1535 788 1584 1x,
819 1517 873 1586 6)
899 1533 911 1584 ;
946 1514 1236 1586 quomodo
1260 1514 1582 1570 secundum
1606 1513 1967 1568 divinitatem
1992 1528 2107 1567 non

463 1608 677 1664 habeat
705 1622 890 1679 genus
924 1605 983 1660 in
1017 1608 1190 1675 terra,
1216 1603 1538 1660 secundum
1560 1619 1792 1658 carnem
1816 1606 2010 1658 autem
2033 1601 2111 1657 sit

465 1714 532 1754 ex
563 1697 784 1754 semine
817 1694 1014 1763 David,
1047 1694 1198 1749 sicut
1227 1693 1544 1765 apostolica
1573 1692 1835 1748 doctrina
1864 1695 2112 1747 testatur

464 1787 644 1859 (Rom.
675 1804 713 1856 ι,
736 1786 790 1853 3,
822 1789 876 1841 et
908 1785 956 1840 Il
990 1785 1124 1840 Tim.
1160 1801 1220 1852 ιι,
1247 1785 1322 1852 8).
1358 1781 1521 1838 Unde
1550 1785 1776 1853 oportet
1797 1797 1930 1836 cum
1955 1780 2110 1836 credi

465 1881 523 1934 et
551 1874 820 1947 intelligi,
848 1879 904 1929 et
931 1891 963 1929 a
1011 1875 1175 1928 Patre
1223 1873 1412 1928 exisse
1443 1872 1623 1943 (Joan.
1658 1888 1774 1938 xv1,
1803 1871 1917 1940 28),
1954 1875 2010 1925 et
2041 1869 2112 1925 de

467 1967 608 2022 ccelo
638 1965 868 2020 venisse
897 1963 996 2034 (Id.
1026 1977 1104 2029 v1,
1135 1963 1244 2032 41),
1279 1969 1331 2016 et
1359 1961 1451 2016 hic
1482 1965 1678 2015 tamen
1710 1959 1966 2015 Verbum
1992 1975 2113 2014 car-

469 2072 603 2111 nem
622 2055 836 2109 factum
856 2052 1008 2106 inter
1024 2051 1290 2106 homines
1307 2049 1606 2104 habitasse
1626 2049 1725 2121 (Id.
1753 2067 1788 2115 ι,
1823 2049 1926 2116 14).
1950 2048 2112 2111 Quod

469 2145 518 2201 si
544 2149 846 2216 propterea
870 2144 1075 2212 putant
1095 2157 1228 2195 eum
1252 2156 1367 2195 non
1393 2139 1671 2194 habuisse
1703 2138 1762 2192 in
1794 2142 1951 2193 terra
1982 2154 2113 2193 ma-

470 2238 618 2289 trem
649 2232 736 2287 vel
767 2248 974 2304 genus,
1008 2231 1146 2302 quia
1176 2229 1337 2296 dixit,
1375 2229 1508 2298 Quae
1534 2228 1676 2283 mihi
1697 2233 1889 2298 mater,
1914 2229 1996 2282 vel
2019 2230 2115 2299 qui

469 2324 671 2395 fratres
704 2322 912 2391 (Matth.
943 2336 1046 2386 xu,
1078 2319 1167 2390 48)
1183 2318 1210 2373 ‘t
1231 2323 1496 2389 superest
1514 2322 1578 2372 ut
1600 2317 1773 2372 etiam
1795 2317 2114 2388 discipulos

471 2412 620 2482 ejus,
655 2410 872 2482 quibus
903 2407 1014 2462 hoc
1045 2404 1375 2477 exemplum
1405 2405 1466 2458 in
1497 2421 1558 2460 se
1586 2404 1714 2475 ipso
1746 2404 2015 2475 praebuit,
2051 2409 2114 2460 ut

469 2500 683 2557 terreni
705 2498 936 2572 generis
955 2493 1444 2552 necessitudinem
1467 2497 1704 2565 pr0pter
1730 2509 1974 2564 regnum
2000 2510 2112 2549 coe-

470 2589 661 2646 lorum
680 2589 1136 2652 contemnerent,
1158 2585 1453 2640 afﬁrment
1469 2600 1585 2638 non
1603 2582 1879 2639 habuisse
1897 2588 2111 2655 patres,

470 2681 610 2752 quia
631 2678 775 2734 dixit
803 2678 908 2744 eis,
939 2677 1016 2732 Ne
1044 2677 1193 2730 vobis
1224 2674 1421 2728 dicatis
1439 2681 1654 2745 patrem
1675 2674 1733 2726 in
1758 2682 1908 2728 terra
1933 2690 1945 2740 ;
1971 2689 2114 2728 unus

464 2775 614 2831 enim
642 2776 718 2827 est
748 2773 917 2825 Pater
943 2775 1109 2824 vester
1141 2767 1279 2821 Deus
1329 2765 1433 2836 (Id.
1466 2781 1630 2830 xxm,
1661 2765 1736 2833 9).
1770 2764 1933 2828 Quod
1971 2780 2108 2832 ergo

461 2862 606 2919 istos
628 2862 698 2916 de
721 2859 986 2932 patribus
1009 2855 1225 2922 docuit,
1251 2855 1358 2910 hoc
1384 2855 1510 2925 ipse
1535 2855 1606 2908 de
1629 2858 1812 2908 matre
1834 2857 1890 2909 et
1921 2853 2109 2909 fratri-

463 2951 576 3006 bus
608 2949 768 3020 prior
799 2946 948 3014 fecit,
984 2946 1138 3000 sicut
1184 2948 1242 2998 et
1288 2942 1403 2997 alia
1451 2944 1660 3005 multa,
1705 2942 1762 2995 in
1797 2943 2015 3012 quibus
2047 2959 2109 2998 se

463 3039 653 3104 nobis,
679 3042 743 3092 ut
763 3053 896 3092 eum
919 3033 1307 3101 imitaremur,
1333 3032 1608 3102 praebere,
1635 3034 1710 3098 et,
1746 3033 1810 3085 ut
1837 3047 2108 3102 sequere-

467 3145 621 3193 mur,
646 3128 847 3199 praaire
867 3125 1145 3196 dignatus
1167 3127 1274 3176 est.
1298 3123 1662 3191 Quapropter
1693 3119 1803 3174 iste
1828 3120 1930 3192 qui
1959 3121 2017 3175 in
2043 3137 2109 3176 eo

467 3217 620 3290 quod
645 3219 831 3288 putat,
857 3214 1116 3286 palmare
1143 3211 1226 3266 sic
1247 3209 1520 3276 vincitur,
1547 3209 1931 3279 quamjaceat
1953 3215 2010 3265 et
2031 3210 2114 3265 in-

463 3307 730 3364 volvatur
759 3305 819 3359 in
849 3302 1072 3359 caateris
1116 3298 1703 3356 animadvertendum
1743 3303 1853 3354 est.
1889 3298 2112 3371 Quippe

466 3395 568 3469 qui
602 3399 908 3468 propterea
938 3391 1081 3447 dicit
1111 3407 1226 3446 non
1258 3388 1613 3444 credendum
1645 3404 1773 3443 esse
1797 3389 2112 3459 Apostolis,

466 3484 569 3557 qui
598 3485 726 3555 ejus
759 3499 873 3538 non
913 3479 1103 3536 solum
1136 3478 1416 3543 divinam,
1451 3477 1549 3532 sed
1584 3476 1758 3532 etiam
1793 3477 2111 3535 humanam

2210 437 2572 493 nativitatem
2603 438 3121 505 annuntiaverunt,
3155 438 3294 511 quia
3317 441 3735 512 posteajuveni
3760 443 3860 498 ad-

2209 525 2525 597 haeserunt,
2553 532 2612 583 et
2633 545 2738 583 nec
2761 528 3028 584 viderunt
3047 545 3180 584 eum
3203 535 3428 597 natum,
3453 548 3558 586 nec
3578 548 3638 587 se
3658 532 3766 588 hoc
3785 533 3857 588 ab

2209 615 2308 670 illo
2341 617 2577 672 audisse
2609 618 2896 673 dixerunt.
2950 621 3068 674 Cur
3109 636 3245 692 ergo
3268 623 3513 676 credunt
3533 621 3747 676 Joanni
3773 624 3859 676 di-

2210 704 2382 776 centi,
2414 708 2476 761 In
2507 707 2782 779 principio
2812 717 2931 764 erat
2964 709 3211 777 Verbum,
3236 716 3287 764 et
3319 711 3546 765 Verbum
3567 715 3686 766 erat
3710 713 3861 783 apud

2213 795 2398 861 Deum,
2429 800 2479 850 et
2505 797 2648 852 Deus
2702 806 2819 852 erat
2878 798 3146 862 Verbum;
3194 799 3296 854 hac
3332 809 3449 855 erat
3485 803 3544 854 in.
3575 803 3858 873 principio

2210 885 2356 956 apud
2386 886 2553 941 Deum
2577 903 2590 954 ;
2623 889 2810 942 omnia
2840 904 2938 958 per
2967 890 3153 957 ipsum
3183 891 3332 960 facta
3355 893 3501 959 sunt,
3527 893 3576 945 et
3598 893 3716 947 sine
3739 893 3861 963 ipso

2211 976 2418 1047 factum
2450 984 2527 1031 est
2557 977 2702 1031 nihil
2755 977 2932 1049 (Joan.
2983 993 3023 1047 ι,
3060 979 3198 1047 1-3),
3249 983 3306 1034 et
3343 984 3550 1035 caetera
3581 997 3708 1051 qua:
3743 981 3860 1037 illis

2215 1065 2484 1136 quamvis
2507 1083 2622 1121 non
2646 1065 3106 1140 intelligentibus
3129 1072 3327 1124 tamen
3351 1067 3630 1140 placent?
3653 1070 3863 1126 Dicant

2216 1154 2312 1209 ubi
2339 1154 2446 1210 hoc
2469 1156 2725 1212 Joannes
2747 1155 2974 1224 viderit,
2999 1161 3098 1212 aut
3120 1157 3218 1211 ubi
3249 1174 3311 1212 se
3342 1158 3451 1213 hoc
3482 1161 3554 1214 ab
3586 1159 3712 1231 ipso
3745 1159 3862 1216 Do-

2219 1243 2378 1298 mino
2399 1244 2635 1300 audisse
2657 1244 2883 1300 dixerit.
2909 1245 3203 1317 Quidquid
3227 1246 3384 1302 enim
3405 1247 3679 1318 dixerint,
3707 1251 3862 1305 unde

2219 1331 2326 1388 hoc
2357 1333 2612 1389 Joannes
2653 1334 2802 1390 scire
2853 1335 3127 1406 potuerit,
3178 1335 3311 1391 inde
3359 1337 3654 1393 credimus
3683 1338 3861 1394 etiam

2219 1439 2423 1478 omnes
2446 1423 2889 1480 annuntiatores
2915 1425 3231 1480 nativitatis
3253 1426 3491 1490 Christi,
3512 1426 3568 1480 id
3590 1427 3739 1496 quod
3761 1444 3864 1482 an-

2219 1513 2637 1568 nuntiaverunt
2653 1514 2798 1568 scire
2812 1514 3091 1586 potuisse.
3111 1514 3328 1569 Deinde
3341 1531 3559 1585 quaero,
3575 1517 3728 1572 unde
3742 1533 3863 1572 cre-

2220 1601 2362 1656 dant
2384 1602 2601 1658 dixisse
2626 1604 2957 1669 Dominum,
2982 1604 3117 1672 Quae
3135 1603 3278 1659 mihi
3295 1614 3495 1676 mater,
3520 1611 3615 1661 aut
3634 1609 3732 1678 qui
3748 1609 3866 1678 fra-

2221 1691 2376 1748 tres?
2405 1692 2464 1748 Si
2497 1692 2632 1763 quia
2659 1692 2766 1748 hoc
2797 1693 3162 1765 Evangelista
3209 1696 3485 1762 narravit,
3529 1712 3634 1750 cur
3662 1696 3710 1751 ei
3747 1713 3861 1753 non

2222 1783 2469 1838 credunt
2498 1787 2554 1836 et
2586 1781 2749 1850 illud,
2785 1782 2932 1846 Quia
2963 1787 3149 1838 mater
3179 1784 3308 1854 ejus
3337 1788 3394 1838 et
3416 1784 3620 1841 fratres
3643 1801 3866 1857 quaere-

2223 1872 2365 1926 bant
2386 1887 2518 1926 eum
2543 1871 2758 1941 (Matth.
2782 1889 2882 1936 xu,
2906 1872 2994 1937 48,
3015 1871 3148 1942 46)?
3165 1872 3223 1927 Si
3242 1877 3436 1928 autem
3457 1873 3566 1929 hoc
3585 1875 3868 1932 mentitus

2223 1966 2310 2016 est
2329 1961 2481 2032 quod
2507 1960 2714 2015 nolunt
2745 1963 2996 2028 credere,
3029 1963 3318 2032 quomodo
3349 1963 3396 2019 ei
3431 1965 3676 2019 credunt
3703 1965 3867 2022 Chri-

2224 2054 2379 2105 stum
2403 2049 2619 2105 dixisse
2639 2050 2791 2121 quod
2815 2048 3022 2105 nolunt
3039 2050 3399 2123 intelligere?
3415 2052 3634 2108 Deinde
3648 2053 3694 2108 si
3709 2053 3869 2108 Chri-

2225 2143 2382 2194 stum
2406 2144 2629 2205 natum,
2655 2138 2928 2210 quiajam
2945 2140 3145 2210 juveni
3171 2140 3512 2210 adhaeserat,
3540 2159 3654 2198 non
3678 2144 3871 2214 potuit

2225 2245 2396 2283 nosse
2420 2228 2750 2292 Matthaaus,
2777 2229 2930 2284 unde
2955 2230 3146 2299 potuit
3167 2229 3460 2286 Christum
3492 2249 3605 2287 non
3638 2238 3866 2300 natum,

2224 2323 2355 2389 post
2370 2323 2535 2372 totan
2547 2334 2650 2372 nos
2669 2322 2842 2373 natus
2861 2335 3033 2374 nosse
3050 2319 3406 2376 Manichzeus
3419 2321 3445 2375 ἶ
3459 2320 3674 2376 Dicturi
3694 2327 3865 2377 sunt:

2225 2406 2478 2478 Spiritus
2505 2412 2742 2462 sanctus
2764 2407 2870 2462 hoc
2903 2409 3124 2463 sciebat
3151 2409 3252 2480 qui
3283 2414 3406 2465 erat
3434 2410 3493 2464 in
3526 2411 3865 2468 Manicheam

2226 2496 2324 2552 Ille
2349 2513 2487 2552 sane
2508 2497 2556 2551 si
2585 2496 2837 2568 Spiritus
2860 2501 3098 2552 sanctus
3122 2503 3293 2568 esset,
3315 2515 3450 2554 vera
3472 2500 3732 2556 dixisset.
3756 2501 3868 2556 Sed

2224 2602 2327 2640 cur
2348 2602 2461 2640 non
2486 2586 2680 2657 potius
2705 2587 2774 2641 de
2796 2586 3023 2641 Christo
3046 2585 3351 2660 discipulis
3375 2589 3526 2659 ejus,
3559 2589 3656 2660 qui
3691 2590 3870 2645 etiam

2223 2674 2599 2747 corporaliter
2615 2675 2662 2730 ei
2679 2675 3070 2742 adhaeserunt,
3090 2677 3412 2743 credimus;
3429 2679 3526 2749 qui
3544 2695 3656 2734 non
3675 2678 3871 2735 solum

2224 2781 2324 2837 per
2345 2765 2623 2836 Spiritum
2649 2770 2919 2820 sanctum
2942 2767 3014 2820 ab
3047 2765 3173 2838 ipso
3197 2767 3561 2839 impertitum
3589 2769 3736 2823 scire
3766 2786 3871 2841 po-

2223 2859 2479 2921 tuerunt,
2514 2855 2562 2909 si
2595 2855 2732 2926 quid
2767 2853 2970 2910 lateret
3002 2855 3060 2909 in
3092 2856 3266 2912 rebus
3299 2857 3596 2927 humanis,
3623 2859 3719 2913 sed
3747 2863 3870 2913 tam

2223 2944 2439 2998 recenti
2473 2948 2530 2999 et
2581 2945 2849 3015 pressenti
2900 2946 3203 3012 memoria,
3247 2946 3418 3001 etiam
3453 2945 3574 3002 solo
3608 2946 3870 3002 humano

2223 3049 2422 3099 sensu,
2446 3049 2632 3104 genus
2653 3033 2862 3088 Christi
2882 3035 3206 3090 secundum
3227 3051 3460 3090 carnem
3479 3040 3535 3092 et
3552 3041 3730 3092 totam
3750 3036 3871 3092 ori-

2222 3121 2417 3192 ginem
2449 3122 2856 3194 collegerunt?
2889 3127 2955 3178 Et
3001 3129 3196 3179 tamen
3240 3125 3371 3180 caeci
3405 3130 3461 3180 et
3493 3126 3653 3181 surdi
3687 3131 3871 3182 testes

2222 3211 2497 3266 dicuntur
2527 3213 2805 3284 Apostoli.
2842 3213 3076 3270 Utinam
3109 3219 3171 3270 tu
3208 3232 3321 3270 non
3344 3220 3575 3271 tantum
3600 3232 3784 3271 cacus
3810 3221 3873 3271 et

2222 3302 2440 3358 surdus
2473 3302 2702 3369 fuisses,
2736 3320 2806 3358 ne
2836 3309 2956 3359 tam
2987 3322 3136 3360 vana
3165 3309 3220 3360 et
3259 3304 3541 3377 sacrilega
3570 3305 3828 3361 disceres
3856 3323 3871 3373 ;

2219 3392 2321 3446 sed
2354 3391 2528 3446 etiam
2560 3397 2780 3461 mutus,
2815 3409 2887 3448 ne
2924 3393 3064 3449 talia
3111 3395 3370 3450 diceres!

1630 3713 2008 3806 ΙᾹΒΕΒ
2100 3713 2701 3813 OCTAVUS.

2017 3888 2322 3903 ψ

537 3998 773 4062 CAPUT
815 3992 1118 4056 PRIMUM.
1148 3991 1478 4048 -FAUSTUs
1531 3988 1709 4044 dixit:
1759 3991 1943 4054 Quare
1993 4005 2110 4044 non

469 4092 687 4166 accipis
717 4088 1162 4147 Testamentum
1191 4079 1420 4136 Vetus?
1460 4077 1605 4142 Quia
1628 4077 1754 4147 jam
1785 4080 2111 4166 praeventus

470 4165 612 4243 sum,
633 4181 827 4238 Novo:
859 4173 1036 4232 veteri
1086 4176 1282 4228 autem
1315 4174 1371 4225 et
1400 4185 1546 4223 novo
1591 4183 1703 4221 non
1734 4165 2022 4230 convenit,
2054 4171 2117 4220 ut

469 4273 773 4344 Scriptura
803 4269 1066 4322 testatur.
1119 4261 1285 4330 Nam,
1339 4265 1612 4328 Parmam,
1665 4255 1877 4326 inquit,
1909 4270 2112 4310 novum

467 4379 626 4420 nemo
642 4361 812 4415 assuit
843 4353 1161 4410 vestimento
1189 4349 1380 4414 veteri,
1406 4347 1653 4418 alioquin
1675 4345 1854 4415 major
1872 4344 2115 4399 scissura

468 4455 559 4525 ﬁet
585 4447 797 4525 (Matth.
824 4463 899 4517 1x,
927 4446 1014 4509 16,
1035 4451 1086 4498 et
1100 4444 1230 4497 Luc.
1254 4456 1308 4506 v,
1333 4437 1446 4507 36).
1477 4435 1621 4499 Quia
1645 4450 1780 4525 ergo
1811 4434 2112 4525 majorem,

469 4520 637 4599 sicuti
657 4556 778 4606 vos,
801 4536 1119 4593 scissuram
1141 4531 1325 4586 facere
1343 4543 1533 4595 caveo,
1553 4524 1941 4580 Christianam
1961 4520 2116 4577 novi-

468 4635 647 4686 tatem
679 4627 972 4682 Hebraicr
1004 4620 1278 4677 vetustati
1315 4635 1429 4673 non
1461 4615 1730 4670 misceo‘.
1775 4613 1915 4678 Quis
1959 4610 2114 4666 enim

467 4736 583 4775 non
603 4715 779 4772 etiam
803 4712 1106 4768 sordidum
1124 4709 1371 4780 judicet,
1398 4705 1561 4760 novis
1584 4702 1842 4758 vestibus
1866 4698 2110 4770 indutis,

468 4825 583 4865 non
615 4807 831 4860 donare
865 4799 1238 4856 inferioribus
1271 4796 1493 4851 vetera2
1516 4794 1542 4848 ?
1586 4793 1965 4862 Quapropter,
2008 4805 2114 4861 ego

468 4894 702 4954 etiamsi
721 4896 893 4947 natus
907 4905 1097 4945 essem
1110 4887 1367 4954 Judwus,
1387 4888 1452 4938 ut
1471 4883 1704 4937 fuerunt
1721 4877 2005 4951 Apostoli,
2026 4877 2115 4932 di-

467 5001 652 5061 gnum
684 4987 878 5038 tamen
927 4983 1051 5034 erat
1099 4993 1213 5043 me,
1264 4974 1417 5030 Novo
1448 4976 1683 5043 accepto
1715 4971 2110 5036 Testamento,

466 5058 648 5132 Vetus
663 5070 1062 5144 repudiare,ut
1075 5067 1333 5121 fecerunt
1348 5061 1650 5135 ipsi.Nunc
1667 5076 1798 5114 vero
1813 5063 1868 5114 et
1885 5058 2028 5115 Natu
2039 5074 2111 5112 ra:

467 5163 750 5222 beneﬂcio
772 5161 1120 5216 consecutus
1145 5159 1208 5209 ut
1228 5154 1337 5208 sub
1363 5150 1661 5206 servitutis
1687 5149 1827 5219 jugo
1862 5163 1976 5201 non
2010 5162 2112 5200 na-

469 5271 678 5321 scerer,
739 5255 795 5307 et
849 5247 1077 5304 Christo
1127 5243 1270 5298 mihi
1321 5240 1589 5313 protinus
1614 5241 1950 5294 occurrente
1981 5251 2111 5290 cum

469 5344 641 5417 pleno
664 5354 900 5398 munere
921 5334 1209 5391 libertatis
1227 5349 1240 5400 ;
1257 5346 1434 5403 quam
1449 5328 1627 5417 miser
1643 5331 1700 5382 et
1719 5323 2114 5417 stultus-etin:-

468 5411 930 5505 SUperingratus
964 5442 1081 5493 ero,
1106 5424 1153 5480 si
1189 5439 1280 5478 me
1314 5420 1466 5476 ultra
1495 5416 1768 5473 addixere
1801 5411 2111 5470 servituti?

534 5542 548 5573 ¹
579 5538 701 5586 Sola
731 5537 837 5585 fere
867 5535 1029 5584 editio
1062 5534 1211 5588 Lov.,
1237 5527 1388 5577 sicuti
1416 5540 1501 5574 vos
1534 5523 1692 5590 scitis,
1723 5523 1995 5590 scissuram
2024 5520 2111 5590 fa:

465 5584 793 5658 cerea—caveo
821 5584 1166 5645 Christianam
1195 5584 1500 5641 'novitatem
1558 5585 1816 5635 Hebraicar
1870 5584 2108 5630 vetustati

461 5665 801 5716 commiscere.

527 5729 549 5764 ³
573 5727 728 5789 Apud
760 5724 842 5772 Er.
877 5719 1060 5783 Lugd.,
1093 5721 1300 5769 veteres.
1333 5715 1402 5766 Μ.

2222 3992 2445 4065 Quippe
2471 3993 2682 4050 Paulus
2704 3994 2830 4049 inde
2856 3992 3092 4050 Galatas
3114 3991 3328 4066 arguit,
3351 3994 3506 4064 quod
3528 3992 3588 4048 in
3614 3992 3878 4052 circum-

2225 4081 2504 4137 cisionem
2537 4082 2883 4150 relabentes,
2914 4084 2984 4138 ad
3022 4083 3257 4138 infirma
3285 4084 3631 4155 repedarent
3653 4088 3710 4139 et
3738 4100 3881 4157 ege-

2227 4187 2301 4226 na
2329 4171 2636 4244 elementa,
2671 4172 2886 4244 quibus
2935 4174 3125 4229 denuo
3170 4173 3386 4228 servire
3416 4172 3630 4228 vellent
3660 4175 3879 4246 (Galat.

2226 4274 2283 4314 ιν
2310 4264 2359 4315 et
2389 4261 2461 4331 v).
2514 4263 2815 4328 Quomodo
2863 4278 3000 4334 ergo
3049 4261 3106 4316 id
3157 4278 3262 4333 ego
3294 4262 3626 4332 admittam,
3661 4262 3718 4317 in
3752 4281 3878 4336 quo

2225 4347 2406 4404 alium
2437 4351 2663 4406 videam
2695 4351 3085 4424 reprehendi?
3116 4356 3306 4423 Turpe
3335 4355 3424 4406 est
3455 4354 3644 4408 redire
3664 4352 3723 4407 in
3749 4369 3880 4410 ser-

2223 4437 2490 4507 vitutem,
2520 4442 2619 4496 sed
2651 4441 2883 4513 turpius
2914 4441 3014 4497 ire.

2294 4529 2526 4585 CAPUT
2554 4532 2619 4585 lI.
2645 4563 2712 4571 —
2730 4533 3093 4586 AUGUSTINUS
3117 4529 3447 4603 respondit:
3470 4530 3603 4586 Jam
3628 4531 3874 4602 quidem

2225 4619 2366 4675 satis
2389 4621 2660 4690 superius
2681 4621 3067 4688 ostendimus,
3091 4635 3271 4690 quare
3293 4624 3348 4675 et
3369 4621 3660 4691 quomodo
3680 4627 3881 4676 tenea-

2225 4725 2358 4763 mus
2389 4709 2786 4765 auctoritatem
2814 4709 3034 4765 Veteris
3081 4708 3461 4776 Testamenti,
3513 4725 3627 4764 non
3661 4710 3729 4764 ad
3763 4711 3876 4766 Ju-

2223 4797 2399 4853 daicae
2424 4798 2721 4853 servitutis
2742 4799 3153 4868 imitationem,
3188 4799 3288 4853 sed
3319 4798 3391 4853 ad
3425 4797 3767 4853 Christianae
3800 4799 3875 4854 li-

2224 4887 2463 4941 bertatis
2485 4888 2971 4943 testiﬁcationem.
2997 4888 3194 4958 Neque
3215 4887 3372 4942 enim
3395 4903 3544 4956 mea,
3579 4888 3679 4942 sed
3713 4894 3878 4959 Apo-

2223 4976 2355 5031 stoli
2386 4994 2492 5032 vox
2522 4981 2629 5047 est,
2666 4979 2807 5047 Quia
2835 4979 3021 5032 omnia
3051 4979 3169 5034 haec
3200 4979 3255 5031 in
3278 4978 3451 5048 ﬁgura
3476 4976 3877 5046 contingebant

2223 5067 2345 5122 illis
2371 5085 2384 5134 ;
2411 5070 2614 5138 scripta
2645 5073 2832 5123 autem
2853 5076 2979 5123 sunt
2996 5071 3217 5138 propter
3237 5083 3352 5133 nos,
3377 5069 3434 5122 in
3458 5082 3588 5138 quos
3608 5066 3737 5136 ﬁnis
3758 5081 3876 5124 sae-

2220 5157 2472 5211 culornm
2499 5157 2710 5211 obvenit
2739 5159 2781 5226 (Ι
2821 5163 2944 5212 Cor.
2996 5173 3050 5221 x,
3087 5155 3193 5228 11).
3241 5156 3602 5227 Quapropter
3653 5172 3770 5210 non
3803 5155 3872 5212 in

2221 5245 2500 5302 servitute
2521 5246 2767 5301 facimus
2785 5247 3091 5317 quaajussa
3109 5245 3329 5300 suntad
3347 5261 3452 5300 nos
3465 5244 3876 5317 praenuntian-

2220 5337 2344 5408 dos,
2371 5337 2471 5392 sed
2495 5336 2554 5390 in
2578 5335 2840 5390 libertate
2861 5335 3112 5407 legimus
3136 5351 3262 5406 qua:
3282 5336 3499 5407 scripta
3515 5339 3652 5390 sunt
3669 5335 3742 5390 ad
3758 5351 3878 5391 nos

2219 5426 2672 5481 conﬁrmandos.
2699 5427 2837 5490 Quis
2868 5423 3062 5494 itaque
3081 5425 3206 5495 jam
3232 5441 3346 5479 non
3373 5424 3677 5497 intelligat,
3709 5425 3878 5481 unde

2218 5514 2453 5570 Galatas
2476 5519 2702 5570 revocat
2723 5517 3058 5585 Apostolus,
3083 5531 3195 5569 non
3217 5513 3483 5586 religiose
3501 5513 3877 5584 Scripturam

2217 5603 2682 5660 circumcisionis
2713 5602 2991 5674 legentes,
3026 5604 3124 5657 sed
3151 5603 3278 5674 jam
3311 5601 3720 5674 superstitiose
3749 5603 3875 5658 cir-

2217 5692 2470 5750 cumcidi
2492 5692 2750 5749 volentes
2773 5691 2976 5765 (Galat.
3001 5709 3055 5748 ιν
3074 5692 3242 5766 etv)?
3264 5691 3426 5749 Unde
3455 5708 3572 5750 non
3589 5708 3871 5766 pannum

3659 8 3716 26 ..ιν
3741 8 3748 12 γ

3679 8 3748 26 π

3679 8 4066 84 uanum

3687 59 3704 74 ο
3747 67 3794 80 ,η
3841 65 3880 84 Γ.
3954 65 3962 84 ν.
4019 63 4050 72 ξ

3655 45 3962 88 ,οινςνῗνςτυι
4019 47 4074 72 ξι

3737 87 3780 102 νκ
3839 83 3960 102 ῖκι

3955 6135 3968 6148 .,
3985 6139 4068 6161 ξ*
