4086 6186
248 309 331 366 257
1474 294 1707 355 LIBER
1750 294 2280 358 DUODEClMUS.

249 429 752 493 Christusautsancti
769 427 996 484 codices
1010 426 1822 484 mentiuntur.Verumtamen
1937 427 2132 483 saeculi
2166 429 2603 486 manisl‘estatur
2645 431 2977 487 reformatio
3010 436 3211 487 nostra
3240 432 3300 489 in
3333 435 3586 491 novitate

253 522 463 582 utmulta
487 535 598 574 non
630 517 988 590 colligam,et
1008 517 1115 572 hoc
1136 533 1321 572 unum
1345 531 1821 584 commemorem,
1937 516 2176 587 mentis,
2207 519 2534 573 secundum
2570 520 2889 591 imaginem
2926 522 3053 592 ejus
3083 522 3181 593 qui
3212 524 3427 579 creavit
3456 542 3584 595 nos,

247 612 364 686 quod
389 609 565 667 eodem
598 607 723 663 loco
738 605 1051 680 Apostolus
1072 610 1493 679 consequenter
1514 606 1686 662 dicit:
1710 605 1826 660 Non
1937 603 2091 660 sicut
2119 605 2261 660 dicit
2288 606 2602 677 Apostolus
2624 608 2845 678 (Coloss.
2882 626 2968 680 ιιι,
3002 611 3111 681 10).
3156 610 3246 666 Fit
3274 611 3396 667 viro
3448 615 3586 669 dor-

246 706 541 775 potestautem
561 697 822 754 excidere
841 697 1064 753 verbum
1086 697 1203 752 Dei.
1219 698 1337 753 Non
1356 698 1507 753 enim
1527 711 1712 753 omnes
1734 696 1828 765 qui
1932 693 2139 749 mienti
2170 695 2384 765 conjux
2433 697 2503 751 de
2542 695 2719 753 latere
2753 698 2904 769 (Gen.
2960 716 3023 771 11,
3069 698 3156 771 22)
3196 716 3209 755 :
3244 702 3311 755 fit
3357 702 3583 760 Christo

247 790 446 850 “Israel
465 788 521 844 hi
537 791 665 843 sunt
687 788 1165 858 Israelit$,'neque
1188 788 1286 859 qui
1303 790 1434 843 sunt
1453 802 1637 843 semen
1657 785 1826 841 Abra-
1936 783 2204 839 morienti
2236 784 2492 840 Ecclesia
2523 786 2594 841 de
2625 792 2988 844 sacramento
3019 790 3349 862 sanguinis,
3374 792 3473 863 qui
3508 793 3580 849 de

249 883 326 950 he,
350 894 505 935 manes
536 878 647 949 ﬁlii
680 894 700 932 :
728 876 824 933 sed
859 879 1013 933 Isaac
1038 879 1325 932 vocabitur
1354 877 1454 932 tibi
1496 892 1681 931 semen
1701 875 1833 931 :hoc
1935 872 2113 928 latere
2144 874 2358 929 mortui
2379 875 2655 946 proﬂuxit
2675 877 2851 947 (Joan.
2875 894 2993 947 xxx,
3018 878 3129 950 34).
3154 878 3409 935 Vocatur
3430 881 3584 939 Heva

249 975 318 1040 est,
341 983 435 1024 non
462 966 517 1021 hi
542 967 641 1038 qui
668 965 783 1039 filii
809 968 1015 1032 carnis,
1049 964 1109 1021 hi
1138 968 1246 1037 ﬁlii
1274 968 1404 1029 Dei;
1432 967 1535 1022 sed
1570 965 1680 1036 ﬁlii
1705 979 1831 1036 pro-
1935 961 2054 1017 vita
2083 967 2139 1018 et
2172 967 2356 1019 mater
2388 963 2674 1033 vivorum,
2706 983 2833 1037 quas
2864 968 2935 1022 de
2962 968 3069 1022 viri
3101 968 3192 1023 sui
3223 967 3401 1025 latere
3433 972 3588 1027 facta

244 1059 465 1115 missionis
490 1055 833 1129 deputantur
878 1057 934 1112 in
969 1071 1150 1112 semen
1170 1056 1345 1127 (Rom.
1384 1073 1460 1123 ιιι,
1492 1054 1636 1126 6-8).
1684 1052 1831 1120 Quid
1940 1056 2057 1107 est:
2078 1056 2134 1107 et
2166 1052 2307 1107 dicit
2336 1053 2613 1110 dominus
2635 1055 2694 1109 in
2726 1055 3059 1129 Evangelio,
3085 1056 3282 1128 Siquis
3310 1076 3589 1115 nonman-

242 1148 294 1204 ad
316 1148 414 1202 hac
440 1144 771 1216 responsuri
795 1149 956 1212 sunt,
1004 1161 1139 1200 cum
1192 1149 1389 1217 aperte
1420 1143 1532 1199 alio
1582 1143 1706 1199 loco
1765 1142 1835 1197 de
1938 1140 2217 1197 ducaverit
2255 1159 2473 1199 carnem
2504 1149 2768 1211 meam,et
2801 1146 2995 1201 biberit
3031 1150 3358 1218 sanguinem
3385 1166 3588 1217 meum,

242 1237 324 1292 hoc
353 1235 554 1292 semine
584 1235 655 1291 ad
707 1233 1000 1290 Abraham
1053 1234 1317 1290 dicatur:
1359 1236 1422 1289 In
1477 1235 1685 1289 semine
1748 1241 1840 1288 tuo
1942 1230 2161 1286 habebit
2194 1232 2254 1286 in
2288 1248 2342 1287 se
2370 1234 2539 1287 vitam
2571 1233 2669 1303 (Id.
2702 1250 2779 1293 v1,
2813 1235 2924 1301 53).
2961 1238 3028 1289 Et
3057 1236 3257 1291 omnia
3299 1255 3424 1307 qua:
3474 1237 3597 1293 illic

251 1325 578 1381 benedicentur
628 1338 812 1379 omnes
870 1332 1058 1395 gentes
1113 1328 1274 1380 terra:
1318 1322 1466 1389 (Gen.
1516 1339 1672 1393 χχχι,
1724 1323 1776 1387 li)
1809 1322 1837 1376 ?
1942 1319 2579 1391 leguntur‘enucleate
2618 1323 3075 1396 minutatimque
3107 1329 3378 1396 tractata,
3405 1326 3600 1381 Chris-

247 1415 358 1470 Nam
420 1413 465 1468 si
529 1430 595 1468 eo
668 1417 931 1484 tempore
986 1413 1123 1468 hinc
1205 1414 1664 1485 disputaremus,
1724 1428 1840 1483 quo
1945 1414 2101 1464 stum
2125 1416 2180 1464 et
2206 1410 2518 1466 Ecclesiam
2544 1412 3000 1483 praeloquuntur,
3027 1414 3229 1470 siveiu
3255 1416 3603 1472 bonisChri-

246 1513 451 1574 tempore
476 1502 586 1558 hoc
614 1502 939 1574 exponebat
978 1500 1291 1573 Apostolus
1337 1501 1559 1571 dicens,
1607 1501 1843 1557 Abrahae
1945 1498 2140 1560 tianis,
2176 1500 2293 1554 sive
2326 1500 2382 1554 in
2408 1500 3225 1573 malis.Nequeenimfrustra
3243 1504 3388 1559 dixit
3414 1511 3599 1576 Apos-

242 1592 365 1648 dictae
383 1599 502 1646 sunt
526 1593 929 1663 promissiones
958 1596 1008 1646 et
1028 1592 1229 1646 semini
1248 1593 1369 1663 ejus
1403 1608 1422 1646 :
1460 1606 1570 1646 non
1600 1590 1752 1660 dicit,
1782 1590 1843 1644 Et
1948 1586 2126 1655 tolus,
2159 1588 2333 1643 Adam
2362 1591 2458 1661 qui
2488 1596 2567 1645 est
2612 1592 2795 1662 forma
2842 1593 3025 1662 futuri
3072 1596 3246 1662 (Rom.
3296 1610 3351 1661 v,
3399 1595 3511 1665 15);
3542 1598 3599 1651 et

245 1681 509 1747 seminibus,
545 1689 818 1752 tanquam
848 1682 906 1735 in
935 1681 1157 1743 multis;
1186 1681 1290 1736 sed
1319 1684 1585 1752 tanquam
1616 1682 1676 1734 in
1706 1696 1842 1746 uno,
1948 1675 2113 1743 illud,
2152 1679 2435 1750 Relinquet
2463 1680 2619 1735 homo
2644 1685 2862 1751 patrem
2901 1689 2951 1737 et
2976 1686 3231 1749 matrem,
3262 1689 3315 1738 et
3352 1682 3597 1739 adhaere-

3468 305 3586 366 258

244 1773 299 1824 Et
315 1772 491 1826 semini
514 1775 636 1839 tuo,
668 1770 815 1841 quod
844 1778 921 1825 est
955 1769 1206 1825 Christus
1237 1768 1441 1841 (Galat.
1476 1786 1562 1834 ιιι,
1598 1769 1707 1840 16);
1729 1769 1843 1822 for-

243 1862 361 1914 tasse
385 1858 596 1930 aliquis
627 1875 742 1914 non
769 1864 889 1914 tam
914 1859 1286 1930 impudenter
1310 1858 1488 1913 nollet
1516 1858 1624 1913 hoc
1648 1857 1847 1913 crede-

244 1964 299 2003 re.
316 1954 612 2020 antequam
640 1948 863 2004 videret
893 1964 1096 2002 omnes
1114 1952 1317 2019 gentes
1334 1948 1567 2003 credere
1595 1946 1655 2001 in
1680 1946 1847 2001 Chri-

242 2041 375 2103 stum,
392 2037 483 2108 qui
502 2036 857 2109 praedicatur
873 2054 941 2093 ex
960 2037 1183 2092 semine
1204 2036 1691 2093 Abraham.Nunc
1715 2051 1849 2091 vero

246 2142 342 2180 cum
361 2127 455 2182 hoc
471 2125 706 2198 impleri
727 2126 1054 2193 videamus,
1079 2126 1232 2197 quod
1246 2130 1407 2181 tanto
1425 2130 1560 2181 ante
1580 2143 1849 2198 praenun-

249 2214 411 2269 tiatum
457 2214 739 2287 legimus,
790 2230 925 2269 cum
964 2230 1165 2270 omnes
1215 2218 1418 2287 gentes
1455 2216 1580 2286 jam
1612 2214 1851 2269 benedi-

245 2309 407 2357 centur
432 2305 489 2359 in
519 2304 751 2361 semine
783 2303 1047 2369 Abrahae,
1081 2303 1172 2358 cui
1207 2303 1430 2359 dictum
1462 2308 1551 2359 est
1580 2308 1713 2359 ante
1744 2320 1846 2359 an-

244 2408 411 2448 norum
439 2393 652 2463 millia,
670 2396 732 2449 In
760 2396 969 2448 semine
996 2398 1087 2449 tuo
1106 2394 1502 2449 benedicentur
1515 2409 1701 2449 omnes
1722 2409 1852 2462 gen-

245 2482 489 2551 teszquis
520 2486 648 2537 tam
682 2481 1055 2553 pertinaciter
1110 2482 1387 2551 insaniat,
1432 2487 1493 2538 ut
1539 2481 1627 2537 vel
1671 2482 1853 2537 alium

241 2566 515 2643 Christum,
552 2571 661 2642 qui
692 2587 809 2626 non
843 2575 919 2627 sit
949 2587 1019 2626 ex
1049 2571 1273 2627 semine
1312 2571 1577 2639 Abrahae,
1614 2575 1858 2627 conetur

245 2656 504 2729 inducere;
537 2659 634 2715 vel
665 2660 736 2716 de
764 2661 876 2716 isto
924 2677 1055 2716 vero
1092 2661 1321 2717 Christo
1367 2661 1700 2734 prophetias
1751 2662 1857 2715 He-

239 2745 389 2804 braea:
417 2752 595 2821 cujus
616 2750 806 2823 gentis
836 2754 1001 2823 pater
1031 2754 1120 2806 est
1147 2750 1464 2821 Abraham,
1495 2750 1659 2821 {nihil
1707 2750 1860 2806 exis-

242 2836 378 2893 timet
405 2839 841 2910 przenuntiasse
861 2838 889 2894 τ

292 2927 500 2985 CAPUT
530 2929 663 2984 VII.
695 2959 766 2969 -—-
796 2928 938 2995 Quis
969 2933 1165 2984 autem
1193 2932 1407 3001 potest,
1442 2945 1558 2985 non
1585 2929 1712 2985 dico
1744 2946 1863 2984 una

243 3014 371 3071 brevi
389 3018 795 3088 responsione,
818 3016 1042 3089 quales1
1069 3018 1126 3073 in
1147 3018 1257 3074 hoc
1281 3034 1454 3090 opere
1470 3018 1685 3075 habere
1706 3036 1864 3075 coar-

246 3107 457 3175 ctamur,
476 3108 583 3163 sed
620 3106 1119 3179 quolibetiugenti
1162 3107 1461 3163 volumine
1484 3108 1682 3163 omnia
1704 3125 1860 3164 com-

242 3206 536 3252 memorare
568 3195 863 3268 praeconia
910 3196 1331 3268 Prophetarum
1365 3197 1760 3265 Hebraaorum,
1794 3198 1865 3254 de

241 3278 456 3341 Domino
485 3289 545 3341 et
577 3285 880 3341 Salvatore
913 3290 1111 3341 nostro
1153 3286 1296 3343 Jesu
1363 3287 1633 3343 Christo?
1685 3305 1867 3360 quan-

238 3369 525 3443 doquidem
558 3375 763 3431 omnia
792 3391 918 3446 qua:
966 3374 1085 3431 illis
1133 3376 1505 3432 continentur
1537 3377 1747 3446 Libris,
1778 3376 1867 3434 vel

238 3458 295 3514 de
318 3461 438 3534 ipso
468 3463 636 3520 dicta
665 3470 821 3531 sunt,
850 3464 941 3520 vel
993 3468 1226 3535 propter
1270 3465 1466 3537 ipsum
1512 3465 1867 3523 exercitatio-

233 3563 343 3605 nem
372 3552 720 3622 quasrentis,
753 3556 810 3608 et
838 3552 1282 3609 delectationem
1315 3554 1685 3625 invenientis,
1712 3553 1867 3611 mul-

234 3640 279 3690 to
302 3637 463 3708 plura
488 3640 577 3696 ibi
604 3656 710 3712 per
739 3640 1046 3713 allegorias
1067 3646 1126 3697 et
1145 3642 1480 3714 aenigmata,
1505 3644 1720 3716 partim
1742 3660 1869 3700 ver-

233 3722 304 3780 bis
328 3727 467 3785 solis
488 3728 903 3801 insinuantur,
919 3730 1135 3803 partim
1157 3731 1333 3787 etiam
1358 3732 1511 3788 facta
1532 3738 1868 3790 narrantur.

233 3813 639 3877 Verumtamen
672 3820 785 3877 nisi
820 3820 1016 3892 aliqua
1044 3821 1122 3878 ibi
1157 3821 1470 3878 manifesta
1499 3829 1717 3890 essent,
1752 3840 1871 3880 non

232 3908 814 3980 comprehenderetur
843 3926 1075 3978 sensus,
1102 3928 1218 3983 quo
1249 3912 1425 3967 etiam
1457 3912 1707 3969 obscura
1754 3913 1873 3969 cla-

236 4000 896 4072 meerentﬂuanquam
918 4003 975 4056 et
1003 4017 1073 4057 ex
1099 3999 1218 4057 illis
1240 4018 1366 4073 qum
1390 4001 1595 4074 ﬁguris
1614 4001 1877 4059 involuta

234 4090 367 4156 sunt,
400 4089 450 4145 si
484 4089 769 4162 quaedam
798 4089 960 4145 velut
987 4090 1097 4145 sub
1130 4107 1247 4145 uno
1278 4095 1516 4162 aspectu
1541 4091 1711 4163 quasi
1745 4108 1878 4147 cono

236 4176 369 4230 texta
406 4184 739 4251 ponantur,
797 4178 877 4234 ita
933 4180 1298 4251 conjungunt
1346 4180 1405 4235 in
1458 4182 1893 4237 contestatione‘

238 4258 427 4323 Christi
453 4284 634 4325 voces
665 4283 827 4338 suas,
861 4270 928 4322 ut
958 4268 1216 4339 cujusvis
1246 4269 1441 4325 obtusi
1461 4269 1717 4326 surditas
1748 4286 1879 4326 eru-

234 4348 428 4411 bescat.

291 4441 517 4502 CAPUT
549 4447 705 4503 VIII.
730 4475 800 4487 —
818 4446 931 4502 Sex
961 4446 1172 4502 diebus
1194 4447 1253 4501 in
1276 4446 1483 4503 Genesi
1509 4464 1884 4505 consumma-

230 4528 296 4585 vit
324 4537 471 4591 Deus
504 4536 717 4591 omnia
741 4550 918 4607 opera
940 4552 1071 4602 sua,
1104 4536 1353 4608 septimo
1384 4536 1675 4607 requievit
1711 4538 1879 4609 (Gen.

235 4632 286 4687 ιι,
314 4622 363 4687 1,
391 4625 470 4695 2).
514 4624 637 4679 Sex
665 4624 939 4680 atatibus
970 4624 1297 4681 humanum
1320 4641 1507 4697 genus
1532 4629 1638 4681 hoc
1670 4624 1883 4682 sreculo

235 4721 320 4776 per
345 4714 767 4769 successiones
798 4718 1154 4786 temporum,
1185 4715 1287 4770 Dei
1319 4731 1495 4787 opera
1516 4714 1882 4787 insigniunt:

236 4811 467 4865 quarum
500 4804 707 4877 prima
728 4808 817 4859 est
843 4804 917 4859 ab
941 4806 1125 4860 Adam
1144 4821 1332 4877 usque
1360 4806 1432 4861 ad
1450 4806 1603 4873 Noe;
1630 4805 1887 4861 secunda

235 4886 378 4944 aNoe
395 4908 601 4964 usque
632 4893 702 4947 ad
722 4894 1044 4957 Abraham;
1070 4894 1261 4963 tertia,
1286 4896 1357 4951 ab
1382 4895 1676 4950 Abraham
1701 4910 1889 4967 usque

238 4976 294 5029 ad
318 4982 490 5036 David
511 4986 781 5053 ;quarta,
806 5000 838 5038 a
862 4982 1042 5038 David
1086 4999 1273 5055 usque
1308 4984 1380 5038 ad
1418 4984 1887 5051 transmigratio-

238 5080 353 5122 nem
376 5069 434 5124 in
457 5069 888 5142 Babyloniam;
913 5072 1118 5142 quinta
1138 5071 1273 5126 inde
1298 5088 1484 5143 usque
1510 5073 1579 5128 ad
1604 5072 1888 5128 humilem

240 5154 541 5214 adventum
579 5158 817 5215 Domini
848 5159 1033 5215 nostri
1061 5164 1197 5215 Jesu
1229 5160 1480 5228 Christi;
1526 5166 1709 5233 sexta,
1762 5178 1890 5234 quas

239 5257 378 5301 nunc
407 5248 646 5320 agitur,
670 5248 853 5304 donec
881 5247 1158 5305 Excelsus
1196 5250 1392 5306 veniat
1445 5251 1515 5305 ad
1558 5250 1887 5322 judicium;

240 5335 485 5403 septima
504 5352 657 5393 vero
687 5336 1040 5410 intelligitur
1069 5338 1125 5392 in
1159 5339 1357 5411 requie
1380 5343 1741 5410 sanctorum,
1775 5355 1890 5394 non

241 5418 291 5475 in
318 5420 424 5479 hac
456 5425 608 5494 vita,
638 5426 731 5481 sed
751 5425 810 5480 in
827 5426 961 5494 alia,
986 5427 1085 5481 ubi
1106 5427 1253 5482 vidit
1274 5428 1731 5499 requiescentem
1750 5445 1892 5501 pau-

244 5522 421 5576 perem
468 5514 654 5570 dives
698 5514 814 5585 ille,
872 5531 1007 5569 cum
1057 5517 1210 5587 apud
1257 5516 1474 5573 inferos
1524 5522 1896 5588 torqueretur

244 5593 378 5667 (Luc.
407 5619 531 5671 XVI,
580 5603 701 5671 23);
733 5602 830 5659 ubi
864 5620 981 5659 non
1014 5604 1080 5659 fit
1105 5621 1367 5676 vespera,
1402 5606 1543 5677 quia
1570 5605 1771 5662 nullus
1812 5605 1895 5662 ibi

247 5702 427 5747 rerum
458 5693 742 5750 defectus
769 5696 877 5748 est.
912 5693 1083 5750 Sexto
1122 5693 1215 5750 die
1246 5696 1306 5752 in
1355 5695 1563 5753 Genesi
1612 5694 1899 5753 formatur

248 5772 409 5838 homo
441 5782 520 5839 ad
555 5781 884 5855 imaginem
932 5782 1036 5839 Dei
1063 5781 1218 5856 (Gen.
1267 5801 1309 5857 ι,
1354 5784 1449 5858 27)
1480 5799 1496 5842 :
1527 5787 1692 5847 sexta
1730 5787 1899 5845 astate

309 5888 324 5921 ’
348 5887 471 5940 Sola
502 5888 688 5941 editio
717 5889 862 5952 Lov.,
892 5889 1134 5954 quadem.

1949 1766 2027 1821 bit
2057 1770 2224 1823 uxori
2251 1784 2394 1825 suae:
2427 1779 2477 1825 et
2507 1773 2667 1825 erunt
2696 1769 2803 1825 duo
2834 1771 2894 1824 in
2923 1787 3089 1825 carne
3116 1787 3248 1826 una.
3274 1774 3593 1828 Sacramen-

1949 1858 2093 1921 tum,
2117 1856 2433 1927 inquit,hoc
2450 1876 2710 1930 magnum
2735 1868 2813 1914 est
2832 1863 3122 1929 egoaulem
3168 1860 3287 1916 dico
3311 1862 3368 1916 in
3393 1860 3603 1919 Christo

1950 1953 2001 2001 et
2033 1948 2092 2000 in
2122 1948 2366 2002 Ecclesia
2424 1947 2640 2019 (Ephes.
2691 1965 2744 2015 v,
2804 1949 2892 2018 31,
2951 1949 3062 2019 32).
3099 1948 3238 2012 Quis
3281 1949 3437 2005 enim
3484 1968 3602 2007 non

1954 2039 2237 2107 agnoscat
2266 2035 2562 2091 Christum
2594 2054 2659 2092 eo
2692 2038 2863 2093 modo
2896 2036 3204 2108 reliquisse
3235 2039 3486 2106 Patrem,
3508 2041 3610 2112 qui

1953 2140 2079 2179 cum
2117 2126 2179 2180 in
2217 2127 2402 2195 forma
2433 2126 2530 2180 Dei
2556 2134 2708 2192 esset,
2749 2142 2859 2182 non
2889 2128 3147 2198 rapinam
3176 2129 3483 2184 arbitratus
3524 2134 3606 2185 est

1954 2230 2068 2270 esse
2095 2216 2326 2286 mquatis
2357 2216 2481 2280 Deo,
2503 2215 2598 2269 sed
2625 2218 2973 2287 semeptisum
3002 2218 3334 2284 exinanivit,
3367 2220 3604 2287 formam

1953 2307 2097 2360 servi
2128 2305 2396 2375 accipiens
2423 2304 2441 2376 (
2471 2305 2716 2376 Philipp.
2760 2322 2822 2371 ιι,
2853 2307 2908 2375 6,
2937 2306 2992 2377 7)
3026 2323 3038 2360 :
3076 2305 3381 2377 reliquisse
3423 2308 3600 2363 etiam

1957 2398 2205 2448 matrem
2238 2409 2592 2466 synagogam
2621 2394 2982 2461 Judaaorum,
3015 2394 3206 2451 Veteri
3227 2397 3604 2453 Testamento

1959 2482 2286 2537 carnalater
2315 2482 2787 2551 inhaerentem,et
2816 2484 3131 2540 adhaesisse
3153 2486 3314 2541 uxori
3331 2503 3449 2541 suae
3469 2503 3606 2543 san-

1961 2576 2063 2626 ctae
2104 2571 2392 2637 Ecclesia},
2426 2576 2490 2626 ut
2520 2572 2577 2626 in
2611 2589 2751 2643 pace
2784 2573 2920 2630 Novi
2970 2574 3327 2630 Testamenti
3352 2577 3373 2610 ²
3411 2579 3612 2631 essent

1964 2661 2077 2715 duo
2107 2660 2166 2714 in
2199 2676 2370 2715 carne
2401 2660 2561 2715 una?
2583 2661 2728 2726 Quia
2745 2677 2877 2717 cum
2902 2663 2979 2716 sit
2998 2662 3153 2717 Deus
3174 2664 3329 2734 apud
3355 2664 3609 2732 Patrem,

1963 2765 2065 2820 per
2095 2765 2267 2819 quem
2301 2748 2434 2803 facti
2468 2765 2697 2815 sumus,
2732 2750 2918 2806 factus
2949 2756 3038 2807 est
3066 2767 3169 2823 per
3208 2768 3441 2807 carnem
3475 2769 3610 2823 par-

1964 2838 2150 2909 ticeps
2184 2837 2637 2904 nostri,utillius
2671 2838 2878 2909 capitis
2892 2856 3105 2911 corpus
3125 2856 3253 2896 esse
3279 2856 3609 2911 possemus.

2035 2926 2262 2983 CAPUT
2289 2928 2384 2982 ΙΧ.
2424 2956 2485 2967 —-
2522 2928 2685 2981 Sicut
2734 2927 2874 2983 Cain
2924 2928 3276 2984 sacrificium
3326 2946 3395 2985 ex
3442 2936 3607 2986 terras

1967 3016 2253 3071 fructibus
2300 3016 2663 3088 reprobatur,
2714 3016 2856 3072 Abel
2897 3022 3093 3073 autem
3142 3017 3494 3074 sacrificium
3539 3035 3613 3075 ex

1968 3106 2173 3160 ovibus
2203 3110 2259 3160 et
2288 3122 2488 3160 earum
2538 3105 2708 3177 adipe
2730 3105 3049 3178 suscipitur
3074 3123 3087 3174 ;
3120 3106 3203 3161 ita
3232 3106 3372 3162 Novi
3414 3108 3617 3164 Testa-

1969 3195 2152 3251 menti
2186 3195 2326 3249 ﬁdes
2371 3211 2439 3249 ex
2484 3193 2815 3250 innocentia
2871 3196 3071 3266 gratiae
3126 3196 3303 3252 Deum
3344 3196 3617 3267 laudans,

1968 3286 2195 3341 Veteris
2226 3286 2583 3341 Testamenti
2614 3286 2859 3341 terrenis
2891 3286 3165 3358 operibus
3197 3288 3570 3359 anteponitur
3600 3305 3615 3346 :

1972 3375 2112 3449 quia
2142 3376 2249 3431 etsi
2273 3379 2407 3430 ante
2435 3374 2620 3430 Judaei
2653 3379 2805 3431 recte
2832 3374 2932 3431 illa
2961 3376 3261 3444 fecerunt;
3306 3377 3365 3431 in
3424 3394 3489 3433 eo
3538 3384 3622 3433 ta-

1974 3481 2108 3521 men
2159 3462 2519 3519 inlidelitatis
2568 3464 2647 3519 rei
2692 3468 2851 3530 sunt,
2903 3464 3041 3536 quia
3078 3465 3305 3521 Christo
3353 3466 3620 3523 veniente

1966 3555 2092 3627 jam
2126 3557 2360 3625 tempus
2394 3553 2534 3611 Novi
2573 3553 2930 3608 Testamenti
2987 3570 3021 3608 a
3078 3557 3337 3623 tempore
3386 3552 3618 3613 Veteris

1972 3642 2327 3700 Testamenti
2358 3658 2472 3697 non
2503 3641 2912 3697 distinxerunt.
2945 3642 3098 3696 Dixit
3138 3642 3294 3696 enim
3340 3642 3491 3698 Deus
3541 3644 3615 3701 ad

1975 3733 2110 3788 Cain
2147 3749 2159 3786 :
2194 3731 2256 3786 Si
2282 3738 2423 3786 recte
2450 3731 2666 3802 offeras,
2696 3733 2839 3785 recte
2867 3733 3050 3785 autem
3080 3745 3188 3799 non
3220 3730 3461 3797 dividas,
3492 3748 3618 3803 pec-

1976 3823 2130 3878 casti.
2163 3819 2271 3885 Qui
2303 3820 2352 3875 si
2384 3822 2843 3891 optemperasset
2865 3818 2981 3874 Deo
3003 3818 3237 3884 dicenti,
3265 3820 3513 3891 Quiesce;
3552 3820 3622 3876 ad

1980 3916 2029 3968 te
2059 3912 2207 3967 enim
2234 3910 2515 3966 conversio
2540 3909 2677 3980 ejus,
2709 3916 2759 3964 et
2788 3916 2846 3963 tu
2891 3909 3268 3965 dominaberis
3316 3909 3503 3977 illius;
3552 3910 3623 3965 ad

1982 4019 2044 4057 se
2075 4000 2455 4056 convertisset
2480 4003 2782 4071 peccatum
2826 4015 3021 4065 suum,
3057 3997 3169 4053 sibi
3201 3998 3306 4054 hoc
3337 4000 3626 4071 tribuens,

1984 4096 2041 4145 et
2061 4090 2345 4146 confitens
2375 4088 2491 4143 Deo
2517 4105 2530 4142 :
2556 4105 2620 4142 ac
2644 4088 2728 4142 sic
2754 4087 2993 4157 adjutus
3019 4087 3392 4159 indulgentiae
3415 4089 3623 4161 gratia,

1984 4180 2107 4252 ipse
2130 4182 2363 4251 peccato
2395 4193 2499 4233 suo
2530 4177 2972 4245 dominaretur;
3006 4194 3119 4232 non
3151 4177 3251 4233 illo
3282 4177 3393 4232 sibi
3437 4178 3626 4233 domi-

1988 4274 2165 4325 nante
2196 4284 2399 4324 servus
2432 4266 2673 4338 peccati,
2696 4266 2931 4321 fratrem
2949 4266 3627 4323 occideretinnocentem

1988 4360 2140 4432 (Gen.
2168 4375 2239 4414 IV.
2275 4356 2416 4427 3—8).
2442 4355 2536 4410 Sic
2566 4359 2623 4410 et
2647 4355 2854 4423 Judaei,
2891 4356 2946 4410 in
2981 4371 3232 4426 quorum
3282 4354 3401 4411 haec
3442 4356 3632 4429 figura

1988 4449 2355 4521 gerebantur,
2389 4445 2437 4500 si
2464 4444 2831 4516 quiescerent
2877 4461 2910 4499 a
2959 4460 3067 4499 sua
3116 4445 3540 4514 pertubatione,
3574 4448 3631 4501 et

1988 4543 2221 4609 tempus
2262 4533 2473 4589 salutis
2487 4549 2590 4604 per
2602 4531 2851 4603 gratiam
2871 4533 2929 4586 in
2952 4536 3321 4603 peccatorum
3342 4533 3639 4590 remissio-

1993 4642 2127 4681 nem
2186 4627 2590 4696 agnoscentes,
2626 4621 2898 4676 audirent
2926 4621 3227 4677 Christum
3277 4622 3627 4681 discentem.

1992 4718 2105 4773 Non
2133 4723 2210 4771 est
2238 4729 2370 4785 opus
2398 4712 2557 4766 sanis
2612 4709 2873 4775 medicus,
2931 4710 3029 4765 sed
3081 4710 3227 4765 male
3268 4710 3593 4768 habentibus
3623 4728 3644 4768 :

1997 4823 2114 4861 non
2196 4803 2325 4859 veni
2377 4815 2569 4856 vocare
2619 4800 2811 4870 iustos,
2872 4798 2961 4855 sed
3015 4804 3321 4871 peccatores
3362 4800 3423 4856 in
3463 4802 3643 4873 paeni-

1994 4895 2242 4952 nentiam
2273 4889 2489 4961 (Matth.
2511 4906 2586 4956 1x,
2623 4884 2712 4958 12,
2745 4888 2830 4961 13)
2848 4904 2870 4951 ;
2922 4892 2979 4943 et
3009 4889 3195 4945 Omnis
3225 4891 3323 4961 qui
3350 4891 3484 4959 facit
3511 4905 3638 4960 pec-

1996 4989 2195 5052 catum,
2227 4997 2413 5038 servus
2442 4987 2518 5034 est
2537 4979 2765 5049 peccati;
2794 4982 2870 5048 et,
2903 4978 2967 5034 Si
2989 4994 3078 5034 vos
3106 4979 3258 5047 ﬁlius
3302 4979 3639 5046 liberaverit,

1998 5083 2127 5131 tunc
2154 5087 2279 5127 vere
2301 5070 2464 5125 liberi
2492 5069 2646 5123 eritis
2672 5067 2849 5138 (Joan.
2877 5084 2999 5135 VIII,
3030 5067 3119 5137 34,
3150 5068 3237 5139 36)
3265 5085 3278 5122 :
3302 5067 3375 5123 ad
3398 5083 3459 5121 se
3500 5084 3636 5122 con-

1998 5162 2310 5219 vertissent
2341 5162 2641 5231 peccatum
2675 5172 2850 5211 suum
2884 5155 2943 5209 in
2977 5156 3360 5221 confessione,
3395 5154 3549 5212 sicut
3580 5155 3641 5211 in

2002 5251 2231 5311 Psalmo
2252 5248 2535 5318 scriptum
2560 5250 2669 5314 est,
2687 5246 2909 5301 medico
2933 5244 3211 5315 dicentes,
3248 5246 3365 5317 Ego
3382 5244 3522 5311 dixi,
3543 5246 3648 5301 Do-

1999 5340 2437 5409 mine,miserere
2455 5337 2590 5398 mei;
2609 5350 2746 5390 sana
2769 5336 3023 5389 animam
3049 5349 3246 5404 meam,
3282 5335 3414 5405 quia
3431 5334 3652 5404 peccavi

2003 5433 2101 5489 tibi
2131 5429 2300 5504 (Psal.
2334 5444 2413 5492 x1,
2442 5426 2518 5497 5);
2550 5428 2607 5479 et
2637 5424 2824 5479 eidem
2855 5426 3110 5495 peccato,
3161 5424 3443 5495 quamdiu
3494 5426 3649 5481 esset

2005 5522 2196 5578 adhuc
2226 5519 2284 5573 in
2316 5531 2517 5572 eorum
2546 5512 2779 5568 mortali
2810 5527 3068 5582 corpore,
3096 5528 3199 5584 per
3227 5530 3390 5585 spem
3446 5512 3646 5585 gratias

2004 5610 2172 5668 liberi
2194 5605 2651 5664 dominarentur.
2677 5600 2842 5656 Nunc
2865 5604 3058 5656 autem
3079 5600 3418 5674 ignorantes
3431 5601 3532 5659 Dei
3544 5602 3646 5675 ju-

2078 5827 2091 5861 ¹
2123 5826 2238 5876 Am.
2266 5822 2353 5871 Er.
2384 5818 2528 5879 Mss.,
2559 5814 2937 5879 intelliguntur.

2067 5878 2914 5948 ﬁMss.,utpaceNoviTestamenti;
2941 5880 3397 5943 omisso,in,Forte
3433 5878 3650 5930 une-ius.
