  <div class='ocr_page' id='page_1' title='image "/cluster/home/n/w/nwhite01/storage/ocr_20150623/42/hvd.32044096580642/135.png"; bbox 0 0 4052 6178; ppageno 0'>
   <div class='ocr_carea' id='block_1_1' title="bbox 450 282 568 339">
    <p class='ocr_par' dir='ltr' id='par_1_1' title="bbox 450 282 568 339">
     <span class='ocr_line' id='line_1_1' title="bbox 450 282 568 339; baseline 0.008 -1"><span class='ocrx_word' id='word_1_1' title='bbox 450 282 568 339; x_wconf 75' lang='grc'>259</span> 
     </span>
    </p>
   </div>
   <div class='ocr_carea' id='block_1_2' title="bbox 455 411 2088 490">
    <p class='ocr_par' dir='ltr' id='par_1_2' title="bbox 455 411 2088 490">
     <span class='ocr_line' id='line_1_2' title="bbox 455 411 2088 490; baseline 0.004 -24"><span class='ocrx_word' id='word_1_2' title='bbox 455 411 704 477; x_wconf 86' lang='lat' dir='ltr'>stitiam,</span> <span class='ocrx_word' id='word_1_3' title='bbox 739 416 796 464; x_wconf 82' lang='lat' dir='ltr'>et</span> <span class='ocrx_word' id='word_1_4' title='bbox 854 429 1019 466; x_wconf 85' lang='lat' dir='ltr'>suam</span> <span class='ocrx_word' id='word_1_5' title='bbox 1052 413 1305 467; x_wconf 86' lang='lat' dir='ltr'>volentes</span> <span class='ocrx_word' id='word_1_6' title='bbox 1332 417 1686 473; x_wconf 76' lang='lat' dir='ltr'>constituere</span> <span class='ocrx_word' id='word_1_7' title='bbox 1717 420 1890 487; x_wconf 84' lang='lat' dir='ltr'>(Rom.</span> <span class='ocrx_word' id='word_1_8' title='bbox 1925 436 1979 487; x_wconf 85' lang='lat' dir='ltr'>x,</span> <span class='ocrx_word' id='word_1_9' title='bbox 2013 420 2088 490; x_wconf 88' lang='lat'>3),</span> 
     </span>
    </p>
   </div>
   <div class='ocr_carea' id='block_1_3' title="bbox 448 499 2090 577">
    <p class='ocr_par' dir='ltr' id='par_1_3' title="bbox 448 499 2090 577">
     <span class='ocr_line' id='line_1_3' title="bbox 448 499 2090 577; baseline 0.005 -23"><span class='ocrx_word' id='word_1_10' title='bbox 448 499 582 555; x_wconf 83' lang='lat' dir='ltr'>elati</span> <span class='ocrx_word' id='word_1_11' title='bbox 607 500 676 554; x_wconf 92' lang='lat' dir='ltr'>de</span> <span class='ocrx_word' id='word_1_12' title='bbox 698 500 973 570; x_wconf 83' lang='lat' dir='ltr'>operibus</span> <span class='ocrx_word' id='word_1_13' title='bbox 1008 501 1189 572; x_wconf 86' lang='lat' dir='ltr'>Legis.</span> <span class='ocrx_word' id='word_1_14' title='bbox 1228 520 1340 557; x_wconf 91' lang='lat' dir='ltr'>non</span> <span class='ocrx_word' id='word_1_15' title='bbox 1405 504 1698 560; x_wconf 90' lang='lat' dir='ltr'>humiliati</span> <span class='ocrx_word' id='word_1_16' title='bbox 1733 507 1803 561; x_wconf 91' lang='lat' dir='ltr'>de</span> <span class='ocrx_word' id='word_1_17' title='bbox 1836 508 2090 577; x_wconf 86' lang='lat' dir='ltr'>peccatis</span> 
     </span>
    </p>
   </div>
   <div class='ocr_carea' id='block_1_4' title="bbox 447 589 2089 664">
    <p class='ocr_par' dir='ltr' id='par_1_4' title="bbox 447 589 2089 664">
     <span class='ocr_line' id='line_1_4' title="bbox 447 589 2089 664; baseline 0.005 -23"><span class='ocrx_word' id='word_1_18' title='bbox 447 589 591 652; x_wconf 90' lang='lat' dir='ltr'>suis,</span> <span class='ocrx_word' id='word_1_19' title='bbox 623 605 738 642; x_wconf 89' lang='lat' dir='ltr'>non</span> <span class='ocrx_word' id='word_1_20' title='bbox 763 589 1137 659; x_wconf 74' lang='lat' dir='ltr'>quieverunt;</span> <span class='ocrx_word' id='word_1_21' title='bbox 1162 596 1218 646; x_wconf 92' lang='lat' dir='ltr'>et</span> <span class='ocrx_word' id='word_1_22' title='bbox 1245 597 1525 663; x_wconf 83' lang='lat' dir='ltr'>regnante</span> <span class='ocrx_word' id='word_1_23' title='bbox 1549 599 1781 664; x_wconf 91' lang='lat' dir='ltr'>peccato</span> <span class='ocrx_word' id='word_1_24' title='bbox 1805 595 1862 649; x_wconf 93' lang='lat' dir='ltr'>in</span> <span class='ocrx_word' id='word_1_25' title='bbox 1888 611 2089 650; x_wconf 89' lang='lat' dir='ltr'>eorum</span> 
     </span>
    </p>
   </div>
   <div class='ocr_carea' id='block_1_5' title="bbox 445 677 2087 756">
    <p class='ocr_par' dir='ltr' id='par_1_5' title="bbox 445 677 2087 756">
     <span class='ocr_line' id='line_1_5' title="bbox 445 677 2087 756; baseline 0.005 -25"><span class='ocrx_word' id='word_1_26' title='bbox 445 677 676 732; x_wconf 80' lang='lat' dir='ltr'>mortali</span> <span class='ocrx_word' id='word_1_27' title='bbox 707 694 944 748; x_wconf 90' lang='lat' dir='ltr'>corpore</span> <span class='ocrx_word' id='word_1_28' title='bbox 967 678 1037 732; x_wconf 92' lang='lat' dir='ltr'>ad</span> <span class='ocrx_word' id='word_1_29' title='bbox 1071 678 1461 735; x_wconf 90' lang='lat' dir='ltr'>obediendum</span> <span class='ocrx_word' id='word_1_30' title='bbox 1494 683 1800 738; x_wconf 81' lang='lat' dir='ltr'>desideriis</span> <span class='ocrx_word' id='word_1_31' title='bbox 1829 685 1957 753; x_wconf 83' lang='lat' dir='ltr'>ejus</span> <span class='ocrx_word' id='word_1_32' title='bbox 1988 685 2087 756; x_wconf 89' lang='lat' dir='ltr'>(Id.</span> 
     </span>
    </p>
   </div>
   <div class='ocr_carea' id='block_1_6' title="bbox 443 766 2090 841">
    <p class='ocr_par' dir='ltr' id='par_1_6' title="bbox 443 766 2090 841">
     <span class='ocr_line' id='line_1_6' title="bbox 443 766 2090 841; baseline 0.006 -23"><span class='ocrx_word' id='word_1_33' title='bbox 443 781 517 834; x_wconf 79' lang='lat' dir='ltr'>vr,</span> <span class='ocrx_word' id='word_1_34' title='bbox 553 766 658 835; x_wconf 88' lang='grc'>12),</span> <span class='ocrx_word' id='word_1_35' title='bbox 693 766 1060 821; x_wconf 76' lang='lat' dir='ltr'>offenderunt</span> <span class='ocrx_word' id='word_1_36' title='bbox 1103 768 1159 822; x_wconf 93' lang='lat' dir='ltr'>in</span> <span class='ocrx_word' id='word_1_37' title='bbox 1216 770 1466 840; x_wconf 90' lang='lat' dir='ltr'>lapidem</span> <span class='ocrx_word' id='word_1_38' title='bbox 1507 772 1842 827; x_wconf 71' lang='lat' dir='ltr'>offensionis</span> <span class='ocrx_word' id='word_1_39' title='bbox 1883 773 1979 841; x_wconf 87' lang='lat' dir='ltr'>(Id.</span> <span class='ocrx_word' id='word_1_40' title='bbox 2015 791 2090 841; x_wconf 81' lang='lat' dir='ltr'>xv,</span> 
     </span>
    </p>
   </div>
   <div class='ocr_carea' id='block_1_7' title="bbox 440 854 2096 933">
    <p class='ocr_par' dir='ltr' id='par_1_7' title="bbox 440 854 2096 933">
     <span class='ocr_line' id='line_1_7' title="bbox 440 854 2096 933; baseline 0.007 -26"><span class='ocrx_word' id='word_1_41' title='bbox 440 854 551 924; x_wconf 86' lang='lat'>32),</span> <span class='ocrx_word' id='word_1_42' title='bbox 578 859 632 908; x_wconf 89' lang='lat' dir='ltr'>et</span> <span class='ocrx_word' id='word_1_43' title='bbox 663 859 1005 910; x_wconf 86' lang='lat' dir='ltr'>exarserunt</span> <span class='ocrx_word' id='word_1_44' title='bbox 1035 857 1168 912; x_wconf 92' lang='lat' dir='ltr'>odio</span> <span class='ocrx_word' id='word_1_45' title='bbox 1201 859 1476 914; x_wconf 90' lang='lat' dir='ltr'>adversus</span> <span class='ocrx_word' id='word_1_46' title='bbox 1507 877 1663 927; x_wconf 91' lang='lat' dir='ltr'>eum,</span> <span class='ocrx_word' id='word_1_47' title='bbox 1705 861 1874 932; x_wconf 87' lang='lat' dir='ltr'>cujus</span> <span class='ocrx_word' id='word_1_48' title='bbox 1919 879 2096 933; x_wconf 87' lang='lat' dir='ltr'>opera</span> 
     </span>
    </p>
   </div>
   <div class='ocr_carea' id='block_1_8' title="bbox 437 942 2092 1022">
    <p class='ocr_par' dir='ltr' id='par_1_8' title="bbox 437 942 2092 1022">
     <span class='ocr_line' id='line_1_8' title="bbox 437 942 2092 1022; baseline 0.007 -27"><span class='ocrx_word' id='word_1_49' title='bbox 437 942 701 997; x_wconf 80' lang='lat' dir='ltr'>videntes</span> <span class='ocrx_word' id='word_1_50' title='bbox 738 945 848 998; x_wconf 91' lang='lat' dir='ltr'>Deo</span> <span class='ocrx_word' id='word_1_51' title='bbox 876 949 1112 1016; x_wconf 88' lang='lat' dir='ltr'>accepta</span> <span class='ocrx_word' id='word_1_52' title='bbox 1142 962 1290 1012; x_wconf 87' lang='lat' dir='ltr'>esse,</span> <span class='ocrx_word' id='word_1_53' title='bbox 1345 947 1678 1020; x_wconf 87' lang='lat' dir='ltr'>doluerunt,</span> <span class='ocrx_word' id='word_1_54' title='bbox 1731 950 1827 1006; x_wconf 91' lang='lat' dir='ltr'>illo</span> <span class='ocrx_word' id='word_1_55' title='bbox 1854 951 1951 1022; x_wconf 89' lang='lat' dir='ltr'>qui</span> <span class='ocrx_word' id='word_1_56' title='bbox 1984 968 2092 1006; x_wconf 66' lang='lat' dir='ltr'>eie-</span> 
     </span>
    </p>
   </div>
   <div class='ocr_carea' id='block_1_9' title="bbox 442 1034 2091 1112">
    <p class='ocr_par' dir='ltr' id='par_1_9' title="bbox 442 1034 2091 1112">
     <span class='ocr_line' id='line_1_9' title="bbox 442 1034 2091 1112; baseline 0.007 -27"><span class='ocrx_word' id='word_1_57' title='bbox 442 1046 548 1085; x_wconf 91' lang='lat' dir='ltr'>cus</span> <span class='ocrx_word' id='word_1_58' title='bbox 580 1036 755 1086; x_wconf 91' lang='lat' dir='ltr'>natus</span> <span class='ocrx_word' id='word_1_59' title='bbox 781 1034 905 1101; x_wconf 89' lang='lat' dir='ltr'>jam</span> <span class='ocrx_word' id='word_1_60' title='bbox 946 1034 1198 1102; x_wconf 86' lang='lat' dir='ltr'>videbat,</span> <span class='ocrx_word' id='word_1_61' title='bbox 1232 1037 1345 1090; x_wconf 89' lang='lat' dir='ltr'>sibi</span> <span class='ocrx_word' id='word_1_62' title='bbox 1396 1037 1642 1107; x_wconf 78' lang='lat' dir='ltr'>dicente,</span> <span class='ocrx_word' id='word_1_63' title='bbox 1692 1040 1903 1094; x_wconf 86' lang='lat' dir='ltr'>Scimus</span> <span class='ocrx_word' id='word_1_64' title='bbox 1953 1041 2091 1112; x_wconf 88' lang='lat' dir='ltr'>quia</span> 
     </span>
    </p>
   </div>
   <div class='ocr_carea' id='block_1_10' title="bbox 433 1123 2088 1200">
    <p class='ocr_par' dir='ltr' id='par_1_10' title="bbox 433 1123 2088 1200">
     <span class='ocr_line' id='line_1_10' title="bbox 433 1123 2088 1200; baseline 0.007 -28"><span class='ocrx_word' id='word_1_65' title='bbox 433 1123 740 1190; x_wconf 85' lang='lat' dir='ltr'>peccatores</span> <span class='ocrx_word' id='word_1_66' title='bbox 775 1126 917 1175; x_wconf 89' lang='lat' dir='ltr'>Deus</span> <span class='ocrx_word' id='word_1_67' title='bbox 945 1138 1055 1177; x_wconf 81' lang='lat' dir='ltr'>non</span> <span class='ocrx_word' id='word_1_68' title='bbox 1084 1125 1349 1187; x_wconf 84' lang='lat' dir='ltr'>exaudit;</span> <span class='ocrx_word' id='word_1_69' title='bbox 1378 1126 1473 1181; x_wconf 89' lang='lat' dir='ltr'>sed</span> <span class='ocrx_word' id='word_1_70' title='bbox 1528 1129 1624 1197; x_wconf 90' lang='lat' dir='ltr'>qui</span> <span class='ocrx_word' id='word_1_71' title='bbox 1674 1143 1801 1182; x_wconf 83' lang='lat' dir='ltr'>eum</span> <span class='ocrx_word' id='word_1_72' title='bbox 1837 1130 2088 1200; x_wconf 76' lang='lat' dir='ltr'>coluerit,</span> 
     </span>
    </p>
   </div>
   <div class='ocr_carea' id='block_1_11' title="bbox 437 1210 2087 1288">
    <p class='ocr_par' dir='ltr' id='par_1_11' title="bbox 437 1210 2087 1288">
     <span class='ocr_line' id='line_1_11' title="bbox 437 1210 2087 1288; baseline 0.006 -25"><span class='ocrx_word' id='word_1_73' title='bbox 437 1213 489 1263; x_wconf 89' lang='lat' dir='ltr'>et</span> <span class='ocrx_word' id='word_1_74' title='bbox 520 1210 864 1265; x_wconf 73' lang='lat' dir='ltr'>voluntatem</span> <span class='ocrx_word' id='word_1_75' title='bbox 893 1213 1006 1281; x_wconf 84' lang='lat' dir='ltr'>ejus</span> <span class='ocrx_word' id='word_1_76' title='bbox 1025 1213 1389 1281; x_wconf 83' lang='lat' dir='ltr'>fecerit,hunc</span> <span class='ocrx_word' id='word_1_77' title='bbox 1417 1215 1639 1270; x_wconf 86' lang='lat' dir='ltr'>exaudit</span> <span class='ocrx_word' id='word_1_78' title='bbox 1662 1217 1836 1287; x_wconf 85' lang='lat' dir='ltr'>(Joan.</span> <span class='ocrx_word' id='word_1_79' title='bbox 1867 1219 2042 1288; x_wconf 78' lang='lat' dir='ltr'>Ix,31)</span> <span class='ocrx_word' id='word_1_80' title='bbox 2073 1233 2087 1273; x_wconf 89' lang='lat'>:</span> 
     </span>
    </p>
   </div>
   <div class='ocr_carea' id='block_1_12' title="bbox 437 1299 2089 1374">
    <p class='ocr_par' dir='ltr' id='par_1_12' title="bbox 437 1299 2089 1374">
     <span class='ocr_line' id='line_1_12' title="bbox 437 1299 2089 1374; baseline 0.007 -24"><span class='ocrx_word' id='word_1_81' title='bbox 437 1301 717 1368; x_wconf 80' lang='lat' dir='ltr'>tanquam</span> <span class='ocrx_word' id='word_1_82' title='bbox 750 1299 859 1354; x_wconf 91' lang='lat' dir='ltr'>hoc</span> <span class='ocrx_word' id='word_1_83' title='bbox 911 1299 994 1354; x_wconf 88' lang='lat' dir='ltr'>eis</span> <span class='ocrx_word' id='word_1_84' title='bbox 1045 1302 1281 1371; x_wconf 85' lang='lat' dir='ltr'>diceret,</span> <span class='ocrx_word' id='word_1_85' title='bbox 1334 1320 1511 1374; x_wconf 85' lang='lat' dir='ltr'>super</span> <span class='ocrx_word' id='word_1_86' title='bbox 1553 1306 1904 1360; x_wconf 78' lang='lat' dir='ltr'>sacriﬁcium</span> <span class='ocrx_word' id='word_1_87' title='bbox 1950 1306 2089 1361; x_wconf 90' lang='lat' dir='ltr'>Cain</span> 
     </span>
    </p>
   </div>
   <div class='ocr_carea' id='block_1_13' title="bbox 439 1388 2088 1466">
    <p class='ocr_par' dir='ltr' id='par_1_13' title="bbox 439 1388 2088 1466">
     <span class='ocr_line' id='line_1_13' title="bbox 439 1388 2088 1466; baseline 0.005 -26"><span class='ocrx_word' id='word_1_88' title='bbox 439 1402 549 1441; x_wconf 93' lang='lat' dir='ltr'>non</span> <span class='ocrx_word' id='word_1_89' title='bbox 589 1388 842 1458; x_wconf 85' lang='lat' dir='ltr'>respicit,</span> <span class='ocrx_word' id='word_1_90' title='bbox 879 1390 984 1458; x_wconf 90' lang='lat' dir='ltr'>ped</span> <span class='ocrx_word' id='word_1_91' title='bbox 1013 1406 1190 1460; x_wconf 87' lang='lat' dir='ltr'>super</span> <span class='ocrx_word' id='word_1_92' title='bbox 1241 1393 1593 1447; x_wconf 80' lang='lat' dir='ltr'>sacrificium</span> <span class='ocrx_word' id='word_1_93' title='bbox 1641 1395 1779 1448; x_wconf 90' lang='lat' dir='ltr'>Abel</span> <span class='ocrx_word' id='word_1_94' title='bbox 1832 1395 2088 1466; x_wconf 81' lang='lat' dir='ltr'>respicit,</span> 
     </span>
    </p>
   </div>
   <div class='ocr_carea' id='block_1_14' title="bbox 436 1475 2092 1553">
    <p class='ocr_par' dir='ltr' id='par_1_14' title="bbox 436 1475 2092 1553">
     <span class='ocr_line' id='line_1_14' title="bbox 436 1475 2092 1553; baseline 0.005 -24"><span class='ocrx_word' id='word_1_95' title='bbox 436 1475 536 1529; x_wconf 90' lang='lat' dir='ltr'>sed</span> <span class='ocrx_word' id='word_1_96' title='bbox 571 1493 748 1546; x_wconf 90' lang='lat' dir='ltr'>super</span> <span class='ocrx_word' id='word_1_97' title='bbox 771 1477 1125 1532; x_wconf 81' lang='lat' dir='ltr'>sacrificium</span> <span class='ocrx_word' id='word_1_98' title='bbox 1158 1479 1296 1534; x_wconf 93' lang='lat' dir='ltr'>Abel</span> <span class='ocrx_word' id='word_1_99' title='bbox 1331 1483 1585 1552; x_wconf 86' lang='lat' dir='ltr'>respicit.</span> <span class='ocrx_word' id='word_1_100' title='bbox 1624 1482 1824 1553; x_wconf 92' lang='lat' dir='ltr'>Itaque</span> <span class='ocrx_word' id='word_1_101' title='bbox 1877 1485 2092 1538; x_wconf 86' lang='lat' dir='ltr'>occidi-</span> 
     </span>
    </p>
   </div>
   <div class='ocr_carea' id='block_1_15' title="bbox 435 1565 2087 1638">
    <p class='ocr_par' dir='ltr' id='par_1_15' title="bbox 435 1565 2087 1638">
     <span class='ocr_line' id='line_1_15' title="bbox 435 1565 2087 1638; baseline 0.005 -20"><span class='ocrx_word' id='word_1_102' title='bbox 435 1567 531 1618; x_wconf 88' lang='lat' dir='ltr'>tur</span> <span class='ocrx_word' id='word_1_103' title='bbox 562 1565 704 1619; x_wconf 85' lang='lat' dir='ltr'>Abel</span> <span class='ocrx_word' id='word_1_104' title='bbox 738 1566 928 1620; x_wconf 90' lang='lat' dir='ltr'>minor</span> <span class='ocrx_word' id='word_1_105' title='bbox 958 1572 1095 1620; x_wconf 88' lang='lat' dir='ltr'>natu</span> <span class='ocrx_word' id='word_1_106' title='bbox 1141 1584 1174 1621; x_wconf 91' lang='lat' dir='ltr'>a</span> <span class='ocrx_word' id='word_1_107' title='bbox 1203 1568 1380 1623; x_wconf 84' lang='lat' dir='ltr'>fratre</span> <span class='ocrx_word' id='word_1_108' title='bbox 1414 1573 1633 1638; x_wconf 78' lang='lat' dir='ltr'>majore</span> <span class='ocrx_word' id='word_1_109' title='bbox 1666 1577 1836 1626; x_wconf 89' lang='lat' dir='ltr'>natu:</span> <span class='ocrx_word' id='word_1_110' title='bbox 1877 1572 2087 1626; x_wconf 82' lang='lat' dir='ltr'>occidi-</span> 
     </span>
    </p>
   </div>
   <div class='ocr_carea' id='block_1_16' title="bbox 437 1654 2088 1731">
    <p class='ocr_par' dir='ltr' id='par_1_16' title="bbox 437 1654 2088 1731">
     <span class='ocr_line' id='line_1_16' title="bbox 437 1654 2088 1731; baseline 0.006 -25"><span class='ocrx_word' id='word_1_111' title='bbox 437 1657 532 1706; x_wconf 88' lang='lat' dir='ltr'>tur</span> <span class='ocrx_word' id='word_1_112' title='bbox 569 1654 834 1708; x_wconf 88' lang='lat' dir='ltr'>Christus</span> <span class='ocrx_word' id='word_1_113' title='bbox 868 1659 1043 1726; x_wconf 87' lang='lat' dir='ltr'>caput</span> <span class='ocrx_word' id='word_1_114' title='bbox 1074 1657 1272 1726; x_wconf 91' lang='lat' dir='ltr'>populi</span> <span class='ocrx_word' id='word_1_115' title='bbox 1316 1658 1560 1714; x_wconf 88' lang='lat' dir='ltr'>minoris</span> <span class='ocrx_word' id='word_1_116' title='bbox 1610 1665 1747 1714; x_wconf 91' lang='lat' dir='ltr'>natu</span> <span class='ocrx_word' id='word_1_117' title='bbox 1800 1678 1832 1714; x_wconf 89' lang='lat' dir='ltr'>a</span> <span class='ocrx_word' id='word_1_118' title='bbox 1876 1661 2088 1731; x_wconf 91' lang='lat' dir='ltr'>populo</span> 
     </span>
    </p>
   </div>
   <div class='ocr_carea' id='block_1_17' title="bbox 438 1741 2088 1819">
    <p class='ocr_par' dir='ltr' id='par_1_17' title="bbox 438 1741 2088 1819">
     <span class='ocr_line' id='line_1_17' title="bbox 438 1741 2088 1819; baseline 0.005 -23"><span class='ocrx_word' id='word_1_119' title='bbox 438 1741 775 1796; x_wconf 76' lang='lat' dir='ltr'>Judzsorum</span> <span class='ocrx_word' id='word_1_120' title='bbox 810 1745 1028 1813; x_wconf 81' lang='lat' dir='ltr'>majore</span> <span class='ocrx_word' id='word_1_121' title='bbox 1062 1751 1200 1799; x_wconf 89' lang='lat' dir='ltr'>natu</span> <span class='ocrx_word' id='word_1_122' title='bbox 1234 1761 1246 1799; x_wconf 90' lang='lat'>:</span> <span class='ocrx_word' id='word_1_123' title='bbox 1281 1745 1377 1801; x_wconf 91' lang='lat' dir='ltr'>ille</span> <span class='ocrx_word' id='word_1_124' title='bbox 1408 1746 1466 1801; x_wconf 92' lang='lat' dir='ltr'>in</span> <span class='ocrx_word' id='word_1_125' title='bbox 1490 1764 1715 1819; x_wconf 90' lang='lat' dir='ltr'>campo,</span> <span class='ocrx_word' id='word_1_126' title='bbox 1743 1749 1847 1802; x_wconf 89' lang='lat' dir='ltr'>iste</span> <span class='ocrx_word' id='word_1_127' title='bbox 1869 1749 1924 1802; x_wconf 92' lang='lat' dir='ltr'>in</span> <span class='ocrx_word' id='word_1_128' title='bbox 1961 1748 2088 1804; x_wconf 89' lang='lat' dir='ltr'>Cal-</span> 
     </span>
    </p>
   </div>
   <div class='ocr_carea' id='block_1_18' title="bbox 439 1830 783 1886">
    <p class='ocr_par' dir='ltr' id='par_1_18' title="bbox 439 1830 783 1886">
     <span class='ocr_line' id='line_1_18' title="bbox 439 1830 783 1886; baseline 0 -1"><span class='ocrx_word' id='word_1_129' title='bbox 439 1830 609 1886; x_wconf 70' lang='lat' dir='ltr'>varia:</span> <span class='ocrx_word' id='word_1_130' title='bbox 637 1831 783 1885; x_wconf 92' lang='lat' dir='ltr'>loco.</span> 
     </span>
    </p>
   </div>
   <div class='ocr_carea' id='block_1_19' title="bbox 511 1972 2088 2051">
    <p class='ocr_par' dir='ltr' id='par_1_19' title="bbox 511 1972 2088 2051">
     <span class='ocr_line' id='line_1_19' title="bbox 511 1972 2088 2051; baseline 0.006 -24"><span class='ocrx_word' id='word_1_131' title='bbox 511 1972 740 2028; x_wconf 87' lang='lat' dir='ltr'>CAPUT</span> <span class='ocrx_word' id='word_1_132' title='bbox 771 1972 833 2028; x_wconf 83' lang='grc' dir='ltr'><strong>Χ.</strong></span> <span class='ocrx_word' id='word_1_133' title='bbox 866 2003 933 2014; x_wconf 88' lang='lat'><strong>-</strong></span> <span class='ocrx_word' id='word_1_134' title='bbox 966 1973 1288 2046; x_wconf 89' lang='lat' dir='ltr'>Interrogat</span> <span class='ocrx_word' id='word_1_135' title='bbox 1320 1981 1468 2031; x_wconf 88' lang='lat' dir='ltr'>Deus</span> <span class='ocrx_word' id='word_1_136' title='bbox 1499 1978 1657 2046; x_wconf 88' lang='lat' dir='ltr'>Cain,</span> <span class='ocrx_word' id='word_1_137' title='bbox 1679 1995 1792 2033; x_wconf 91' lang='lat' dir='ltr'>non</span> <span class='ocrx_word' id='word_1_138' title='bbox 1809 1984 2088 2051; x_wconf 87' lang='lat' dir='ltr'>tanquam</span> 
     </span>
    </p>
   </div>
   <div class='ocr_carea' id='block_1_20' title="bbox 439 2062 2085 2138">
    <p class='ocr_par' dir='ltr' id='par_1_20' title="bbox 439 2062 2085 2138">
     <span class='ocr_line' id='line_1_20' title="bbox 439 2062 2085 2138; baseline 0.005 -22"><span class='ocrx_word' id='word_1_139' title='bbox 439 2062 681 2132; x_wconf 86' lang='lat' dir='ltr'>ignarus</span> <span class='ocrx_word' id='word_1_140' title='bbox 713 2079 846 2117; x_wconf 88' lang='lat' dir='ltr'>eum</span> <span class='ocrx_word' id='word_1_141' title='bbox 878 2080 910 2117; x_wconf 88' lang='lat' dir='ltr'>a</span> <span class='ocrx_word' id='word_1_142' title='bbox 931 2079 1047 2134; x_wconf 93' lang='lat' dir='ltr'>quo</span> <span class='ocrx_word' id='word_1_143' title='bbox 1067 2065 1275 2133; x_wconf 85' lang='lat' dir='ltr'>discat,</span> <span class='ocrx_word' id='word_1_144' title='bbox 1300 2066 1399 2121; x_wconf 91' lang='lat' dir='ltr'>sed</span> <span class='ocrx_word' id='word_1_145' title='bbox 1426 2069 1898 2138; x_wconf 85' lang='lat' dir='ltr'>tanquamjudex</span> <span class='ocrx_word' id='word_1_146' title='bbox 1921 2086 2085 2125; x_wconf 89' lang='lat' dir='ltr'>reum</span> 
     </span>
    </p>
   </div>
   <div class='ocr_carea' id='block_1_21' title="bbox 441 2151 2084 2228">
    <p class='ocr_par' dir='ltr' id='par_1_21' title="bbox 441 2151 2084 2228">
     <span class='ocr_line' id='line_1_21' title="bbox 441 2151 2084 2228; baseline 0.006 -24"><span class='ocrx_word' id='word_1_147' title='bbox 441 2167 614 2221; x_wconf 88' lang='lat' dir='ltr'>quem</span> <span class='ocrx_word' id='word_1_148' title='bbox 646 2151 869 2223; x_wconf 89' lang='lat' dir='ltr'>puniat,</span> <span class='ocrx_word' id='word_1_149' title='bbox 896 2153 993 2208; x_wconf 91' lang='lat' dir='ltr'>ubi</span> <span class='ocrx_word' id='word_1_150' title='bbox 1027 2153 1103 2208; x_wconf 86' lang='lat' dir='ltr'>sit</span> <span class='ocrx_word' id='word_1_151' title='bbox 1128 2154 1303 2210; x_wconf 80' lang='lat' dir='ltr'>frater</span> <span class='ocrx_word' id='word_1_152' title='bbox 1333 2157 1480 2226; x_wconf 90' lang='lat' dir='ltr'>ejus.</span> <span class='ocrx_word' id='word_1_153' title='bbox 1509 2157 1838 2228; x_wconf 83' lang='lat' dir='ltr'>Respondet</span> <span class='ocrx_word' id='word_1_154' title='bbox 1861 2159 1955 2213; x_wconf 90' lang='lat' dir='ltr'>ille</span> <span class='ocrx_word' id='word_1_155' title='bbox 1986 2175 2084 2214; x_wconf 90' lang='lat' dir='ltr'>ne-</span> 
     </span>
    </p>
   </div>
   <div class='ocr_carea' id='block_1_22' title="bbox 446 2239 2085 2318">
    <p class='ocr_par' dir='ltr' id='par_1_22' title="bbox 446 2239 2085 2318">
     <span class='ocr_line' id='line_1_22' title="bbox 446 2239 2085 2318; baseline 0.006 -24"><span class='ocrx_word' id='word_1_156' title='bbox 446 2239 596 2295; x_wconf 86' lang='lat' dir='ltr'>scire</span> <span class='ocrx_word' id='word_1_157' title='bbox 631 2257 692 2294; x_wconf 91' lang='lat' dir='ltr'>se</span> <span class='ocrx_word' id='word_1_158' title='bbox 723 2257 826 2294; x_wconf 89' lang='lat' dir='ltr'>nec</span> <span class='ocrx_word' id='word_1_159' title='bbox 857 2243 984 2311; x_wconf 90' lang='lat' dir='ltr'>ejus</span> <span class='ocrx_word' id='word_1_160' title='bbox 1029 2258 1089 2298; x_wconf 90' lang='lat' dir='ltr'>se</span> <span class='ocrx_word' id='word_1_161' title='bbox 1140 2260 1266 2298; x_wconf 86' lang='lat' dir='ltr'>esse</span> <span class='ocrx_word' id='word_1_162' title='bbox 1316 2247 1640 2300; x_wconf 86' lang='lat' dir='ltr'>custodem.</span> <span class='ocrx_word' id='word_1_163' title='bbox 1677 2247 1869 2318; x_wconf 89' lang='lat' dir='ltr'>Usque</span> <span class='ocrx_word' id='word_1_164' title='bbox 1894 2249 2085 2304; x_wconf 88' lang='lat' dir='ltr'>adhuc</span> 
     </span>
    </p>
   </div>
   <div class='ocr_carea' id='block_1_23' title="bbox 443 2329 2086 2401">
    <p class='ocr_par' dir='ltr' id='par_1_23' title="bbox 443 2329 2086 2401">
     <span class='ocr_line' id='line_1_23' title="bbox 443 2329 2086 2401; baseline 0.006 -19"><span class='ocrx_word' id='word_1_165' title='bbox 443 2329 580 2397; x_wconf 91' lang='lat' dir='ltr'>quid</span> <span class='ocrx_word' id='word_1_166' title='bbox 606 2329 773 2385; x_wconf 90' lang='lat' dir='ltr'>nobis</span> <span class='ocrx_word' id='word_1_167' title='bbox 800 2332 1155 2401; x_wconf 90' lang='lat' dir='ltr'>respondent</span> <span class='ocrx_word' id='word_1_168' title='bbox 1174 2331 1381 2399; x_wconf 85' lang='lat' dir='ltr'>Judaei,</span> <span class='ocrx_word' id='word_1_169' title='bbox 1413 2351 1542 2389; x_wconf 87' lang='lat' dir='ltr'>cum</span> <span class='ocrx_word' id='word_1_170' title='bbox 1575 2352 1672 2389; x_wconf 88' lang='lat' dir='ltr'>eos</span> <span class='ocrx_word' id='word_1_171' title='bbox 1695 2337 1793 2390; x_wconf 86' lang='lat' dir='ltr'>Dei</span> <span class='ocrx_word' id='word_1_172' title='bbox 1820 2353 1954 2391; x_wconf 93' lang='lat' dir='ltr'>voce</span> <span class='ocrx_word' id='word_1_173' title='bbox 1978 2337 2086 2393; x_wconf 90' lang='lat' dir='ltr'>hoc</span> 
     </span>
    </p>
   </div>
   <div class='ocr_carea' id='block_1_24' title="bbox 438 2419 2085 2496">
    <p class='ocr_par' dir='ltr' id='par_1_24' title="bbox 438 2419 2085 2496">
     <span class='ocr_line' id='line_1_24' title="bbox 438 2419 2085 2496; baseline 0.006 -25"><span class='ocrx_word' id='word_1_174' title='bbox 438 2421 544 2481; x_wconf 88' lang='lat' dir='ltr'>est,</span> <span class='ocrx_word' id='word_1_175' title='bbox 579 2422 911 2473; x_wconf 89' lang='lat' dir='ltr'>sanctarum</span> <span class='ocrx_word' id='word_1_176' title='bbox 935 2419 1518 2490; x_wconf 89' lang='lat' dir='ltr'>Scripturarumvoee</span> <span class='ocrx_word' id='word_1_177' title='bbox 1547 2423 1984 2496; x_wconf 83' lang='lat' dir='ltr'>interrogamus</span> <span class='ocrx_word' id='word_1_178' title='bbox 2015 2427 2085 2482; x_wconf 89' lang='lat' dir='ltr'>de</span> 
     </span>
    </p>
   </div>
   <div class='ocr_carea' id='block_1_25' title="bbox 437 2506 2085 2583">
    <p class='ocr_par' dir='ltr' id='par_1_25' title="bbox 437 2506 2085 2583">
     <span class='ocr_line' id='line_1_25' title="bbox 437 2506 2085 2583; baseline 0.007 -24"><span class='ocrx_word' id='word_1_179' title='bbox 437 2506 686 2572; x_wconf 85' lang='lat' dir='ltr'>Christo,</span> <span class='ocrx_word' id='word_1_180' title='bbox 720 2508 833 2562; x_wconf 88' lang='lat' dir='ltr'>nisi</span> <span class='ocrx_word' id='word_1_181' title='bbox 865 2509 1088 2563; x_wconf 88' lang='lat' dir='ltr'>nescire</span> <span class='ocrx_word' id='word_1_182' title='bbox 1143 2526 1205 2564; x_wconf 88' lang='lat' dir='ltr'>se</span> <span class='ocrx_word' id='word_1_183' title='bbox 1245 2510 1545 2566; x_wconf 83' lang='lat' dir='ltr'>Christum</span> <span class='ocrx_word' id='word_1_184' title='bbox 1577 2529 1752 2583; x_wconf 91' lang='lat' dir='ltr'>quem</span> <span class='ocrx_word' id='word_1_185' title='bbox 1785 2514 2034 2570; x_wconf 87' lang='lat' dir='ltr'>dicimus</span> <span class='ocrx_word' id='word_1_186' title='bbox 2064 2519 2085 2570; x_wconf 75' lang='grc' dir='ltr'><strong><em>Ρ</em></strong></span> 
     </span>
    </p>
   </div>
   <div class='ocr_carea' id='block_1_26' title="bbox 437 2594 2084 2668">
    <p class='ocr_par' dir='ltr' id='par_1_26' title="bbox 437 2594 2084 2668">
     <span class='ocr_line' id='line_1_26' title="bbox 437 2594 2084 2668; baseline 0.007 -21"><span class='ocrx_word' id='word_1_187' title='bbox 437 2594 632 2649; x_wconf 85' lang='lat' dir='ltr'>Fallax</span> <span class='ocrx_word' id='word_1_188' title='bbox 653 2594 808 2650; x_wconf 90' lang='lat' dir='ltr'>enim</span> <span class='ocrx_word' id='word_1_189' title='bbox 840 2596 978 2652; x_wconf 89' lang='lat' dir='ltr'>Cain</span> <span class='ocrx_word' id='word_1_190' title='bbox 1003 2596 1310 2668; x_wconf 84' lang='lat' dir='ltr'>ignoratio,</span> <span class='ocrx_word' id='word_1_191' title='bbox 1343 2599 1677 2655; x_wconf 68' lang='lat' dir='ltr'>Judaaorum</span> <span class='ocrx_word' id='word_1_192' title='bbox 1702 2607 1790 2656; x_wconf 87' lang='lat' dir='ltr'>est</span> <span class='ocrx_word' id='word_1_193' title='bbox 1821 2602 1967 2658; x_wconf 84' lang='lat' dir='ltr'>falsa</span> <span class='ocrx_word' id='word_1_194' title='bbox 1991 2622 2084 2660; x_wconf 85' lang='lat' dir='ltr'>ne-</span> 
     </span>
    </p>
   </div>
   <div class='ocr_carea' id='block_1_27' title="bbox 435 2684 2080 2758">
    <p class='ocr_par' dir='ltr' id='par_1_27' title="bbox 435 2684 2080 2758">
     <span class='ocr_line' id='line_1_27' title="bbox 435 2684 2080 2758; baseline 0.007 -21"><span class='ocrx_word' id='word_1_195' title='bbox 435 2684 609 2754; x_wconf 87' lang='lat' dir='ltr'>gatio.</span> <span class='ocrx_word' id='word_1_196' title='bbox 634 2685 838 2738; x_wconf 85' lang='lat' dir='ltr'>Essent</span> <span class='ocrx_word' id='word_1_197' title='bbox 859 2688 1054 2740; x_wconf 84' lang='lat' dir='ltr'>autem</span> <span class='ocrx_word' id='word_1_198' title='bbox 1079 2687 1332 2757; x_wconf 88' lang='lat' dir='ltr'>quodam</span> <span class='ocrx_word' id='word_1_199' title='bbox 1352 2689 1523 2742; x_wconf 90' lang='lat' dir='ltr'>modo</span> <span class='ocrx_word' id='word_1_200' title='bbox 1545 2688 1759 2744; x_wconf 89' lang='lat' dir='ltr'>Christi</span> <span class='ocrx_word' id='word_1_201' title='bbox 1785 2693 2080 2758; x_wconf 83' lang='lat' dir='ltr'>custodes,</span> 
     </span>
    </p>
   </div>
   <div class='ocr_carea' id='block_1_28' title="bbox 434 2771 2081 2847">
    <p class='ocr_par' dir='ltr' id='par_1_28' title="bbox 434 2771 2081 2847">
     <span class='ocr_line' id='line_1_28' title="bbox 434 2771 2081 2847; baseline 0.006 -21"><span class='ocrx_word' id='word_1_202' title='bbox 434 2773 482 2826; x_wconf 88' lang='lat' dir='ltr'>si</span> <span class='ocrx_word' id='word_1_203' title='bbox 505 2771 885 2828; x_wconf 88' lang='lat' dir='ltr'>christianam</span> <span class='ocrx_word' id='word_1_204' title='bbox 917 2773 1091 2830; x_wconf 88' lang='lat' dir='ltr'>ﬁdem</span> <span class='ocrx_word' id='word_1_205' title='bbox 1125 2777 1383 2847; x_wconf 85' lang='lat' dir='ltr'>accipere</span> <span class='ocrx_word' id='word_1_206' title='bbox 1427 2781 1482 2832; x_wconf 90' lang='lat' dir='ltr'>et</span> <span class='ocrx_word' id='word_1_207' title='bbox 1521 2779 1816 2835; x_wconf 88' lang='lat' dir='ltr'>custodire</span> <span class='ocrx_word' id='word_1_208' title='bbox 1863 2781 2081 2836; x_wconf 89' lang='lat' dir='ltr'>voluis-</span> 
     </span>
    </p>
   </div>
   <div class='ocr_carea' id='block_1_29' title="bbox 434 2862 2081 2936">
    <p class='ocr_par' dir='ltr' id='par_1_29' title="bbox 434 2862 2081 2936">
     <span class='ocr_line' id='line_1_29' title="bbox 434 2862 2081 2936; baseline 0.005 -20"><span class='ocrx_word' id='word_1_209' title='bbox 434 2866 581 2916; x_wconf 87' lang='lat' dir='ltr'>sent.</span> <span class='ocrx_word' id='word_1_210' title='bbox 611 2862 755 2917; x_wconf 87' lang='lat' dir='ltr'>Nam</span> <span class='ocrx_word' id='word_1_211' title='bbox 789 2863 889 2934; x_wconf 90' lang='lat' dir='ltr'>qui</span> <span class='ocrx_word' id='word_1_212' title='bbox 920 2865 1176 2920; x_wconf 87' lang='lat' dir='ltr'>custodit</span> <span class='ocrx_word' id='word_1_213' title='bbox 1205 2865 1263 2920; x_wconf 92' lang='lat' dir='ltr'>in</span> <span class='ocrx_word' id='word_1_214' title='bbox 1295 2867 1466 2921; x_wconf 91' lang='lat' dir='ltr'>corde</span> <span class='ocrx_word' id='word_1_215' title='bbox 1490 2884 1595 2922; x_wconf 91' lang='lat' dir='ltr'>suo</span> <span class='ocrx_word' id='word_1_216' title='bbox 1618 2867 1938 2936; x_wconf 88' lang='lat' dir='ltr'>Christum,</span> <span class='ocrx_word' id='word_1_217' title='bbox 1966 2887 2081 2925; x_wconf 91' lang='lat' dir='ltr'>non</span> 
     </span>
    </p>
   </div>
   <div class='ocr_carea' id='block_1_30' title="bbox 435 2950 2082 3031">
    <p class='ocr_par' dir='ltr' id='par_1_30' title="bbox 435 2950 2082 3031">
     <span class='ocr_line' id='line_1_30' title="bbox 435 2950 2082 3031; baseline 0.007 -28"><span class='ocrx_word' id='word_1_218' title='bbox 435 2950 574 3005; x_wconf 91' lang='lat' dir='ltr'>dicit</span> <span class='ocrx_word' id='word_1_219' title='bbox 605 2952 756 3022; x_wconf 90' lang='lat' dir='ltr'>quod</span> <span class='ocrx_word' id='word_1_220' title='bbox 805 2951 963 3023; x_wconf 89' lang='lat' dir='ltr'>Cain,</span> <span class='ocrx_word' id='word_1_221' title='bbox 1014 2954 1290 3025; x_wconf 81' lang='lat' dir='ltr'>Numquid</span> <span class='ocrx_word' id='word_1_222' title='bbox 1345 2972 1443 3024; x_wconf 87' lang='lat' dir='ltr'>ego</span> <span class='ocrx_word' id='word_1_223' title='bbox 1473 2966 1654 3013; x_wconf 87' lang='lat' dir='ltr'>custos</span> <span class='ocrx_word' id='word_1_224' title='bbox 1705 2973 1826 3012; x_wconf 87' lang='lat' dir='ltr'>sum</span> <span class='ocrx_word' id='word_1_225' title='bbox 1877 2958 2082 3031; x_wconf 82' lang='lat' dir='ltr'>fratris</span> 
     </span>
    </p>
   </div>
   <div class='ocr_carea' id='block_1_31' title="bbox 432 3040 2081 3116">
    <p class='ocr_par' dir='ltr' id='par_1_31' title="bbox 432 3040 2081 3116">
     <span class='ocr_line' id='line_1_31' title="bbox 432 3040 2081 3116; baseline 0.008 -25"><span class='ocrx_word' id='word_1_226' title='bbox 432 3040 576 3091; x_wconf 74' lang='lat' dir='ltr'>mei?</span> <span class='ocrx_word' id='word_1_227' title='bbox 605 3040 750 3094; x_wconf 86' lang='lat' dir='ltr'>Dicit</span> <span class='ocrx_word' id='word_1_228' title='bbox 780 3041 916 3095; x_wconf 84' lang='lat' dir='ltr'>Deus</span> <span class='ocrx_word' id='word_1_229' title='bbox 976 3041 1112 3096; x_wconf 84' lang='lat' dir='ltr'>Cain</span> <span class='ocrx_word' id='word_1_230' title='bbox 1138 3059 1151 3097; x_wconf 90' lang='lat'>:</span> <span class='ocrx_word' id='word_1_231' title='bbox 1214 3043 1351 3111; x_wconf 85' lang='lat' dir='ltr'>Quid</span> <span class='ocrx_word' id='word_1_232' title='bbox 1379 3047 1588 3115; x_wconf 82' lang='lat' dir='ltr'>fecisti?</span> <span class='ocrx_word' id='word_1_233' title='bbox 1648 3052 1763 3102; x_wconf 77' lang='lat' dir='ltr'>Vox</span> <span class='ocrx_word' id='word_1_234' title='bbox 1789 3050 2081 3116; x_wconf 83' lang='lat' dir='ltr'>sanguinis</span> 
     </span>
    </p>
   </div>
   <div class='ocr_carea' id='block_1_32' title="bbox 432 3129 2080 3207">
    <p class='ocr_par' dir='ltr' id='par_1_32' title="bbox 432 3129 2080 3207">
     <span class='ocr_line' id='line_1_32' title="bbox 432 3129 2080 3207; baseline 0.008 -28"><span class='ocrx_word' id='word_1_235' title='bbox 432 3129 628 3197; x_wconf 71' lang='lat' dir='ltr'>fratris</span> <span class='ocrx_word' id='word_1_236' title='bbox 659 3130 743 3182; x_wconf 89' lang='lat' dir='ltr'>tui</span> <span class='ocrx_word' id='word_1_237' title='bbox 762 3130 967 3184; x_wconf 85' lang='lat' dir='ltr'>clamat</span> <span class='ocrx_word' id='word_1_238' title='bbox 997 3131 1065 3185; x_wconf 82' lang='lat' dir='ltr'>ad</span> <span class='ocrx_word' id='word_1_239' title='bbox 1095 3147 1184 3186; x_wconf 89' lang='lat' dir='ltr'>me</span> <span class='ocrx_word' id='word_1_240' title='bbox 1204 3133 1268 3186; x_wconf 90' lang='lat' dir='ltr'>de</span> <span class='ocrx_word' id='word_1_241' title='bbox 1299 3136 1469 3187; x_wconf 87' lang='lat' dir='ltr'>terra.</span> <span class='ocrx_word' id='word_1_242' title='bbox 1498 3134 1591 3189; x_wconf 90' lang='lat' dir='ltr'>Sic</span> <span class='ocrx_word' id='word_1_243' title='bbox 1623 3135 1814 3207; x_wconf 85' lang='lat' dir='ltr'>arguit</span> <span class='ocrx_word' id='word_1_244' title='bbox 1847 3137 1904 3191; x_wconf 92' lang='lat' dir='ltr'>in</span> <span class='ocrx_word' id='word_1_245' title='bbox 1925 3136 2080 3192; x_wconf 85' lang='lat' dir='ltr'>Scri—</span> 
     </span>
    </p>
   </div>
   <div class='ocr_carea' id='block_1_33' title="bbox 433 3215 2075 3286">
    <p class='ocr_par' dir='ltr' id='par_1_33' title="bbox 433 3215 2075 3286">
     <span class='ocr_line' id='line_1_33' title="bbox 433 3215 2075 3286; baseline 0.007 -16"><span class='ocrx_word' id='word_1_246' title='bbox 433 3215 624 3286; x_wconf 89' lang='lat' dir='ltr'>pturis</span> <span class='ocrx_word' id='word_1_247' title='bbox 655 3217 874 3272; x_wconf 90' lang='lat' dir='ltr'>sanctis</span> <span class='ocrx_word' id='word_1_248' title='bbox 907 3236 1015 3274; x_wconf 84' lang='lat' dir='ltr'>vox</span> <span class='ocrx_word' id='word_1_249' title='bbox 1038 3219 1232 3275; x_wconf 86' lang='lat' dir='ltr'>divina</span> <span class='ocrx_word' id='word_1_250' title='bbox 1251 3221 1503 3278; x_wconf 70' lang='lat' dir='ltr'>JUdiBOS.</span> <span class='ocrx_word' id='word_1_251' title='bbox 1537 3223 1720 3278; x_wconf 81' lang='lat' dir='ltr'>Habet</span> <span class='ocrx_word' id='word_1_252' title='bbox 1751 3225 1904 3280; x_wconf 89' lang='lat' dir='ltr'>enim</span> <span class='ocrx_word' id='word_1_253' title='bbox 1949 3242 2075 3282; x_wconf 85' lang='lat' dir='ltr'>ma-</span> 
     </span>
    </p>
   </div>
   <div class='ocr_carea' id='block_1_34' title="bbox 433 3307 2077 3383">
    <p class='ocr_par' dir='ltr' id='par_1_34' title="bbox 433 3307 2077 3383">
     <span class='ocr_line' id='line_1_34' title="bbox 433 3307 2077 3383; baseline 0.008 -26"><span class='ocrx_word' id='word_1_254' title='bbox 433 3321 608 3375; x_wconf 81' lang='lat' dir='ltr'>gnam</span> <span class='ocrx_word' id='word_1_255' title='bbox 643 3322 842 3361; x_wconf 91' lang='lat' dir='ltr'>vocem</span> <span class='ocrx_word' id='word_1_256' title='bbox 875 3307 1086 3362; x_wconf 88' lang='lat' dir='ltr'>Christi</span> <span class='ocrx_word' id='word_1_257' title='bbox 1119 3311 1360 3380; x_wconf 82' lang='lat' dir='ltr'>sanguis</span> <span class='ocrx_word' id='word_1_258' title='bbox 1390 3310 1450 3364; x_wconf 93' lang='lat' dir='ltr'>in</span> <span class='ocrx_word' id='word_1_259' title='bbox 1481 3317 1654 3383; x_wconf 88' lang='lat' dir='ltr'>terra,</span> <span class='ocrx_word' id='word_1_260' title='bbox 1675 3330 1809 3368; x_wconf 91' lang='lat' dir='ltr'>cum</span> <span class='ocrx_word' id='word_1_261' title='bbox 1827 3331 1891 3369; x_wconf 93' lang='lat' dir='ltr'>eo</span> <span class='ocrx_word' id='word_1_262' title='bbox 1917 3331 2077 3370; x_wconf 89' lang='lat' dir='ltr'>acce-</span> 
     </span>
    </p>
   </div>
   <div class='ocr_carea' id='block_1_35' title="bbox 432 3395 2079 3470">
    <p class='ocr_par' dir='ltr' id='par_1_35' title="bbox 432 3395 2079 3470">
     <span class='ocr_line' id='line_1_35' title="bbox 432 3395 2079 3470; baseline 0.008 -23"><span class='ocrx_word' id='word_1_263' title='bbox 432 3398 530 3464; x_wconf 90' lang='lat' dir='ltr'>pto</span> <span class='ocrx_word' id='word_1_264' title='bbox 563 3395 632 3449; x_wconf 88' lang='lat' dir='ltr'>ab</span> <span class='ocrx_word' id='word_1_265' title='bbox 667 3395 945 3451; x_wconf 92' lang='lat' dir='ltr'>omnibus</span> <span class='ocrx_word' id='word_1_266' title='bbox 975 3397 1250 3469; x_wconf 84' lang='lat' dir='ltr'>gentibus</span> <span class='ocrx_word' id='word_1_267' title='bbox 1282 3401 1904 3470; x_wconf 89' lang='lat' dir='ltr'>respondetur,Amen.</span> <span class='ocrx_word' id='word_1_268' title='bbox 1952 3408 2079 3460; x_wconf 68' lang='lat' dir='ltr'>llaec</span> 
     </span>
    </p>
   </div>
   <div class='ocr_carea' id='block_1_36' title="bbox 432 3482 2075 3564">
    <p class='ocr_par' dir='ltr' id='par_1_36' title="bbox 432 3482 2075 3564">
     <span class='ocr_line' id='line_1_36' title="bbox 432 3482 2075 3564; baseline 0.007 -28"><span class='ocrx_word' id='word_1_269' title='bbox 432 3486 520 3537; x_wconf 90' lang='lat' dir='ltr'>est</span> <span class='ocrx_word' id='word_1_270' title='bbox 537 3482 693 3538; x_wconf 88' lang='lat' dir='ltr'>clara</span> <span class='ocrx_word' id='word_1_271' title='bbox 709 3502 815 3540; x_wconf 83' lang='lat' dir='ltr'>vox</span> <span class='ocrx_word' id='word_1_272' title='bbox 837 3485 1162 3557; x_wconf 85' lang='lat' dir='ltr'>sanguinis,</span> <span class='ocrx_word' id='word_1_273' title='bbox 1186 3504 1361 3559; x_wconf 89' lang='lat' dir='ltr'>quam</span> <span class='ocrx_word' id='word_1_274' title='bbox 1386 3489 1711 3561; x_wconf 87' lang='lat' dir='ltr'>sanguinis,</span> <span class='ocrx_word' id='word_1_275' title='bbox 1736 3492 1858 3562; x_wconf 87' lang='lat' dir='ltr'>ipse</span> <span class='ocrx_word' id='word_1_276' title='bbox 1884 3494 2075 3564; x_wconf 84' lang='lat' dir='ltr'>expri-</span> 
     </span>
    </p>
   </div>
   <div class='ocr_carea' id='block_1_37' title="bbox 434 3571 2040 3652">
    <p class='ocr_par' dir='ltr' id='par_1_37' title="bbox 434 3571 2040 3652">
     <span class='ocr_line' id='line_1_37' title="bbox 434 3571 2040 3652; baseline 0.007 -26"><span class='ocrx_word' id='word_1_277' title='bbox 434 3571 620 3628; x_wconf 81' lang='lat' dir='ltr'>mitex</span> <span class='ocrx_word' id='word_1_278' title='bbox 634 3589 729 3628; x_wconf 93' lang='lat' dir='ltr'>ore</span> <span class='ocrx_word' id='word_1_279' title='bbox 746 3573 1011 3630; x_wconf 82' lang='lat' dir='ltr'>ﬁdelium</span> <span class='ocrx_word' id='word_1_280' title='bbox 1040 3577 1242 3631; x_wconf 88' lang='lat' dir='ltr'>eodem</span> <span class='ocrx_word' id='word_1_281' title='bbox 1260 3578 1544 3649; x_wconf 83' lang='lat' dir='ltr'>sanguine</span> <span class='ocrx_word' id='word_1_282' title='bbox 1583 3580 2040 3652; x_wconf 88' lang='lat' dir='ltr'>redemptorum.</span> 
     </span>
    </p>
   </div>
   <div class='ocr_carea' id='block_1_38' title="bbox 506 3724 2077 3790">
    <p class='ocr_par' dir='ltr' id='par_1_38' title="bbox 506 3724 2077 3790">
     <span class='ocr_line' id='line_1_38' title="bbox 506 3724 2077 3790; baseline 0.007 -12"><span class='ocrx_word' id='word_1_283' title='bbox 506 3724 743 3781; x_wconf 86' lang='lat' dir='ltr'>CAPUT</span> <span class='ocrx_word' id='word_1_284' title='bbox 776 3726 869 3781; x_wconf 82' lang='lat' dir='ltr'>Xl.</span> <span class='ocrx_word' id='word_1_285' title='bbox 903 3759 970 3767; x_wconf 89' lang='lat'>—</span> <span class='ocrx_word' id='word_1_286' title='bbox 1011 3729 1154 3783; x_wconf 81' lang='lat' dir='ltr'>Dicit</span> <span class='ocrx_word' id='word_1_287' title='bbox 1194 3730 1333 3785; x_wconf 83' lang='lat' dir='ltr'>Deus</span> <span class='ocrx_word' id='word_1_288' title='bbox 1363 3731 1437 3785; x_wconf 87' lang='lat' dir='ltr'>ad</span> <span class='ocrx_word' id='word_1_289' title='bbox 1465 3731 1706 3787; x_wconf 85' lang='lat' dir='ltr'>Cain:Et</span> <span class='ocrx_word' id='word_1_290' title='bbox 1730 3750 1877 3787; x_wconf 81' lang='lat' dir='ltr'>nunc</span> <span class='ocrx_word' id='word_1_291' title='bbox 1903 3736 2077 3790; x_wconf 85' lang='lat' dir='ltr'>male-</span> 
     </span>
    </p>
   </div>
   <div class='ocr_carea' id='block_1_39' title="bbox 437 3813 2074 3894">
    <p class='ocr_par' dir='ltr' id='par_1_39' title="bbox 437 3813 2074 3894">
     <span class='ocr_line' id='line_1_39' title="bbox 437 3813 2074 3894; baseline 0.007 -27"><span class='ocrx_word' id='word_1_292' title='bbox 437 3813 614 3868; x_wconf 77' lang='lat' dir='ltr'>dictus</span> <span class='ocrx_word' id='word_1_293' title='bbox 641 3823 700 3868; x_wconf 87' lang='lat' dir='ltr'>tu</span> <span class='ocrx_word' id='word_1_294' title='bbox 728 3832 761 3868; x_wconf 89' lang='lat' dir='ltr'>a</span> <span class='ocrx_word' id='word_1_295' title='bbox 787 3819 958 3881; x_wconf 86' lang='lat' dir='ltr'>terra,</span> <span class='ocrx_word' id='word_1_296' title='bbox 991 3833 1116 3888; x_wconf 76' lang='lat' dir='ltr'>quae</span> <span class='ocrx_word' id='word_1_297' title='bbox 1135 3821 1353 3890; x_wconf 85' lang='lat' dir='ltr'>aperuit</span> <span class='ocrx_word' id='word_1_298' title='bbox 1380 3835 1437 3875; x_wconf 92' lang='lat' dir='ltr'>os</span> <span class='ocrx_word' id='word_1_299' title='bbox 1465 3837 1621 3874; x_wconf 88' lang='lat' dir='ltr'>suum</span> <span class='ocrx_word' id='word_1_300' title='bbox 1648 3823 1898 3894; x_wconf 74' lang='lat' dir='ltr'>excipere</span> <span class='ocrx_word' id='word_1_301' title='bbox 1942 3840 2074 3878; x_wconf 79' lang='lat' dir='ltr'>san-</span> 
     </span>
    </p>
   </div>
   <div class='ocr_carea' id='block_1_40' title="bbox 434 3905 2075 3981">
    <p class='ocr_par' dir='ltr' id='par_1_40' title="bbox 434 3905 2075 3981">
     <span class='ocr_line' id='line_1_40' title="bbox 434 3905 2075 3981; baseline 0.008 -27"><span class='ocrx_word' id='word_1_302' title='bbox 434 3905 664 3974; x_wconf 85' lang='lat' dir='ltr'>guinem</span> <span class='ocrx_word' id='word_1_303' title='bbox 695 3905 899 3973; x_wconf 80' lang='lat' dir='ltr'>fratris</span> <span class='ocrx_word' id='word_1_304' title='bbox 929 3907 1016 3959; x_wconf 87' lang='lat' dir='ltr'>tui</span> <span class='ocrx_word' id='word_1_305' title='bbox 1039 3907 1102 3960; x_wconf 84' lang='lat' dir='ltr'>de</span> <span class='ocrx_word' id='word_1_306' title='bbox 1126 3924 1294 3960; x_wconf 84' lang='lat' dir='ltr'>manu</span> <span class='ocrx_word' id='word_1_307' title='bbox 1327 3911 1448 3969; x_wconf 87' lang='lat' dir='ltr'>tua;</span> <span class='ocrx_word' id='word_1_308' title='bbox 1478 3912 1735 3978; x_wconf 85' lang='lat' dir='ltr'>quoniam</span> <span class='ocrx_word' id='word_1_309' title='bbox 1765 3912 2075 3981; x_wconf 82' lang='lat' dir='ltr'>operaberis</span> 
     </span>
    </p>
   </div>
   <div class='ocr_carea' id='block_1_41' title="bbox 429 3994 2076 4071">
    <p class='ocr_par' dir='ltr' id='par_1_41' title="bbox 429 3994 2076 4071">
     <span class='ocr_line' id='line_1_41' title="bbox 429 3994 2076 4071; baseline 0.007 -26"><span class='ocrx_word' id='word_1_310' title='bbox 429 4007 661 4060; x_wconf 62' lang='lat' dir='ltr'>terram,</span> <span class='ocrx_word' id='word_1_311' title='bbox 684 4001 738 4046; x_wconf 86' lang='lat' dir='ltr'>et</span> <span class='ocrx_word' id='word_1_312' title='bbox 765 4009 874 4047; x_wconf 84' lang='lat' dir='ltr'>non</span> <span class='ocrx_word' id='word_1_313' title='bbox 903 3994 1125 4065; x_wconf 88' lang='lat' dir='ltr'>adjiciet</span> <span class='ocrx_word' id='word_1_314' title='bbox 1151 3998 1403 4052; x_wconf 78' lang='lat' dir='ltr'>virtutem</span> <span class='ocrx_word' id='word_1_315' title='bbox 1432 4014 1597 4053; x_wconf 89' lang='lat' dir='ltr'>suam</span> <span class='ocrx_word' id='word_1_316' title='bbox 1653 3999 1783 4054; x_wconf 90' lang='lat' dir='ltr'>dare</span> <span class='ocrx_word' id='word_1_317' title='bbox 1813 4002 1917 4055; x_wconf 79' lang='lat' dir='ltr'>titi</span> <span class='ocrx_word' id='word_1_318' title='bbox 1939 4018 1957 4055; x_wconf 89' lang='lat'><strong><em>:</em></strong></span> <span class='ocrx_word' id='word_1_319' title='bbox 1989 4018 2076 4071; x_wconf 85' lang='lat' dir='ltr'>ge-</span> 
     </span>
    </p>
   </div>
   <div class='ocr_carea' id='block_1_42' title="bbox 428 4084 2072 4156">
    <p class='ocr_par' dir='ltr' id='par_1_42' title="bbox 428 4084 2072 4156">
     <span class='ocr_line' id='line_1_42' title="bbox 428 4084 2072 4156; baseline 0.008 -25"><span class='ocrx_word' id='word_1_320' title='bbox 428 4094 600 4132; x_wconf 79' lang='lat' dir='ltr'>mems</span> <span class='ocrx_word' id='word_1_321' title='bbox 629 4088 680 4134; x_wconf 87' lang='lat' dir='ltr'>et</span> <span class='ocrx_word' id='word_1_322' title='bbox 709 4084 943 4136; x_wconf 86' lang='lat' dir='ltr'>tremens</span> <span class='ocrx_word' id='word_1_323' title='bbox 988 4084 1096 4137; x_wconf 86' lang='lat' dir='ltr'>eris</span> <span class='ocrx_word' id='word_1_324' title='bbox 1131 4085 1192 4137; x_wconf 83' lang='lat' dir='ltr'>in</span> <span class='ocrx_word' id='word_1_325' title='bbox 1239 4093 1386 4139; x_wconf 88' lang='lat' dir='ltr'>terra</span> <span class='ocrx_word' id='word_1_326' title='bbox 1435 4084 1588 4154; x_wconf 85' lang='lat' dir='ltr'>(Gen.</span> <span class='ocrx_word' id='word_1_327' title='bbox 1623 4103 1696 4151; x_wconf 82' lang='lat' dir='ltr'>IV,</span> <span class='ocrx_word' id='word_1_328' title='bbox 1729 4088 1906 4156; x_wconf 78' lang='lat'>9-12).</span> <span class='ocrx_word' id='word_1_329' title='bbox 1948 4089 2072 4144; x_wconf 90' lang='lat' dir='ltr'>Non</span> 
     </span>
    </p>
   </div>
   <div class='ocr_carea' id='block_1_43' title="bbox 429 4167 2073 4245">
    <p class='ocr_par' dir='ltr' id='par_1_43' title="bbox 429 4167 2073 4245">
     <span class='ocr_line' id='line_1_43' title="bbox 429 4167 2073 4245; baseline 0.007 -25"><span class='ocrx_word' id='word_1_330' title='bbox 429 4167 595 4234; x_wconf 82' lang='lat' dir='ltr'>dixit,</span> <span class='ocrx_word' id='word_1_331' title='bbox 627 4168 932 4224; x_wconf 85' lang='lat' dir='ltr'>Maledicta</span> <span class='ocrx_word' id='word_1_332' title='bbox 978 4174 1160 4239; x_wconf 88' lang='lat' dir='ltr'>terra;</span> <span class='ocrx_word' id='word_1_333' title='bbox 1200 4173 1324 4240; x_wconf 89' lang='lat' dir='ltr'>sed,</span> <span class='ocrx_word' id='word_1_334' title='bbox 1355 4174 1669 4228; x_wconf 84' lang='lat' dir='ltr'>Maledictus</span> <span class='ocrx_word' id='word_1_335' title='bbox 1722 4177 1783 4228; x_wconf 85' lang='lat' dir='ltr'>tu</span> <span class='ocrx_word' id='word_1_336' title='bbox 1837 4194 1871 4230; x_wconf 86' lang='grc' dir='ltr'><em>α</em></span> <span class='ocrx_word' id='word_1_337' title='bbox 1900 4185 2073 4245; x_wconf 85' lang='lat' dir='ltr'>terra,</span> 
     </span>
    </p>
   </div>
   <div class='ocr_carea' id='block_1_44' title="bbox 423 4261 2077 4334">
    <p class='ocr_par' dir='ltr' id='par_1_44' title="bbox 423 4261 2077 4334">
     <span class='ocr_line' id='line_1_44' title="bbox 423 4261 2077 4334; baseline 0.006 -23"><span class='ocrx_word' id='word_1_338' title='bbox 423 4271 548 4328; x_wconf 69' lang='lat' dir='ltr'>quae</span> <span class='ocrx_word' id='word_1_339' title='bbox 577 4261 795 4330; x_wconf 86' lang='lat' dir='ltr'>aperuit</span> <span class='ocrx_word' id='word_1_340' title='bbox 821 4276 884 4314; x_wconf 76' lang='lat' dir='ltr'>os</span> <span class='ocrx_word' id='word_1_341' title='bbox 913 4276 1075 4315; x_wconf 86' lang='lat' dir='ltr'>suum</span> <span class='ocrx_word' id='word_1_342' title='bbox 1103 4263 1350 4334; x_wconf 86' lang='lat' dir='ltr'>accipere</span> <span class='ocrx_word' id='word_1_343' title='bbox 1384 4266 1709 4334; x_wconf 86' lang='lat' dir='ltr'>sanguinem</span> <span class='ocrx_word' id='word_1_344' title='bbox 1735 4267 1932 4334; x_wconf 70' lang='lat' dir='ltr'>fratris</span> <span class='ocrx_word' id='word_1_345' title='bbox 1991 4269 2077 4322; x_wconf 87' lang='lat' dir='ltr'>tui</span> 
     </span>
    </p>
   </div>
   <div class='ocr_carea' id='block_1_45' title="bbox 426 4344 2074 4424">
    <p class='ocr_par' dir='ltr' id='par_1_45' title="bbox 426 4344 2074 4424">
     <span class='ocr_line' id='line_1_45' title="bbox 426 4344 2074 4424; baseline 0.006 -25"><span class='ocrx_word' id='word_1_346' title='bbox 426 4344 494 4399; x_wconf 84' lang='lat' dir='ltr'>de</span> <span class='ocrx_word' id='word_1_347' title='bbox 521 4363 695 4402; x_wconf 84' lang='lat' dir='ltr'>manu</span> <span class='ocrx_word' id='word_1_348' title='bbox 726 4352 840 4403; x_wconf 89' lang='lat' dir='ltr'>tua.</span> <span class='ocrx_word' id='word_1_349' title='bbox 871 4349 1210 4405; x_wconf 86' lang='lat' dir='ltr'>Maledictus</span> <span class='ocrx_word' id='word_1_350' title='bbox 1232 4355 1321 4406; x_wconf 89' lang='lat' dir='ltr'>est</span> <span class='ocrx_word' id='word_1_351' title='bbox 1337 4351 1489 4406; x_wconf 90' lang='lat' dir='ltr'>enim</span> <span class='ocrx_word' id='word_1_352' title='bbox 1515 4352 1770 4424; x_wconf 88' lang='lat' dir='ltr'>populus</span> <span class='ocrx_word' id='word_1_353' title='bbox 1791 4354 2074 4410; x_wconf 85' lang='lat' dir='ltr'>Judaieus</span> 
     </span>
    </p>
   </div>
   <div class='ocr_carea' id='block_1_46' title="bbox 437 4434 2072 4514">
    <p class='ocr_par' dir='ltr' id='par_1_46' title="bbox 437 4434 2072 4514">
     <span class='ocr_line' id='line_1_46' title="bbox 437 4434 2072 4514; baseline 0.007 -26"><span class='ocrx_word' id='word_1_354' title='bbox 437 4434 691 4492; x_wconf 86' lang='lat' dir='ltr'>infidelis</span> <span class='ocrx_word' id='word_1_355' title='bbox 713 4455 743 4491; x_wconf 90' lang='lat' dir='ltr'>a</span> <span class='ocrx_word' id='word_1_356' title='bbox 767 4442 941 4510; x_wconf 91' lang='lat' dir='ltr'>terra,</span> <span class='ocrx_word' id='word_1_357' title='bbox 974 4440 1030 4493; x_wconf 90' lang='lat' dir='ltr'>id</span> <span class='ocrx_word' id='word_1_358' title='bbox 1063 4445 1169 4506; x_wconf 90' lang='lat' dir='ltr'>est,</span> <span class='ocrx_word' id='word_1_359' title='bbox 1205 4440 1276 4495; x_wconf 90' lang='lat' dir='ltr'>ab</span> <span class='ocrx_word' id='word_1_360' title='bbox 1309 4439 1582 4508; x_wconf 88' lang='lat' dir='ltr'>Ecclesia,</span> <span class='ocrx_word' id='word_1_361' title='bbox 1616 4459 1740 4513; x_wconf 66' lang='lat' dir='ltr'>qua:</span> <span class='ocrx_word' id='word_1_362' title='bbox 1764 4445 2072 4514; x_wconf 85' lang='lat' dir='ltr'>apueritos</span> 
     </span>
    </p>
   </div>
   <div class='ocr_carea' id='block_1_47' title="bbox 421 4525 2070 4604">
    <p class='ocr_par' dir='ltr' id='par_1_47' title="bbox 421 4525 2070 4604">
     <span class='ocr_line' id='line_1_47' title="bbox 421 4525 2070 4604; baseline 0.008 -28"><span class='ocrx_word' id='word_1_363' title='bbox 421 4538 595 4578; x_wconf 91' lang='lat' dir='ltr'>suum</span> <span class='ocrx_word' id='word_1_364' title='bbox 658 4525 718 4580; x_wconf 89' lang='lat' dir='ltr'>in</span> <span class='ocrx_word' id='word_1_365' title='bbox 751 4528 1116 4583; x_wconf 87' lang='lat' dir='ltr'>confessione</span> <span class='ocrx_word' id='word_1_366' title='bbox 1146 4534 1512 4600; x_wconf 90' lang='lat' dir='ltr'>peccatorum</span> <span class='ocrx_word' id='word_1_367' title='bbox 1546 4531 1805 4602; x_wconf 90' lang='lat' dir='ltr'>accipere</span> <span class='ocrx_word' id='word_1_368' title='bbox 1834 4533 2070 4604; x_wconf 81' lang='lat' dir='ltr'>sangui-</span> 
     </span>
    </p>
   </div>
   <div class='ocr_carea' id='block_1_48' title="bbox 431 4613 2071 4693">
    <p class='ocr_par' dir='ltr' id='par_1_48' title="bbox 431 4613 2071 4693">
     <span class='ocr_line' id='line_1_48' title="bbox 431 4613 2071 4693; baseline 0.007 -27"><span class='ocrx_word' id='word_1_369' title='bbox 431 4629 564 4668; x_wconf 88' lang='lat' dir='ltr'>nem</span> <span class='ocrx_word' id='word_1_370' title='bbox 603 4613 839 4684; x_wconf 84' lang='lat' dir='ltr'>Christi,</span> <span class='ocrx_word' id='word_1_371' title='bbox 873 4618 974 4689; x_wconf 91' lang='lat' dir='ltr'>qui</span> <span class='ocrx_word' id='word_1_372' title='bbox 1009 4618 1178 4673; x_wconf 88' lang='lat' dir='ltr'>fusus</span> <span class='ocrx_word' id='word_1_373' title='bbox 1207 4618 1373 4673; x_wconf 88' lang='lat' dir='ltr'>estin</span> <span class='ocrx_word' id='word_1_374' title='bbox 1418 4619 1825 4676; x_wconf 88' lang='lat' dir='ltr'>remissionem</span> <span class='ocrx_word' id='word_1_375' title='bbox 1871 4639 2071 4693; x_wconf 88' lang='lat' dir='ltr'>pecca-</span> 
     </span>
    </p>
   </div>
   <div class='ocr_carea' id='block_1_49' title="bbox 424 4703 2070 4782">
    <p class='ocr_par' dir='ltr' id='par_1_49' title="bbox 424 4703 2070 4782">
     <span class='ocr_line' id='line_1_49' title="bbox 424 4703 2070 4782; baseline 0.007 -27"><span class='ocrx_word' id='word_1_376' title='bbox 424 4704 641 4769; x_wconf 86' lang='lat' dir='ltr'>torum,</span> <span class='ocrx_word' id='word_1_377' title='bbox 677 4703 748 4758; x_wconf 91' lang='lat' dir='ltr'>de</span> <span class='ocrx_word' id='word_1_378' title='bbox 770 4722 947 4760; x_wconf 90' lang='lat' dir='ltr'>manu</span> <span class='ocrx_word' id='word_1_379' title='bbox 979 4706 1368 4778; x_wconf 87' lang='lat' dir='ltr'>persecutoris</span> <span class='ocrx_word' id='word_1_380' title='bbox 1392 4707 1641 4763; x_wconf 87' lang='lat' dir='ltr'>nolentis</span> <span class='ocrx_word' id='word_1_381' title='bbox 1664 4725 1789 4765; x_wconf 88' lang='lat' dir='ltr'>esse</span> <span class='ocrx_word' id='word_1_382' title='bbox 1811 4711 1920 4765; x_wconf 88' lang='lat' dir='ltr'>sub</span> <span class='ocrx_word' id='word_1_383' title='bbox 1943 4727 2070 4782; x_wconf 89' lang='lat' dir='ltr'>gra-</span> 
     </span>
    </p>
   </div>
   <div class='ocr_carea' id='block_1_50' title="bbox 422 4791 2066 4868">
    <p class='ocr_par' dir='ltr' id='par_1_50' title="bbox 422 4791 2066 4868">
     <span class='ocr_line' id='line_1_50' title="bbox 422 4791 2066 4868; baseline 0.007 -24"><span class='ocrx_word' id='word_1_384' title='bbox 422 4791 525 4861; x_wconf 86' lang='lat' dir='ltr'>tia,</span> <span class='ocrx_word' id='word_1_385' title='bbox 555 4792 654 4846; x_wconf 89' lang='lat' dir='ltr'>sed</span> <span class='ocrx_word' id='word_1_386' title='bbox 675 4792 784 4847; x_wconf 93' lang='lat' dir='ltr'>sub</span> <span class='ocrx_word' id='word_1_387' title='bbox 817 4793 991 4864; x_wconf 86' lang='lat' dir='ltr'>Lege;</span> <span class='ocrx_word' id='word_1_388' title='bbox 1021 4799 1086 4848; x_wconf 88' lang='lat' dir='ltr'>ut</span> <span class='ocrx_word' id='word_1_389' title='bbox 1115 4799 1270 4850; x_wconf 85' lang='lat' dir='ltr'>esset</span> <span class='ocrx_word' id='word_1_390' title='bbox 1300 4796 1370 4850; x_wconf 87' lang='lat' dir='ltr'>ab</span> <span class='ocrx_word' id='word_1_391' title='bbox 1417 4795 1669 4852; x_wconf 82' lang='lat' dir='ltr'>Ecclesia</span> <span class='ocrx_word' id='word_1_392' title='bbox 1697 4799 2066 4868; x_wconf 88' lang='lat' dir='ltr'>maledictus,</span> 
     </span>
    </p>
   </div>
   <div class='ocr_carea' id='block_1_51' title="bbox 420 4879 2069 4955">
    <p class='ocr_par' dir='ltr' id='par_1_51' title="bbox 420 4879 2069 4955">
     <span class='ocr_line' id='line_1_51' title="bbox 420 4879 2069 4955; baseline 0.007 -21"><span class='ocrx_word' id='word_1_393' title='bbox 420 4879 474 4934; x_wconf 91' lang='lat' dir='ltr'>id</span> <span class='ocrx_word' id='word_1_394' title='bbox 510 4886 618 4952; x_wconf 89' lang='lat' dir='ltr'>est,</span> <span class='ocrx_word' id='word_1_395' title='bbox 653 4887 716 4936; x_wconf 90' lang='lat' dir='ltr'>ut</span> <span class='ocrx_word' id='word_1_396' title='bbox 746 4899 878 4936; x_wconf 91' lang='lat' dir='ltr'>eum</span> <span class='ocrx_word' id='word_1_397' title='bbox 923 4882 1269 4955; x_wconf 89' lang='lat' dir='ltr'>intelligeret</span> <span class='ocrx_word' id='word_1_398' title='bbox 1325 4888 1381 4939; x_wconf 91' lang='lat' dir='ltr'>et</span> <span class='ocrx_word' id='word_1_399' title='bbox 1430 4887 1759 4942; x_wconf 87' lang='lat' dir='ltr'>ostenderet</span> <span class='ocrx_word' id='word_1_400' title='bbox 1816 4888 2069 4945; x_wconf 89' lang='lat' dir='ltr'>Ecclesia</span> 
     </span>
    </p>
   </div>
   <div class='ocr_carea' id='block_1_52' title="bbox 424 4969 2070 5047">
    <p class='ocr_par' dir='ltr' id='par_1_52' title="bbox 424 4969 2070 5047">
     <span class='ocr_line' id='line_1_52' title="bbox 424 4969 2070 5047; baseline 0.007 -24"><span class='ocrx_word' id='word_1_401' title='bbox 424 4969 824 5041; x_wconf 87' lang='lat' dir='ltr'>maledictum,</span> <span class='ocrx_word' id='word_1_402' title='bbox 857 4971 1114 5026; x_wconf 90' lang='lat' dir='ltr'>discente</span> <span class='ocrx_word' id='word_1_403' title='bbox 1170 4972 1462 5044; x_wconf 89' lang='lat' dir='ltr'>Apostolo,</span> <span class='ocrx_word' id='word_1_404' title='bbox 1525 4975 1787 5047; x_wconf 85' lang='lat' dir='ltr'>Quimque</span> <span class='ocrx_word' id='word_1_405' title='bbox 1816 4981 1961 5031; x_wconf 88' lang='lat' dir='ltr'>enim</span> <span class='ocrx_word' id='word_1_406' title='bbox 1999 4993 2070 5033; x_wconf 91' lang='lat' dir='ltr'>ex</span> 
     </span>
    </p>
   </div>
   <div class='ocr_carea' id='block_1_53' title="bbox 429 5060 2069 5138">
    <p class='ocr_par' dir='ltr' id='par_1_53' title="bbox 429 5060 2069 5138">
     <span class='ocr_line' id='line_1_53' title="bbox 429 5060 2069 5138; baseline 0.007 -27"><span class='ocrx_word' id='word_1_407' title='bbox 429 5075 498 5112; x_wconf 75' lang='lat' dir='ltr'>ex</span> <span class='ocrx_word' id='word_1_408' title='bbox 529 5060 783 5131; x_wconf 78' lang='lat' dir='ltr'>cperibus</span> <span class='ocrx_word' id='word_1_409' title='bbox 819 5064 971 5131; x_wconf 85' lang='lat' dir='ltr'>Legis</span> <span class='ocrx_word' id='word_1_410' title='bbox 999 5071 1148 5125; x_wconf 78' lang='lat' dir='ltr'>sunt,</span> <span class='ocrx_word' id='word_1_411' title='bbox 1184 5064 1285 5116; x_wconf 85' lang='lat' dir='ltr'>sub</span> <span class='ocrx_word' id='word_1_412' title='bbox 1304 5062 1589 5118; x_wconf 85' lang='lat' dir='ltr'>maledicto</span> <span class='ocrx_word' id='word_1_413' title='bbox 1619 5069 1748 5119; x_wconf 85' lang='lat' dir='ltr'>sunt</span> <span class='ocrx_word' id='word_1_414' title='bbox 1769 5069 1924 5136; x_wconf 76' lang='lat' dir='ltr'>Legi:</span> <span class='ocrx_word' id='word_1_415' title='bbox 1947 5067 2069 5138; x_wconf 86' lang='lat' dir='ltr'>(Ga-</span> 
     </span>
    </p>
   </div>
   <div class='ocr_carea' id='block_1_54' title="bbox 424 5147 2067 5218">
    <p class='ocr_par' dir='ltr' id='par_1_54' title="bbox 424 5147 2067 5218">
     <span class='ocr_line' id='line_1_54' title="bbox 424 5147 2067 5218; baseline 0.006 -18"><span class='ocrx_word' id='word_1_416' title='bbox 424 5147 521 5201; x_wconf 86' lang='lat' dir='ltr'>lat.</span> <span class='ocrx_word' id='word_1_417' title='bbox 559 5166 642 5217; x_wconf 82' lang='lat' dir='ltr'>III,</span> <span class='ocrx_word' id='word_1_418' title='bbox 677 5151 784 5218; x_wconf 81' lang='grc'>10).</span> <span class='ocrx_word' id='word_1_419' title='bbox 817 5150 1032 5205; x_wconf 90' lang='lat' dir='ltr'>Deinde</span> <span class='ocrx_word' id='word_1_420' title='bbox 1068 5167 1201 5205; x_wconf 90' lang='lat' dir='ltr'>cum</span> <span class='ocrx_word' id='word_1_421' title='bbox 1243 5151 1504 5218; x_wconf 83' lang='lat' dir='ltr'>dixisset,</span> <span class='ocrx_word' id='word_1_422' title='bbox 1554 5153 1878 5208; x_wconf 81' lang='lat' dir='ltr'>Maledictus</span> <span class='ocrx_word' id='word_1_423' title='bbox 1928 5164 1986 5210; x_wconf 89' lang='lat' dir='ltr'>tu</span> <span class='ocrx_word' id='word_1_424' title='bbox 2033 5173 2067 5210; x_wconf 91' lang='lat' dir='ltr'>a</span> 
     </span>
    </p>
   </div>
   <div class='ocr_carea' id='block_1_55' title="bbox 428 5241 2066 5313">
    <p class='ocr_par' dir='ltr' id='par_1_55' title="bbox 428 5241 2066 5313">
     <span class='ocr_line' id='line_1_55' title="bbox 428 5241 2066 5313; baseline 0.007 -26"><span class='ocrx_word' id='word_1_425' title='bbox 428 5243 724 5308; x_wconf 76' lang='lat' dir='ltr'>terra,qua2</span> <span class='ocrx_word' id='word_1_426' title='bbox 745 5241 962 5311; x_wconf 87' lang='lat' dir='ltr'>aperuit</span> <span class='ocrx_word' id='word_1_427' title='bbox 983 5256 1038 5294; x_wconf 88' lang='lat' dir='ltr'>os</span> <span class='ocrx_word' id='word_1_428' title='bbox 1055 5257 1211 5294; x_wconf 85' lang='lat' dir='ltr'>suum</span> <span class='ocrx_word' id='word_1_429' title='bbox 1240 5241 1491 5311; x_wconf 75' lang='lat' dir='ltr'>excipere</span> <span class='ocrx_word' id='word_1_430' title='bbox 1519 5244 1847 5312; x_wconf 80' lang='lat' dir='ltr'>sanguinem</span> <span class='ocrx_word' id='word_1_431' title='bbox 1870 5245 2066 5313; x_wconf 82' lang='lat' dir='ltr'>fratris</span> 
     </span>
    </p>
   </div>
   <div class='ocr_carea' id='block_1_56' title="bbox 431 5326 2065 5402">
    <p class='ocr_par' dir='ltr' id='par_1_56' title="bbox 431 5326 2065 5402">
     <span class='ocr_line' id='line_1_56' title="bbox 431 5326 2065 5402; baseline 0.007 -26"><span class='ocrx_word' id='word_1_432' title='bbox 431 5326 517 5377; x_wconf 83' lang='lat' dir='ltr'>tui</span> <span class='ocrx_word' id='word_1_433' title='bbox 547 5327 617 5380; x_wconf 88' lang='lat' dir='ltr'>de</span> <span class='ocrx_word' id='word_1_434' title='bbox 645 5344 816 5382; x_wconf 85' lang='lat' dir='ltr'>manu</span> <span class='ocrx_word' id='word_1_435' title='bbox 851 5334 978 5391; x_wconf 80' lang='lat' dir='ltr'>tua;</span> <span class='ocrx_word' id='word_1_436' title='bbox 1031 5346 1144 5384; x_wconf 90' lang='lat' dir='ltr'>non</span> <span class='ocrx_word' id='word_1_437' title='bbox 1189 5329 1351 5398; x_wconf 89' lang='lat' dir='ltr'>dixit,</span> <span class='ocrx_word' id='word_1_438' title='bbox 1401 5329 1684 5392; x_wconf 81' lang='lat' dir='ltr'>Quoniam</span> <span class='ocrx_word' id='word_1_439' title='bbox 1734 5332 2065 5402; x_wconf 89' lang='lat' dir='ltr'>operaberis</span> 
     </span>
    </p>
   </div>
   <div class='ocr_carea' id='block_1_57' title="bbox 422 5415 2063 5493">
    <p class='ocr_par' dir='ltr' id='par_1_57' title="bbox 422 5415 2063 5493">
     <span class='ocr_line' id='line_1_57' title="bbox 422 5415 2063 5493; baseline 0.006 -26"><span class='ocrx_word' id='word_1_440' title='bbox 422 5429 549 5468; x_wconf 89' lang='lat' dir='ltr'>eam</span> <span class='ocrx_word' id='word_1_441' title='bbox 579 5415 680 5469; x_wconf 92' lang='lat' dir='ltr'>sed</span> <span class='ocrx_word' id='word_1_442' title='bbox 717 5417 818 5474; x_wconf 87' lang='lat' dir='ltr'>ait.</span> <span class='ocrx_word' id='word_1_443' title='bbox 850 5421 1117 5488; x_wconf 84' lang='lat' dir='ltr'>Quoniam</span> <span class='ocrx_word' id='word_1_444' title='bbox 1139 5420 1449 5491; x_wconf 86' lang='lat' dir='ltr'>operaberis</span> <span class='ocrx_word' id='word_1_445' title='bbox 1479 5423 1762 5487; x_wconf 85' lang='lat' dir='ltr'>terram,et</span> <span class='ocrx_word' id='word_1_446' title='bbox 1783 5437 1888 5476; x_wconf 80' lang='lat' dir='ltr'>non</span> <span class='ocrx_word' id='word_1_447' title='bbox 1919 5422 2063 5493; x_wconf 88' lang='lat' dir='ltr'>adji-</span> 
     </span>
    </p>
   </div>
   <div class='ocr_carea' id='block_1_58' title="bbox 419 5501 2065 5566">
    <p class='ocr_par' dir='ltr' id='par_1_58' title="bbox 419 5501 2065 5566">
     <span class='ocr_line' id='line_1_58' title="bbox 419 5501 2065 5566; baseline 0.008 -13"><span class='ocrx_word' id='word_1_448' title='bbox 419 5501 524 5555; x_wconf 87' lang='lat' dir='ltr'>ciet</span> <span class='ocrx_word' id='word_1_449' title='bbox 549 5503 811 5559; x_wconf 85' lang='lat' dir='ltr'>virtutem</span> <span class='ocrx_word' id='word_1_450' title='bbox 840 5525 1002 5564; x_wconf 84' lang='lat' dir='ltr'>suam</span> <span class='ocrx_word' id='word_1_451' title='bbox 1041 5509 1180 5564; x_wconf 89' lang='lat' dir='ltr'>dare</span> <span class='ocrx_word' id='word_1_452' title='bbox 1223 5509 1342 5564; x_wconf 84' lang='lat' dir='ltr'>tibi.</span> <span class='ocrx_word' id='word_1_453' title='bbox 1406 5507 1568 5563; x_wconf 91' lang='lat' dir='ltr'>Unde</span> <span class='ocrx_word' id='word_1_454' title='bbox 1624 5527 1738 5564; x_wconf 91' lang='lat' dir='ltr'>non</span> <span class='ocrx_word' id='word_1_455' title='bbox 1799 5525 2065 5566; x_wconf 88' lang='lat' dir='ltr'>neccesse</span> 
     </span>
    </p>
   </div>
   <div class='ocr_carea' id='block_1_59' title="bbox 423 5591 2062 5671">
    <p class='ocr_par' dir='ltr' id='par_1_59' title="bbox 423 5591 2062 5671">
     <span class='ocr_line' id='line_1_59' title="bbox 423 5591 2062 5671; baseline 0.006 -26"><span class='ocrx_word' id='word_1_456' title='bbox 423 5591 694 5646; x_wconf 75' lang='lat' dir='ltr'>eamdem</span> <span class='ocrx_word' id='word_1_457' title='bbox 722 5599 934 5650; x_wconf 88' lang='lat' dir='ltr'>terram</span> <span class='ocrx_word' id='word_1_458' title='bbox 968 5598 1287 5671; x_wconf 86' lang='lat' dir='ltr'>intelligere</span> <span class='ocrx_word' id='word_1_459' title='bbox 1318 5599 1545 5670; x_wconf 88' lang='lat' dir='ltr'>operari</span> <span class='ocrx_word' id='word_1_460' title='bbox 1576 5597 1736 5665; x_wconf 90' lang='lat' dir='ltr'>Cain,</span> <span class='ocrx_word' id='word_1_461' title='bbox 1770 5615 1896 5670; x_wconf 77' lang='lat' dir='ltr'>quas</span> <span class='ocrx_word' id='word_1_462' title='bbox 1929 5616 2062 5671; x_wconf 86' lang='lat' dir='ltr'>ape-</span> 
     </span>
    </p>
   </div>
   <div class='ocr_carea' id='block_1_60' title="bbox 418 5679 2060 5758">
    <p class='ocr_par' dir='ltr' id='par_1_60' title="bbox 418 5679 2060 5758">
     <span class='ocr_line' id='line_1_60' title="bbox 418 5679 2060 5758; baseline 0.007 -25"><span class='ocrx_word' id='word_1_463' title='bbox 418 5679 540 5734; x_wconf 93' lang='lat' dir='ltr'>ruit</span> <span class='ocrx_word' id='word_1_464' title='bbox 570 5696 634 5735; x_wconf 88' lang='lat' dir='ltr'>os</span> <span class='ocrx_word' id='word_1_465' title='bbox 667 5680 926 5752; x_wconf 87' lang='lat' dir='ltr'>accipere</span> <span class='ocrx_word' id='word_1_466' title='bbox 957 5688 1297 5757; x_wconf 77' lang='lat' dir='ltr'>sanguinem</span> <span class='ocrx_word' id='word_1_467' title='bbox 1328 5686 1527 5743; x_wconf 87' lang='lat' dir='ltr'>fratris</span> <span class='ocrx_word' id='word_1_468' title='bbox 1557 5687 1627 5742; x_wconf 91' lang='lat' dir='ltr'>de</span> <span class='ocrx_word' id='word_1_469' title='bbox 1674 5703 1853 5744; x_wconf 89' lang='lat' dir='ltr'>manu</span> <span class='ocrx_word' id='word_1_470' title='bbox 1884 5688 2012 5758; x_wconf 86' lang='lat' dir='ltr'>ejus</span> <span class='ocrx_word' id='word_1_471' title='bbox 2045 5704 2060 5746; x_wconf 87' lang='lat'><strong>:</strong></span> 
     </span>
    </p>
   </div>
   <div class='ocr_carea' id='block_1_61' title="bbox 417 5768 2064 5850">
    <p class='ocr_par' dir='ltr' id='par_1_61' title="bbox 417 5768 2064 5850">
     <span class='ocr_line' id='line_1_61' title="bbox 417 5768 2064 5850; baseline 0.009 -29"><span class='ocrx_word' id='word_1_472' title='bbox 417 5768 519 5823; x_wconf 89' lang='lat' dir='ltr'>sed</span> <span class='ocrx_word' id='word_1_473' title='bbox 556 5768 683 5824; x_wconf 88' lang='lat' dir='ltr'>ideo</span> <span class='ocrx_word' id='word_1_474' title='bbox 710 5769 1056 5828; x_wconf 89' lang='lat' dir='ltr'>maledictus</span> <span class='ocrx_word' id='word_1_475' title='bbox 1086 5774 1436 5847; x_wconf 86' lang='lat' dir='ltr'>intelligitur</span> <span class='ocrx_word' id='word_1_476' title='bbox 1464 5776 1536 5832; x_wconf 88' lang='lat' dir='ltr'>ab</span> <span class='ocrx_word' id='word_1_477' title='bbox 1566 5776 1675 5834; x_wconf 87' lang='lat' dir='ltr'>hac</span> <span class='ocrx_word' id='word_1_478' title='bbox 1696 5779 1874 5848; x_wconf 89' lang='lat' dir='ltr'>terra,</span> <span class='ocrx_word' id='word_1_479' title='bbox 1923 5792 2064 5850; x_wconf 91' lang='lat' dir='ltr'>quo-</span> 
     </span>
    </p>
   </div>
   <div class='ocr_carea' id='block_1_62' title="bbox 412 5855 2062 5937">
    <p class='ocr_par' dir='ltr' id='par_1_62' title="bbox 412 5855 2062 5937">
     <span class='ocr_line' id='line_1_62' title="bbox 412 5855 2062 5937; baseline 0.011 -28"><span class='ocrx_word' id='word_1_480' title='bbox 412 5855 575 5913; x_wconf 88' lang='lat' dir='ltr'>niam</span> <span class='ocrx_word' id='word_1_481' title='bbox 609 5861 881 5929; x_wconf 88' lang='lat' dir='ltr'>operatur</span> <span class='ocrx_word' id='word_1_482' title='bbox 907 5863 1123 5916; x_wconf 86' lang='lat' dir='ltr'>terram</span> <span class='ocrx_word' id='word_1_483' title='bbox 1151 5878 1279 5932; x_wconf 67' lang='lat' dir='ltr'>quas</span> <span class='ocrx_word' id='word_1_484' title='bbox 1328 5880 1442 5920; x_wconf 80' lang='lat' dir='ltr'>non</span> <span class='ocrx_word' id='word_1_485' title='bbox 1493 5865 1729 5937; x_wconf 87' lang='lat' dir='ltr'>adjiciat</span> <span class='ocrx_word' id='word_1_486' title='bbox 1783 5867 2062 5927; x_wconf 84' lang='lat' dir='ltr'>virtutem</span> 
     </span>
    </p>
   </div>
   <div class='ocr_carea' id='block_1_63' title="bbox 1223 282 3129 358">
    <p class='ocr_par' dir='ltr' id='par_1_63' title="bbox 1223 282 3129 358">
     <span class='ocr_line' id='line_1_63' title="bbox 1223 282 3129 358; baseline 0.004 -17"><span class='ocrx_word' id='word_1_487' title='bbox 1223 282 1537 344; x_wconf 82' lang='lat' dir='ltr'>CONTRA</span> <span class='ocrx_word' id='word_1_488' title='bbox 1584 283 1960 345; x_wconf 86' lang='lat' dir='ltr'>FAUSTUM</span> <span class='ocrx_word' id='word_1_489' title='bbox 2005 284 2529 358; x_wconf 71' lang='lat' dir='ltr'>MANICH/EUM,</span> <span class='ocrx_word' id='word_1_490' title='bbox 2580 288 2644 347; x_wconf 90' lang='lat' dir='ltr'>S.</span> <span class='ocrx_word' id='word_1_491' title='bbox 2704 287 3129 349; x_wconf 82' lang='lat' dir='ltr'>AUGUSTINI</span> 
     </span>
    </p>
   </div>
   <div class='ocr_carea' id='block_1_64' title="bbox 3712 299 3822 359">
    <p class='ocr_par' dir='ltr' id='par_1_64' title="bbox 3712 299 3822 359">
     <span class='ocr_line' id='line_1_64' title="bbox 3712 299 3822 359; baseline 0.036 -4"><span class='ocrx_word' id='word_1_492' title='bbox 3712 299 3822 359; x_wconf 73' lang='lat'>260</span> 
     </span>
    </p>
   </div>
   <div class='ocr_carea' id='block_1_65' title="bbox 2199 420 3818 496">
    <p class='ocr_par' dir='ltr' id='par_1_65' title="bbox 2199 420 3818 496">
     <span class='ocr_line' id='line_1_65' title="bbox 2199 420 3818 496; baseline 0.008 -21"><span class='ocrx_word' id='word_1_493' title='bbox 2199 420 2336 476; x_wconf 87' lang='lat' dir='ltr'>dare</span> <span class='ocrx_word' id='word_1_494' title='bbox 2369 422 2448 476; x_wconf 92' lang='lat' dir='ltr'>illi</span> <span class='ocrx_word' id='word_1_495' title='bbox 2480 448 2492 491; x_wconf 68' lang='grc' dir='ltr'><strong>ς</strong></span> <span class='ocrx_word' id='word_1_496' title='bbox 2524 423 2574 476; x_wconf 84' lang='lat' dir='ltr'>id</span> <span class='ocrx_word' id='word_1_497' title='bbox 2609 429 2717 488; x_wconf 91' lang='lat' dir='ltr'>est,</span> <span class='ocrx_word' id='word_1_498' title='bbox 2752 424 2879 479; x_wconf 88' lang='lat' dir='ltr'>ideo</span> <span class='ocrx_word' id='word_1_499' title='bbox 2915 423 3193 496; x_wconf 84' lang='lat' dir='ltr'>populum</span> <span class='ocrx_word' id='word_1_500' title='bbox 3216 425 3543 483; x_wconf 74' lang='lat' dir='ltr'>Judceorum</span> <span class='ocrx_word' id='word_1_501' title='bbox 3568 431 3818 489; x_wconf 87' lang='lat' dir='ltr'>maledic-</span> 
     </span>
    </p>
   </div>
   <div class='ocr_carea' id='block_1_66' title="bbox 2200 512 3822 586">
    <p class='ocr_par' dir='ltr' id='par_1_66' title="bbox 2200 512 3822 586">
     <span class='ocr_line' id='line_1_66' title="bbox 2200 512 3822 586; baseline 0.009 -23"><span class='ocrx_word' id='word_1_502' title='bbox 2200 515 2321 566; x_wconf 91' lang='lat' dir='ltr'>tum</span> <span class='ocrx_word' id='word_1_503' title='bbox 2355 512 2620 584; x_wconf 84' lang='lat' dir='ltr'>agnoscit</span> <span class='ocrx_word' id='word_1_504' title='bbox 2650 517 2706 567; x_wconf 91' lang='lat' dir='ltr'>et</span> <span class='ocrx_word' id='word_1_505' title='bbox 2747 514 3001 568; x_wconf 88' lang='lat' dir='ltr'>ostendit</span> <span class='ocrx_word' id='word_1_506' title='bbox 3048 513 3323 580; x_wconf 83' lang='lat' dir='ltr'>Ecclesia,</span> <span class='ocrx_word' id='word_1_507' title='bbox 3349 517 3620 586; x_wconf 86' lang='lat' dir='ltr'>quoniam</span> <span class='ocrx_word' id='word_1_508' title='bbox 3651 522 3822 578; x_wconf 88' lang='lat' dir='ltr'>occiso</span> 
     </span>
    </p>
   </div>
   <div class='ocr_carea' id='block_1_67' title="bbox 2202 602 3823 677">
    <p class='ocr_par' dir='ltr' id='par_1_67' title="bbox 2202 602 3823 677">
     <span class='ocr_line' id='line_1_67' title="bbox 2202 602 3823 677; baseline 0.006 -21"><span class='ocrx_word' id='word_1_509' title='bbox 2202 602 2430 657; x_wconf 90' lang='lat' dir='ltr'>Christo</span> <span class='ocrx_word' id='word_1_510' title='bbox 2462 603 2652 657; x_wconf 85' lang='lat' dir='ltr'>adhuc</span> <span class='ocrx_word' id='word_1_511' title='bbox 2682 607 2958 674; x_wconf 91' lang='lat' dir='ltr'>operatur</span> <span class='ocrx_word' id='word_1_512' title='bbox 2979 607 3271 657; x_wconf 87' lang='lat' dir='ltr'>terrenam</span> <span class='ocrx_word' id='word_1_513' title='bbox 3315 604 3823 677; x_wconf 88' lang='lat' dir='ltr'>circumcisionem,</span> 
     </span>
    </p>
   </div>
   <div class='ocr_carea' id='block_1_68' title="bbox 2203 692 3823 763">
    <p class='ocr_par' dir='ltr' id='par_1_68' title="bbox 2203 692 3823 763">
     <span class='ocr_line' id='line_1_68' title="bbox 2203 692 3823 763; baseline 0.006 -18"><span class='ocrx_word' id='word_1_514' title='bbox 2203 696 2495 746; x_wconf 89' lang='lat' dir='ltr'>terrenum</span> <span class='ocrx_word' id='word_1_515' title='bbox 2530 692 2862 759; x_wconf 88' lang='lat' dir='ltr'>sabbatum,</span> <span class='ocrx_word' id='word_1_516' title='bbox 2896 697 3193 746; x_wconf 89' lang='lat' dir='ltr'>terrenum</span> <span class='ocrx_word' id='word_1_517' title='bbox 3226 709 3493 763; x_wconf 83' lang='lat' dir='ltr'>azynum,</span> <span class='ocrx_word' id='word_1_518' title='bbox 3543 701 3823 755; x_wconf 89' lang='lat' dir='ltr'>terrenum</span> 
     </span>
    </p>
   </div>
   <div class='ocr_carea' id='block_1_69' title="bbox 2203 781 3823 852">
    <p class='ocr_par' dir='ltr' id='par_1_69' title="bbox 2203 781 3823 852">
     <span class='ocr_line' id='line_1_69' title="bbox 2203 781 3823 852; baseline 0.004 -18"><span class='ocrx_word' id='word_1_519' title='bbox 2203 781 2417 851; x_wconf 90' lang='lat' dir='ltr'>pascha</span> <span class='ocrx_word' id='word_1_520' title='bbox 2452 797 2463 833; x_wconf 88' lang='lat'><strong>:</strong></span> <span class='ocrx_word' id='word_1_521' title='bbox 2500 798 2625 851; x_wconf 68' lang='lat' dir='ltr'>quas</span> <span class='ocrx_word' id='word_1_522' title='bbox 2658 782 2850 836; x_wconf 90' lang='lat' dir='ltr'>omnis</span> <span class='ocrx_word' id='word_1_523' title='bbox 2880 785 3108 835; x_wconf 90' lang='lat' dir='ltr'>terrena</span> <span class='ocrx_word' id='word_1_524' title='bbox 3140 781 3396 852; x_wconf 90' lang='lat' dir='ltr'>operatio</span> <span class='ocrx_word' id='word_1_525' title='bbox 3428 782 3598 838; x_wconf 88' lang='lat' dir='ltr'>habet</span> <span class='ocrx_word' id='word_1_526' title='bbox 3645 786 3823 840; x_wconf 90' lang='lat' dir='ltr'>occul-</span> 
     </span>
    </p>
   </div>
   <div class='ocr_carea' id='block_1_70' title="bbox 2200 869 3822 942">
    <p class='ocr_par' dir='ltr' id='par_1_70' title="bbox 2200 869 3822 942">
     <span class='ocr_line' id='line_1_70' title="bbox 2200 869 3822 942; baseline 0.004 -19"><span class='ocrx_word' id='word_1_527' title='bbox 2200 875 2319 924; x_wconf 87' lang='lat' dir='ltr'>tam</span> <span class='ocrx_word' id='word_1_528' title='bbox 2348 871 2619 924; x_wconf 91' lang='lat' dir='ltr'>virtutem</span> <span class='ocrx_word' id='word_1_529' title='bbox 2647 869 3038 941; x_wconf 75' lang='lat' dir='ltr'>intelligendze</span> <span class='ocrx_word' id='word_1_530' title='bbox 3068 870 3267 942; x_wconf 75' lang='lat' dir='ltr'>gratiae</span> <span class='ocrx_word' id='word_1_531' title='bbox 3300 869 3530 939; x_wconf 86' lang='lat' dir='ltr'>Christi,</span> <span class='ocrx_word' id='word_1_532' title='bbox 3564 888 3690 942; x_wconf 75' lang='lat' dir='ltr'>quae</span> <span class='ocrx_word' id='word_1_533' title='bbox 3721 892 3822 930; x_wconf 91' lang='lat' dir='ltr'>non</span> 
     </span>
    </p>
   </div>
   <div class='ocr_carea' id='block_1_71' title="bbox 2200 959 3818 1033">
    <p class='ocr_par' dir='ltr' id='par_1_71' title="bbox 2200 959 3818 1033">
     <span class='ocr_line' id='line_1_71' title="bbox 2200 959 3818 1033; baseline 0.002 -18"><span class='ocrx_word' id='word_1_534' title='bbox 2200 961 2373 1015; x_wconf 87' lang='lat' dir='ltr'>datur</span> <span class='ocrx_word' id='word_1_535' title='bbox 2401 960 2622 1016; x_wconf 73' lang='lat' dir='ltr'>Judaeis</span> <span class='ocrx_word' id='word_1_536' title='bbox 2653 960 2711 1014; x_wconf 93' lang='lat' dir='ltr'>in</span> <span class='ocrx_word' id='word_1_537' title='bbox 2735 960 3032 1032; x_wconf 88' lang='lat' dir='ltr'>impietate</span> <span class='ocrx_word' id='word_1_538' title='bbox 3076 964 3133 1015; x_wconf 89' lang='lat' dir='ltr'>et</span> <span class='ocrx_word' id='word_1_539' title='bbox 3179 959 3520 1015; x_wconf 84' lang='lat' dir='ltr'>inﬁdelitate</span> <span class='ocrx_word' id='word_1_540' title='bbox 3567 979 3818 1033; x_wconf 88' lang='lat' dir='ltr'>perseve-</span> 
     </span>
    </p>
   </div>
   <div class='ocr_carea' id='block_1_72' title="bbox 2200 1048 3823 1122">
    <p class='ocr_par' dir='ltr' id='par_1_72' title="bbox 2200 1048 3823 1122">
     <span class='ocr_line' id='line_1_72' title="bbox 2200 1048 3823 1122; baseline 0.004 -19"><span class='ocrx_word' id='word_1_541' title='bbox 2200 1050 2632 1122; x_wconf 89' lang='lat' dir='ltr'>rantibus,quia</span> <span class='ocrx_word' id='word_1_542' title='bbox 2649 1049 2803 1104; x_wconf 90' lang='lat' dir='ltr'>Novo</span> <span class='ocrx_word' id='word_1_543' title='bbox 2819 1052 2836 1086; x_wconf 75' lang='grc' dir='ltr'>ί</span> <span class='ocrx_word' id='word_1_544' title='bbox 2856 1051 3230 1104; x_wconf 89' lang='lat' dir='ltr'>Testamento</span> <span class='ocrx_word' id='word_1_545' title='bbox 3253 1048 3501 1104; x_wconf 85' lang='lat' dir='ltr'>revelata</span> <span class='ocrx_word' id='word_1_546' title='bbox 3523 1055 3628 1116; x_wconf 86' lang='lat' dir='ltr'>est;</span> <span class='ocrx_word' id='word_1_547' title='bbox 3648 1057 3823 1109; x_wconf 90' lang='lat' dir='ltr'>etnon</span> 
     </span>
    </p>
   </div>
   <div class='ocr_carea' id='block_1_73' title="bbox 2197 1137 3832 1206">
    <p class='ocr_par' dir='ltr' id='par_1_73' title="bbox 2197 1137 3832 1206">
     <span class='ocr_line' id='line_1_73' title="bbox 2197 1137 3832 1206; baseline 0.002 -13"><span class='ocrx_word' id='word_1_548' title='bbox 2197 1139 2641 1196; x_wconf 89' lang='lat' dir='ltr'>transeuntibus</span> <span class='ocrx_word' id='word_1_549' title='bbox 2671 1140 2742 1194; x_wconf 90' lang='lat' dir='ltr'>ad</span> <span class='ocrx_word' id='word_1_550' title='bbox 2776 1139 3112 1206; x_wconf 89' lang='lat' dir='ltr'>Dominum,</span> <span class='ocrx_word' id='word_1_551' title='bbox 3147 1154 3262 1192; x_wconf 90' lang='lat' dir='ltr'>non</span> <span class='ocrx_word' id='word_1_552' title='bbox 3293 1137 3377 1193; x_wconf 88' lang='lat' dir='ltr'>eis</span> <span class='ocrx_word' id='word_1_553' title='bbox 3409 1140 3667 1194; x_wconf 82' lang='lat' dir='ltr'>aufertur</span> <span class='ocrx_word' id='word_1_554' title='bbox 3693 1140 3832 1197; x_wconf 88' lang='lat' dir='ltr'>vela-</span> 
     </span>
    </p>
   </div>
   <div class='ocr_carea' id='block_1_74' title="bbox 2199 1227 3829 1299">
    <p class='ocr_par' dir='ltr' id='par_1_74' title="bbox 2199 1227 3829 1299">
     <span class='ocr_line' id='line_1_74' title="bbox 2199 1227 3829 1299; baseline 0.002 -17"><span class='ocrx_word' id='word_1_555' title='bbox 2199 1244 2352 1294; x_wconf 91' lang='lat' dir='ltr'>men,</span> <span class='ocrx_word' id='word_1_556' title='bbox 2388 1229 2540 1298; x_wconf 88' lang='lat' dir='ltr'>quod</span> <span class='ocrx_word' id='word_1_557' title='bbox 2592 1229 2651 1283; x_wconf 92' lang='lat' dir='ltr'>in</span> <span class='ocrx_word' id='word_1_558' title='bbox 2685 1228 2929 1283; x_wconf 89' lang='lat' dir='ltr'>lectione</span> <span class='ocrx_word' id='word_1_559' title='bbox 2962 1227 3186 1282; x_wconf 86' lang='lat' dir='ltr'>Veteris</span> <span class='ocrx_word' id='word_1_560' title='bbox 3217 1227 3574 1282; x_wconf 87' lang='lat' dir='ltr'>Testamenti</span> <span class='ocrx_word' id='word_1_561' title='bbox 3628 1234 3829 1299; x_wconf 88' lang='lat' dir='ltr'>manet,</span> 
     </span>
    </p>
   </div>
   <div class='ocr_carea' id='block_1_75' title="bbox 2198 1315 3830 1398">
    <p class='ocr_par' dir='ltr' id='par_1_75' title="bbox 2198 1315 3830 1398">
     <span class='ocr_line' id='line_1_75' title="bbox 2198 1315 3830 1398; baseline 0.001 -27"><span class='ocrx_word' id='word_1_562' title='bbox 2198 1318 2337 1389; x_wconf 88' lang='lat' dir='ltr'>quia</span> <span class='ocrx_word' id='word_1_563' title='bbox 2367 1318 2424 1371; x_wconf 91' lang='lat' dir='ltr'>in</span> <span class='ocrx_word' id='word_1_564' title='bbox 2460 1317 2580 1373; x_wconf 92' lang='lat' dir='ltr'>solo</span> <span class='ocrx_word' id='word_1_565' title='bbox 2620 1317 2845 1371; x_wconf 84' lang='lat' dir='ltr'>Christo</span> <span class='ocrx_word' id='word_1_566' title='bbox 2868 1320 3202 1377; x_wconf 84' lang='lat' dir='ltr'>evacuatur,</span> <span class='ocrx_word' id='word_1_567' title='bbox 3230 1332 3343 1369; x_wconf 92' lang='lat' dir='ltr'>non</span> <span class='ocrx_word' id='word_1_568' title='bbox 3379 1315 3508 1398; x_wconf 84' lang='lat' dir='ltr'>ipsa</span> <span class='ocrx_word' id='word_1_569' title='bbox 3539 1315 3701 1371; x_wconf 85' lang='lat' dir='ltr'>lectio</span> <span class='ocrx_word' id='word_1_570' title='bbox 3733 1321 3830 1374; x_wconf 87' lang='lat' dir='ltr'>Ve-</span> 
     </span>
    </p>
   </div>
   <div class='ocr_carea' id='block_1_76' title="bbox 2197 1405 3821 1478">
    <p class='ocr_par' dir='ltr' id='par_1_76' title="bbox 2197 1405 3821 1478">
     <span class='ocr_line' id='line_1_76' title="bbox 2197 1405 3821 1478; baseline 0.001 -18"><span class='ocrx_word' id='word_1_571' title='bbox 2197 1408 2335 1462; x_wconf 88' lang='lat' dir='ltr'>teris</span> <span class='ocrx_word' id='word_1_572' title='bbox 2357 1407 2734 1473; x_wconf 88' lang='lat' dir='ltr'>Testamenti,</span> <span class='ocrx_word' id='word_1_573' title='bbox 2769 1423 2895 1478; x_wconf 79' lang='lat' dir='ltr'>quas</span> <span class='ocrx_word' id='word_1_574' title='bbox 2921 1407 3096 1461; x_wconf 90' lang='lat' dir='ltr'>habet</span> <span class='ocrx_word' id='word_1_575' title='bbox 3117 1406 3522 1460; x_wconf 88' lang='lat' dir='ltr'>absconditam</span> <span class='ocrx_word' id='word_1_576' title='bbox 3552 1405 3821 1461; x_wconf 86' lang='lat' dir='ltr'>virtutem</span> 
     </span>
    </p>
   </div>
   <div class='ocr_carea' id='block_1_77' title="bbox 2197 1495 3828 1567">
    <p class='ocr_par' dir='ltr' id='par_1_77' title="bbox 2197 1495 3828 1567">
     <span class='ocr_line' id='line_1_77' title="bbox 2197 1495 3828 1567; baseline -0.001 -16"><span class='ocrx_word' id='word_1_577' title='bbox 2197 1497 2293 1552; x_wconf 90' lang='lat' dir='ltr'>sed</span> <span class='ocrx_word' id='word_1_578' title='bbox 2326 1496 2590 1551; x_wconf 78' lang='lat' dir='ltr'>velamen</span> <span class='ocrx_word' id='word_1_579' title='bbox 2623 1514 2738 1567; x_wconf 87' lang='lat' dir='ltr'>quo</span> <span class='ocrx_word' id='word_1_580' title='bbox 2770 1496 3148 1551; x_wconf 88' lang='lat' dir='ltr'>absconditur</span> <span class='ocrx_word' id='word_1_581' title='bbox 3189 1496 3260 1565; x_wconf 84' lang='lat' dir='ltr'>(ll</span> <span class='ocrx_word' id='word_1_582' title='bbox 3312 1495 3433 1551; x_wconf 84' lang='lat' dir='ltr'>Cor.</span> <span class='ocrx_word' id='word_1_583' title='bbox 3495 1511 3580 1560; x_wconf 82' lang='lat' dir='ltr'>In,</span> <span class='ocrx_word' id='word_1_584' title='bbox 3630 1496 3828 1566; x_wconf 85' lang='grc'><strong>14-16).</strong></span> 
     </span>
    </p>
   </div>
   <div class='ocr_carea' id='block_1_78' title="bbox 2197 1583 3829 1655">
    <p class='ocr_par' dir='ltr' id='par_1_78' title="bbox 2197 1583 3829 1655">
     <span class='ocr_line' id='line_1_78' title="bbox 2197 1583 3829 1655; baseline -0.001 -15"><span class='ocrx_word' id='word_1_585' title='bbox 2197 1585 2617 1655; x_wconf 59' lang='grc' dir='ltr'>υηᾶθῖοὴιεὶδιο</span> <span class='ocrx_word' id='word_1_586' title='bbox 2651 1587 2706 1639; x_wconf 91' lang='lat' dir='ltr'>in</span> <span class='ocrx_word' id='word_1_587' title='bbox 2740 1591 2915 1639; x_wconf 85' lang='lat' dir='ltr'>Cruce</span> <span class='ocrx_word' id='word_1_588' title='bbox 2948 1601 3119 1655; x_wconf 90' lang='lat' dir='ltr'>passo</span> <span class='ocrx_word' id='word_1_589' title='bbox 3141 1585 3161 1616; x_wconf 87' lang='grc'>²</span> <span class='ocrx_word' id='word_1_590' title='bbox 3192 1583 3390 1638; x_wconf 88' lang='lat' dir='ltr'>velum</span> <span class='ocrx_word' id='word_1_591' title='bbox 3451 1584 3652 1654; x_wconf 87' lang='lat' dir='ltr'>templi</span> <span class='ocrx_word' id='word_1_592' title='bbox 3703 1601 3829 1638; x_wconf 89' lang='lat' dir='ltr'>con-</span> 
     </span>
    </p>
   </div>
   <div class='ocr_carea' id='block_1_79' title="bbox 2197 1672 3830 1745">
    <p class='ocr_par' dir='ltr' id='par_1_79' title="bbox 2197 1672 3830 1745">
     <span class='ocr_line' id='line_1_79' title="bbox 2197 1672 3830 1745; baseline 0 -17"><span class='ocrx_word' id='word_1_593' title='bbox 2197 1675 2447 1730; x_wconf 89' lang='lat' dir='ltr'>scissum</span> <span class='ocrx_word' id='word_1_594' title='bbox 2481 1682 2568 1729; x_wconf 91' lang='lat' dir='ltr'>est</span> <span class='ocrx_word' id='word_1_595' title='bbox 2598 1675 2807 1745; x_wconf 84' lang='lat' dir='ltr'>(Matth.</span> <span class='ocrx_word' id='word_1_596' title='bbox 2839 1691 3014 1736; x_wconf 85' lang='lat' dir='ltr'>xxvn,</span> <span class='ocrx_word' id='word_1_597' title='bbox 3057 1673 3170 1743; x_wconf 84' lang='grc'>51),</span> <span class='ocrx_word' id='word_1_598' title='bbox 3205 1678 3268 1725; x_wconf 89' lang='lat' dir='ltr'>ut</span> <span class='ocrx_word' id='word_1_599' title='bbox 3298 1688 3403 1743; x_wconf 91' lang='lat' dir='ltr'>per</span> <span class='ocrx_word' id='word_1_600' title='bbox 3447 1672 3658 1727; x_wconf 88' lang='lat' dir='ltr'>Christi</span> <span class='ocrx_word' id='word_1_601' title='bbox 3708 1689 3830 1743; x_wconf 88' lang='lat' dir='ltr'>pas-</span> 
     </span>
    </p>
   </div>
   <div class='ocr_carea' id='block_1_80' title="bbox 2196 1760 3830 1826">
    <p class='ocr_par' dir='ltr' id='par_1_80' title="bbox 2196 1760 3830 1826">
     <span class='ocr_line' id='line_1_80' title="bbox 2196 1760 3830 1826; baseline -0.001 -8"><span class='ocrx_word' id='word_1_602' title='bbox 2196 1764 2417 1818; x_wconf 90' lang='lat' dir='ltr'>sionem</span> <span class='ocrx_word' id='word_1_603' title='bbox 2434 1765 2759 1820; x_wconf 88' lang='lat' dir='ltr'>revelentur</span> <span class='ocrx_word' id='word_1_604' title='bbox 2780 1768 3002 1818; x_wconf 89' lang='lat' dir='ltr'>secreta</span> <span class='ocrx_word' id='word_1_605' title='bbox 3025 1766 3525 1816; x_wconf 83' lang='lat' dir='ltr'>sacramentorum</span> <span class='ocrx_word' id='word_1_606' title='bbox 3549 1760 3830 1826; x_wconf 83' lang='lat' dir='ltr'>fidelibus,</span> 
     </span>
    </p>
   </div>
   <div class='ocr_carea' id='block_1_81' title="bbox 2195 1850 3833 1925">
    <p class='ocr_par' dir='ltr' id='par_1_81' title="bbox 2195 1850 3833 1925">
     <span class='ocr_line' id='line_1_81' title="bbox 2195 1850 3833 1925; baseline -0.002 -18"><span class='ocrx_word' id='word_1_607' title='bbox 2195 1854 2265 1908; x_wconf 89' lang='lat' dir='ltr'>ad</span> <span class='ocrx_word' id='word_1_608' title='bbox 2298 1854 2617 1908; x_wconf 90' lang='lat' dir='ltr'>bibendum</span> <span class='ocrx_word' id='word_1_609' title='bbox 2651 1854 2778 1925; x_wconf 91' lang='lat' dir='ltr'>ejus</span> <span class='ocrx_word' id='word_1_610' title='bbox 2809 1851 3154 1924; x_wconf 87' lang='lat' dir='ltr'>sanguinem</span> <span class='ocrx_word' id='word_1_611' title='bbox 3187 1867 3284 1905; x_wconf 93' lang='lat' dir='ltr'>ore</span> <span class='ocrx_word' id='word_1_612' title='bbox 3315 1855 3518 1921; x_wconf 88' lang='lat' dir='ltr'>aperto</span> <span class='ocrx_word' id='word_1_613' title='bbox 3543 1850 3599 1904; x_wconf 95' lang='lat' dir='ltr'>in</span> <span class='ocrx_word' id='word_1_614' title='bbox 3623 1851 3833 1905; x_wconf 83' lang='lat' dir='ltr'>confes-</span> 
     </span>
    </p>
   </div>
   <div class='ocr_carea' id='block_1_82' title="bbox 2195 1938 3830 2012">
    <p class='ocr_par' dir='ltr' id='par_1_82' title="bbox 2195 1938 3830 2012">
     <span class='ocr_line' id='line_1_82' title="bbox 2195 1938 3830 2012; baseline -0.002 -14"><span class='ocrx_word' id='word_1_615' title='bbox 2195 1944 2356 1998; x_wconf 90' lang='lat' dir='ltr'>sione</span> <span class='ocrx_word' id='word_1_616' title='bbox 2389 1943 2852 1998; x_wconf 86' lang='lat' dir='ltr'>transeuntibus.</span> <span class='ocrx_word' id='word_1_617' title='bbox 2885 1945 3198 2012; x_wconf 88' lang='lat' dir='ltr'>Propterea</span> <span class='ocrx_word' id='word_1_618' title='bbox 3229 1938 3486 2010; x_wconf 91' lang='lat' dir='ltr'>populus</span> <span class='ocrx_word' id='word_1_619' title='bbox 3535 1939 3652 2003; x_wconf 85' lang='lat' dir='ltr'>ille,</span> <span class='ocrx_word' id='word_1_620' title='bbox 3686 1939 3830 1994; x_wconf 88' lang='lat' dir='ltr'>sicut</span> 
     </span>
    </p>
   </div>
   <div class='ocr_carea' id='block_1_83' title="bbox 2191 2028 3819 2103">
    <p class='ocr_par' dir='ltr' id='par_1_83' title="bbox 2191 2028 3819 2103">
     <span class='ocr_line' id='line_1_83' title="bbox 2191 2028 3819 2103; baseline -0.003 -16"><span class='ocrx_word' id='word_1_621' title='bbox 2191 2031 2350 2100; x_wconf 90' lang='lat' dir='ltr'>Cain,</span> <span class='ocrx_word' id='word_1_622' title='bbox 2384 2033 2575 2086; x_wconf 87' lang='lat' dir='ltr'>adhuc</span> <span class='ocrx_word' id='word_1_623' title='bbox 2606 2038 2879 2103; x_wconf 85' lang='lat' dir='ltr'>cperatur</span> <span class='ocrx_word' id='word_1_624' title='bbox 2903 2037 3118 2085; x_wconf 81' lang='lat' dir='ltr'>terram</span> <span class='ocrx_word' id='word_1_625' title='bbox 3149 2028 3340 2082; x_wconf 90' lang='lat' dir='ltr'>adhuc</span> <span class='ocrx_word' id='word_1_626' title='bbox 3371 2032 3602 2083; x_wconf 85' lang='lat' dir='ltr'>exercet</span> <span class='ocrx_word' id='word_1_627' title='bbox 3630 2044 3819 2098; x_wconf 88' lang='lat' dir='ltr'>opera-</span> 
     </span>
    </p>
   </div>
   <div class='ocr_carea' id='block_1_84' title="bbox 2191 2115 3822 2192">
    <p class='ocr_par' dir='ltr' id='par_1_84' title="bbox 2191 2115 3822 2192">
     <span class='ocr_line' id='line_1_84' title="bbox 2191 2115 3822 2192; baseline -0.004 -16"><span class='ocrx_word' id='word_1_628' title='bbox 2191 2121 2406 2176; x_wconf 85' lang='lat' dir='ltr'>tionem</span> <span class='ocrx_word' id='word_1_629' title='bbox 2443 2121 2609 2192; x_wconf 89' lang='lat' dir='ltr'>Legis</span> <span class='ocrx_word' id='word_1_630' title='bbox 2642 2118 2966 2184; x_wconf 81' lang='lat' dir='ltr'>carnaliter,</span> <span class='ocrx_word' id='word_1_631' title='bbox 3014 2134 3140 2188; x_wconf 78' lang='lat' dir='ltr'>quae</span> <span class='ocrx_word' id='word_1_632' title='bbox 3173 2133 3287 2171; x_wconf 91' lang='lat' dir='ltr'>non</span> <span class='ocrx_word' id='word_1_633' title='bbox 3319 2115 3372 2172; x_wconf 91' lang='lat' dir='ltr'>ei</span> <span class='ocrx_word' id='word_1_634' title='bbox 3405 2117 3506 2171; x_wconf 89' lang='lat' dir='ltr'>dat</span> <span class='ocrx_word' id='word_1_635' title='bbox 3563 2115 3822 2171; x_wconf 88' lang='lat' dir='ltr'>virtutem</span> 
     </span>
    </p>
   </div>
   <div class='ocr_carea' id='block_1_85' title="bbox 2189 2205 3836 2281">
    <p class='ocr_par' dir='ltr' id='par_1_85' title="bbox 2189 2205 3836 2281">
     <span class='ocr_line' id='line_1_85' title="bbox 2189 2205 3836 2281; baseline -0.005 -15"><span class='ocrx_word' id='word_1_636' title='bbox 2189 2229 2379 2276; x_wconf 89' lang='lat' dir='ltr'>suam,</span> <span class='ocrx_word' id='word_1_637' title='bbox 2405 2211 2609 2281; x_wconf 85' lang='lat' dir='ltr'>quiain</span> <span class='ocrx_word' id='word_1_638' title='bbox 2634 2227 2698 2265; x_wconf 85' lang='lat' dir='ltr'>ea</span> <span class='ocrx_word' id='word_1_639' title='bbox 2717 2226 2829 2264; x_wconf 91' lang='lat' dir='ltr'>non</span> <span class='ocrx_word' id='word_1_640' title='bbox 2855 2206 3125 2278; x_wconf 84' lang='lat' dir='ltr'>intelligit</span> <span class='ocrx_word' id='word_1_641' title='bbox 3145 2206 3397 2277; x_wconf 86' lang='lat' dir='ltr'>gratiam</span> <span class='ocrx_word' id='word_1_642' title='bbox 3443 2205 3677 2261; x_wconf 90' lang='lat' dir='ltr'>Christi.</span> <span class='ocrx_word' id='word_1_643' title='bbox 3713 2209 3836 2258; x_wconf 80' lang='lat' dir='ltr'>Pro-</span> 
     </span>
    </p>
   </div>
   <div class='ocr_carea' id='block_1_86' title="bbox 2189 2293 3833 2371">
    <p class='ocr_par' dir='ltr' id='par_1_86' title="bbox 2189 2293 3833 2371">
     <span class='ocr_line' id='line_1_86' title="bbox 2189 2293 3833 2371; baseline -0.005 -16"><span class='ocrx_word' id='word_1_644' title='bbox 2189 2306 2384 2371; x_wconf 86' lang='lat' dir='ltr'>pterea</span> <span class='ocrx_word' id='word_1_645' title='bbox 2413 2300 2463 2355; x_wconf 90' lang='lat' dir='ltr'>ei</span> <span class='ocrx_word' id='word_1_646' title='bbox 2495 2301 2552 2353; x_wconf 92' lang='lat' dir='ltr'>in</span> <span class='ocrx_word' id='word_1_647' title='bbox 2584 2300 2713 2371; x_wconf 89' lang='lat' dir='ltr'>ipsa</span> <span class='ocrx_word' id='word_1_648' title='bbox 2742 2304 2895 2354; x_wconf 88' lang='lat' dir='ltr'>terra</span> <span class='ocrx_word' id='word_1_649' title='bbox 2925 2313 3103 2368; x_wconf 87' lang='lat' dir='ltr'>quam</span> <span class='ocrx_word' id='word_1_650' title='bbox 3151 2295 3419 2351; x_wconf 89' lang='lat' dir='ltr'>Christus</span> <span class='ocrx_word' id='word_1_651' title='bbox 3472 2293 3738 2367; x_wconf 88' lang='lat' dir='ltr'>portavit,</span> <span class='ocrx_word' id='word_1_652' title='bbox 3780 2293 3833 2346; x_wconf 91' lang='lat' dir='ltr'>id</span> 
     </span>
    </p>
   </div>
   <div class='ocr_carea' id='block_1_87' title="bbox 2189 2383 3832 2460">
    <p class='ocr_par' dir='ltr' id='par_1_87' title="bbox 2189 2383 3832 2460">
     <span class='ocr_line' id='line_1_87' title="bbox 2189 2383 3832 2460; baseline -0.004 -16"><span class='ocrx_word' id='word_1_653' title='bbox 2189 2394 2295 2457; x_wconf 87' lang='lat' dir='ltr'>est,</span> <span class='ocrx_word' id='word_1_654' title='bbox 2326 2391 2381 2443; x_wconf 92' lang='lat' dir='ltr'>in</span> <span class='ocrx_word' id='word_1_655' title='bbox 2405 2391 2531 2460; x_wconf 91' lang='lat' dir='ltr'>ejus</span> <span class='ocrx_word' id='word_1_656' title='bbox 2550 2406 2744 2455; x_wconf 90' lang='lat' dir='ltr'>carne,</span> <span class='ocrx_word' id='word_1_657' title='bbox 2768 2389 2878 2459; x_wconf 88' lang='lat' dir='ltr'>ipsi</span> <span class='ocrx_word' id='word_1_658' title='bbox 2901 2386 3120 2458; x_wconf 90' lang='lat' dir='ltr'>operati</span> <span class='ocrx_word' id='word_1_659' title='bbox 3144 2389 3284 2440; x_wconf 89' lang='lat' dir='ltr'>sunt</span> <span class='ocrx_word' id='word_1_660' title='bbox 3307 2383 3564 2440; x_wconf 87' lang='lat' dir='ltr'>salutem</span> <span class='ocrx_word' id='word_1_661' title='bbox 3582 2389 3832 2438; x_wconf 90' lang='lat' dir='ltr'>nostram</span> 
     </span>
    </p>
   </div>
   <div class='ocr_carea' id='block_1_88' title="bbox 2189 2473 3824 2550">
    <p class='ocr_par' dir='ltr' id='par_1_88' title="bbox 2189 2473 3824 2550">
     <span class='ocr_line' id='line_1_88' title="bbox 2189 2473 3824 2550; baseline -0.006 -15"><span class='ocrx_word' id='word_1_662' title='bbox 2189 2479 2580 2550; x_wconf 88' lang='lat' dir='ltr'>erucifigendo</span> <span class='ocrx_word' id='word_1_663' title='bbox 2602 2475 3033 2546; x_wconf 88' lang='lat' dir='ltr'>Cbristum,qui</span> <span class='ocrx_word' id='word_1_664' title='bbox 3059 2479 3324 2530; x_wconf 90' lang='lat' dir='ltr'>mortuus</span> <span class='ocrx_word' id='word_1_665' title='bbox 3346 2479 3438 2529; x_wconf 88' lang='lat' dir='ltr'>est</span> <span class='ocrx_word' id='word_1_666' title='bbox 3470 2478 3705 2544; x_wconf 88' lang='lat' dir='ltr'>prepter</span> <span class='ocrx_word' id='word_1_667' title='bbox 3733 2473 3824 2527; x_wconf 87' lang='lat' dir='ltr'>de-</span> 
     </span>
    </p>
   </div>
   <div class='ocr_carea' id='block_1_89' title="bbox 2189 2563 3833 2624">
    <p class='ocr_par' dir='ltr' id='par_1_89' title="bbox 2189 2563 3833 2624">
     <span class='ocr_line' id='line_1_89' title="bbox 2189 2563 3833 2624; baseline -0.005 0"><span class='ocrx_word' id='word_1_668' title='bbox 2189 2570 2323 2624; x_wconf 89' lang='lat' dir='ltr'>licta</span> <span class='ocrx_word' id='word_1_669' title='bbox 2350 2574 2567 2623; x_wconf 90' lang='lat' dir='ltr'>nostra.</span> <span class='ocrx_word' id='word_1_670' title='bbox 2591 2569 2703 2622; x_wconf 81' lang='lat' dir='ltr'>Nec</span> <span class='ocrx_word' id='word_1_671' title='bbox 2735 2566 2817 2621; x_wconf 92' lang='lat' dir='ltr'>eis</span> <span class='ocrx_word' id='word_1_672' title='bbox 2844 2566 3004 2620; x_wconf 89' lang='lat' dir='ltr'>dedit</span> <span class='ocrx_word' id='word_1_673' title='bbox 3032 2564 3234 2620; x_wconf 90' lang='lat' dir='ltr'>eadem</span> <span class='ocrx_word' id='word_1_674' title='bbox 3259 2568 3416 2619; x_wconf 86' lang='lat' dir='ltr'>terra</span> <span class='ocrx_word' id='word_1_675' title='bbox 3445 2563 3720 2617; x_wconf 89' lang='lat' dir='ltr'>virtutem</span> <span class='ocrx_word' id='word_1_676' title='bbox 3744 2579 3833 2616; x_wconf 87' lang='lat' dir='ltr'>su-</span> 
     </span>
    </p>
   </div>
   <div class='ocr_carea' id='block_1_90' title="bbox 2189 2651 3827 2728">
    <p class='ocr_par' dir='ltr' id='par_1_90' title="bbox 2189 2651 3827 2728">
     <span class='ocr_line' id='line_1_90' title="bbox 2189 2651 3827 2728; baseline -0.005 -14"><span class='ocrx_word' id='word_1_677' title='bbox 2189 2676 2303 2728; x_wconf 89' lang='lat' dir='ltr'>am,</span> <span class='ocrx_word' id='word_1_678' title='bbox 2334 2659 2472 2728; x_wconf 90' lang='lat' dir='ltr'>quia</span> <span class='ocrx_word' id='word_1_679' title='bbox 2497 2674 2612 2712; x_wconf 91' lang='lat' dir='ltr'>non</span> <span class='ocrx_word' id='word_1_680' title='bbox 2636 2654 2943 2726; x_wconf 80' lang='lat' dir='ltr'>justificati</span> <span class='ocrx_word' id='word_1_681' title='bbox 2969 2658 3107 2710; x_wconf 90' lang='lat' dir='ltr'>sunt</span> <span class='ocrx_word' id='word_1_682' title='bbox 3136 2653 3348 2707; x_wconf 88' lang='lat' dir='ltr'>virtute</span> <span class='ocrx_word' id='word_1_683' title='bbox 3383 2651 3827 2707; x_wconf 87' lang='lat' dir='ltr'>resurrectionis</span> 
     </span>
    </p>
   </div>
   <div class='ocr_carea' id='block_1_91' title="bbox 2187 2740 3826 2819">
    <p class='ocr_par' dir='ltr' id='par_1_91' title="bbox 2187 2740 3826 2819">
     <span class='ocr_line' id='line_1_91' title="bbox 2187 2740 3826 2819; baseline -0.007 -15"><span class='ocrx_word' id='word_1_684' title='bbox 2187 2749 2335 2818; x_wconf 87' lang='lat' dir='ltr'>ejus,</span> <span class='ocrx_word' id='word_1_685' title='bbox 2355 2747 2455 2819; x_wconf 89' lang='lat' dir='ltr'>qui</span> <span class='ocrx_word' id='word_1_686' title='bbox 2481 2745 2794 2802; x_wconf 73' lang='lat' dir='ltr'>resurrexit</span> <span class='ocrx_word' id='word_1_687' title='bbox 2816 2740 3546 2816; x_wconf 87' lang='lat' dir='ltr'>propterjustilicationem</span> <span class='ocrx_word' id='word_1_688' title='bbox 3573 2745 3826 2796; x_wconf 90' lang='lat' dir='ltr'>nostram</span> 
     </span>
    </p>
   </div>
   <div class='ocr_carea' id='block_1_92' title="bbox 2185 2830 3829 2909">
    <p class='ocr_par' dir='ltr' id='par_1_92' title="bbox 2185 2830 3829 2909">
     <span class='ocr_line' id='line_1_92' title="bbox 2185 2830 3829 2909; baseline -0.007 -16"><span class='ocrx_word' id='word_1_689' title='bbox 2185 2839 2361 2909; x_wconf 83' lang='lat' dir='ltr'>(Rom.</span> <span class='ocrx_word' id='word_1_690' title='bbox 2397 2854 2470 2901; x_wconf 80' lang='grc' dir='ltr'>ιν,</span> <span class='ocrx_word' id='word_1_691' title='bbox 2501 2837 2621 2906; x_wconf 83' lang='grc'>25);</span> <span class='ocrx_word' id='word_1_692' title='bbox 2651 2835 2787 2906; x_wconf 87' lang='lat' dir='ltr'>quia</span> <span class='ocrx_word' id='word_1_693' title='bbox 2809 2834 2910 2889; x_wconf 84' lang='lat' dir='ltr'>etsi</span> <span class='ocrx_word' id='word_1_694' title='bbox 2939 2833 3235 2902; x_wconf 83' lang='lat' dir='ltr'>cruciﬁxus</span> <span class='ocrx_word' id='word_1_695' title='bbox 3256 2834 3334 2885; x_wconf 86' lang='lat' dir='ltr'>est</span> <span class='ocrx_word' id='word_1_696' title='bbox 3371 2847 3445 2884; x_wconf 88' lang='lat' dir='ltr'>ex</span> <span class='ocrx_word' id='word_1_697' title='bbox 3494 2830 3829 2900; x_wconf 78' lang='lat' dir='ltr'>inﬁrmitate,</span> 
     </span>
    </p>
   </div>
   <div class='ocr_carea' id='block_1_93' title="bbox 2184 2917 3826 2992">
    <p class='ocr_par' dir='ltr' id='par_1_93' title="bbox 2184 2917 3826 2992">
     <span class='ocr_line' id='line_1_93' title="bbox 2184 2917 3826 2992; baseline -0.007 -9"><span class='ocrx_word' id='word_1_698' title='bbox 2184 2927 2277 2983; x_wconf 86' lang='lat' dir='ltr'>sed</span> <span class='ocrx_word' id='word_1_699' title='bbox 2308 2929 2440 2982; x_wconf 85' lang='lat' dir='ltr'>vivit</span> <span class='ocrx_word' id='word_1_700' title='bbox 2461 2943 2528 2980; x_wconf 80' lang='lat' dir='ltr'>ex</span> <span class='ocrx_word' id='word_1_701' title='bbox 2552 2927 2747 2980; x_wconf 79' lang='lat' dir='ltr'>virtute</span> <span class='ocrx_word' id='word_1_702' title='bbox 2777 2926 2892 2990; x_wconf 90' lang='lat' dir='ltr'>Dei,</span> <span class='ocrx_word' id='word_1_703' title='bbox 2929 2923 3080 2976; x_wconf 92' lang='lat' dir='ltr'>sicut</span> <span class='ocrx_word' id='word_1_704' title='bbox 3108 2921 3249 2976; x_wconf 91' lang='lat' dir='ltr'>dicit</span> <span class='ocrx_word' id='word_1_705' title='bbox 3275 2919 3599 2992; x_wconf 87' lang='lat' dir='ltr'>Apostolus</span> <span class='ocrx_word' id='word_1_706' title='bbox 3623 2917 3826 2990; x_wconf 87' lang='lat' dir='ltr'>(llCor.</span> 
     </span>
    </p>
   </div>
   <div class='ocr_carea' id='block_1_94' title="bbox 2186 3008 3830 3086">
    <p class='ocr_par' dir='ltr' id='par_1_94' title="bbox 2186 3008 3830 3086">
     <span class='ocr_line' id='line_1_94' title="bbox 2186 3008 3830 3086; baseline -0.007 -16"><span class='ocrx_word' id='word_1_707' title='bbox 2186 3033 2285 3082; x_wconf 80' lang='lat' dir='ltr'>xu,</span> <span class='ocrx_word' id='word_1_708' title='bbox 2316 3017 2388 3086; x_wconf 86' lang='grc'>4).</span> <span class='ocrx_word' id='word_1_709' title='bbox 2427 3017 2550 3069; x_wconf 68' lang='lat' dir='ltr'>Haec</span> <span class='ocrx_word' id='word_1_710' title='bbox 2581 3031 2714 3085; x_wconf 87' lang='lat' dir='ltr'>ergo</span> <span class='ocrx_word' id='word_1_711' title='bbox 2747 3029 2815 3066; x_wconf 81' lang='lat' dir='ltr'>ex</span> <span class='ocrx_word' id='word_1_712' title='bbox 2846 3012 3032 3066; x_wconf 90' lang='lat' dir='ltr'>virtus</span> <span class='ocrx_word' id='word_1_713' title='bbox 3061 3015 3227 3064; x_wconf 80' lang='lat' dir='ltr'>terrae</span> <span class='ocrx_word' id='word_1_714' title='bbox 3258 3008 3442 3076; x_wconf 91' lang='lat' dir='ltr'>illius,</span> <span class='ocrx_word' id='word_1_715' title='bbox 3481 3024 3662 3079; x_wconf 91' lang='lat' dir='ltr'>quam</span> <span class='ocrx_word' id='word_1_716' title='bbox 3719 3021 3830 3060; x_wconf 91' lang='lat' dir='ltr'>non</span> 
     </span>
    </p>
   </div>
   <div class='ocr_carea' id='block_1_95' title="bbox 2188 3098 3832 3174">
    <p class='ocr_par' dir='ltr' id='par_1_95' title="bbox 2188 3098 3832 3174">
     <span class='ocr_line' id='line_1_95' title="bbox 2188 3098 3832 3174; baseline -0.006 -14"><span class='ocrx_word' id='word_1_717' title='bbox 2188 3105 2444 3160; x_wconf 91' lang='lat' dir='ltr'>ostendit</span> <span class='ocrx_word' id='word_1_718' title='bbox 2470 3103 2668 3174; x_wconf 90' lang='lat' dir='ltr'>impiis</span> <span class='ocrx_word' id='word_1_719' title='bbox 2699 3114 2755 3157; x_wconf 85' lang='lat' dir='ltr'>et</span> <span class='ocrx_word' id='word_1_720' title='bbox 2780 3099 3114 3156; x_wconf 91' lang='lat' dir='ltr'>incredulis.</span> <span class='ocrx_word' id='word_1_721' title='bbox 3151 3098 3313 3153; x_wconf 92' lang='lat' dir='ltr'>Unde</span> <span class='ocrx_word' id='word_1_722' title='bbox 3359 3115 3468 3153; x_wconf 91' lang='lat' dir='ltr'>nec</span> <span class='ocrx_word' id='word_1_723' title='bbox 3502 3111 3832 3167; x_wconf 88' lang='lat' dir='ltr'>resurgens,</span> 
     </span>
    </p>
   </div>
   <div class='ocr_carea' id='block_1_96' title="bbox 2185 3182 3839 3264">
    <p class='ocr_par' dir='ltr' id='par_1_96' title="bbox 2185 3182 3839 3264">
     <span class='ocr_line' id='line_1_96' title="bbox 2185 3182 3839 3264; baseline -0.008 -16"><span class='ocrx_word' id='word_1_724' title='bbox 2185 3194 2269 3249; x_wconf 90' lang='lat' dir='ltr'>eis</span> <span class='ocrx_word' id='word_1_725' title='bbox 2299 3211 2332 3247; x_wconf 88' lang='lat' dir='ltr'>a</span> <span class='ocrx_word' id='word_1_726' title='bbox 2363 3193 2578 3264; x_wconf 91' lang='lat' dir='ltr'>quibus</span> <span class='ocrx_word' id='word_1_727' title='bbox 2602 3195 2725 3246; x_wconf 88' lang='lat' dir='ltr'>erat</span> <span class='ocrx_word' id='word_1_728' title='bbox 2745 3189 3061 3245; x_wconf 80' lang='lat' dir='ltr'>cruxiﬁxus</span> <span class='ocrx_word' id='word_1_729' title='bbox 3084 3185 3376 3258; x_wconf 86' lang='lat' dir='ltr'>apparuit;</span> <span class='ocrx_word' id='word_1_730' title='bbox 3394 3191 3687 3255; x_wconf 88' lang='lat' dir='ltr'>tanquam</span> <span class='ocrx_word' id='word_1_731' title='bbox 3705 3182 3839 3237; x_wconf 88' lang='lat' dir='ltr'>Cain</span> 
     </span>
    </p>
   </div>
   <div class='ocr_carea' id='block_1_97' title="bbox 2185 3275 3841 3354">
    <p class='ocr_par' dir='ltr' id='par_1_97' title="bbox 2185 3275 3841 3354">
     <span class='ocr_line' id='line_1_97' title="bbox 2185 3275 3841 3354; baseline -0.01 -14"><span class='ocrx_word' id='word_1_732' title='bbox 2185 3283 2446 3354; x_wconf 88' lang='lat' dir='ltr'>operanti</span> <span class='ocrx_word' id='word_1_733' title='bbox 2469 3287 2705 3346; x_wconf 88' lang='lat' dir='ltr'>terram,</span> <span class='ocrx_word' id='word_1_734' title='bbox 2741 3285 2804 3334; x_wconf 90' lang='lat' dir='ltr'>ut</span> <span class='ocrx_word' id='word_1_735' title='bbox 2832 3295 3079 3351; x_wconf 89' lang='lat' dir='ltr'>granum</span> <span class='ocrx_word' id='word_1_736' title='bbox 3109 3275 3249 3330; x_wconf 89' lang='lat' dir='ltr'>illud</span> <span class='ocrx_word' id='word_1_737' title='bbox 3283 3275 3709 3342; x_wconf 87' lang='lat' dir='ltr'>seminaretur,</span> <span class='ocrx_word' id='word_1_738' title='bbox 3731 3287 3841 3327; x_wconf 91' lang='lat' dir='ltr'>non</span> 
     </span>
    </p>
   </div>
   <div class='ocr_carea' id='block_1_98' title="bbox 2185 3363 3844 3433">
    <p class='ocr_par' dir='ltr' id='par_1_98' title="bbox 2185 3363 3844 3433">
     <span class='ocr_line' id='line_1_98' title="bbox 2185 3363 3844 3433; baseline -0.008 -5"><span class='ocrx_word' id='word_1_739' title='bbox 2185 3375 2521 3428; x_wconf 70' lang='lat' dir='ltr'>ostendens3</span> <span class='ocrx_word' id='word_1_740' title='bbox 2539 3371 2738 3426; x_wconf 88' lang='lat' dir='ltr'>eadem</span> <span class='ocrx_word' id='word_1_741' title='bbox 2762 3372 2916 3423; x_wconf 91' lang='lat' dir='ltr'>terra</span> <span class='ocrx_word' id='word_1_742' title='bbox 2948 3366 3204 3421; x_wconf 90' lang='lat' dir='ltr'>fructum</span> <span class='ocrx_word' id='word_1_743' title='bbox 3227 3363 3474 3418; x_wconf 84' lang='lat' dir='ltr'>virtutis</span> <span class='ocrx_word' id='word_1_744' title='bbox 3496 3380 3620 3418; x_wconf 70' lang='lat' dir='ltr'>suae</span> <span class='ocrx_word' id='word_1_745' title='bbox 3656 3381 3668 3418; x_wconf 88' lang='lat'><strong>:</strong></span> <span class='ocrx_word' id='word_1_746' title='bbox 3696 3365 3844 3433; x_wconf 79' lang='lat' dir='ltr'>Quo-</span> 
     </span>
    </p>
   </div>
   <div class='ocr_carea' id='block_1_99' title="bbox 2183 3454 3845 3535">
    <p class='ocr_par' dir='ltr' id='par_1_99' title="bbox 2183 3454 3845 3535">
     <span class='ocr_line' id='line_1_99' title="bbox 2183 3454 3845 3535; baseline -0.01 -14"><span class='ocrx_word' id='word_1_747' title='bbox 2183 3467 2338 3520; x_wconf 81' lang='lat' dir='ltr'>niam</span> <span class='ocrx_word' id='word_1_748' title='bbox 2355 3461 2689 3535; x_wconf 84' lang='lat' dir='ltr'>Operaberis,</span> <span class='ocrx_word' id='word_1_749' title='bbox 2707 3456 3202 3527; x_wconf 87' lang='lat' dir='ltr'>inquit,terram,et</span> <span class='ocrx_word' id='word_1_750' title='bbox 3215 3469 3320 3510; x_wconf 87' lang='lat' dir='ltr'>non</span> <span class='ocrx_word' id='word_1_751' title='bbox 3340 3454 3575 3524; x_wconf 84' lang='lat' dir='ltr'>adjicite</span> <span class='ocrx_word' id='word_1_752' title='bbox 3590 3454 3845 3508; x_wconf 82' lang='lat' dir='ltr'>virtutem</span> 
     </span>
    </p>
   </div>
   <div class='ocr_carea' id='block_1_100' title="bbox 2182 3553 2651 3610">
    <p class='ocr_par' dir='ltr' id='par_1_100' title="bbox 2182 3553 2651 3610">
     <span class='ocr_line' id='line_1_100' title="bbox 2182 3553 2651 3610; baseline -0.013 0"><span class='ocrx_word' id='word_1_753' title='bbox 2182 3573 2340 3610; x_wconf 82' lang='lat' dir='ltr'>suam</span> <span class='ocrx_word' id='word_1_754' title='bbox 2369 3554 2505 3608; x_wconf 89' lang='lat' dir='ltr'>dare</span> <span class='ocrx_word' id='word_1_755' title='bbox 2531 3553 2651 3606; x_wconf 87' lang='lat' dir='ltr'>tibi.</span> 
     </span>
    </p>
   </div>
   <div class='ocr_carea' id='block_1_101' title="bbox 2253 3627 3845 3699">
    <p class='ocr_par' dir='ltr' id='par_1_101' title="bbox 2253 3627 3845 3699">
     <span class='ocr_line' id='line_1_101' title="bbox 2253 3627 3845 3699; baseline -0.012 -1"><span class='ocrx_word' id='word_1_756' title='bbox 2253 3642 2480 3699; x_wconf 88' lang='lat' dir='ltr'>CAPUT</span> <span class='ocrx_word' id='word_1_757' title='bbox 2499 3640 2924 3692; x_wconf 84' lang='lat' dir='ltr'>XlI.—Gemens</span> <span class='ocrx_word' id='word_1_758' title='bbox 2942 3642 2992 3688; x_wconf 86' lang='lat' dir='ltr'>et</span> <span class='ocrx_word' id='word_1_759' title='bbox 3013 3636 3245 3687; x_wconf 85' lang='lat' dir='ltr'>tremens</span> <span class='ocrx_word' id='word_1_760' title='bbox 3265 3631 3374 3685; x_wconf 87' lang='lat' dir='ltr'>eris</span> <span class='ocrx_word' id='word_1_761' title='bbox 3393 3630 3461 3683; x_wconf 84' lang='lat' dir='ltr'>in</span> <span class='ocrx_word' id='word_1_762' title='bbox 3488 3634 3663 3684; x_wconf 83' lang='lat' dir='ltr'>terra.</span> <span class='ocrx_word' id='word_1_763' title='bbox 3683 3627 3845 3682; x_wconf 88' lang='lat' dir='ltr'>Nunc</span> 
     </span>
    </p>
   </div>
   <div class='ocr_carea' id='block_1_102' title="bbox 2182 3719 3838 3803">
    <p class='ocr_par' dir='ltr' id='par_1_102' title="bbox 2182 3719 3838 3803">
     <span class='ocr_line' id='line_1_102' title="bbox 2182 3719 3838 3803; baseline -0.012 -14"><span class='ocrx_word' id='word_1_764' title='bbox 2182 3751 2311 3789; x_wconf 92' lang='lat' dir='ltr'>ecce</span> <span class='ocrx_word' id='word_1_765' title='bbox 2344 3732 2477 3803; x_wconf 89' lang='lat' dir='ltr'>quis</span> <span class='ocrx_word' id='word_1_766' title='bbox 2509 3746 2623 3784; x_wconf 90' lang='lat' dir='ltr'>non</span> <span class='ocrx_word' id='word_1_767' title='bbox 2639 3727 2846 3793; x_wconf 81' lang='lat' dir='ltr'>videat,</span> <span class='ocrx_word' id='word_1_768' title='bbox 2869 3723 2998 3794; x_wconf 92' lang='lat' dir='ltr'>quis</span> <span class='ocrx_word' id='word_1_769' title='bbox 3020 3738 3134 3776; x_wconf 92' lang='lat' dir='ltr'>non</span> <span class='ocrx_word' id='word_1_770' title='bbox 3149 3722 3396 3791; x_wconf 85' lang='lat' dir='ltr'>agnocat</span> <span class='ocrx_word' id='word_1_771' title='bbox 3417 3719 3485 3773; x_wconf 90' lang='lat' dir='ltr'>in</span> <span class='ocrx_word' id='word_1_772' title='bbox 3512 3721 3638 3774; x_wconf 90' lang='lat' dir='ltr'>tota</span> <span class='ocrx_word' id='word_1_773' title='bbox 3661 3721 3838 3782; x_wconf 89' lang='lat' dir='ltr'>terra,</span> 
     </span>
    </p>
   </div>
   <div class='ocr_carea' id='block_1_103' title="bbox 2183 3805 3838 3895">
    <p class='ocr_par' dir='ltr' id='par_1_103' title="bbox 2183 3805 3838 3895">
     <span class='ocr_line' id='line_1_103' title="bbox 2183 3805 3838 3895; baseline -0.012 -16"><span class='ocrx_word' id='word_1_774' title='bbox 2183 3836 2550 3895; x_wconf 88' lang='lat' dir='ltr'>quacumque</span> <span class='ocrx_word' id='word_1_775' title='bbox 2590 3818 2890 3886; x_wconf 87' lang='lat' dir='ltr'>dispersus</span> <span class='ocrx_word' id='word_1_776' title='bbox 2936 3818 3025 3866; x_wconf 90' lang='lat' dir='ltr'>est</span> <span class='ocrx_word' id='word_1_777' title='bbox 3074 3808 3169 3865; x_wconf 90' lang='lat' dir='ltr'>ille</span> <span class='ocrx_word' id='word_1_778' title='bbox 3219 3807 3503 3880; x_wconf 90' lang='lat' dir='ltr'>populus,</span> <span class='ocrx_word' id='word_1_779' title='bbox 3542 3805 3838 3895; x_wconf 86' lang='lat' dir='ltr'>quomodo</span> 
     </span>
    </p>
   </div>
   <div class='ocr_carea' id='block_1_104' title="bbox 2181 3893 3843 3984">
    <p class='ocr_par' dir='ltr' id='par_1_104' title="bbox 2181 3893 3843 3984">
     <span class='ocr_line' id='line_1_104' title="bbox 2181 3893 3843 3984; baseline -0.013 -16"><span class='ocrx_word' id='word_1_780' title='bbox 2181 3893 2375 3984; x_wconf 83' lang='lat' dir='ltr'>gemat</span> <span class='ocrx_word' id='word_1_781' title='bbox 2407 3924 2650 3963; x_wconf 66' lang='lat' dir='ltr'>maerore</span> <span class='ocrx_word' id='word_1_782' title='bbox 2683 3903 2884 3960; x_wconf 84' lang='lat' dir='ltr'>amissi</span> <span class='ocrx_word' id='word_1_783' title='bbox 2933 3900 3115 3972; x_wconf 87' lang='lat' dir='ltr'>regni,</span> <span class='ocrx_word' id='word_1_784' title='bbox 3148 3903 3202 3953; x_wconf 91' lang='lat' dir='ltr'>et</span> <span class='ocrx_word' id='word_1_785' title='bbox 3230 3901 3445 3952; x_wconf 87' lang='lat' dir='ltr'>tremat</span> <span class='ocrx_word' id='word_1_786' title='bbox 3481 3897 3700 3952; x_wconf 87' lang='lat' dir='ltr'>timore</span> <span class='ocrx_word' id='word_1_787' title='bbox 3735 3893 3843 3949; x_wconf 90' lang='lat' dir='ltr'>sub</span> 
     </span>
    </p>
   </div>
   <div class='ocr_carea' id='block_1_105' title="bbox 2179 3985 3843 4066">
    <p class='ocr_par' dir='ltr' id='par_1_105' title="bbox 2179 3985 3843 4066">
     <span class='ocr_line' id='line_1_105' title="bbox 2179 3985 3843 4066; baseline -0.013 -10"><span class='ocrx_word' id='word_1_788' title='bbox 2179 3997 2704 4056; x_wconf 88' lang='lat' dir='ltr'>innumerabilibus</span> <span class='ocrx_word' id='word_1_789' title='bbox 2738 3990 2966 4066; x_wconf 91' lang='lat' dir='ltr'>populis</span> <span class='ocrx_word' id='word_1_790' title='bbox 3012 3985 3398 4044; x_wconf 86' lang='lat' dir='ltr'>Christianis?</span> <span class='ocrx_word' id='word_1_791' title='bbox 3437 3987 3704 4056; x_wconf 82' lang='lat' dir='ltr'>Ideoque</span> <span class='ocrx_word' id='word_1_792' title='bbox 3726 3997 3843 4036; x_wconf 87' lang='lat' dir='ltr'>res-</span> 
     </span>
    </p>
   </div>
   <div class='ocr_carea' id='block_1_106' title="bbox 2181 4071 3845 4162">
    <p class='ocr_par' dir='ltr' id='par_1_106' title="bbox 2181 4071 3845 4162">
     <span class='ocr_line' id='line_1_106' title="bbox 2181 4071 3845 4162; baseline -0.013 -16"><span class='ocrx_word' id='word_1_793' title='bbox 2181 4087 2553 4162; x_wconf 87' lang='lat' dir='ltr'>ponditCain</span> <span class='ocrx_word' id='word_1_794' title='bbox 2588 4088 2644 4138; x_wconf 91' lang='lat' dir='ltr'>et</span> <span class='ocrx_word' id='word_1_795' title='bbox 2673 4081 2818 4137; x_wconf 81' lang='lat' dir='ltr'>dixit</span> <span class='ocrx_word' id='word_1_796' title='bbox 2853 4099 2865 4136; x_wconf 92' lang='lat'>:</span> <span class='ocrx_word' id='word_1_797' title='bbox 2901 4080 3085 4150; x_wconf 85' lang='lat' dir='ltr'>Major</span> <span class='ocrx_word' id='word_1_798' title='bbox 3115 4080 3189 4132; x_wconf 87' lang='lat' dir='ltr'>est</span> <span class='ocrx_word' id='word_1_799' title='bbox 3219 4091 3390 4130; x_wconf 90' lang='lat' dir='ltr'>causa</span> <span class='ocrx_word' id='word_1_800' title='bbox 3423 4090 3581 4139; x_wconf 86' lang='lat' dir='ltr'>mea,</span> <span class='ocrx_word' id='word_1_801' title='bbox 3607 4073 3658 4127; x_wconf 72' lang='lat' dir='ltr'>si</span> <span class='ocrx_word' id='word_1_802' title='bbox 3692 4071 3845 4144; x_wconf 74' lang='lat' dir='ltr'>ejicis</span> 
     </span>
    </p>
   </div>
   <div class='ocr_carea' id='block_1_107' title="bbox 2178 4162 3846 4244">
    <p class='ocr_par' dir='ltr' id='par_1_107' title="bbox 2178 4162 3846 4244">
     <span class='ocr_line' id='line_1_107' title="bbox 2178 4162 3846 4244; baseline -0.013 -9"><span class='ocrx_word' id='word_1_803' title='bbox 2178 4196 2263 4235; x_wconf 86' lang='lat' dir='ltr'>me</span> <span class='ocrx_word' id='word_1_804' title='bbox 2314 4177 2469 4233; x_wconf 80' lang='lat' dir='ltr'>hodie</span> <span class='ocrx_word' id='word_1_805' title='bbox 2490 4193 2523 4229; x_wconf 89' lang='lat' dir='ltr'>a</span> <span class='ocrx_word' id='word_1_806' title='bbox 2551 4174 2695 4244; x_wconf 81' lang='lat' dir='ltr'>facie</span> <span class='ocrx_word' id='word_1_807' title='bbox 2742 4179 2925 4234; x_wconf 69' lang='lat' dir='ltr'>terrae,</span> <span class='ocrx_word' id='word_1_808' title='bbox 2956 4172 3007 4222; x_wconf 90' lang='lat' dir='ltr'>et</span> <span class='ocrx_word' id='word_1_809' title='bbox 3037 4185 3068 4221; x_wconf 80' lang='grc' dir='ltr'><strong>ο</strong></span> <span class='ocrx_word' id='word_1_810' title='bbox 3108 4165 3252 4237; x_wconf 82' lang='lat' dir='ltr'>facie</span> <span class='ocrx_word' id='word_1_811' title='bbox 3285 4169 3382 4218; x_wconf 86' lang='lat' dir='ltr'>tua</span> <span class='ocrx_word' id='word_1_812' title='bbox 3411 4162 3755 4227; x_wconf 83' lang='lat' dir='ltr'>abscondar,</span> <span class='ocrx_word' id='word_1_813' title='bbox 3793 4163 3846 4215; x_wconf 88' lang='lat' dir='ltr'>et</span> 
     </span>
    </p>
   </div>
   <div class='ocr_carea' id='block_1_108' title="bbox 2177 4249 3846 4339">
    <p class='ocr_par' dir='ltr' id='par_1_108' title="bbox 2177 4249 3846 4339">
     <span class='ocr_line' id='line_1_108' title="bbox 2177 4249 3846 4339; baseline -0.013 -15"><span class='ocrx_word' id='word_1_814' title='bbox 2177 4285 2270 4324; x_wconf 88' lang='lat' dir='ltr'>ero</span> <span class='ocrx_word' id='word_1_815' title='bbox 2296 4280 2511 4339; x_wconf 84' lang='lat' dir='ltr'>gemens</span> <span class='ocrx_word' id='word_1_816' title='bbox 2566 4267 2618 4318; x_wconf 87' lang='lat' dir='ltr'>et</span> <span class='ocrx_word' id='word_1_817' title='bbox 2647 4265 2886 4315; x_wconf 76' lang='lat' dir='ltr'>tremens</span> <span class='ocrx_word' id='word_1_818' title='bbox 2918 4273 3082 4327; x_wconf 84' lang='lat' dir='ltr'>super</span> <span class='ocrx_word' id='word_1_819' title='bbox 3117 4264 3350 4314; x_wconf 85' lang='lat' dir='ltr'>terram;</span> <span class='ocrx_word' id='word_1_820' title='bbox 3399 4261 3454 4306; x_wconf 86' lang='lat' dir='ltr'>et</span> <span class='ocrx_word' id='word_1_821' title='bbox 3486 4255 3624 4320; x_wconf 85' lang='lat' dir='ltr'>erit,</span> <span class='ocrx_word' id='word_1_822' title='bbox 3668 4249 3846 4306; x_wconf 80' lang='lat' dir='ltr'>omnis</span> 
     </span>
    </p>
   </div>
   <div class='ocr_carea' id='block_1_109' title="bbox 2177 4340 3847 4437">
    <p class='ocr_par' dir='ltr' id='par_1_109' title="bbox 2177 4340 3847 4437">
     <span class='ocr_line' id='line_1_109' title="bbox 2177 4340 3847 4437; baseline -0.013 -24"><span class='ocrx_word' id='word_1_823' title='bbox 2177 4359 2273 4429; x_wconf 86' lang='lat' dir='ltr'>qui</span> <span class='ocrx_word' id='word_1_824' title='bbox 2302 4354 2568 4411; x_wconf 84' lang='lat' dir='ltr'>invenerit</span> <span class='ocrx_word' id='word_1_825' title='bbox 2598 4366 2700 4415; x_wconf 86' lang='lat' dir='ltr'>me,</span> <span class='ocrx_word' id='word_1_826' title='bbox 2726 4347 2924 4404; x_wconf 87' lang='lat' dir='ltr'>occidet</span> <span class='ocrx_word' id='word_1_827' title='bbox 2953 4362 3059 4402; x_wconf 87' lang='lat' dir='ltr'>me.</span> <span class='ocrx_word' id='word_1_828' title='bbox 3092 4344 3236 4399; x_wconf 89' lang='lat' dir='ltr'>Vere</span> <span class='ocrx_word' id='word_1_829' title='bbox 3267 4341 3402 4437; x_wconf 79' lang='lat' dir='ltr'>inde</span> <span class='ocrx_word' id='word_1_830' title='bbox 3419 4340 3616 4437; x_wconf 74' lang='lat' dir='ltr'>gemit</span> <span class='ocrx_word' id='word_1_831' title='bbox 3641 4345 3702 4437; x_wconf 78' lang='lat' dir='ltr'>et</span> <span class='ocrx_word' id='word_1_832' title='bbox 3727 4344 3847 4437; x_wconf 55' lang='lat' dir='ltr'>tre:</span> 
     </span>
    </p>
   </div>
   <div class='ocr_carea' id='block_1_110' title="bbox 2178 4425 3848 4514">
    <p class='ocr_par' dir='ltr' id='par_1_110' title="bbox 2178 4425 3848 4514">
     <span class='ocr_line' id='line_1_110' title="bbox 2178 4425 3848 4514; baseline -0.014 -12"><span class='ocrx_word' id='word_1_833' title='bbox 2178 4425 2301 4514; x_wconf 76' lang='lat' dir='ltr'>init,</span> <span class='ocrx_word' id='word_1_834' title='bbox 2336 4462 2407 4500; x_wconf 91' lang='lat' dir='ltr'>ne</span> <span class='ocrx_word' id='word_1_835' title='bbox 2438 4458 2615 4514; x_wconf 89' lang='lat' dir='ltr'>regno</span> <span class='ocrx_word' id='word_1_836' title='bbox 2648 4438 2823 4495; x_wconf 90' lang='lat' dir='ltr'>etiam</span> <span class='ocrx_word' id='word_1_837' title='bbox 2877 4441 3105 4491; x_wconf 90' lang='lat' dir='ltr'>terreno</span> <span class='ocrx_word' id='word_1_838' title='bbox 3149 4431 3392 4505; x_wconf 91' lang='lat' dir='ltr'>perdito,</span> <span class='ocrx_word' id='word_1_839' title='bbox 3450 4429 3578 4485; x_wconf 89' lang='lat' dir='ltr'>ista</span> <span class='ocrx_word' id='word_1_840' title='bbox 3627 4425 3848 4483; x_wconf 90' lang='lat' dir='ltr'>visibili</span> 
     </span>
    </p>
   </div>
   <div class='ocr_carea' id='block_1_111' title="bbox 2179 4522 3852 4592">
    <p class='ocr_par' dir='ltr' id='par_1_111' title="bbox 2179 4522 3852 4592">
     <span class='ocr_line' id='line_1_111' title="bbox 2179 4522 3852 4592; baseline -0.014 -1"><span class='ocrx_word' id='word_1_841' title='bbox 2179 4538 2363 4591; x_wconf 89' lang='lat' dir='ltr'>morte</span> <span class='ocrx_word' id='word_1_842' title='bbox 2393 4531 2710 4588; x_wconf 90' lang='lat' dir='ltr'>occidatur.</span> <span class='ocrx_word' id='word_1_843' title='bbox 2735 4527 2894 4582; x_wconf 86' lang='lat' dir='ltr'>Hanc</span> <span class='ocrx_word' id='word_1_844' title='bbox 2912 4524 3051 4580; x_wconf 92' lang='lat' dir='ltr'>dicit</span> <span class='ocrx_word' id='word_1_845' title='bbox 3067 4522 3349 4592; x_wconf 88' lang='lat' dir='ltr'>majorem</span> <span class='ocrx_word' id='word_1_846' title='bbox 3372 4535 3653 4584; x_wconf 86' lang='lat' dir='ltr'>causam,</span> <span class='ocrx_word' id='word_1_847' title='bbox 3671 4530 3852 4588; x_wconf 89' lang='lat' dir='ltr'>quam</span> 
     </span>
    </p>
   </div>
   <div class='ocr_carea' id='block_1_112' title="bbox 2177 4602 3851 4700">
    <p class='ocr_par' dir='ltr' id='par_1_112' title="bbox 2177 4602 3851 4700">
     <span class='ocr_line' id='line_1_112' title="bbox 2177 4602 3851 4700; baseline -0.014 -20"><span class='ocrx_word' id='word_1_848' title='bbox 2177 4625 2335 4680; x_wconf 88' lang='lat' dir='ltr'>illam</span> <span class='ocrx_word' id='word_1_849' title='bbox 2354 4622 2507 4694; x_wconf 92' lang='lat' dir='ltr'>quod</span> <span class='ocrx_word' id='word_1_850' title='bbox 2527 4621 2578 4676; x_wconf 91' lang='lat' dir='ltr'>ei</span> <span class='ocrx_word' id='word_1_851' title='bbox 2600 4623 2756 4674; x_wconf 88' lang='lat' dir='ltr'>terra</span> <span class='ocrx_word' id='word_1_852' title='bbox 2787 4632 2901 4672; x_wconf 91' lang='lat' dir='ltr'>non</span> <span class='ocrx_word' id='word_1_853' title='bbox 2924 4616 3024 4668; x_wconf 90' lang='lat' dir='ltr'>dat</span> <span class='ocrx_word' id='word_1_854' title='bbox 3038 4611 3311 4700; x_wconf 83' lang='lat' dir='ltr'>virtutem</span> <span class='ocrx_word' id='word_1_855' title='bbox 3345 4623 3546 4700; x_wconf 83' lang='lat' dir='ltr'>suam,</span> <span class='ocrx_word' id='word_1_856' title='bbox 3567 4622 3642 4700; x_wconf 78' lang='lat' dir='ltr'>ne</span> <span class='ocrx_word' id='word_1_857' title='bbox 3675 4602 3851 4700; x_wconf 38' lang='lat' dir='ltr'>spirit</span> 
     </span>
    </p>
   </div>
   <div class='ocr_carea' id='block_1_113' title="bbox 2174 4691 3852 4770">
    <p class='ocr_par' dir='ltr' id='par_1_113' title="bbox 2174 4691 3852 4770">
     <span class='ocr_line' id='line_1_113' title="bbox 2174 4691 3852 4770; baseline -0.014 0"><span class='ocrx_word' id='word_1_858' title='bbox 2174 4691 2410 4770; x_wconf 46' lang='lat' dir='ltr'>tualite—r</span> <span class='ocrx_word' id='word_1_859' title='bbox 2432 4709 2717 4765; x_wconf 88' lang='lat' dir='ltr'>moriatur</span> <span class='ocrx_word' id='word_1_860' title='bbox 2735 4701 3076 4762; x_wconf 86' lang='lat' dir='ltr'>.Carnaliter</span> <span class='ocrx_word' id='word_1_861' title='bbox 3105 4699 3261 4757; x_wconf 89' lang='lat' dir='ltr'>enim</span> <span class='ocrx_word' id='word_1_862' title='bbox 3277 4695 3454 4768; x_wconf 89' lang='lat' dir='ltr'>sapit,</span> <span class='ocrx_word' id='word_1_863' title='bbox 3473 4700 3538 4751; x_wconf 91' lang='lat' dir='ltr'>et</span> <span class='ocrx_word' id='word_1_864' title='bbox 3561 4691 3852 4750; x_wconf 87' lang='lat' dir='ltr'>abscondi</span> 
     </span>
    </p>
   </div>
   <div class='ocr_carea' id='block_1_114' title="bbox 2177 4787 3853 4867">
    <p class='ocr_par' dir='ltr' id='par_1_114' title="bbox 2177 4787 3853 4867">
     <span class='ocr_line' id='line_1_114' title="bbox 2177 4787 3853 4867; baseline -0.014 -10"><span class='ocrx_word' id='word_1_865' title='bbox 2177 4801 2386 4858; x_wconf 87' lang='lat' dir='ltr'>ataeie</span> <span class='ocrx_word' id='word_1_866' title='bbox 2413 4797 2538 4867; x_wconf 89' lang='lat' dir='ltr'>Dei,</span> <span class='ocrx_word' id='word_1_867' title='bbox 2586 4796 2645 4850; x_wconf 91' lang='lat' dir='ltr'>id</span> <span class='ocrx_word' id='word_1_868' title='bbox 2694 4799 2801 4863; x_wconf 88' lang='lat' dir='ltr'>est,</span> <span class='ocrx_word' id='word_1_869' title='bbox 2858 4793 3073 4848; x_wconf 89' lang='lat' dir='ltr'>iratum</span> <span class='ocrx_word' id='word_1_870' title='bbox 3131 4787 3346 4843; x_wconf 86' lang='lat' dir='ltr'>habere</span> <span class='ocrx_word' id='word_1_871' title='bbox 3397 4789 3618 4852; x_wconf 90' lang='lat' dir='ltr'>Deum,</span> <span class='ocrx_word' id='word_1_872' title='bbox 3674 4793 3853 4851; x_wconf 81' lang='lat' dir='ltr'>grave</span> 
     </span>
    </p>
   </div>
   <div class='ocr_carea' id='block_1_115' title="bbox 2175 4868 3853 4966">
    <p class='ocr_par' dir='ltr' id='par_1_115' title="bbox 2175 4868 3853 4966">
     <span class='ocr_line' id='line_1_115' title="bbox 2175 4868 3853 4966; baseline -0.015 -20"><span class='ocrx_word' id='word_1_873' title='bbox 2175 4908 2288 4946; x_wconf 89' lang='lat' dir='ltr'>non</span> <span class='ocrx_word' id='word_1_874' title='bbox 2314 4892 2500 4961; x_wconf 89' lang='lat' dir='ltr'>putat,</span> <span class='ocrx_word' id='word_1_875' title='bbox 2554 4885 2665 4941; x_wconf 89' lang='lat' dir='ltr'>nisi</span> <span class='ocrx_word' id='word_1_876' title='bbox 2716 4899 2787 4939; x_wconf 87' lang='lat' dir='ltr'>ne</span> <span class='ocrx_word' id='word_1_877' title='bbox 2832 4879 3162 4937; x_wconf 88' lang='lat' dir='ltr'>inveniatur</span> <span class='ocrx_word' id='word_1_878' title='bbox 3216 4879 3273 4932; x_wconf 89' lang='lat' dir='ltr'>et</span> <span class='ocrx_word' id='word_1_879' title='bbox 3319 4873 3658 4966; x_wconf 79' lang='lat' dir='ltr'>occidatur.</span> <span class='ocrx_word' id='word_1_880' title='bbox 3710 4868 3853 4966; x_wconf 78' lang='lat' dir='ltr'>Gar-</span> 
     </span>
    </p>
   </div>
   <div class='ocr_carea' id='block_1_116' title="bbox 2174 4961 3852 5046">
    <p class='ocr_par' dir='ltr' id='par_1_116' title="bbox 2174 4961 3852 5046">
     <span class='ocr_line' id='line_1_116' title="bbox 2174 4961 3852 5046; baseline -0.014 -12"><span class='ocrx_word' id='word_1_881' title='bbox 2174 4978 2384 5034; x_wconf 89' lang='lat' dir='ltr'>naliter</span> <span class='ocrx_word' id='word_1_882' title='bbox 2423 4975 2576 5046; x_wconf 90' lang='lat' dir='ltr'>sapit</span> <span class='ocrx_word' id='word_1_883' title='bbox 2604 4979 2886 5043; x_wconf 88' lang='lat' dir='ltr'>tanquam</span> <span class='ocrx_word' id='word_1_884' title='bbox 2918 4984 3166 5042; x_wconf 89' lang='lat' dir='ltr'>operans</span> <span class='ocrx_word' id='word_1_885' title='bbox 3225 4969 3466 5020; x_wconf 87' lang='lat' dir='ltr'>terram.</span> <span class='ocrx_word' id='word_1_886' title='bbox 3503 4961 3690 5031; x_wconf 90' lang='lat' dir='ltr'>cujus</span> <span class='ocrx_word' id='word_1_887' title='bbox 3735 4961 3852 5012; x_wconf 88' lang='lat' dir='ltr'>vir-</span> 
     </span>
    </p>
   </div>
   <div class='ocr_carea' id='block_1_117' title="bbox 2173 5049 3846 5132">
    <p class='ocr_par' dir='ltr' id='par_1_117' title="bbox 2173 5049 3846 5132">
     <span class='ocr_line' id='line_1_117' title="bbox 2173 5049 3846 5132; baseline -0.014 -9"><span class='ocrx_word' id='word_1_888' title='bbox 2173 5073 2357 5123; x_wconf 89' lang='lat' dir='ltr'>tutem</span> <span class='ocrx_word' id='word_1_889' title='bbox 2407 5081 2521 5120; x_wconf 92' lang='lat' dir='ltr'>non</span> <span class='ocrx_word' id='word_1_890' title='bbox 2584 5061 2809 5132; x_wconf 89' lang='lat' dir='ltr'>accipit.</span> <span class='ocrx_word' id='word_1_891' title='bbox 2843 5059 3056 5130; x_wconf 85' lang='lat' dir='ltr'>Sapere</span> <span class='ocrx_word' id='word_1_892' title='bbox 3086 5058 3282 5111; x_wconf 91' lang='lat' dir='ltr'>autem</span> <span class='ocrx_word' id='word_1_893' title='bbox 3329 5049 3678 5108; x_wconf 87' lang='lat' dir='ltr'>secundum</span> <span class='ocrx_word' id='word_1_894' title='bbox 3715 5062 3846 5102; x_wconf 88' lang='lat' dir='ltr'>ear-</span> 
     </span>
    </p>
   </div>
   <div class='ocr_carea' id='block_1_118' title="bbox 2173 5135 3853 5221">
    <p class='ocr_par' dir='ltr' id='par_1_118' title="bbox 2173 5135 3853 5221">
     <span class='ocr_line' id='line_1_118' title="bbox 2173 5135 3853 5221; baseline -0.015 -9"><span class='ocrx_word' id='word_1_895' title='bbox 2173 5173 2326 5216; x_wconf 83' lang='lat' dir='ltr'>nem.</span> <span class='ocrx_word' id='word_1_896' title='bbox 2385 5169 2542 5208; x_wconf 89' lang='lat' dir='ltr'>mors</span> <span class='ocrx_word' id='word_1_897' title='bbox 2601 5157 2692 5206; x_wconf 81' lang='lat' dir='ltr'>est</span> <span class='ocrx_word' id='word_1_898' title='bbox 2749 5150 2922 5221; x_wconf 81' lang='lat' dir='ltr'>(Rom.</span> <span class='ocrx_word' id='word_1_899' title='bbox 2981 5163 3105 5212; x_wconf 85' lang='lat' dir='ltr'>vm,</span> <span class='ocrx_word' id='word_1_900' title='bbox 3160 5146 3237 5210; x_wconf 88' lang='lat'>6).</span> <span class='ocrx_word' id='word_1_901' title='bbox 3305 5143 3493 5208; x_wconf 82' lang='lat' dir='ltr'>Quam</span> <span class='ocrx_word' id='word_1_902' title='bbox 3561 5135 3670 5192; x_wconf 90' lang='lat' dir='ltr'>ille</span> <span class='ocrx_word' id='word_1_903' title='bbox 3734 5149 3853 5189; x_wconf 91' lang='lat' dir='ltr'>non</span> 
     </span>
    </p>
   </div>
   <div class='ocr_carea' id='block_1_119' title="bbox 2173 5223 3859 5316">
    <p class='ocr_par' dir='ltr' id='par_1_119' title="bbox 2173 5223 3859 5316">
     <span class='ocr_line' id='line_1_119' title="bbox 2173 5223 3859 5316; baseline -0.015 -15"><span class='ocrx_word' id='word_1_904' title='bbox 2173 5245 2526 5316; x_wconf 82' lang='lat' dir='ltr'>intelligens,</span> <span class='ocrx_word' id='word_1_905' title='bbox 2606 5242 2822 5296; x_wconf 86' lang='lat' dir='ltr'>amisso</span> <span class='ocrx_word' id='word_1_906' title='bbox 2883 5253 3058 5309; x_wconf 88' lang='lat' dir='ltr'>regno</span> <span class='ocrx_word' id='word_1_907' title='bbox 3115 5232 3315 5306; x_wconf 87' lang='lat' dir='ltr'>gemit,</span> <span class='ocrx_word' id='word_1_908' title='bbox 3359 5232 3414 5284; x_wconf 91' lang='lat' dir='ltr'>et</span> <span class='ocrx_word' id='word_1_909' title='bbox 3469 5223 3859 5298; x_wconf 84' lang='lat' dir='ltr'>corporalem</span> 
     </span>
    </p>
   </div>
   <div class='ocr_carea' id='block_1_120' title="bbox 2172 5316 3857 5399">
    <p class='ocr_par' dir='ltr' id='par_1_120' title="bbox 2172 5316 3857 5399">
     <span class='ocr_line' id='line_1_120' title="bbox 2172 5316 3857 5399; baseline -0.015 -5"><span class='ocrx_word' id='word_1_910' title='bbox 2172 5343 2418 5394; x_wconf 88' lang='lat' dir='ltr'>mortem</span> <span class='ocrx_word' id='word_1_911' title='bbox 2476 5333 2708 5389; x_wconf 88' lang='lat' dir='ltr'>tremit.</span> <span class='ocrx_word' id='word_1_912' title='bbox 2777 5329 2887 5385; x_wconf 90' lang='lat' dir='ltr'>Sed</span> <span class='ocrx_word' id='word_1_913' title='bbox 2948 5327 3084 5399; x_wconf 89' lang='lat' dir='ltr'>quid</span> <span class='ocrx_word' id='word_1_914' title='bbox 3147 5325 3197 5379; x_wconf 86' lang='lat' dir='ltr'>ei</span> <span class='ocrx_word' id='word_1_915' title='bbox 3256 5319 3579 5393; x_wconf 88' lang='lat' dir='ltr'>respondet</span> <span class='ocrx_word' id='word_1_916' title='bbox 3641 5316 3857 5372; x_wconf 77' lang='lat' dir='ltr'>Deus?</span> 
     </span>
    </p>
   </div>
   <div class='ocr_carea' id='block_1_121' title="bbox 2170 5405 3858 5493">
    <p class='ocr_par' dir='ltr' id='par_1_121' title="bbox 2170 5405 3858 5493">
     <span class='ocr_line' id='line_1_121' title="bbox 2170 5405 3858 5493; baseline -0.017 -10"><span class='ocrx_word' id='word_1_917' title='bbox 2170 5430 2285 5484; x_wconf 76' lang='lat' dir='ltr'>Non</span> <span class='ocrx_word' id='word_1_918' title='bbox 2367 5428 2468 5492; x_wconf 88' lang='lat' dir='ltr'>sic,</span> <span class='ocrx_word' id='word_1_919' title='bbox 2550 5422 2780 5493; x_wconf 87' lang='lat' dir='ltr'>inquit;</span> <span class='ocrx_word' id='word_1_920' title='bbox 2840 5418 2930 5473; x_wconf 87' lang='lat' dir='ltr'>sed</span> <span class='ocrx_word' id='word_1_921' title='bbox 2983 5417 3162 5472; x_wconf 85' lang='lat' dir='ltr'>omnis</span> <span class='ocrx_word' id='word_1_922' title='bbox 3210 5414 3304 5484; x_wconf 86' lang='lat' dir='ltr'>qui</span> <span class='ocrx_word' id='word_1_923' title='bbox 3361 5407 3638 5465; x_wconf 86' lang='lat' dir='ltr'>occiderit</span> <span class='ocrx_word' id='word_1_924' title='bbox 3688 5405 3858 5493; x_wconf 65' lang='lat' dir='ltr'>Cain,</span> 
     </span>
    </p>
   </div>
   <div class='ocr_carea' id='block_1_122' title="bbox 2168 5491 3863 5594">
    <p class='ocr_par' dir='ltr' id='par_1_122' title="bbox 2168 5491 3863 5594">
     <span class='ocr_line' id='line_1_122' title="bbox 2168 5491 3863 5594; baseline -0.017 -22"><span class='ocrx_word' id='word_1_925' title='bbox 2168 5524 2373 5588; x_wconf 83' lang='lat' dir='ltr'>septem</span> <span class='ocrx_word' id='word_1_926' title='bbox 2405 5491 2678 5569; x_wconf 78' lang='lat' dir='ltr'>vindictas</span> <span class='ocrx_word' id='word_1_927' title='bbox 2709 5509 2946 5564; x_wconf 79' lang='lat' dir='ltr'>exsolvet</span> <span class='ocrx_word' id='word_1_928' title='bbox 2978 5523 2990 5561; x_wconf 89' lang='lat'><strong>:</strong></span> <span class='ocrx_word' id='word_1_929' title='bbox 3039 5505 3096 5558; x_wconf 91' lang='lat' dir='ltr'>id</span> <span class='ocrx_word' id='word_1_930' title='bbox 3120 5507 3228 5568; x_wconf 85' lang='lat' dir='ltr'>est,</span> <span class='ocrx_word' id='word_1_931' title='bbox 3260 5516 3373 5594; x_wconf 82' lang='lat' dir='ltr'>non</span> <span class='ocrx_word' id='word_1_932' title='bbox 3408 5497 3491 5551; x_wconf 90' lang='lat' dir='ltr'>sic</span> <span class='ocrx_word' id='word_1_933' title='bbox 3534 5491 3863 5594; x_wconf 69' lang='lat' dir='ltr'>quomodo</span> 
     </span>
    </p>
   </div>
   <div class='ocr_carea' id='block_1_123' title="bbox 2172 5589 3859 5674">
    <p class='ocr_par' dir='ltr' id='par_1_123' title="bbox 2172 5589 3859 5674">
     <span class='ocr_line' id='line_1_123' title="bbox 2172 5589 3859 5674; baseline -0.017 -12"><span class='ocrx_word' id='word_1_934' title='bbox 2172 5606 2346 5674; x_wconf 89' lang='lat' dir='ltr'>dicis;</span> <span class='ocrx_word' id='word_1_935' title='bbox 2381 5621 2496 5660; x_wconf 92' lang='lat' dir='ltr'>non</span> <span class='ocrx_word' id='word_1_936' title='bbox 2527 5597 2813 5672; x_wconf 87' lang='lat' dir='ltr'>corporali</span> <span class='ocrx_word' id='word_1_937' title='bbox 2847 5599 3029 5652; x_wconf 88' lang='lat' dir='ltr'>morte</span> <span class='ocrx_word' id='word_1_938' title='bbox 3061 5589 3325 5648; x_wconf 87' lang='lat' dir='ltr'>interibit</span> <span class='ocrx_word' id='word_1_939' title='bbox 3352 5600 3545 5660; x_wconf 87' lang='lat' dir='ltr'>genus</span> <span class='ocrx_word' id='word_1_940' title='bbox 3579 5589 3859 5653; x_wconf 88' lang='lat' dir='ltr'>impium</span> 
     </span>
    </p>
   </div>
   <div class='ocr_carea' id='block_1_124' title="bbox 2233 5732 2974 5808">
    <p class='ocr_par' dir='ltr' id='par_1_124' title="bbox 2233 5732 2974 5808">
     <span class='ocr_line' id='line_1_124' title="bbox 2233 5732 2974 5808; baseline -0.011 -21"><span class='ocrx_word' id='word_1_941' title='bbox 2233 5744 2248 5808; x_wconf 64' lang='grc' dir='ltr'><strong>ξ</strong></span> <span class='ocrx_word' id='word_1_942' title='bbox 2280 5740 2405 5808; x_wconf 57' lang='lat' dir='ltr'>Tres</span> <span class='ocrx_word' id='word_1_943' title='bbox 2426 5737 2571 5808; x_wconf 56' lang='lat' dir='ltr'>Mss,</span> <span class='ocrx_word' id='word_1_944' title='bbox 2604 5749 2713 5808; x_wconf 77' lang='lat' dir='ltr'>qua:</span> <span class='ocrx_word' id='word_1_945' title='bbox 2736 5748 2767 5781; x_wconf 87' lang='lat' dir='ltr'>a</span> <span class='ocrx_word' id='word_1_946' title='bbox 2797 5732 2974 5808; x_wconf 41' lang='lat' dir='ltr'>Novo.</span> 
     </span>
    </p>
   </div>
   <div class='ocr_carea' id='block_1_125' title="bbox 2229 5794 3045 5863">
    <p class='ocr_par' dir='ltr' id='par_1_125' title="bbox 2229 5794 3045 5863">
     <span class='ocr_line' id='line_1_125' title="bbox 2229 5794 3045 5863; baseline -0.018 -9"><span class='ocrx_word' id='word_1_947' title='bbox 2229 5804 2250 5840; x_wconf 76' lang='grc'><em>³</em></span> <span class='ocrx_word' id='word_1_948' title='bbox 2278 5803 2392 5852; x_wconf 89' lang='lat' dir='ltr'>Duo</span> <span class='ocrx_word' id='word_1_949' title='bbox 2426 5794 2572 5863; x_wconf 60' lang='lat' dir='ltr'>Msa,</span> <span class='ocrx_word' id='word_1_950' title='bbox 2603 5794 2838 5863; x_wconf 57' lang='lat' dir='ltr'>inprime</span> <span class='ocrx_word' id='word_1_951' title='bbox 2853 5794 3045 5863; x_wconf 80' lang='lat' dir='ltr'>posito.</span> 
     </span>
    </p>
   </div>
   <div class='ocr_carea' id='block_1_126' title="bbox 2230 5851 3258 5920">
    <p class='ocr_par' dir='ltr' id='par_1_126' title="bbox 2230 5851 3258 5920">
     <span class='ocr_line' id='line_1_126' title="bbox 2230 5851 3258 5920; baseline -0.017 -2"><span class='ocrx_word' id='word_1_952' title='bbox 2230 5867 2253 5903; x_wconf 83' lang='grc'>³</span> <span class='ocrx_word' id='word_1_953' title='bbox 2275 5851 2572 5918; x_wconf 61' lang='grc' dir='ltr'>Ϋὰῑὶοαηιιό</span> <span class='ocrx_word' id='word_1_954' title='bbox 2593 5859 2779 5920; x_wconf 77' lang='lat' dir='ltr'>codex,</span> <span class='ocrx_word' id='word_1_955' title='bbox 2812 5851 2913 5909; x_wconf 77' lang='lat' dir='ltr'>non</span> <span class='ocrx_word' id='word_1_956' title='bbox 2943 5851 3258 5906; x_wconf 80' lang='lat' dir='ltr'>ostendente.</span> 
     </span>
    </p>
   </div>
  </div>
