4052 6178
206 390 296 453 213
1436 376 1668 438 LIBER
1711 374 2247 441 DUODECIMUS.

3421 389 3544 449 274

204 526 268 579 his
292 519 371 592 qui
396 519 446 573 in
471 514 812 571 sublimitate
831 515 979 579 sunt,
1002 520 1064 568 ut
1083 513 1323 585 quietam
1341 520 1393 567 et
1416 508 1788 582 tranquillam
1900 524 1995 562 mo
2028 509 2247 580 legerit,
2280 514 2362 569 sic
2393 520 2617 588 oportet
2648 522 2971 588 moveatur,
3002 522 3067 574 ut
3100 518 3321 592 aliquid
3353 537 3416 576 ea
3468 521 3545 577 si-

202 615 334 668 vitam
358 620 587 675 agamus,
620 605 680 658 in
711 605 863 659 omni
887 604 1089 674 pietate
1115 606 1167 657 et
1186 602 1458 657 eharitate
1478 618 1495 654 :
1519 599 1615 653 hoc
1637 600 1785 652 enim

200 704 353 757 bonum
377 701 426 751 et
453 701 722 764 acceptum
756 700 832 748 est
859 708 1043 747 coram
1091 691 1372 747 Saluatore
1418 697 1603 744 nostra
1654 688 1784 756 Deo,

195 791 269 863 qui
289 801 445 843 omnes
471 784 715 838 homines
742 782 862 836 vult
889 782 1066 836 salvos
1096 782 1239 852 ﬁeri,
1273 788 1324 835 et
1351 781 1411 834 in
1443 779 1783 849 agnitionem

196 879 392 935 veritatis
416 877 600 928 venire
629 873 675 943 (Ι
708 872 842 925 Tim.
874 888 935 941 11,
971 870 1106 942 1-4).
1144 871 1221 925 Ex
1250 869 1358 924 hoc
1389 868 1606 940 quippe
1668 865 1787 920 illis

196 964 508 1024 credentibus
536 964 872 1016 constructa
896 964 1037 1015 sunt
1060 959 1357 1013 domicilia
1382 957 1559 1027 pacis.
1587 953 1784 1010 basili-

195 1074 252 1110 ce
290 1052 718 1107 Christianarum
768 1048 1311 1120 congregationum,
1362 1050 1420 1101 et
1485 1042 1786 1099 novellatze

192 1146 328 1199 vinea:
351 1140 532 1212 populi
570 1138 850 1201 ﬁdelium,
890 1143 948 1191 et
978 1135 1223 1208 plantati
1262 1136 1445 1201 horti;
1480 1133 1577 1188 ubi
1611 1132 1786 1186 etiam

191 1236 309 1289 inter
333 1228 515 1286 omnia
546 1227 703 1283 olera
734 1242 983 1299 granum
1008 1224 1149 1279 illud
1179 1223 1401 1295 sinapis
1428 1227 1651 1293 regnat,
1677 1220 1786 1275 sub

190 1323 320 1392 cujus
339 1316 689 1374 umbraculis
712 1316 880 1386 longe
897 1314 1126 1385 lateque
1156 1312 1639 1385 porrectis,etiam
1663 1308 1789 1365 alti-

189 1416 319 1483 petax
338 1406 604 1479 superbia
624 1404 899 1461 Gentium
918 1407 1203 1474 tanquam
1224 1402 1282 1457 in
1301 1400 1425 1457 coeli
1450 1398 1788 1454 volatilibus

190 1496 527 1567 confugiendo
578 1492 888 1565 requiescit
939 1492 1153 1563 (Matth.
1209 1508 1332 1559 xm,
1383 1491 1473 1557 31,
1504 1488 1786 1559 32).Nam

190 1588 305 1661 quod
327 1586 488 1642 etiam
516 1589 648 1657 post
671 1581 1045 1655 septuaginta
1066 1580 1607 1647 annos,secundum
1629 1578 1787 1648 ejus-

190 1678 288 1732 dem
304 1674 558 1731 Jeremiaa
583 1672 972 1745 prophetiam,
1000 1670 1223 1727 reditur
1251 1687 1319 1725 ex
1348 1668 1699 1740 captivitate,
1730 1669 1789 1721 et

191 1764 423 1836 templum
454 1767 771 1818 renovatur
818 1761 1035 1831 (Jerem.
1078 1776 1236 1824 xxxx,
1289 1759 1378 1825 10,
1430 1761 1481 1813 et
1522 1756 1677 1811 Esdr.
1704 1755 1782 1822 1);

189 1854 283 1923 quis
310 1852 490 1908 ﬁdelis
522 1851 741 1907 Christi
765 1865 881 1904 non
902 1848 1211 1921 intelligat,
1236 1852 1367 1919 post
1382 1845 1613 1902 evoluta
1638 1849 1785 1900 tem-

190 1960 308 2015 pora,
337 1958 456 2014 quae
518 1939 836 2011 septenarii
889 1939 1114 1993 dierum
1167 1936 1392 1991 numeri
1447 1933 1789 2007 repetitione

188 2034 573 2100 transcurrunt,
605 2028 780 2084 etiam
815 2027 1003 2095 nobis,
1039 2026 1093 2080 id
1128 2031 1215 2081 est
1265 2024 1531 2079 Ecclesia:
1564 2023 1662 2078 Dei
1715 2023 1786 2077 ad

196 2120 315 2175 illam
335 2115 955 2175 ccelestemJerusalem
969 2115 1228 2187 exhujus
1245 2113 1441 2170 saeculi
1466 2113 1790 2185 peregrina-

192 2210 306 2264 tione
334 2208 697 2264 redeundum
722 2207 749 2261 ‘I
779 2206 886 2261 Per
915 2202 1233 2277 quem,nisi
1265 2220 1366 2275 per
1391 2204 1589 2258 Iesum
1620 2200 1788 2257 Chri-

192 2303 307 2353 stum
334 2314 459 2353 vere
493 2296 861 2352 sacerdotem
896 2310 1196 2365 magnum,
1229 2294 1398 2363 cujus
1429 2292 1677 2363 ﬁguram
1700 2304 1791 2362 ge-

191 2389 311 2442 rebat
336 2386 428 2442 ille
452 2385 633 2441 Jesus
665 2384 939 2440 sacerdos
971 2398 1224 2454 magnus
1283 2381 1440 2436 illius
1481 2379 1789 2452 temporis,

189 2492 271 2546 quo
281 2473 669 2547 templumaedi
681 2474 917 2528 ticatum
934 2476 1023 2527 est
1038 2476 1169 2543 post
1181 2469 1791 2542 captivitatem?Quem

188 2564 419 2636 propheta
443 2562 764 2619 Zacharias
788 2562 937 2617 vidit
955 2562 1010 2615 in
1038 2560 1274 2616 sordido
1288 2559 1516 2625 habitu,
1539 2557 1791 2613 devicto-

190 2670 270 2723 que
290 2654 530 2723 diabolo,
571 2652 669 2723 qui
703 2652 773 2706 ad
792 2652 920 2721 ejus
942 2650 1372 2705 accusationem
1398 2648 1615 2715 stabat,
1639 2645 1793 2701 abla-

187 2744 273 2795 tam
294 2740 365 2796 illi
383 2741 688 2797 sordidam
705 2742 1008 2805 vestem,ct
1031 2739 1233 2793 datum
1259 2737 1669 2792 indumentum
1689 2734 1791 2789 ho-

187 2830 307 2886 noris
329 2836 381 2886 et
406 2830 613 2903 gloriae
648 2828 839 2899 (Zach.
871 2828 995 2899 In):
1030 2827 1175 2882 sicut
1208 2842 1419 2897 corpus
1446 2825 1586 2880 Jesu
1629 2822 1792 2878 Chri-

187 2919 239 2973 sti
264 2921 397 2991 quod
429 2924 521 2975 est
553 2918 833 2983 Ecclesia,
866 2916 1196 2972 adversario
1229 2915 1286 2969 in
1320 2916 1432 2969 ﬁne
1464 2920 1793 2984 temporum

186 3024 261 3078 per
277 3009 561 3078 judicium
597 3010 888 3078 superato,
921 3022 954 3059 a
985 3004 1147 3060 luctu
1208 3000 1688 3076 peregrinationis
1735 3000 1794 3054 in

187 3096 383 3167 gloriam
398 3097 777 3169 sempiternae
793 3094 1000 3151 salutis
1014 3092 1527 3155 assumitur.Quod
1540 3092 1717 3145 etiam
1734 3089 1795 3143 in

186 3184 368 3243 Psalmo
379 3184 774 3241 dedicationis
786 3185 996 3241 domus
1015 3181 1383 3255 apertissime
1403 3177 1799 3235 canitur:Con-

184 3277 355 3330 σει-ηείί
381 3276 604 3331 luctum
632 3289 818 3329 meum
848 3274 909 3327 in
937 3271 1214 3341 gaudium
1267 3269 1427 3336 mihi,
1485 3267 1799 3324 conscidisti

182 3379 355 3420 saccum
384 3380 600 3430 meum,
632 3367 687 3418 et
712 3362 1008 3417 accinxisti
1035 3376 1121 3415 me
1152 3359 1349 3416 latitia
1367 3375 1390 3420 ;
1412 3368 1474 3414 ut
1497 3361 1678 3413 cantet
1698 3357 1799 3412 tibi

184 3452 321 3520 gloria
346 3470 471 3509 mea
492 3458 549 3509 et
582 3468 693 3507 non
723 3466 1061 3523 compungar
1088 3449 1261 3520 (Psal.
1294 3465 1448 3514 xxxx,
1482 3448 1567 3517 12,
1612 3446 1721 3516 I3).

232 3540 439 3600 CAPUT
459 3540 739 3597 XXXVII.
785 3571 852 3579 —
887 3537 1028 3605 Quis
1062 3541 1252 3608 potest
1281 3554 1349 3591 ex
1378 3535 1683 3591 occasione
1713 3533 1796 3589 al-

183 3630 328 3686 terius
357 3631 582 3704 operis,
614 3630 813 3684 omnia
842 3645 967 3699 quae
1001 3627 1057 3682 in
1088 3626 1207 3681 illis
1235 3625 1523 3681 veteribus
1552 3623 1720 3696 Legis
1741 3627 1799 3678 et

182 3715 567 3791 Prophetarum
604 3717 771 3772 libris
802 3718 1046 3789 ﬁgurate
1075 3714 1368 3770 Christum
1421 3712 1795 3776 annuntiant,

182 3808 508 3876 quantalibet
540 3806 831 3863 brevitate
864 3804 1256 3878 perstringere
1283 3807 1305 3858 Ρ
1333 3803 1449 3857 Nisi
1492 3802 1637 3857 forte
1664 3801 1796 3872 quis

180 3902 311 3966 putat
339 3898 583 3971 ingenio
614 3895 760 3965 ﬁeri,
787 3899 852 3949 ut
872 3910 940 3949 ea
961 3911 1088 3965 quae
1112 3908 1305 3948 rerum
1330 3890 1533 3947 ordine
1568 3906 1670 3961 per
1690 3906 1799 3945 sua

179 3982 1126 4057 temporacucurrerunt,adChristi
1148 3978 1796 4054 signiﬁcationesinter-

182 4076 423 4142 pretando
445 4077 781 4130 vertantur.
804 4073 920 4127 Hoc
941 4072 1083 4125 forte
1103 4069 1285 4124 Judaai
1313 4073 1564 4140 possunt
1584 4067 1796 4138 dicere,

180 4162 267 4217 sive
286 4166 499 4237 Pagani
522 4181 536 4219 :
576 4161 663 4217 eis
681 4166 877 4216 autem
901 4160 999 4230 qui
1019 4175 1081 4214 se
1102 4157 1463 4213 Christianos
1487 4156 1677 4227 putari
1701 4170 1798 4209 vo-

178 4248 295 4315 lunt,
322 4252 543 4324 premit
568 4250 852 4306 cervicem
873 4247 1193 4320 apostolica
1214 4247 1550 4313 auctoritas,
1575 4244 1795 4312 dicens,

178 4340 337 4396 Omnia
365 4343 490 4398 haec
522 4344 590 4396 in
643 4339 826 4409 ﬁgura
880 4337 1264 4407 contingebant
1317 4336 1471 4397 illis;
1530 4338 1607 4406 et,
1666 4339 1803 4391 Haec

176 4433 329 4486 omnia
359 4432 569 4504 ﬁgura?
598 4432 807 4484 nostra?
834 4430 1067 4497 fuerunt
1098 4428 1147 4492 (I
1175 4425 1295 4481 Cor.
1327 4442 1385 4489 x,
1418 4425 1507 4490 10,
1537 4423 1613 4495 6).
1652 4423 1800 4478 Nam

176 4518 209 4571 si
228 4519 422 4577 lsmacl
454 4525 517 4576 et
551 4520 715 4573 Isaac
728 4516 995 4571 homines
1029 4514 1169 4582 nati,
1195 4514 1309 4568 duo
1335 4515 1708 4568 Testamenta
1731 4512 1805 4567 si-

178 4609 425 4678 gniﬁcant
453 4608 667 4681 (Galat.
696 4622 770 4672 ιν,
794 4608 886 4673 22,
908 4606 999 4669 22,
1021 4605 1111 4675 24)
1134 4621 1147 4670 ;
1173 4603 1314 4674 quid
1341 4601 1694 4656 credendum
1715 4605 1804 4656 est

177 4696 230 4751 de
250 4702 325 4753 tot
356 4698 560 4763 factis,
596 4712 722 4768 quae
755 4694 916 4749 nullo
949 4691 1202 4748 naturali
1236 4708 1368 4752 usu.
1422 4689 1541 4745 ulla
1586 4690 1803 4762 negotii

181 4788 495 4844 necessitate
529 4788 689 4841 facta
718 4784 900 4840 sunt?
930 4782 1162 4837 Nihilne
1193 4780 1568 4852 significant?
1590 4779 1645 4834 Si
1671 4778 1804 4850 quis

180 4882 438 4945 nostrum,
478 4874 587 4948 qui
621 4874 890 4928 Hebraaas
921 4871 1145 4926 litteras
1196 4869 1559 4942 ignoramus,
1610 4868 1667 4923 id
1717 4872 1806 4924 est

181 4963 309 5033 ipsos
332 4981 550 5021 vocum
576 4964 963 5030 characteres,
986 4960 1205 5015 videret
1227 4975 1325 5015 eas
1346 4958 1406 5014 in
1428 4959 1645 5030 pariete
1667 4975 1803 5014 con-

182 5052 726 5126 scriptas,honorato
749 5050 946 5122 aliquo
968 5049 1253 5119 loco:quis
1274 5051 1558 5104 essettam
1582 5064 1803 5116 excors,

183 5148 229 5195 ut
248 5158 304 5197 eo
324 5144 503 5199 modo
529 5141 759 5213 pictum
783 5139 1061 5210 parietem
1086 5141 1314 5209 putaret
1334 5136 1596 5192 ?annon’
1614 5136 1806 5208 potius

183 5228 510 5305 intelligeret
539 5229 849 5300 scriptum,
878 5232 939 5282 ut
969 5227 1018 5281 si
1052 5225 1240 5298 legere
1273 5242 1387 5280 non
1418 5225 1655 5291 valeret,
1693 5241 1805 5280 non

188 5321 347 5374 tamen
381 5319 521 5374 illos
558 5316 752 5387 apices
774 5313 993 5384 aliquid
1018 5313 1349 5384 signiﬁcare
1366 5311 1703 5366 dubitaret?
1727 5312 1811 5367 Ita

192 5406 323 5475 prius
348 5407 453 5463 illa
485 5404 709 5470 omnia,
745 5419 874 5475 quae
905 5408 1042 5458 sunt
1080 5402 1137 5456 in
1192 5400 1369 5456 veteri
1416 5400 1808 5456 instrumento

191 5495 601 5568 Scripturarum
624 5490 1259 5564 sanctarum,quisquis
1272 5506 1386 5545 non
1405 5504 1672 5560 perverso
1686 5488 1811 5546 ani-

250 5773 262 5804 ¹
299 5770 451 5835 Apud
479 5769 579 5821 Er.
605 5767 770 5833 Lugd.
797 5768 929 5819 Ven.
954 5768 1102 5828 Lov,.
1131 5779 1191 5816 ac
1217 5779 1338 5817 non.
1432 5766 1503 5817 Μ.

1897 597 2172 667 gniﬁcare
2205 618 2318 656 non
2353 605 2632 677 ambigat.

1968 687 2200 743 CAPUT
2221 691 2509 747 XXXVIII.
2530 725 2597 734 —
2614 696 2787 750 Verbi
2812 696 2964 751 enim
2996 698 3212 769 gratia;
3236 699 3541 769 numquid,

1898 775 1945 829 si
1980 781 2280 847 oportebat
2310 781 2669 851 adjutorium
2700 785 2821 839 viro
2856 786 3130 841 feminam
3176 787 3320 855 ﬁeri,
3364 789 3540 843 etiam

1899 864 2006 920 hoc
2038 868 2356 923 necessitas
2391 870 2507 925 ulla
2539 874 2796 944 cogebat,
2827 873 2911 929 vel
2937 873 3056 929 ulla
3078 876 3360 931 suadebat
3382 877 3541 931 utili-

1898 957 2010 1020 tas,
2049 960 2109 1009 ut
2139 957 2208 1010 de
2240 958 2586 1015 dormientis
2626 960 2807 1016 latere
2852 962 3009 1018 ﬁeret
3047 964 3198 1033 (Gen.
3234 983 3294 1033 II,
3333 966 3417 1031 18,
3448 966 3539 1031 21,

1896 1043 2025 1114 22)?
2047 1044 2091 1099 si
2119 1061 2297 1101 causa
2319 1049 2597 1103 evadendi
2622 1049 2821 1105 diluvii
2847 1068 2992 1122 opus
3011 1058 3132 1107 erat
3156 1053 3420 1109 fabricari
3452 1072 3541 1108 ar-

1898 1148 2024 1188 cam
2052 1151 2065 1199 ;
2092 1135 2231 1204 quid
2256 1152 2402 1206 opus
2424 1144 2549 1193 erat
2563 1155 2868 1195 mensuras
2890 1142 3034 1210 ejus,
3057 1147 3155 1195 aut
3179 1142 3337 1213 ipsas
3362 1143 3539 1214 potis-

1898 1221 2116 1276 simum
2136 1223 2575 1293 fieri,autetiam
2602 1228 2920 1299 scriptisad
2941 1229 3277 1300 religionem
3299 1233 3541 1302 posteri-

1899 1311 2003 1365 tati
2018 1314 2407 1384 propagandis
2421 1318 2901 1372 commemorari?
2920 1318 2977 1373 Si
2997 1323 3228 1390 propter
3247 1336 3431 1391 genus
3452 1338 3544 1375 re-

1899 1402 2223 1471 parandum
2239 1403 2516 1460 animalia
2536 1404 2753 1460 includi
2775 1408 3240 1479 oportebat;quid
3255 1425 3399 1480 opus
3421 1414 3545 1464 erat

1897 1488 1996 1544 illo
2019 1491 2392 1561 potissimum
2421 1509 2662 1549 numero
2681 1500 2920 1567 septena
2941 1497 3011 1551 de
3038 1498 3293 1566 mundis,
3318 1498 3451 1553 bina
3472 1500 3545 1554 de

1897 1576 2222 1634 immundis
2238 1580 2265 1633 ‘l
2284 1582 2523 1636 Aditum
2546 1584 2616 1637 ad
2638 1600 2830 1639 arcam
2852 1585 2973 1640 ﬁeri
3000 1587 3318 1642 necessitas
3343 1588 3544 1659 utique

1898 1668 2172 1739 cogebat;
2206 1669 2264 1723 in
2296 1669 2472 1726 latere
2504 1675 2699 1727 autem
2733 1673 2875 1742 ﬁeri,
2909 1674 2998 1729 vel
3030 1675 3204 1730 etiam
3251 1676 3541 1732 memoriae

1898 1758 2296 1812 commendari
2330 1776 2432 1830 per
2461 1760 2684 1816 litteras
2744 1762 2843 1834 (Id.
2899 1780 2974 1831 v1,
3036 1764 3233 1835 tit-v11,
3282 1765 3357 1832 3),
3404 1764 3541 1835 quid

1899 1846 2175 1915 cogebat?
2203 1846 2513 1904 Immolare
2537 1849 2979 1922 ﬁliumjubetur
2999 1852 3543 1923 Abrahamzjussus

1899 1933 2007 1989 hoc
2026 1936 2290 2006 fuerit,ut
2308 1939 2434 2008 ejus
2449 1938 2778 1994 obedientia
2799 1940 2901 1995 tali
2923 1941 3096 1995 etiam
3120 1941 3384 1997 examine
3404 1959 3543 2013 pro-

1900 2024 2307 2095 bata,posteris
2325 2027 2740 2096 innotesceret;
2763 2029 3202 2085 convenientiae
3226 2030 3387 2102 ligna
3407 2048 3544 2102 por-

1898 2113 2109 2168 taverit
2138 2112 2316 2185 ﬁlius,
2350 2132 2421 2169 ne
2452 2120 2617 2187 pater
2644 2133 2935 2188 senexque
2960 2123 3219 2190 portaret
3247 2137 3261 2188 ;
3310 2136 3423 2175 non
3468 2119 3543 2176 sit

1901 2208 2105 2275 postea
2119 2204 2236 2258 ﬁliu
2248 2221 2300 2259 m
2317 2205 2417 2261 feri
2428 2223 2485 2261 re
2503 2206 2927 2277 permissus,ne
2943 2208 3188 2263 orbitate
3200 2209 3545 2277 gravissima

1903 2309 1966 2347 se
1989 2293 2494 2367 feriretmumquid
2520 2296 2692 2351 etiam
2710 2296 2757 2351 si
2782 2295 2941 2351 nullo
2954 2297 3136 2352 effuso
3160 2299 3445 2369 sanguine
3459 2316 3543 2355 re-

1904 2382 2147 2447 diretur,
2174 2381 2368 2438 minus
2387 2388 2537 2439 esset
2559 2384 2841 2461 probatus
2860 2385 3153 2441 Abraham
3172 2387 3198 2441 ‘.’
3217 2389 3331 2441 Aut
3351 2388 3398 2441 si
3414 2388 3543 2459 jam

1904 2486 2052 2542 opus
2082 2476 2206 2526 erat
2236 2472 2433 2543 perﬁci
2461 2474 2839 2540 sacriﬁcium,
2871 2475 3145 2545 etiamne,
3180 2481 3244 2532 ut
3267 2475 3362 2532 ille
3393 2476 3545 2532 aries

1904 2558 1964 2614 in
1994 2576 2164 2629 vepre
2192 2561 2495 2616 adhaerens
2535 2563 2813 2618 cornibus
2861 2568 3163 2635 appareret
3215 2565 3320 2634 (Id.
3380 2565 3546 2636 xxii),

1907 2648 1977 2703 ad
1994 2648 2180 2703 ullum
2206 2655 2589 2720 augmentum
2608 2651 2852 2706 victimis
2866 2652 3235 2723 pertinebat?
3248 2654 3342 2709 Sic
3355 2654 3553 2709 omnia

1908 2754 2041 2793 cum
2076 2738 2543 2804 considerantur,
2576 2744 2634 2795 et
2664 2740 2832 2811 quasi
2867 2741 3163 2812 superﬂua
3206 2742 3551 2799 necessariis

1908 2830 2176 2881 contexta
2219 2826 2613 2893 inveniuntur,
2668 2827 2991 2884 admonent
3043 2828 3370 2885 humanum
3426 2831 3554 2886 ani-

1911 2932 2095 2984 mum,
2132 2916 2189 2969 id
2221 2918 2310 2970 est
2342 2915 2603 2970 animum
2639 2915 3005 2989 rationalem,
3038 2917 3202 2988 prius
3232 2918 3455 2990 aliquid
3474 2920 3552 2975 si-

1911 3004 2207 3076 gniﬁcare,
2241 3003 2449 3059 deinde
2481 3004 2621 3076 quid
2656 3004 2989 3076 signiﬁcent
3019 3023 3296 3078 quaerere.

1980 3092 2213 3148 CAPUT
2234 3092 2472 3147 XXXIX.
2506 3124 2574 3133 -—-
2612 3094 2808 3165 Itaque
2834 3094 3008 3149 etiam
3052 3097 3161 3167 ipsi
3197 3097 3404 3166 Judaei,
3454 3097 3553 3169 qui

1908 3181 2231 3250 Christum,
2249 3183 2417 3251 cujus
2446 3182 2776 3254 passionem
2800 3200 2906 3239 nos
2922 3184 3375 3256 agnovimus,illi
3402 3187 3555 3241 deri-

1910 3272 2070 3340 dent,
2105 3270 2313 3326 nolunt
2346 3271 2564 3327 talibus
2597 3289 2812 3342 rerum,
2847 3290 2961 3327 non
2986 3277 3216 3328 tantum
3241 3275 3552 3347 dicturum,

1910 3360 2010 3416 sed
2035 3360 2208 3414 etiam
2232 3365 2527 3430 gestarum
2551 3361 2751 3430 ﬁguris
2782 3362 3194 3432 praeuntiatum
3222 3362 3423 3431 videri,
3456 3380 3556 3420 co-

1910 3455 2128 3521 guntur
2146 3466 2178 3502 a
2200 3449 2370 3503 nobis
2393 3449 2612 3503 dicere‘
2642 3448 2780 3521 quid
2798 3449 3274 3522 illasigniﬁcent:
3301 3469 3426 3523 quae
3443 3453 3556 3508 nisi

1911 3537 2128 3609 aliquid
2147 3537 2477 3609 signiﬁcare
2493 3538 2957 3605 concedant,tam
2973 3539 3182 3595 divinae
3193 3540 3556 3596 auctoritatis

1916 3627 2112 3682 Libros
2144 3627 2215 3682 ab
2248 3627 2581 3697 ineptarum
2614 3626 2945 3682 fabularum
2980 3628 3301 3699 ignominia
3325 3646 3437 3683 non
3461 3631 3558 3685 de-

1914 3717 2175 3771 fendunt.
2204 3715 2362 3770 Vidit
2384 3715 2491 3769 hoc
2516 3714 2681 3770 Philo
2704 3715 3059 3787 quidam,vir
3081 3716 3397 3772 liberaliter
3417 3734 3556 3772 eru-

1913 3803 2244 3860 ditissimus
2268 3821 2423 3859 unus
2445 3803 2876 3874 illorum,cujus
2901 3804 3196 3875 eloquium
3215 3805 3393 3859 Graeci
3425 3805 3556 3861 Pla-

1912 3894 2034 3948 toni
2068 3909 2295 3964 aequare
2328 3909 2442 3947 non
2466 3893 2737 3948 dubitant
2760 3911 2773 3949 :
2798 3896 2854 3947 et
2876 3897 3119 3949 conatus
3145 3897 3234 3948 est
3252 3893 3452 3965 aliqua
3474 3894 3557 3951 in-

1912 3981 2240 4053 terpretari,
2263 3998 2377 4036 non
2407 3981 2476 4035 ad
2500 3981 2795 4037 Christum
2822 3980 3354 4054 intelligendum,in
3379 3999 3555 4055 quem

1914 4088 2028 4126 non
2054 4070 2414 4135 crediderat;
2440 4071 2538 4125 sed
2560 4074 2624 4124 ut
2646 4071 2780 4125 inde
2803 4071 2990 4142 magis
3022 4076 3328 4142 appareret
3368 4088 3554 4143 quan-

1912 4167 2037 4216 tum
2063 4158 2514 4225 intersit,utrum
2540 4160 2609 4213 ad
2632 4159 2929 4215 Christum
2953 4160 3167 4215 referas
3190 4160 3390 4215 omnia
3422 4178 3555 4233 pro-

1915 4254 2044 4322 pter
2064 4264 2237 4320 quem
2253 4265 2384 4303 vere
2404 4248 2488 4303 sic
2511 4247 2666 4303 dicta
2685 4252 2920 4317 sunt,an
2946 4248 3557 4320 prmterillumquasli-

1916 4340 2391 4408 betconjecturas
2406 4336 2665 4408 quolibet
2696 4336 2910 4391 mentis
2942 4336 3213 4392 acumine
3241 4353 3558 4409 persequa-

1916 4428 2246 4498 ris;quantu
2258 4442 2431 4496 mque
2452 4424 2807 4497 valeatquod
2819 4424 3131 4497 Apostolus
3145 4425 3388 4496 ait,Cum
3408 4431 3561 4482 tran-

1915 4518 2078 4572 sieris
2097 4515 2167 4570 ad
2180 4514 2797 4585 Dominum,auferetur
2810 4514 3049 4569 velamen
3069 4516 3085 4587 (
3094 4514 3141 4570 II
3158 4515 3274 4570 Cor.
3286 4517 3563 4588 111,16).Ut

1918 4605 2073 4662 enim
2109 4604 2388 4675 quiddam
2423 4603 2686 4673 ejusdem
2711 4602 2970 4658 Philonis
2996 4621 3566 4677 commemorem,ar~

1920 4710 2051 4750 cum
2073 4691 2270 4747 diluvii
2296 4692 2619 4746 secundum
2643 4691 2927 4747 rationem
2946 4692 3185 4747 humani
3206 4696 3463 4765 corporis
3487 4694 3566 4751 fa-

1921 4782 2205 4837 bricatam
2231 4778 2707 4851 volensintelligi,
2728 4785 3009 4851 tanquam
3027 4783 3398 4838 membratim
3430 4800 3564 4839 om-

1922 4870 2019 4926 nia
2033 4868 2441 4942 pertractabat.
2467 4867 2569 4923 Cui
2587 4868 2971 4925 subtilissime
2988 4887 3362 4927 numerorum
3385 4872 3563 4927 etiam

1923 4959 2156 5033 regulas
2170 4957 2517 5025 consulenti,
2542 4963 2928 5030 congruenter
2947 4962 3329 5016 occurrebant
3344 4960 3561 5027 omnia,

1924 5067 2051 5122 quae
2083 5048 2150 5103 ad
2184 5046 2627 5116 intelligendum
2660 5046 2951 5103 Christum
2998 5047 3143 5103 nihil
3191 5048 3561 5120 impedirent,

1926 5138 2204 5212 quoniam
2228 5135 2288 5190 in
2302 5151 2541 5207 corpore
2561 5135 2820 5191 humano
2842 5136 3017 5192 etiam
3035 5136 3129 5191 ille
3143 5136 3217 5191 hu
3230 5137 3385 5191 mani
3398 5153 3568 5209 gene-

1928 5229 2009 5283 ris
2029 5226 2291 5282 Salvator
2305 5224 2607 5296 apparuit;
2632 5241 2736 5279 nec
2757 5230 2950 5280 tamen
2968 5229 3255 5297 cogerent,
3287 5224 3422 5296 quia
3444 5244 3569 5282 cor-

1928 5332 2039 5389 pus
2062 5315 2387 5369 humanum
2409 5317 2496 5368 est
2518 5313 2721 5384 utique
2743 5314 3108 5370 ethominum
3130 5318 3572 5372 casterorum.At

1930 5405 2028 5461 ubi
2063 5408 2299 5460 ventum
2331 5408 2421 5458 est
2451 5403 2522 5458 ad
2555 5402 2800 5467 ostium,
2831 5402 2983 5472 quod
3018 5401 3075 5455 in
3106 5419 3249 5457 area:
3277 5401 3454 5460 latere
3485 5404 3575 5461 fa-

1931 5499 2092 5551 ctum
2108 5492 2416 5562 est,omuis
2430 5491 2674 5546 humani
2689 5490 2903 5562 ingenii
2920 5492 3253 5561 conjectura
3266 5493 3579 5552 defecit.Ut

2002 5773 2018 5808 ι
2054 5770 2175 5822 Am.
2204 5769 2290 5819 Er.
2320 5781 2381 5818 ac
2410 5765 2594 5830 plures
2622 5764 2770 5828 Mam,
2799 5763 2985 5817 dicere.
