2026 3092
218 201 278 231 2'15

220 268 316 294 tamen
331 265 440 301 aliquid
450 263 720 298 diceret,interiores
731 264 860 300 corporis
872 265 978 300 partes,
990 271 1040 299 per

221 319 296 347 quas
312 309 395 337 urina
411 311 438 337 et
455 310 542 336 ﬁmus
557 311 726 344 cgeruntur,
738 308 787 336 illo
798 308 872 336 ostio
884 307 1041 343 signiﬁcari

220 363 311 384 ausus
322 358 366 383 est
375 354 501 388 credere,
513 362 602 381 ausus
615 355 643 381 et
652 353 851 388 dicere,ausus
864 355 892 380 et
902 352 1039 380 scribere.

220 400 283 428 Non
298 399 417 432 mirum,
434 399 459 426 si
475 398 548 426 ostio
563 406 619 425 non
637 398 752 425 invento
768 398 809 425 sic
823 397 938 425 erravit.
961 397 1040 430 Quod

220 445 245 473 si
262 445 296 472 ad
312 443 461 472 Christum
478 442 642 476 transisset,
659 442 755 470 ablato
770 442 924 476 velamine,
941 442 1041 469 Sacra-

220 491 320 517 menta
331 488 464 516 Ecclesia:
480 487 630 515 manantia
645 495 679 514 ex
693 487 781 514 latere
810 486 939 514 hominis
964 486 1042 514 illius

219 533 378 561 invenisset
392 532 489 568 (Joan.
506 540 564 565 x1x,
576 531 632 567 34).
644 531 716 559 Nam
727 531 795 567 quia
807 531 976 567 praedictum
987 532 1041 564 est,

220 579 309 606 Erunt
323 577 376 605 duo
390 578 421 604 in
436 584 519 604 carne
534 584 589 604 una
605 576 722 612 (Genui,
735 576 799 611 211);
816 577 967 611 propterea
975 578 1004 603 et
1014 575 1043 602 in

221 630 290 652 arca
304 622 439 658 quedam
455 620 495 648 ibi
512 621 547 649 ad
559 620 719 653 Christum,
731 621 861 656 quaadam
874 628 939 647 vero
948 620 984 647 ad
997 622 1045 647 Ec-

220 666 339 696 clesium
357 666 532 699 referuntur,
549 665 626 701 quod
641 667 737 693 totum
760 664 894 692 Christus
922 666 975 691 est.
998 664 1045 691 Sic

221 714 250 740 et
264 711 294 739 in
309 710 420 739 caeteris
437 709 726 743 interpretationibus
738 709 900 745 ﬁgurarum
919 716 968 744 per
982 709 1045 736 uni-

221 764 338 784 versum
355 757 464 782 textum
481 754 584 782 divinas
599 753 755 790 Scriptura:
772 753 838 780 licet
849 753 1043 787 considerare,

222 803 250 829 et
265 808 433 836 comparare
449 807 554 827 sensus
569 807 668 826 eorum
687 797 737 833 qui
752 797 898 825 Christum
908 797 948 824 ibi
960 796 1044 824 intel-

222 845 328 882 ligunt,
343 847 485 872 eteorum
503 844 550 879 qui
571 845 672 879 prater
686 842 833 871 Christum
850 842 885 869 ad
902 841 959 869 alia
969 850 1044 877 quae-

221 890 292 918 libet
307 897 341 917 ea
355 889 527 924 detorquere
543 890 695 916 conantur.

258 943 374 971 CAPUT
385 942 440 970 XL.
459 957 493 962 ——
510 941 566 969 Nec
586 940 694 976 Pagani
715 940 799 968 nobis
816 940 844 967 in
861 940 916 968 hoc
933 940 1045 968 obstre-

221 990 311 1025 punt;
328 995 423 1022 neque
438 986 516 1014 enim
533 986 643 1013 audent
659 985 865 1017 contradicere,
884 993 918 1012 ne
928 984 978 1012 illa
988 993 1045 1012 non

221 1032 318 1061 solum
334 1031 422 1066 dicta,
439 1031 489 1058 sed
506 1031 593 1058 etiam
607 1030 697 1063 facta,
714 1029 836 1065 ﬁgurate
860 1032 978 1065 accepta
1002 1029 1045 1056 in-

221 1079 417 1113 terpretemur
431 1075 465 1102 ad
483 1073 875 1110 Christumintelligendum:
885 1073 1046 1109 praesertim

227 1121 296 1157 quia
311 1129 345 1148 ea
360 1128 425 1156 qua:
441 1119 635 1155 praenuntiata
656 1118 858 1155 intelligimus,
887 1118 975 1146 etiam
998 1118 1047 1145 de~

224 1167 423 1193 monstramus
438 1163 559 1199 impleta
570 1172 577 1197 ;
590 1171 657 1190 cum
675 1162 790 1190 fabulas
806 1171 876 1190 suas
892 1164 925 1189 ut
950 1161 1048 1198 aliquo

225 1210 313 1238 modo
328 1209 544 1240 commendent,
557 1208 592 1235 ad
604 1207 702 1235 nescio
714 1215 788 1242 quas
796 1206 994 1243 physiologias
1003 1207 1047 1234 vel

227 1254 400 1290 theologias,
417 1254 444 1281 id
461 1255 515 1286 est,
532 1252 657 1280 rationes
674 1251 833 1285 naturales,
849 1251 893 1279 vel
921 1251 1047 1285 divinas,

229 1298 448 1335 interpretando
460 1298 565 1325 referre
575 1298 717 1324 conentur
728 1304 734 1323 :
746 1304 779 1323 ex
789 1298 868 1332 parte
881 1296 966 1332 plane
977 1295 1048 1323 satis

229 1342 392 1372 indicantes
402 1343 421 1376 ',
435 1341 534 1377 qualia
548 1342 621 1375 sint;
638 1349 673 1368 ex
692 1342 772 1376 parte
786 1343 883 1368 autem
913 1340 1049 1368 dissimu-

229 1388 335 1421 lantes,
351 1387 422 1414 dum
439 1395 473 1414 ea
487 1386 583 1414 rident
598 1386 627 1413 in
643 1385 765 1413 theatris
781 1393 844 1421 quas
872 1387 1049 1412 venerantur

225 1433 257 1461 in
274 1431 403 1468 templis,
419 1431 449 1458 in
466 1430 650 1467 turpitudine
666 1430 791 1458 nimium
821 1429 916 1464 liberi,
942 1429 972 1457 in
996 1437 1048 1457 su-

227 1476 397 1514 perstitione
411 1475 535 1504 nimium
552 1475 638 1503 servi.

262 1530 378 1558 CAPUT
389 1529 458 1557 XLI.
471 1544 504 1549 ——
515 1529 604 1557 Nobis
611 1530 708 1556 autem
717 1528 850 1564 quisquis
858 1527 973 1562 dixerit,
989 1536 1047 1555 non

225 1574 291 1603 ideo
307 1574 365 1602 alia
379 1573 422 1601 vel
437 1575 519 1609 gesta
534 1572 578 1600 vel
593 1572 712 1608 scripta,
730 1574 761 1599 ut
771 1572 904 1600 Christus
915 1572 943 1599 in
951 1572 993 1600 eis
1004 1572 1048 1599 ins

227 1618 395 1654 telligatur;
411 1619 529 1652 excepta
543 1617 607 1652 ipsa
630 1619 712 1644 tanta
735 1616 926 1644 consonantia
950 1624 1047 1644 rerum

226 1663 479 1700 praeﬁguratarum
486 1663 514 1689 et
525 1661 808 1697 nuncimpletarum,
821 1660 886 1688 aliis
899 1661 1048 1696 praesagiis

226 1706 404 1743 propheticis
420 1706 529 1742 apertis
558 1705 780 1740 manifestisque
809 1705 946 1739 ferietur;
962 1705 1047 1733 sicuti

226 1754 272 1780 est
287 1751 372 1785 illud,
388 1752 420 1779 In
433 1751 540 1778 semine
558 1752 604 1777 tuo
620 1750 817 1777 benedicentur
830 1757 920 1777 omnes
947 1754 1046 1785 gentes.

226 1795 286 1824 Hoc
306 1796 419 1823 dictum
435 1798 479 1823 est
493 1795 528 1823 ad
546 1794 704 1829 Abraham,
721 1793 774 1821 hoc
790 1794 825 1821 ad
845 1795 933 1827 Isaac,
947 1794 1001 1821 hoc
1011 1794 1047 1822 ad

225 1840 315 1868 Jacob
331 1840 380 1874 (Id.
399 1848 469 1873 xxu,
482 1840 524 1873 18,
542 1843 567 1866 el
580 1847 655 1874 xxvr,
672 1839 700 1872 4,
715 1841 741 1865 et
771 1847 870 1871 xxvul,
890 1839 943 1874 14).
967 1838 1049 1866 Unde

227 1892 286 1913 non
302 1883 447 1912 immerito
460 1883 540 1918 dicit,
556 1884 609 1919 Ego
624 1892 686 1911 sum
700 1884 769 1911 Deus
784 1883 930 1918 Abraham,
943 1885 967 1911 et
978 1884 1049 1911 Deus

226 1931 316 1964 Isaac,
331 1933 358 1956 et
371 1929 442 1956 Deus
457 1928 541 1956 Iacob
555 1928 650 1964 (Exod.
663 1936 705 1962 ιιι,
716 1928 744 1963 6)
756 1936 763 1955 :
778 1927 978 1963 completurus
989 1927 1048 1955 uti-

227 1973 308 2009 tique
323 1973 351 2001 in
368 1972 571 2000 benedictione
586 1972 719 1999 omnium
742 1971 886 2008 gentium,
911 1972 988 2007 quod
1015 1980 1049 2000 ex

228 2025 328 2045 eorum
344 2018 457 2045 semine
473 2016 617 2053 promisit.
634 2017 691 2044 Nec
704 2016 851 2044 immerito
866 2016 928 2052 ipse
956 2017 1048 2044 Abra-

227 2063 308 2094 ham,
324 2069 391 2089 cum
407 2062 472 2096 ejus
488 2069 588 2089 servus
603 2061 627 2088 ei
640 2061 780 2096 jurasset,
797 2060 852 2087 sub
869 2060 976 2088 femore
996 2068 1048 2088 suo

223 2107 315 2144 jussit
330 2114 396 2134 eum
414 2113 521 2141 ponere
536 2113 667 2138 manum,
680 2105 756 2137 (Gen.
773 2113 850 2135 xxw.
860 2105 888 2137 2,
899 2104 938 2137 9),
953 2104 1049 2132 sciens

227 2151 296 2179 inde
322 2152 477 2178 venturam
501 2156 620 2177 carnem
644 2148 762 2183 Christi,
783 2148 813 2176 in
836 2157 893 2184 quo
917 2149 1047 2176 benedici

228 2203 331 2224 omnes
345 2197 446 2231 gentes
462 2202 519 2221 non
547 2196 617 2222 tunc
642 2193 872 2229 prtenuntiamus
897 2194 947 2221 sed
971 2193 1048 2229 quod

227 2241 299 2268 tunc
315 2239 543 2275 pranuntiatum
557 2241 611 2272 est,
628 2246 706 2266 nunc
721 2238 864 2266 videmus.

265 2292 380 2321 CAPUT
392 2293 476 2320 XLII.
488 2307 522 2312 —
533 2291 644 2320 Vellem
660 2292 744 2326 scire,
762 2292 820 2319 imo
836 2291 943 2319 melius
958 2292 1050 2319 nesci-

228 2337 314 2371 erim,
327 2345 385 2373 qua
395 2337 522 2364 cateitate
535 2336 625 2364 animi
635 2336 738 2372 legerit
748 2336 884 2370 Faustus,
901 2336 950 2363 ubi
966 2344 1049 2364 voca-

228 2382 269 2410 vit
282 2381 371 2410 Jacob
386 2381 462 2409 ﬁlios
477 2389 558 2413 suos,
573 2383 601 2409 et
616 2380 689 2409 dixit
703 2390 709 2409 :
727 2381 941 2417 Congregamini
956 2384 986 2408 ut
1001 2389 1050 2409 an-

228 2427 354 2455 nuntiem
368 2426 442 2454 vobis
453 2433 514 2461 quae
527 2434 674 2453 occursuro
689 2429 752 2453 sunt
761 2425 835 2453 vobis
850 2426 881 2452 in
894 2426 1049 2453 novissimis

227 2471 323 2499 diebus
336 2479 343 2499 :
358 2470 564 2505 congregamini
579 2474 604 2498 et
618 2469 721 2504 audite,
738 2470 794 2505 ﬁlii
817 2470 900 2498 Iacob
915 2479 926 2502 ;
947 2469 1048 2502 audite,

227 2515 325 2549 Israel,
338 2518 448 2551 patrem
461 2518 594 2541 vestrum.
613 2512 664 2541 Hic
677 2516 755 2541 certe
765 2521 850 2541 nemo
861 2513 977 2541 dubitat
984 2522 1050 2549 pro-

227 2558 532 2596 phetantispersonam
539 2566 602 2586 esse
610 2557 976 2586 dilucidatam.Audiamus
982 2566 1049 2594 ergo

227 2604 298 2641 quid
307 2604 386 2632 dicat
396 2603 455 2631 ﬁlio
465 2611 518 2631 suo
526 2602 619 2636 Judls,
633 2603 669 2630 de
677 2604 762 2638 cujus
768 2603 846 2630 tribu
861 2602 995 2630 Christus
1006 2611 1050 2630 ve-

226 2649 270 2677 nit
282 2656 319 2677 επ
325 2649 429 2677 semine
445 2648 534 2675 David
547 2648 699 2675 secundum
708 2654 829 2682 carnem,
846 2646 921 2675 sicut
934 2649 1049 2682 aposto-

225 2691 282 2722 lica
292 2692 424 2721 doctrina
448 2692 669 2728 testatur(Rom.
687 2691 760 2727 1,3).
789 2692 869 2726 Iuda,
893 2691 1001 2727 inquit,
1025 2695 1050 2719 te

227 2736 342 2765 laudent
350 2737 361 2754 ²
366 2737 625 2772 fratrestui;manus
633 2740 689 2765 tua
695 2735 864 2772 superdorsa
872 2736 1050 2764 inimicorum

260 2864 269 2881 ι
286 2861 345 2886 Am.
360 2867 421 2892 cum
436 2859 526 2885 multis
541 2861 612 2890 Mss.,
627 2860 702 2892 plene
714 2860 778 2892 satis
790 2859 946 2892 iudicantes.

258 2893 270 2911 Ι
283 2893 322 2918 ιιι
335 2892 399 2918 Mss.
412 2891 490 2924 juxta
501 2892 573 2918 LXX.
587 2889 708 2922 At'editt,
723 2892 748 2917 te
762 2889 914 2916 laudabunt.

615 198 773 228 CONTRA
798 197 986 228 FAUSTUM
1009 196 1272 233 MANICHIEUM,
1296 196 1327 226 S.
1352 194 1566 227 AUCUSTINI

127 21 149 42 τι
388 18 406 46 ¹
422 19 449 49 -
469 38 474 39 γ
526 18 601 43 ,εῖτ
617 22 627 26 ’”
733 14 927 47 μενά-μ’μ’*
1182 36 1201 46 γ
1287 16 1319 45 ςκ
1342 10 1443 44 ἶν’
1646 30 1657 36 ι
1694 31 1727 43 -ς‹
1766 31 1791 42 ι‹
1850 31 1866 40 σ-
1907 34 1910 35 ν

11 60 17 62 _
68 47 190 69 ,r>r‘.~,.'f'_}
219 48 224 56 ι
251 47 266 58 ί
284 47 302 56 ς
333 44 360 51 λ’
385 46 389 51 '
622 45 629 49 ι
1010 31 1028 59 δ’
1117 48 1120 49 ν
1266 48 1271 51 -
1426 30 1461 60 ,ἢ
1487 39 1566 56 ’-ι-«νς,
1586 45 1602 57 ιν
1622 46 1656 54 ιι,
1693 45 1698 51 ι
1714 42 1748 57 ς·
1762 47 1794 57 _..
1821 40 1834 48 4
1862 41 1878 51 ~,
1932 45 1937 55 ς
1955 50 1969 58 ν,

8 63 77 89 Δζ”’
938 80 942 83 μ
1057 85 1062 87 ἒ
1496 74 1499 77 ⁵
1586 56 1587 60 ¹
1642 59 1671 69 γ’·
1693 60 1724 78 ς..
1752 58 1779 72 κιτ
1792 51 1812 68 9.
1825 70 1844 82 ,ν
1865 66 1888 82 νγ
1907 62 1923 72 ,Δ
1939 58 2001 78 -κνις,

1 123 4 128 λ
19 118 37 132 ς’
1647 120 1650 121 ν
1933 123 1936 126 Α
1988 122 1991 123 ν

0 135 29 168 ,ἐ
53 135 59 140 ’
2004 140 2011 159 t

1869 192 1926 223 276

1104 262 1383 298 luorum,adorubunt
1392 264 1416 289 le
1422 260 1748 297 ﬁliipatrislui.€atulus
1755 259 1925 293 leonisIuda,

1105 307 1139 334 de
1149 308 1350 342 germinatione
1360 307 1403 342 ﬁli
1406 315 1434 334 us
1442 314 1527 336 meus,
1536 305 1681 333 ascendiin
1688 305 1859 339 recumbens,
1867 304 1927 332 dor—

1102 353 1181 379 misti
1190 354 1219 379 ut
1232 352 1283 385 leo,
1294 357 1319 380 et
1330 354 1360 379 ut
1374 351 1482 379 catulus
1503 351 1598 383 leonis,
1609 351 1670 386 quis
1686 349 1827 377 suscitabit
1843 357 1903 376 eum
1915 350 1927 375 Γ

1102 397 1158 424 Non
1172 397 1255 424 deerit
1266 398 1393 432 princeps
1403 396 1553 429 chuda,et
1564 395 1621 422 duo:
1632 396 1668 422 de
1686 394 1842 431 femoribus
1859 394 1926 430 ejus,

1102 441 1186 468 donec
1199 443 1309 468 veniant
1320 448 1382 476 quae
1392 442 1509 476 reposita
1520 443 1585 467 sunt
1594 441 1620 467 ei
1630 448 1640 470 ;
1651 441 1676 466 et
1688 440 1745 474 ipse
1757 439 1928 474 exspectatio

1104 487 1241 520 gentium,
1257 486 1380 520 alligans
1395 486 1434 512 ad
1449 486 1557 512 vineam
1572 485 1684 519 pullum
1695 492 1785 516 suum,
1801 483 1928 511 etcilicio

1103 531 1210 565 pullum
1223 531 1323 557 asina:
1337 530 1439 557 Iuvabit
1450 538 1478 556 ιη
1490 529 1654 557 vinostalam
1667 536 1757 561 suam,
1776 530 1802 555 et
1812 528 1841 554 in
1862 535 1928 554 san-

1105 576 1188 610 guine
1199 582 1260 603 una
1275 575 1408 602 amictum
1418 582 1512 601 suum:
1527 574 1666 608 fulgentes
1675 572 1748 600 oculi
1759 572 1819 607 ejus
1829 572 1929 606 acino,

1108 624 1134 647 ει
1148 620 1241 647 dentes
1268 619 1441 647 candidiores
1473 619 1544 646 lacte
1571 618 1651 653 (Gen.
1669 625 1745 651 xux,
1762 617 1788 650 1,
1802 617 1830 649 2,
1846 617 1929 650 8-12).

1108 663 1193 692 Falsa
1205 664 1265 692 sint
1275 664 1342 699 ista,
1354 664 1478 691 obscura
1490 662 1548 690 sint
1559 663 1625 695 ista,
1638 662 1662 689 si
1683 670 1740 689 non
1766 661 1795 688 in
1818 660 1931 688 Christo

1105 708 1324 736 evidentissima
1340 708 1404 736 luce
1419 707 1611 735 claruerunt:
1625 707 1649 734 si
1665 715 1722 733 non
1734 714 1801 733 eum
1813 705 1933 733 laudant

1106 753 1209 781 fratres
1221 753 1286 788 ejus
1299 752 1439 789 Apostoli,
1455 754 1483 779 et
1495 759 1597 779 omnes
1607 751 1773 778 coharredes
1785 750 1861 785 ejus,
1873 758 1930 777 non

1106 806 1189 826 suam
1203 797 1324 834 gloriam
1338 797 1567 833 quaerentes,sed
1580 795 1712 831 ipsius:si
1726 803 1783 822 non
1796 796 1932 822 suntme-

1107 851 1162 870 nus
1173 843 1236 878 ejus
1246 851 1334 878 super
1345 843 1432 869 dorsa
1442 841 1629 868 inimicorum
1643 840 1717 875 ejus;
1730 839 1754 866 si
1767 847 1823 867 non
1836 838 1932 874 depri-

1106 889 1229 915 muntur
1239 890 1326 922 atque
1337 888 1494 913 curvantur
1501 885 1535 912 ad
1548 883 1874 917 terram,crescentibus
1881 891 1932 919 po-

1108 931 1185 967 pulis
1194 930 1373 963 christianis,
1386 930 1565 966 quicumque
1576 928 1616 957 illi
1627 928 1722 956 adhuc
1730 928 1932 955 adversantur:

1107 976 1131 1004 si
1148 984 1205 1003 non
1221 984 1287 1003 eum
1304 975 1500 1003 adoraverunt
1511 973 1562 1000 ﬁlii
1573 973 1662 1000 Jacob
1674 973 1703 1000 in
1716 972 1928 1007 reliquiis,quzs

1107 1029 1158 1057 per
1168 1020 1339 1048 electionem
1352 1019 1452 1055 gratiae
1465 1018 1550 1046 salva-
1563 1018 1643 1045 facta;
1656 1020 1725 1044 sunt
1736 1018 1826 1052 (Rom.
1837 1025 1878 1050 xi,
1890 1017 1934 1052 5):

1108 1065 1131 1092 si
1142 1073 1198 1092 non
1210 1065 1272 1100 ipse
1279 1063 1392 1091 catulus
1403 1065 1447 1091 est
1458 1062 1703 1098 leonis,quoniam
1712 1061 1858 1089 nascendo
1870 1069 1933 1097 par-

1106 1109 1192 1136 vulus
1207 1109 1301 1136 factus
1314 1110 1372 1141 est;
1388 1109 1505 1143 propter
1521 1107 1573 1134 hoc
1589 1106 1776 1138 additum,Dc
1787 1106 1930 1141 germina-

1108 1154 1181 1181 tione
1191 1154 1265 1189 ﬁltus
1275 1154 1456 1180 meus.Causa
1467 1151 1574 1188 quippe
1583 1151 1842 1186 redditaestquare
1852 1152 1934 1178 catu-

1108 1198 1165 1230 lus,
1176 1198 1206 1225 in
1218 1198 1302 1233 cujus
1315 1197 1401 1224 laude
1412 1196 1479 1224 alibi
1492 1196 1634 1232 scriptum
1648 1197 1702 1228 est,
1712 1195 1827 1222 Catulus
1840 1194 1934 1222 leonis

1107 1243 1206 1278 fortior
1215 1242 1351 1278 jumentis
1366 1242 1456 1275 (Prov.
1473 1249 1538 1275 xxx,
1555 1240 1599 1275 38)
1612 1249 1618 1273 ;
1636 1239 1690 1267 hoc
1697 1241 1752 1273 est,
1763 1239 1853 1266 etiam
1864 1247 1932 1274 par-

1107 1286 1193 1314 vulus
1205 1286 1305 1314 fortior
1315 1285 1477 1321 majoribus
1489 1284 1522 1312 :si
1537 1293 1593 1312 non
1603 1284 1734 1311 ascendit
1745 1284 1775 1311 in
1786 1291 1873 1311 cruce
1886 1291 1932 1311 re-

1109 1331 1260 1364 cumbens,
1277 1338 1343 1358 cum
1360 1329 1500 1357 inclinato
1515 1329 1613 1364 capite
1625 1328 1753 1355 reddidit
1768 1327 1906 1364 spiritum
1919 1335 1926 1355 :

1109 1378 1137 1404 et
1148 1384 1204 1404 non
1217 1375 1354 1403 dormivit
1367 1376 1398 1401 ut
1408 1374 1462 1407 leo,
1473 1374 1542 1409 quia
1554 1373 1617 1401 etin
1631 1373 1695 1409 ipsa
1709 1374 1801 1400 morte
1811 1380 1871 1400 non
1887 1374 1933 1400 est

1108 1421 1214 1453 victus,
1231 1420 1280 1448 sed
1298 1419 1380 1453 vicit;
1398 1420 1427 1446 et
1443 1420 1475 1445 ut
1490 1417 1604 1445 catulus
1618 1417 1721 1452 leonis,
1752 1417 1820 1444 inde
1849 1416 1929 1444 enim

1109 1468 1243 1493 mortuus
1258 1464 1335 1492 unde
1351 1466 1379 1491 et
1394 1465 1495 1490 natus:
1511 1463 1535 1490 si
1547 1471 1603 1489 non
1616 1462 1664 1489 ille
1675 1470 1741 1490 eum
1751 1461 1905 1489 suscitavit
1917 1470 1935 1489 α

1109 1510 1245 1543 mortuis,
1257 1517 1344 1545 quem
1357 1516 1442 1535 nemo
1454 1507 1607 1535 hominum
1616 1506 1696 1540 vidit,
1708 1514 1760 1534 nec
1769 1506 1867 1533 videre
1880 1514 1931 1541 po-

1108 1556 1166 1582 test
1176 1554 1202 1589 (Ι
1219 1554 1285 1581 Tim.
1302 1561 1341 1584 v1,
1358 1552 1412 1587 16).
1429 1553 1468 1579 Eo
1480 1551 1557 1579 enim
1570 1551 1645 1586 quod
1659 1550 1770 1577 dictum
1782 1551 1837 1585 est,
1864 1550 1935 1584 Quis

1108 1599 1252 1626 suscitabit
1267 1606 1328 1626 eum
1336 1599 1349 1624 .9
1359 1597 1431 1624 satis
1440 1604 1576 1632 expressa
1587 1597 1632 1623 est
1641 1598 1781 1630 tanquam
1791 1593 1885 1630 ignoti
1893 1594 1935 1622 si-

1108 1643 1268 1679 gniﬁcatio.
1284 1642 1313 1670 Si
1330 1642 1423 1669 defuit
1439 1641 1575 1676 princeps
1590 1648 1625 1667 ex
1638 1639 1725 1667 Juda.
1737 1641 1765 1666 et
1776 1639 1835 1665 dux
1845 1638 1882 1666 de
1892 1637 1936 1666 fe-

1109 1687 1241 1715 moribus
1255 1687 1330 1721 ejus,
1347 1686 1438 1713 donec
1453 1684 1585 1712 venirent
1600 1686 1764 1719 opportuno
1789 1685 1934 1718 tempore,

1108 1740 1171 1767 quae
1183 1731 1328 1767 promissa
1336 1732 1476 1765 tanquam
1489 1728 1616 1764 reposita
1629 1728 1753 1755 fuerant.
1766 1727 1841 1755 Sunt
1850 1727 1935 1755 enim

1108 1776 1210 1803 littera
1226 1775 1394 1803 certissimae
1407 1773 1534 1801 historias
1545 1772 1675 1808 ipsorum
1690 1779 1807 1808 quoque
1816 1771 1934 1799 ,1υάωο-

1109 1829 1184 1854 rum,
1200 1820 1309 1856 quibus
1321 1818 1486 1846 ostenditur
1496 1818 1623 1854 primum
1636 1816 1829 1852 alienigenam
1841 1816 1932 1844 Hero-

1108 1865 1173 1892 dem
1189 1872 1285 1900 regem
1298 1863 1388 1891 fuisse
1399 1862 1428 1889 in
1441 1864 1525 1897 gente
1534 1862 1713 1895 Judzeorum,
1731 1869 1789 1896 quo
1799 1863 1934 1896 tempore

1108 1912 1195 1937 natus
1205 1909 1339 1936 Christus
1347 1910 1391 1935 est
1400 1907 1507 1943 (Matth.
1519 1915 1550 1939 ιι,
1566 1906 1593 1938 3,
1606 1906 1643 1941 7).
1655 1906 1698 1933 Ita
1709 1913 1766 1933 non
1778 1904 1871 1932 defuit
1882 1912 1936 1932 rex

1108 1954 1144 1982 de
1158 1953 1270 1981 semine
1284 1953 1370 1985 Juda,
1385 1952 1475 1979 donec
1487 1950 1619 1978 venirent
1631 1958 1695 1986 quae
1711 1949 1837 1985 reposita
1847 1951 1937 1977 erant

1109 1998 1161 2026 illi.
1175 1998 1230 2025 Sed
1242 1997 1311 2032 quia
1323 2005 1380 2024 non
1393 1996 1462 2024 solis
1474 1995 1583 2024 Judaeis
1594 1994 1731 2022 ﬁdelibus
1739 1993 1846 2029 profuit
1853 1993 1935 2030 quod

1110 2042 1289 2078 promissum
1305 2046 1358 2074 est,
1376 2040 1440 2068 vide
1455 2040 1525 2076 quid
1542 2041 1700 2075 sequatur:
1718 2039 1749 2066 Et
1762 2039 1821 2074 ipse
1839 2045 1938 2074 mpe-

1109 2087 1191 2114 ctatio
1202 2087 1334 2122 gentium.
1352 2085 1415 2120 Ipse
1426 2085 1555 2120 alligavit
1563 2084 1598 2111 ad
1609 2085 1717 2111 vincam
1721 2083 1830 2119 pullum
1837 2090 1937 2116 suum,

1109 2131 1137 2158 id
1154 2133 1210 2164 est,
1227 2129 1365 2166 populum
1383 2138 1482 2164 suum,
1499 2129 1527 2156 in
1544 2127 1638 2156 cilicio
1654 2127 1816 2164 praedicans
1830 2128 1860 2155 et
1874 2126 1937 2155 cla-

1110 2175 1226 2204 maus.A
1230 2177 1286 2210 gite
1293 2173 1727 2211 paenitentiam;appropinquaril
1734 2172 1809 2200 enim
1816 2180 1939 2206 regnum

1109 2218 1562 2255 caelorum(Id.u1,2).Populorum
1572 2216 1806 2245 autemGentium
1812 2215 1855 2243 illi
1864 2216 1940 2244 sub.

1110 2264 1204 2292 ditum
1217 2263 1420 2300 cognoscimus
1431 2262 1612 2298 pullo,asiua3
1621 2260 1866 2297 comparatum,in
1873 2268 1938 2296 quo

1110 2310 1197 2336 etiam
1210 2308 1403 2336 seditducens
1413 2306 1519 2335 eumin
1527 2306 1686 2334 Jerusalem
1699 2305 1749 2341 (Id.
1764 2312 1823 2340 xxI,
1839 2305 1936 2342 2-10),

1109 2353 1138 2380 id
1146 2352 1231 2386 est,in
1242 2352 1383 2380 visionem
1393 2351 1594 2387 pacis,docens
1603 2352 1771 2377 mansuetos
1779 2349 1841 2377 vias
1849 2357 1936 2378 suas.

1109 2397 1139 2425 Si
1149 2406 1206 2424 non
1221 2396 1328 2424 lavitin
1337 2396 1403 2423 vino
1412 2395 1516 2423 stolam
1527 2403 1610 2422 suam
1621 2403 1627 2422 :
1639 2394 1702 2430 ipsa
1719 2396 1764 2422 est
1777 2393 1857 2422 enim
1869 2393 1938 2430 glas

1110 2441 1188 2469 riosa
1202 2440 1341 2476 Ecclesia,
1358 2447 1446 2475 quam
1463 2439 1518 2467 sibi
1534 2438 1661 2472 exhibet,
1692 2446 1748 2466 non
1773 2437 1938 2466 habentem

1111 2484 1256 2513 maculam
1268 2486 1319 2512 aut
1329 2492 1431 2521 rugam
1442 2483 1548 2519 (Ephes.
1559 2491 1585 2516 v,
1593 2483 1639 2518 27)
1653 2491 1659 2511 :
1671 2482 1717 2510 cui
1727 2482 1833 2511 dicitur
1842 2482 1937 2511 etiam

1110 2538 1161 2567 per
1172 2529 1289 2558 Isaiam.
1299 2529 1330 2557 Si
1339 2530 1444 2564 fuerint
1456 2530 1567 2564 peccata
1577 2529 1666 2556 vestra
1673 2528 1743 2555 sicut
1752 2527 1943 2563 planitiam,
1999 2532 2009 2567 ξ

1109 2579 1242 2610 tanquam
1257 2575 1348 2601 nivem
1362 2573 1507 2601 dealbabo
1517 2573 1595 2608 (lsai.
1613 2572 1638 2608 1,
1656 2572 1709 2607 18).
1723 2572 1817 2606 Unde,
1828 2571 1887 2600 nisi
1898 2571 1940 2600 de
1968 2580 1973 2581 ’
2005 2571 2010 2599 ὲ

1110 2619 1247 2647 dimissis
1258 2619 1382 2655 peccatis
1390 2618 1404 2645 ?
1417 2618 1446 2645 In
1457 2626 1515 2653 quo
1526 2625 1594 2653 ergo
1603 2616 1680 2648 vino.
1692 2616 1750 2644 nisi
1761 2616 1810 2644 illo
1821 2616 1857 2644 de
1874 2623 1940 2652 quo

1111 2664 1310 2700 dicitur,quod
1317 2671 1367 2699 pro
1374 2663 1472 2690 multis
1478 2661 1632 2698 eﬂundetur
1639 2662 1670 2689 in
1677 2661 1940 2698 7‘than

1112 2711 1242 2737 ceterum
1256 2707 1360 2744 (Matth.
1376 2715 1453 2740 xxv1,
1462 2706 1510 2740 28)
1520 2706 1534 2734 ‘I
1546 2707 1607 2742 Ipse
1615 2708 1660 2734 est
1668 2705 1747 2734 enim
1762 2706 1868 2734 botrus
1882 2704 1939 2735 illo

1109 2753 1160 2789 qui
1186 2752 1325 2788 pependit
1338 2752 1367 2780 in
1383 2751 1463 2788 ligno
1485 2751 1576 2787 (Num.
1591 2750 1721 2786 xm,24).
1737 2751 1941 2786 Propterea“

1108 2797 1158 2825 hic
1168 2797 1232 2824 vide
1244 2796 1315 2833 quid
1328 2796 1479 2832 adjungat,
1489 2796 1524 2824 Et
1538 2796 1568 2823 in
1582 2795 1719 2831 sanguine
1728 2803 1787 2823 uvas
1796 2794 1940 2824 amictum
1976 2824 1979 2826 ,
1994 2794 2002 2828 1

1107 2850 1198 2870 suum.
1207 2843 1273 2869 Jam
1282 2849 1350 2869 vero
1359 2840 1469 2877 fulgere
1478 2839 1578 2868 oculos
1585 2840 1650 2875 ejus
1658 2847 1675 2867 a
1683 2838 1759 2873 vino,
1768 2838 1818 2867 illa
1825 2838 1856 2868 in
1865 2847 1939 2868 cor-

1108 2894 1178 2924 pore
1192 2885 1257 2921 ejus
1267 2885 1400 2914 membra
1410 2885 1604 2922 cognoscunt,
1614 2883 1722 2920 quibus
1731 2883 1938 2916 demeat
1976 2887 1996 2924 ,λ

1855 3023 1858 3025 .
1905 3011 1920 3025 ὓ

1990 2851 2011 2896 :l

1720 2896 1938 2916 ιαυιιιιιυιιιπ
1976 2912 1982 2915 .

1855 2896 2011 3032 Δ
