4052 6184
253 335 373 393 289

256 462 505 520 Hebraeis
536 460 1000 533 pratermissum
1033 476 1161 515 esse
1201 460 1562 516 doceremus.
1595 460 1899 530 Tanquam

257 553 409 608 enim
430 556 584 607 esset
605 566 991 620 consequens,
1019 553 1081 604 ut
1095 548 1315 605 Judaais
1334 549 1391 603 in
1411 565 1519 604 sua
1534 548 1786 605 caecitate
1803 548 1901 603 de-

259 640 619 707 monstratis,
654 639 763 695 hoc
785 638 866 694 illi
890 638 1113 695 veniret
1136 638 1196 693 in
1230 646 1505 706 mentem,
1542 639 1696 709 quod
1727 638 1903 693 etiam

260 728 426 786 multi
447 730 560 785 sub
584 727 822 784 nomine
843 727 1172 783 Christiano
1200 729 1270 783 ab
1299 728 1426 800 ipsa
1456 727 1786 783 Christiana
1817 744 1905 780 so-

262 821 460 875 cietate
492 819 805 885 deviarent,
840 817 961 889 ipse
989 818 1296 883 Jeremias,
1328 817 1484 872 velut
1514 815 1907 871 catechizandi

262 908 524 964 ordinem
542 908 711 963 nobis
725 906 1338 974 insinuans,continuo
1352 905 1910 977 subjecit:Ctamavit

256 998 486 1070 perdix,
519 998 869 1066 congregavit
899 1011 1023 1067 quae
1049 1012 1160 1052 non
1188 998 1416 1067 peperit,
1446 997 1658 1065 faciens
1686 995 1911 1049 divitias

262 1103 389 1142 suas
402 1102 511 1142 non
524 1085 1101 1157 cumjudieio.Perdix
1117 1084 1270 1139 enim
1288 1085 1466 1140 nimis
1480 1084 1911 1139 contentiosum

264 1174 506 1242 animal,
532 1181 736 1231 notum
754 1182 842 1230 est
860 1180 1083 1246 quanta
1099 1173 1372 1229 aviditate
1390 1173 1578 1245 ipsius
1596 1173 1916 1229 contentio-

265 1266 358 1321 nis
388 1269 587 1320 currat
611 1263 671 1319 in
704 1263 1001 1335 laqueum.
1035 1264 1160 1318 Non
1190 1262 1347 1319 enim
1382 1263 1683 1334 disputare
1714 1266 1917 1317 amant

263 1354 539 1420 haeretici,
557 1354 654 1409 sed
672 1369 908 1425 quoquo
924 1353 1095 1408 modo
1109 1369 1384 1423 superare
1402 1351 1918 1423 impudentissima

264 1442 613 1517 pervicacia,
647 1447 712 1497 ut
744 1446 1115 1514 congregent,
1149 1443 1301 1497 sicut
1332 1440 1424 1496 hic
1458 1441 1622 1511 dixit,
1649 1458 1776 1512 quae
1802 1457 1916 1494 non

267 1536 643 1605 pepererunt.
669 1531 1033 1588 Christianos
1056 1531 1232 1597 enim,
1261 1547 1408 1601 quos
1436 1530 1689 1585 maxime
1707 1530 1918 1585 Christi

269 1622 508 1677 nomine
529 1621 973 1690 seducunt,jam
992 1636 1091 1691 per
1106 1619 1296 1690 ipsius
1313 1619 1522 1674 Christi
1541 1618 1919 1691 Evangelium

268 1715 442 1766 natos
474 1709 801 1774 inveniunt,
832 1715 887 1763 et
915 1708 1136 1763 faciunt
1167 1707 1298 1762 illos
1332 1707 1564 1762 divitias
1596 1725 1771 1763 suas:
1807 1725 1919 1762 non

270 1816 413 1854 sane
436 1798 830 1868 curnjudicio,
853 1798 951 1851 sed
972 1813 1105 1853 cum
1126 1796 1449 1851 temeritate
1468 1796 1919 1852 inconsiderata.

270 1890 397 1945 Non
429 1890 589 1943 enim
622 1886 960 1957 intelligunt
1002 1886 1080 1939 ibi
1124 1902 1253 1941 esse
1284 1902 1482 1941 veram
1515 1885 1832 1951 salubrem,
1867 1890 1925 1940 et

273 1978 528 2049 quodam
562 1976 736 2031 modo
759 1992 1099 2047 germanam
1122 1978 1297 2047 atque
1320 1974 1632 2030 radicalem
1657 1975 1925 2030 christia-

274 2085 409 2125 nam
447 2064 813 2131 societatem,
846 2065 999 2119 unde
1030 2064 1171 2119 istos
1203 2070 1639 2135 separaverunt,
1674 2080 1823 2135 quos
1854 2064 1927 2119 ad

277 2174 420 2213 suas
441 2155 676 2210 divitias
701 2157 1146 2226 congregarunt.
1182 2155 1249 2208 Et
1280 2152 1418 2224 quia
1447 2154 1517 2208 de
1547 2153 1767 2208 talibus
1789 2154 1930 2208 dicit

278 2244 619 2317 Apostolus,
646 2243 799 2299 Sicut
820 2244 966 2297 enim
990 2243 1209 2298 Jamnes
1230 2251 1281 2297 et
1305 2244 1580 2298 Mambres
1611 2244 1929 2298 restiterunt

274 2336 489 2405 Moysi,
514 2335 595 2389 sic
613 2336 663 2388 et
683 2334 779 2387 isti
794 2333 1053 2388 resistunt
1076 2333 1331 2393 veritati;
1353 2332 1596 2386 homines
1613 2336 1793 2386 mente
1807 2348 1929 2387 cor-

274 2426 456 2494 rupti,
492 2422 716 2494 reprobi
743 2423 889 2477 circa
917 2421 1117 2491 ﬁdem:
1148 2421 1249 2476 sed
1279 2422 1427 2475 ultra
1472 2438 1584 2476 non
1620 2422 1928 2492 proﬁcient,

274 2515 555 2569 dementia
588 2514 738 2567 enim
764 2526 953 2566 eorum
973 2512 1270 2581 manifesta
1290 2511 1396 2565 erit
1416 2510 1688 2580 omnibus,
1711 2513 1856 2566 sicut
1876 2520 1930 2565 et

274 2604 514 2658 illorum
534 2603 645 2670 fuit
663 2600 734 2671 (ll
761 2601 893 2655 Tim.
917 2617 997 2666 ιιι,
1021 2600 1075 2664 8,
1100 2597 1189 2670 9):
1216 2599 1482 2670 sequitur
1502 2605 1558 2654 et
1577 2599 1672 2678 hic
1695 2600 1935 2670 Prophe-

275 2697 356 2757 ta,
384 2696 444 2745 et
465 2690 607 2746 dicit
628 2691 697 2744 de
722 2689 970 2759 perdice,
997 2688 1129 2760 qui‘
1155 2687 1525 2760 congregavit
1546 2705 1672 2758 quae
1696 2706 1809 2744 non
1836 2706 1933 2760 pe-

276 2780 457 2852 perit,
486 2780 547 2834 ]n
569 2778 802 2833 dimidio
832 2778 1043 2833 dierum
1067 2780 1182 2849 ejus
1213 2777 1594 2849 deretinquent
1623 2794 1767 2843 eum,
1801 2783 1853 2834 et
1875 2780 1936 2833 in

277 2871 608 2925 novissimis
630 2869 747 2922 suis
765 2869 873 2922 erit
895 2868 1161 2938 insipiens
1183 2884 1201 2919 :
1234 2866 1291 2921 id
1324 2872 1432 2933 est,
1466 2868 1563 2938 qui
1595 2866 1786 2938 primo
1808 2873 1935 2922 tan-

282 2974 470 3031 quam
493 2974 595 3029 per
616 2955 1090 3028 pollicitationem
1114 2960 1171 3010 et
1192 2955 1639 3010 ostentationem
1663 2954 1938 3012 excellen-

282 3048 365 3104 tis
399 3045 697 3117 sapientiae
729 3045 1061 3111 seducehat,
1090 3043 1199 3099 erit
1218 3043 1524 3116 insipiens,
1548 3044 1603 3098 id
1627 3050 1736 3110 est,
1762 3063 1937 3117 appa-

286 3135 446 3191 rebit
477 3134 782 3206 insipiens.
834 3132 931 3187 Eis
979 3132 1196 3204 quippe
1235 3132 1450 3204 quibus
1484 3133 1673 3204 primo
1702 3135 1938 3206 sapiens

280 3229 434 3294 erat,
467 3228 607 3278 tunc
657 3223 769 3277 erit
804 3220 1111 3293 insipiens,
1147 3238 1281 3276 cum
1314 3222 1636 3294 apparebit,
1666 3223 1805 3294 quia
1834 3224 1938 3279 de—

283 3313 517 3370 mentia
546 3313 674 3381 ejus
706 3316 843 3367 nota
871 3310 981 3366 erit
1010 3310 1308 3367 omnibus.

359 3400 595 3456 CAPUT
626 3400 773 3456 Xlll.
808 3431 874 3440 -—
908 3399 973 3454 Et
997 3403 1276 3471 tanquam
1305 3399 1401 3455 ille
1425 3417 1596 3472 quem
1617 3401 1938 3457 catechiza-

287 3508 454 3557 mus,
483 3494 768 3561 quaereret
791 3493 846 3544 et
868 3488 1103 3555 diceret,
1125 3492 1246 3552 Quo
1269 3505 1405 3559 ergo
1428 3489 1596 3560 signo
1630 3491 1941 3547 manifesto

284 3579 485 3635 adhuc
508 3577 806 3651 parvulus,
834 3582 890 3632 et
911 3578 1171 3632 nondum
1193 3577 1389 3632 valens
1413 3577 1696 3648 liquidam
1722 3580 1941 3634 discer-

284 3685 428 3724 nere
446 3684 480 3723 a
503 3671 588 3722 tot
605 3666 901 3722 erroribus
919 3666 1217 3721 veritatem
1240 3685 1253 3733 ;
1271 3682 1386 3737 quo
1405 3667 1714 3723 manifesto
1732 3668 1943 3724 indicio

279 3758 502 3813 tenebo
524 3755 837 3811 Ecclesium
858 3754 1090 3822 Christi,
1118 3755 1171 3808 in
1194 3756 1506 3825 quemjam
1530 3757 1763 3812 credere
1781 3761 1945 3811 tanta

281 3862 489 3903 rerum
503 3862 575 3901 an
584 3850 676 3900 tea
692 3844 1035 3917 praedictam
1047 3860 1100 3898 m
1119 3844 1271 3899 mani
1286 3845 1589 3900 testatione
1603 3862 1728 3900 corn
1739 3846 1948 3917 pellor?

286 3935 568 4007 sequitur
600 3934 754 3989 idem
790 3932 1099 4005 propheta,
1129 3938 1187 3988 et
1216 3939 1499 4004 tanquam
1535 3940 1729 3989 motus
1765 3935 1944 3990 animi

290 4025 428 4095 eius
460 4023 900 4078 ordinatissime
931 4021 1249 4098 excipiens,
1276 4022 1443 4077 docet
1470 4038 1601 4078 eum
1628 4023 1945 4079 Eeelesiam

297 4111 517 4167 Christi
547 4111 737 4182 ipsam
764 4127 891 4166 esse
907 4111 1264 4180 praedictam,
1289 4127 1415 4180 quas
1438 4112 1711 4167 omnibus
1733 4113 1952 4169 eminet

296 4207 359 4258 et
387 4208 647 4272 apparet.
673 4199 804 4271 Ipsa
826 4200 979 4254 enim
1004 4204 1089 4255 est
1121 4200 1289 4255 sedes
1314 4198 1533 4271 gloriae,
1566 4200 1636 4255 de
1669 4218 1783 4272 qua
1813 4201 1953 4257 dicit

299 4288 655 4361 Apostolus:
678 4289 957 4360 Templum
972 4289 1118 4344 enim
1140 4289 1239 4343 Dei
1260 4294 1508 4344 sanctum
1531 4298 1631 4355 est,
1653 4293 1803 4361 quod
1823 4292 1952 4346 estis

301 4395 400 4434 vos
425 4379 469 4447 (Ι
504 4378 622 4433 Cor.
657 4395 743 4444 ιιι,
777 4378 883 4445 17).
916 4377 1080 4433 Unde
1108 4377 1218 4433 iste
1241 4377 1418 4434 dicit:
1448 4377 1606 4433 Sedes
1629 4387 1815 4434 autem
1836 4381 1950 4451 glo-

302 4469 417 4524 rise
440 4468 684 4523 excitata
709 4474 808 4535 est,
839 4469 1204 4538 sanctiﬁcatio
1233 4473 1423 4523 nostra
1457 4468 1675 4538 (Jercm.
1700 4485 1837 4536 xvn,
1864 4471 1949 4525 10.

304 4556 670 4628 12).Propter
683 4556 788 4611 hos
802 4558 955 4611 enim
974 4562 1166 4612 motus
1181 4555 1553 4628 parvulorum
1565 4599 1577 4622 ,
1596 4556 1689 4627 qui
1708 4563 1956 4629 possunt

303 4646 511 4702 seduci
528 4645 600 4700 ab
620 4645 979 4713 hominibus,
1001 4645 1533 4700 manifestationem
1552 4645 1836 4701 claritatis
1852 4647 1952 4702 Ec-

302 4734 495 4791 clesia:
550 4735 830 4790 Dominus
878 4751 1108 4805 quoque
1140 4734 1484 4805 praevidens,
1516 4734 1613 4801 ait,
1647 4736 1764 4789 Non
1790 4739 1956 4805 potest

303 4824 517 4878 civitas
544 4822 803 4878 abscondi
846 4838 1015 4893 supra
1063 4826 1298 4878 montem
1328 4825 1619 4877 constituta
1648 4822 1866 4894 (Matth.
1898 4841 1953 4887 v,

308 4913 401 4982 14)
426 4929 437 4966 :
472 4912 610 4983 quia
641 4911 845 4983 utique
874 4912 1025 4967 sedes
1044 4912 1240 4980 gloriae
1261 4911 1505 4966 excitata
1525 4919 1618 4978 est,
1643 4914 1956 4983 sanctiﬁca-

306 5003 388 5055 tio
417 5006 627 5067 nostra,
664 5004 728 5054 ut
760 5017 872 5054 non
906 5000 1223 5055 audiantur
1252 4999 1336 5053 illi
1370 5000 1469 5072 qui
1502 5001 1572 5055 ad
1607 5001 1954 5073 religionum

310 5089 602 5144 scissuras
632 5089 965 5155 traducunt,
1000 5089 1281 5159 dicentes,
1313 5090 1444 5143 Ecce
1472 5091 1563 5145 hic
1583 5099 1659 5145 est
1689 5090 1953 5161 Christus,

308 5193 432 5233 ecce
461 5179 598 5233 illic.
635 5177 833 5233 Partes
855 5178 1009 5233 enim
1035 5178 1372 5240 ostendunt,
1406 5178 1686 5245 dicentes,
1718 5182 1849 5235 Ecce
1868 5182 1958 5235 hic

310 5283 431 5322 ecce
462 5268 602 5323 illic.
630 5266 773 5322 Cum
797 5266 898 5322 illa
919 5267 1123 5322 civitas
1146 5284 1323 5338 super
1346 5271 1601 5322 montem
1630 5269 1743 5333 sit;
1780 5285 1955 5341 quem

312 5356 711 5425 montem,uisi
727 5372 860 5411 eum
878 5355 977 5428 qui
992 5356 1313 5411 secundum
1333 5355 1692 5427 prophetiam
1704 5357 1956 5415 Danielis

314 5460 381 5498 ex
399 5460 572 5515 parvo
589 5443 780 5516 lapide
797 5445 992 5516 crevit,
1011 5450 1065 5500 et
1078 5445 1266 5501 factus
1285 5449 1372 5499 est
1396 5460 1565 5499 mons
1589 5462 1857 5517 magnus,
1878 5448 1960 5503 ita

316 5537 380 5586 ut
397 5532 667 5605 impleret
686 5534 1022 5590 universam
1060 5539 1274 5590 terram
1297 5534 1458 5605 (Dan.
1484 5549 1545 5602 ιι,
1570 5535 1659 5599 34,
1681 5535 1820 5605 35)?
1842 5536 1959 5593 Nec

382 5727 398 5761 ί
430 5725 489 5775 In
518 5722 686 5787 Lugd.
717 5728 769 5775 et
794 5726 950 5786 Ven.,
978 5725 1121 5789 quia.
1150 5725 1219 5776 Μ.

1436 328 1670 389 LIBER
1715 328 2055 388 TERTIUS
2104 331 2471 395 DECIMUS.

3544 338 3665 398 290

2012 458 2095 513 illi
2118 462 2455 531 audiantur,
2481 466 2577 536 qui
2603 467 2712 521 sub
2737 467 2973 523 nomine
2996 468 3162 539 quasi
3189 471 3422 524 secretae
3446 473 3502 524 et
3522 486 3665 540 apo-

2010 550 2235 620 crypha:
2259 550 2518 607 veritatis
2540 558 2594 607 et
2617 554 2919 609 hominum
2943 556 3255 627 paucitatis
3281 557 3502 623 dicunt,
3533 559 3664 612 Ecce

2010 640 2071 692 in
2100 639 2397 708 cubiculis,
2445 658 2562 697 ecce
2606 645 2667 699 in
2721 646 2931 700 deserto
2972 646 3179 717 (Matth.
3215 662 3367 710 xxw,
3399 646 3493 713 25,
3526 648 3619 717 26)
3650 662 3662 700 :

2012 728 2148 798 quia
2176 744 2285 783 non
2304 732 2481 799 potest
2508 734 2769 788 abscondi
2798 734 2997 788 civitas
3016 750 3185 802 super
3203 743 3439 789 montem
3458 736 3663 789 consti-

2012 826 2127 876 tuta
2145 824 2301 895 quia,
2315 824 2463 878 sedes
2478 822 2672 893 glorise
2690 823 2939 877 excitata
2959 831 3057 892 est,
3072 822 3441 894 sanctiﬁcatio
3459 832 3664 879 nostra.

2086 914 2321 969 CAPUT
2353 913 2493 969 XIV.
2522 944 2591 952 —
2622 914 2761 966 Cum
2796 927 2930 983 ergo
2962 911 3197 982 gentilis
3229 912 3336 967 iste
3365 911 3458 966 his
3491 917 3666 982 atque

2017 1002 2355 1073 hujusmodi
2371 1002 2500 1057 aliis
2516 1000 2867 1056 testimoniis
2884 1001 3303 1073 PrOphetarum
3318 1003 3388 1057 de
3403 1018 3666 1072 persecu-

2023 1090 2180 1147 tione
2205 1108 2405 1163 regum
2429 1096 2484 1146 et
2506 1092 2874 1163 populorum,
2899 1091 2968 1143 de
2993 1090 3103 1144 (ide
3127 1106 3328 1161 regum
3350 1096 3406 1146 et
3429 1091 3669 1162 populo-

2019 1198 2172 1247 rum,
2190 1182 2261 1236 de
2280 1180 2593 1235 abolitione
2612 1179 2922 1248 idolorum,
2944 1179 3013 1234 de
3032 1180 3325 1234 caecitate.)
3340 1180 3664 1249 udaaorum,

2021 1267 2091 1321 de
2124 1267 2464 1338 probatione
2515 1267 2783 1321 codicum
2833 1267 2903 1320 ab
2938 1264 3082 1337 ipsis
3115 1266 3561 1330 custoditorum,
3596 1267 3667 1322 de

2022 1356 2718 1421 amentiahaereticorum,
2735 1355 2803 1409 de
2818 1353 3155 1410 excellentia
3169 1360 3383 1410 sanctae
3400 1354 3666 1410 Ecclesia

2021 1462 2289 1499 verorum
2308 1443 3193 1515 etgermanorumChristianoru
3206 1450 3421 1513 m,ante
3437 1443 3674 1515 praedic-

2024 1539 2150 1588 taet
2171 1551 2320 1588 nunc
2340 1533 2579 1604 impleta
2598 1534 2959 1604 conspiceret
2975 1551 2986 1601 ;
3005 1534 3141 1603 quid
3162 1534 3443 1588 inveniret
3459 1534 3568 1587 ﬁde
3583 1534 3672 1587 di-

2026 1623 2219 1694 gnius,
2254 1640 2429 1693 quam
2464 1622 2591 1677 illos
2626 1622 2960 1693 Prophetas,
3015 1623 3231 1693 quibus
3265 1624 3335 1676 de
3367 1622 3671 1678 divinitate

2029 1711 2243 1766 Christi
2264 1711 2500 1782 eligeret
2519 1712 2788 1766 credere?
2808 1710 3030 1765 Etenim
3052 1712 3095 1765 si
3119 1716 3433 1782 antequam
3454 1712 3564 1767 ista
3582 1714 3679 1767 lie-

2030 1806 2178 1871 rent,
2206 1802 2525 1871 ingererem
2552 1801 2753 1872 gentili
2786 1801 3103 1870 PrOphetas
3136 1801 3423 1869 Hebrmos,
3460 1802 3679 1873 quibus

2029 1906 2096 1945 ea
2116 1892 2311 1945 futura
2329 1891 2606 1957 crederet,
2627 1906 2754 1959 quae
2773 1889 2923 1943 facta
2943 1890 3200 1944 nondum
3216 1890 3453 1954 videret,
3472 1891 3678 1945 merito

2034 1980 2277 2034 fortasse
2300 1978 2553 2033 diceret:
2580 1978 2727 2041 Quid
2757 1977 2903 2032 mihi
2925 1984 3016 2034 est
3040 1995 3172 2033 cum
3197 1978 3326 2033 istis
3348 1979 3676 2050 Prophetis,

2032 2084 2181 2139 quos
2216 2068 2367 2122 unde
2399 2083 2631 2122 veraces
2664 2066 2923 2138 probem,
2958 2084 3070 2122 non
3118 2067 3263 2122 mihi
3297 2069 3630 2123 ostenditur
3652 2068 3680 2123 ‘t

2032 2157 2177 2211 Cum
2196 2173 2327 2211 vero
2346 2161 2464 2210 tam
2484 2172 2698 2227 magna
2716 2160 2772 2209 et
2788 2161 2906 2210 tam
2925 2155 3107 2210 multa
3121 2173 3247 2227 quae
3265 2157 3677 2227 praedixerunt,

2027 2246 2152 2316 jam
2174 2246 2241 2300 ad
2264 2245 2531 2299 eil'ectum
2552 2244 3200 2316 manifestationemque
3224 2246 3499 2316 perducta
3520 2247 3677 2315 sint;

2036 2335 2207 2407 plane
2226 2334 2339 2401 ille,
2360 2334 2406 2388 si
2427 2349 2733 2405 perversus
2750 2350 2878 2389 eese
2898 2333 3093 2399 nollet,
3116 2351 3218 2389 nec
3242 2336 3351 2389 ista
3370 2334 3486 2390 ullo
3505 2336 3679 2391 modo

2036 2428 2452 2489 contemneret,
2476 2440 2603 2494 qua:
2622 2427 2781 2478 tanto
2801 2428 2957 2488 ante,
2980 2430 3035 2477 et
3052 2427 3211 2477 tanto
3231 2429 3511 2495 apparatu
3534 2442 3679 2496 prai-

2035 2512 2285 2567 videnda
2317 2516 2372 2565 et
2401 2511 2839 2583 prmnuntianda
2888 2512 3282 2566 commendari
3318 2516 3677 2580 meruerunt,

2040 2618 2145 2656 nec
2180 2600 2307 2655 illos
2339 2619 2371 2655 a
2403 2601 2620 2671 quibus
2653 2600 2951 2672 praevideri
2983 2608 3039 2655 et
3067 2602 3444 2671 praenuntiari
3480 2608 3677 2673 potue-

2042 2696 2195 2745 runt.
2222 2689 2411 2745 Nullis
2432 2689 2585 2744 enim
2613 2690 2960 2760 prudentius
2983 2691 3295 2755 credimus,
3323 2690 3407 2745 vel
3432 2691 3501 2745 de
3532 2709 3683 2761 prae-

2042 2778 2229 2834 teritis
2258 2796 2381 2848 quae
2409 2777 2547 2832 olim
2582 2779 2729 2832 facta
2761 2782 2917 2843 sunt,
2944 2778 3029 2833 vel
3054 2779 3124 2833 de
3151 2778 3363 2833 futuris
3385 2795 3514 2850 quae
3536 2797 3681 2834 non-

2043 2869 2181 2923 dum
2213 2868 2363 2923 facta
2392 2871 2529 2921 sunt
2554 2883 2730 2938 quam
2755 2866 2836 2922 eis
2858 2866 2957 2937 qui
2986 2866 3154 2922 nobis
3176 2868 3349 2922 fidem
3370 2870 3680 2924 verborum

2043 2974 2282 3013 suorum
2319 2962 2436 3011 tam
2494 2956 2698 3011 multis
2754 2960 2992 3027 tamque
3041 2956 3290 3028 magnis,
3338 2973 3463 3028 quae
3496 2958 3566 3013 ab
3598 2956 3684 3014 eis

2043 3046 2318 3119 praedicta
2343 3048 2466 3116 jam
2502 3046 2655 3100 facta
2683 3051 2842 3115 sunt,
2876 3045 3283 3117 probaverunt.

2114 3135 2348 3191 CAPUT
2383 3135 2500 3189 XV.
2534 3167 2601 3174 —
2631 3133 2848 3207 Sibylla
2881 3152 3072 3205 porro,
3105 3134 3191 3193 vel
3224 3135 3474 3206 Sibyllae,
3508 3141 3563 3190 et
3585 3136 3687 3191 Or-

2046 3225 2250 3295 pheus,
2275 3229 2331 3278 et
2356 3225 2550 3279 nescio
2575 3224 2707 3295 quis
2739 3225 2996 3289 Hermes,
3020 3229 3076 3278 et
3096 3225 3141 3278 si
3169 3225 3267 3296 qui
3291 3224 3387 3278 alii
3420 3230 3578 3280 vates
3602 3226 3686 3281 vel

2047 3314 2325 3384 theologi,
2356 3312 2443 3367 vel
2477 3314 2789 3384 sapientes,
2822 3312 2911 3367 vel
2946 3312 3277 3384 philosophi
3309 3314 3582 3369 Gentium
3617 3315 3687 3371 de

2048 3403 2189 3458 Filio
2222 3403 2342 3469 Dei,
2374 3408 2475 3456 aut
2504 3402 2573 3455 de
2606 3402 2770 3456 Patre
2803 3403 2914 3456 Deo
2942 3419 3076 3456 vera
3112 3403 3446 3473 praedixisse
3474 3420 3574 3458 seu
3598 3403 3687 3457 di-

2045 3492 2198 3547 xisse
2230 3491 2630 3562 perhibentur,
2657 3490 2804 3544 valet
2830 3490 3062 3560 quidem
3089 3491 3306 3561 aliquid
3333 3493 3403 3546 ad
3429 3496 3689 3563 Pagano-

2048 3597 2179 3635 rum
2201 3579 2515 3634 vanitatem
2540 3579 2968 3645 revincendam,
2994 3596 3109 3634 non
3134 3586 3324 3635 tamen
3348 3582 3415 3635 ad
3440 3580 3687 3635 istorum

2048 3669 2449 3725 auctoritatem
2474 3667 2941 3738 amplectendam
2971 3691 2985 3735 ;
3011 3684 3142 3721 cum
3170 3666 3335 3723 illum
3373 3674 3548 3723 Deum
3582 3686 3689 3726 nos

2050 3759 2237 3813 colere
2260 3756 2647 3821 ostendimus,
2676 3757 2746 3810 de
2767 3773 2881 3827 quo
2904 3773 3006 3810 nec
3031 3755 3113 3810 illi
3141 3761 3325 3812 tacere
3359 3762 3694 3829 potuerunt,

2052 3847 2150 3919 qui
2186 3863 2324 3901 suos
2355 3844 2710 3916 congentiles
2743 3844 2988 3916 populos
3021 3845 3176 3899 idola
3206 3851 3261 3901 et
3295 3847 3580 3902 daemonia
3602 3865 3696 3903 co-

2053 3936 2225 3991 lenda
2243 3934 2455 4006 partim
2477 3935 2681 3988 docere
2700 3934 2826 3989 ausi
2843 3951 2907 3987 su
2921 3939 2999 3997 nt,
3018 3934 3230 4005 partim
3251 3935 3551 4006 prohibere
3569 3936 3699 3991 ausi

2058 4042 2168 4080 non
2192 4029 2348 4079 sunt.
2369 4022 2533 4077 Atilli
2550 4022 2731 4078 sancti
2755 4029 3022 4077 auctores
3040 4022 3219 4078 nostri
3239 4040 3372 4077 eum
3390 4025 3696 4096 populum,

2054 4130 2181 4169 eam
2205 4111 2650 4184 rempublicam,
2676 4112 2793 4166 tale
2818 4128 3083 4182 regnum,
3110 4112 3430 4183 imperante
3452 4118 3507 4168 et
3529 4114 3697 4183 adju-

2055 4208 2227 4258 vante
2278 4206 2411 4263 Deo.
2443 4205 2912 4272 propagaverunt
2941 4205 3115 4271 atque
3148 4205 3440 4266 rererunt,
3477 4202 3575 4255 ubi
3608 4218 3699 4256 sa-

2057 4292 2358 4360 crilegium
2381 4294 2555 4356 esset,
2581 4289 2735 4360 quod
2758 4288 2886 4343 istis
2911 4288 3114 4360 religio
3140 4289 3265 4343 fuit.
3301 4294 3501 4361 Itaque
3526 4290 3571 4344 si
3597 4288 3700 4360 qui

2058 4380 2173 4435 illic
2195 4379 2253 4433 in
2279 4378 2500 4433 cultum
2525 4377 2973 4432 simulacrorum
2997 4382 3053 4432 et
3073 4379 3407 4432 daemonum
3430 4376 3703 4433 laberen-

2058 4475 2174 4535 tur,
2199 4473 2299 4523 aut
2321 4483 2486 4536 poana
2508 4466 2931 4537 plectebantur,
2954 4466 3101 4537 ipsis
3124 4483 3243 4521 suae
3266 4466 3598 4538 reipublicae
3618 4465 3706 4521 le-

2058 4558 2250 4631 gibus,
2278 4561 2377 4610 aut
2392 4554 2689 4609 liberrimo
2707 4554 2923 4609 tonitru
2944 4556 2955 4588 ¹
2979 4555 3394 4609 coercebantur
3410 4554 3706 4626 propheti-

2060 4647 2143 4701 cis
2160 4645 2417 4700 vocibus.
2443 4643 2601 4699 Unus
2615 4642 2769 4716 enim
2785 4642 2857 4696 ab
2871 4642 3089 4698 eisdem
3106 4644 3405 4699 colebatur
3420 4650 3591 4709 Deus,
3607 4642 3707 4715 qui

2061 4735 2197 4790 fecit
2219 4733 2427 4789 coelum
2451 4737 2508 4787 et
2528 4737 2764 4797 terram,
2790 4732 3126 4802 prophetico
3149 4750 3288 4788 sane
3312 4732 3448 4802 ritu,
3469 4732 3577 4788 hoc
3595 4735 3703 4802 est,

2061 4822 2446 4893 signiﬁeativo
2479 4821 2805 4875 futurorum
2838 4837 2850 4875 :
2885 4820 2982 4890 qui
3016 4820 3162 4875 ritus
3190 4820 3536 4883 aboleretur,
3574 4836 3704 4874 cum

2063 4913 2160 4967 illa
2181 4911 2473 4967 venissent
2495 4926 2622 4979 quae
2647 4925 2746 4980 per
2766 4925 2899 4963 eum
2920 4909 3404 4980 signiﬁcabantur
3420 4926 3547 4965 esse
3564 4924 3707 4961 ven-

2063 5009 2192 5057 tura
2210 5020 2221 5056 :
2239 4999 2714 5071 quandoquidem
2733 4997 2924 5068 ipsum
2941 5015 3184 5071 regnum
3200 5015 3450 5070 magnus
3466 4997 3705 5067 quidam

2064 5091 2342 5164 propheta
2364 5088 2490 5155 fuit,
2518 5088 2612 5143 ubi
2640 5105 2757 5148 rex,
2778 5093 2833 5142 et
2855 5088 3124 5143 sacerdos
3144 5088 3388 5160 mystica
3413 5086 3709 5157 significa-

2066 5179 2219 5235 tione
2248 5178 2818 5249 ungebantur(Deut.
2844 5194 3001 5246 xvm,
3036 5178 3141 5243 15;
3176 5183 3323 5231 Psat.
3358 5193 3420 5241 ιι,
3449 5176 3524 5238 6;
3560 5174 3709 5229 Psat.

2063 5286 2174 5331 cxx,
2211 5268 2271 5335 ti;
2308 5272 2326 5318 Ι
2360 5268 2483 5336 Reg.
2518 5283 2572 5335 χ,
2609 5266 2658 5331 1,
2690 5275 2740 5320 et
2781 5265 2952 5320 Exod.
2987 5266 3142 5335 χχιχ)
3172 5289 3185 5332 ;
3218 5265 3373 5335 quod
3407 5280 3521 5319 non
3556 5268 3710 5329 ante,

2064 5358 2208 5430 ipsis
2231 5371 2462 5427 quoque
2483 5354 2703 5409 Judaeis
2728 5354 3156 5425 ignorantibus,
3182 5370 3245 5407 ac
3270 5371 3370 5425 per
3385 5352 3495 5408 hoc
3514 5353 3711 5408 invitis

2065 5447 2326 5503 ablatum
2360 5449 2470 5514 est,
2503 5443 2615 5498 nisi
2648 5460 2781 5499 cum
2808 5445 3062 5498 venisset
3093 5442 3190 5498 ille
3212 5443 3401 5515 gratia
3422 5441 3713 5515 spirituali

2128 5666 2146 5699 ί
2177 5660 2261 5711 Sic
2290 5659 2405 5708 Am.
2463 5662 2516 5708 et
2572 5656 2697 5707 Mss.

2764 5659 2831 5709 At
2888 5658 2973 5708 Er.
3022 5662 3076 5709 et
3113 5660 3261 5722 Lov.,
3291 5661 3382 5709 aut
3412 5656 3708 5720 liberrime;

2065 5725 2264 5777 omissa
2293 5735 2445 5781 voce,
2473 5720 2684 5770 tonitru.
