4052 6178
412 336 524 397 291

415 473 628 524 unctus
650 472 799 521 Deus
822 484 935 538 pra:
961 466 1339 537 participibus
1364 466 1508 531 suis,
1531 464 1630 520 ille
1652 470 1890 520 sanctus
1916 480 2050 518 san-

413 560 635 613 ctorum
690 555 849 627 (Dan.
884 573 959 623 ix,
1010 556 1101 625 24,
1132 563 1184 610 et
1212 554 1363 610 Psal.
1412 572 1559 621 xmv,
1590 554 1667 625 8),
1700 554 1849 608 idem
1883 569 2053 608 verus

412 662 508 700 rex
539 644 896 699 consulendo
922 643 1111 712 nobis,
1136 649 1192 698 et
1214 643 1370 699 idem
1397 660 1565 699 verus
1587 642 1855 698 sacerdos
1879 658 1940 697 se
1962 642 2049 712 ip-

412 751 542 790 sum
575 734 866 789 offerendo
900 749 1000 804 pro
1032 732 1221 787 nobis.
1246 733 1632 797 Quamobrem
1660 738 1943 803 quantum
1969 730 2054 783 di-

411 828 529 878 stat
557 824 627 878 de
657 821 869 877 Christi
902 823 1150 877 adventu
1188 823 1338 877 inter
1370 821 1833 893 praedicationem
1870 823 2049 889 Ange-

407 912 600 968 lorum
631 917 687 967 et
720 911 1144 967 confessionem
1178 910 1623 977 daemoniorum,
1648 915 1877 965 tantum
1904 909 2053 962 inter

408 1001 815 1057 auctoritatem
848 1000 1263 1071 Prophetarum
1296 1004 1353 1055 et
1382 999 1781 1055 curiositatem
1814 996 2047 1052 sacrile-

406 1106 634 1162 gerum.

476 1177 705 1235 CAPUT
726 1178 865 1234 XVI.
896 1210 961 1217 —
986 1178 1085 1234 His
1112 1184 1168 1233 et
1192 1178 1430 1245 talibus,
1465 1196 1589 1248 quae
1617 1194 1771 1231 nunc
1804 1176 2052 1231 breviter

400 1267 721 1338 tangimus,
746 1271 886 1322 tunc
910 1267 1055 1322 forte
1085 1283 1189 1338 pro
1221 1266 1563 1321 necessitate
1593 1264 1917 1336 depellendi
1950 1279 2047 1317 ve-

402 1356 621 1411 ternosi
644 1357 858 1411 erroris
882 1355 1182 1427 aliquanto
1205 1355 1380 1410 latius
1406 1354 1742 1426 disputatis,
1768 1359 1821 1409 et
1845 1352 2048 1407 robore

406 1445 689 1499 uberioris
705 1445 1065 1516 probationis
1081 1445 1344 1509 assertis,
1369 1444 1465 1498 ille
1487 1443 1720 1515 gentilis
1746 1458 1916 1513 quem
1944 1457 2046 1495 no-

407 1535 497 1589 bis
516 1534 986 1589 catechizandum
1010 1535 1259 1589 Fausws
1279 1535 1601 1605 proposuit,
1618 1532 1663 1587 si
1689 1530 1933 1587 salutem
1955 1547 2047 1584 su-

409 1640 501 1677 am
527 1623 777 1694 peccatis
800 1624 921 1678 suis
946 1627 1324 1694 praeponeret,
1348 1623 1599 1692 profecto
1626 1626 1953 1676 moveretur
1974 1620 2045 1674 ad

404 1712 578 1766 ﬁdem
604 1729 616 1766 :
642 1728 755 1780 qua
778 1712 1040 1766 imbutus
1062 1717 1119 1766 et
1141 1711 1197 1765 in
1226 1711 1488 1766 Ecclesia
1510 1710 1801 1765 catholicae
1826 1709 2046 1778 gremio

403 1800 687 1855 fovendus
712 1799 1049 1865 collocatus,
1074 1804 1497 1871 consequenter
1512 1800 1687 1854 etiam
1715 1803 2047 1853 moneretur

401 1904 548 1959 quos
572 1905 762 1944 mores
787 1894 979 1944 tenere
998 1889 1251 1944 deberet.
1271 1888 1469 1959 Neque
1494 1889 1931 1958 perturbaretur
1951 1903 2045 1941 eo-

396 1994 526 2032 rum
555 1976 949 2047 multitudine,
976 1976 1033 2031 in
1053 1978 1270 2048 quibus
1286 1994 1353 2032 ea
1374 1993 1485 2032 non
1506 1977 1787 2031 inveniret
1805 1993 1930 2048 quae
1948 1976 2044 2031 ob-

399 2066 975 2136 servarejuberetur:
997 2066 1263 2137 quamvis
1281 2082 1412 2121 cum
1434 2082 1498 2121 eo
1518 2065 2044 2137 corporalitercon-

404 2160 785 2228 gregarentur
807 2156 864 2209 in
887 2155 1217 2215 Ecclesiam,
1244 2160 1299 2210 et
1316 2157 1516 2210 eadem
1537 2157 1908 2210 Sacramenta
1923 2171 2045 2226 per-

401 2243 679 2315 ciperent.
714 2242 898 2298 Sciret
927 2260 1054 2298 cum
1092 2244 1292 2315 paucis
1324 2244 1715 2298 haereditatem
1752 2244 1873 2307 Dei,
1907 2259 2042 2299 cum

407 2332 611 2388 multis
625 2337 817 2387 autem
834 2333 1133 2402 signacula
1148 2333 1275 2403 ejus
1294 2332 1858 2404 participandazcum
1876 2332 2040 2404 pauci

402 2422 838 2476 communicare
860 2422 1234 2476 sanctitatem
1257 2423 1407 2491 vitae,
1430 2427 1486 2476 et
1502 2422 1720 2476 donum
1742 2421 2042 2476 charilatis

399 2510 621 2564 diffusae
638 2509 698 2563 in
719 2509 993 2564 cordibus
1013 2512 1226 2565 nostris
1245 2528 1346 2582 per
1363 2510 1643 2581 Spiritum
1665 2510 2039 2580 sanctumqui

399 2598 572 2653 datus
589 2603 677 2652 est
694 2598 862 2653 nobis
885 2600 1058 2669 (Rom.
1084 2615 1140 2666 ν,
1160 2599 1237 2669 5),
1263 2599 1333 2653 ad
1360 2615 1537 2670 quem
1563 2598 1778 2653 fontem
1803 2599 2040 2654 interio-

398 2703 519 2741 rem
537 2686 734 2742 nullus
747 2686 972 2742 alienus
987 2688 1237 2754 accedit;
1256 2704 1389 2742 cum
1404 2687 1604 2743 multis
1619 2694 1812 2743 autem
1831 2688 2043 2743 sancti-

399 2780 576 2830 tatem
600 2774 983 2838 Sacramenti,
1010 2776 1164 2847 quod
1188 2776 1288 2847 qui
1312 2779 1622 2831 manducet
1642 2782 1695 2832 et
1720 2777 1866 2831 bibit
1889 2777 2038 2832 indi-

401 2863 841 2935 gne,judicium
875 2864 987 2920 sibi
1021 2866 1335 2920 manducet
1364 2871 1420 2920 et
1442 2865 1586 2921 bibit
1607 2866 1650 2936 (Ι
1677 2866 1796 2922 Cor.
1824 2884 1901 2933 ιιι,
1926 2866 2038 2937 20).

402 2953 501 3024 qui
525 2958 719 3008 autem
748 2954 1098 3008 manducare
1121 2955 1459 3023 contemnit,
1495 2971 1607 3010 non
1640 2954 1875 3010 habebit
1899 2955 1957 3009 in
1980 2973 2042 3012 se

399 3042 576 3095 vitam
607 3044 791 3108 (Joan.
825 3058 903 3108 v1,
934 3042 1047 3109 54),
1081 3046 1139 3095 et
1162 3041 1289 3096 ideo
1313 3058 1424 3096 non
1451 3043 1747 3114 perveniet
1767 3046 1835 3098 ad
1861 3044 2039 3100 vitam

393 3134 695 3185 aeternam.
726 3130 1086 3201 Eosdemque
1104 3147 1340 3201 paucos,
1360 3131 1418 3184 in
1438 3133 1869 3203 comparatione
1889 3134 2037 3188 mul-

394 3217 672 3273 titudinis
706 3217 1014 3286 malorum,
1051 3235 1265 3289 paucos
1295 3219 1407 3273 dici
1434 3238 1446 3286 ;
1480 3237 1609 3275 esse
1639 3227 1833 3277 autem
1859 3239 1961 3294 per
1980 3238 2041 3278 se

396 3307 559 3378 ipsos
588 3306 986 3361 consideratos
1009 3307 1068 3361 in
1102 3324 1312 3379 magno
1346 3326 1615 3375 numero,
1647 3310 1889 3367 diﬂ‘usos
1922 3316 2040 3367 toto

402 3396 541 3450 orbe
596 3399 904 3459 terrarum,
964 3404 1288 3451 crescentes
1335 3394 1488 3452 inter
1532 3398 1772 3465 zizania,
1824 3404 2042 3455 etcum

407 3483 572 3556 palea
591 3500 779 3554 usque
801 3484 871 3538 ad
912 3483 1065 3539 diem
1107 3486 1316 3540 messis
1338 3491 1395 3541 et
1424 3486 1814 3543 ventilationis
1837 3489 2043 3559 (Matth.

404 3590 528 3644 xm,
559 3574 649 3639 25,
690 3574 781 3637 26,
812 3580 862 3627 et
915 3589 995 3642 ιιι,
1051 3574 1157 3644 12).
1209 3576 1322 3630 Ηοο
1373 3575 1431 3629 in
1482 3575 1790 3648 Evangelio
1820 3578 2044 3634 dictum

407 3666 516 3733 est,
551 3661 659 3717 hoc
690 3680 723 3717 a
781 3661 1081 3733 Prophetis
1139 3668 1271 3719 ante
1321 3664 1678 3736 prmdictum.
1711 3671 1859 3722 Ante
1890 3668 2044 3723 enim

414 3751 753 3822 praedictum
785 3755 892 3817 est,
927 3750 1077 3806 Sicut
1101 3752 1287 3807 lilium
1320 3755 1378 3808 in
1410 3754 1589 3809 medio
1619 3756 1931 3826 spinarum,
1962 3758 2048 3811 ita

396 3842 660 3911 proxima
688 3856 810 3894 mea
862 3843 921 3894 in
967 3840 1143 3895 medio
1193 3841 1442 3911 ﬁliarum
1488 3843 1671 3913 (Cant.
1708 3863 1767 3910 ιι,
1797 3847 1873 3917 2).
1910 3849 2047 3901 Ante

402 3930 745 4000 pradictum
766 3932 873 3994 est,
897 3929 1205 3984 lnhabitavi
1221 3932 1283 3984 in
1303 3931 1676 3987 tabernaculis
1697 3933 1870 3989 Cedar
1886 3950 1905 3996 ;
1920 3951 2044 3989 cum

402 4016 488 4072 his
519 4018 618 4087 qui
646 4017 884 4071 oderant
911 4033 1119 4086 pacem,
1150 4034 1303 4073 eram
1326 4021 1588 4090 paciﬁcus
1617 4022 1791 4091 (Psal.
1815 4040 1965 4091 cx1x,
1987 4025 2043 4087 5,

401 4107 479 4177 7).
512 4106 659 4160 Ante
690 4105 1029 4176 praedictum
1062 4112 1170 4172 est,
1199 4109 1376 4176 Signa
1406 4110 1461 4162 in
1494 4111 1675 4177 fronte
1696 4115 1814 4166 eost
1841 4114 2044 4183 quige-

399 4197 555 4249 munt
575 4199 629 4250 et
651 4203 874 4250 maerent
893 4195 955 4250 ob
980 4196 1306 4267 iniquitates
1327 4198 1515 4269 populi
1532 4201 1662 4264 mei,
1681 4217 1796 4271 qum
1815 4202 1956 4271 ﬁunt
1987 4202 2045 4256 in

407 4283 579 4339 medio
599 4300 788 4340 eorum
809 4284 1031 4355 (Ezech.
1059 4303 1132 4351 Ix,
1162 4286 1232 4357 1).
1256 4286 1456 4357 Itaque
1474 4287 1584 4343 iste
1601 4289 1854 4361 gentilis,
1870 4306 2044 4362 quem

400 4371 503 4426 tali
538 4372 791 4444 alloquio
822 4375 1335 4446 tirmaremus,jam
1354 4376 1542 4433 factus
1555 4378 1695 4433 civis
1709 4384 2045 4435 sanctorum

401 4465 460 4515 et
481 4462 839 4517 domesticus
864 4462 980 4530 Dei,
1006 4464 1251 4534 necjam
1283 4464 1505 4521 alienus
1528 4467 1599 4522 ab
1624 4467 1797 4523 Israel
1819 4468 2044 4540 (Ephes.

406 4567 468 4616 ιι,
498 4551 583 4619 19,
620 4551 721 4621 ;2),
744 4551 843 4605 sed
870 4568 1038 4607 verus
1069 4552 1348 4621 Israelita,
1381 4554 1439 4609 in
1472 4572 1586 4627 quo
1617 4556 1785 4612 dolus
1818 4574 1933 4613 non
1956 4574 2045 4614 es-

402 4643 495 4694 set
515 4639 692 4707 (Joan.
720 4656 761 4705 ι,
785 4640 896 4711 l{7),
948 4640 1195 4696 disceret
1224 4641 1397 4697 etiam
1434 4644 1547 4699 ista
1575 4646 1748 4701 verba
1779 4662 1841 4701 ex
1879 4648 2048 4702 corde

409 4726 664 4800 simplici
679 4727 888 4795 dicere,
908 4746 1035 4800 quae
1049 4733 1262 4803 subseq
1275 4738 1478 4788 uenter
1490 4734 1904 4791 contexitidem
1924 4736 2048 4808 ipse

404 4817 688 4872 Jeremias
713 4834 726 4871 :
756 4818 1040 4873 Patientia
1068 4820 1262 4889 Israel,
1299 4825 1535 4878 Domine
1555 4839 1575 4884 ;
1608 4828 1854 4879 universi
1882 4828 1976 4897 qui
1995 4830 2051 4881 te

410 4906 817 4976 derelinquunt,
843 4915 1175 4962 terreantur.
1200 4911 1341 4965 Cum
1366 4911 1519 4966 enim
1540 4913 1611 4967 de
1631 4914 1855 4982 perdice
1872 4915 2049 4970 dixis-

405 5002 514 5068 set,
533 4996 655 5067 qui’
668 4995 882 5052 clamat
905 4999 962 5050 et
980 5002 1294 5069 congregat
1311 5016 1439 5071 quae
1471 5016 1584 5055 non
1620 5004 1858 5073 peperit,
1884 5021 2047 5060 com-

405 5085 702 5141 mendavit
731 5084 1130 5141 excellentiam
1161 5087 1416 5143 civitatis
1433 5096 1880 5161 supermontem
1897 5096 2051 5165 posi-

403 5179 471 5230 ιω
494 5192 621 5245 qua:
654 5173 933 5230 abscondi
968 5191 1081 5230 non
1097 5180 1304 5247 potest,
1324 5178 1472 5233 utab
1492 5178 1745 5235 Ecclesia
1764 5181 2050 5239 catholica

399 5261 702 5319 hominem
721 5264 975 5320 haeretici
995 5281 1108 5320 non
1129 5268 1842 5339 separent’,dicens,Sedes
1866 5277 2046 5329 autem

430 5507 440 5516 .
467 5448 482 5480 ¹
522 5447 858 5518 [fovs‘SigAn‘a
893 5452 1030 5501 T/zau
1060 5454 1110 5501 in
1139 5456 1312 5515 fronte
1340 5470 1440 5504 eos.
1478 5457 1655 5514 Abest,
1692 5457 1827 5505 T/iau
1851 5459 1917 5508 ab
1940 5460 2049 5510 edi-

407 5508 472 5556 tis
502 5508 616 5555 aliis
646 5514 697 5557 et
726 5508 905 5561 a'Mss.
940 5508 1147 5563 necnon
1175 5531 1203 5565 a
1232 5532 1403 5581 graaco
1435 5519 1578 5568 LXX.

471 5571 490 5603 ³
523 5571 629 5627 Er.,
661 5586 784 5627 quae.
832 5574 896 5623 M.

465 5633 486 5667 ⁸
519 5636 633 5708 Am.
664 5633 769 5705 Eia,
800 5634 1052 5708 hominem
1084 5639 1369 5689 hereticum
1417 5658 1519 5692 non
1556 5648 1836 5708 separaret.
1865 5646 2048 5698 Plures

403 5696 547 5755 Msa,
579 5696 833 5746 hominem
868 5698 1156 5750 hareticum
1199 5708 1483 5768 separaret.

1174 336 1483 394 CONTRA
1527 329 1903 394 FAUSTUM
1948 328 2473 402 MANICH/EUM,
2520 330 2583 390 S.
2630 327 3057 390 AL'GUSTINI

3682 342 3789 399 292

2182 463 2383 531 gloria?
2401 463 2649 518 exaltata
2669 466 2763 531 est,
2785 462 3149 530 sanctiﬁcatio
3172 465 3376 518 nostra.
3412 465 3618 521 Deinde
3637 472 3791 539 quasi

2178 550 2469 606 veniretin
2497 556 2771 607 mentem.
2800 550 2944 613 Quid
2970 566 3108 620 ergo
3131 549 3377 605 facimus
3394 552 3461 607 de
3477 558 3589 608 tam
3606 558 3793 614 multis

2175 639 2406 711 malis,q
2417 640 2472 695 ui
2486 644 2646 695 tanto
2658 639 2914 710 amplius
2928 639 3145 710 ubique
3159 639 3791 714 permixtisunt,quanto

2173 728 2546 785 excellentior
2560 734 2648 784 est
2663 727 2871 783 Christi
2892 728 3075 800 gloria
3091 728 3147 782 in
3166 727 3387 785 unitate
3399 731 3651 786 omnium
3669 751 3792 804 gen-

2171 818 2316 872 tium
2341 818 2368 872 ‘I
2390 818 2639 887 subjecit
2661 817 2882 887 statim,
2906 818 3190 872 Patientia
3211 817 3403 881 Israel,
3428 819 3664 875 Domine.
3699 827 3784 877 Pa-

2176 904 2387 960 tienter
2406 906 2559 961 enim
2606 904 2906 959 ferendum
2941 908 3027 958 est
3058 904 3211 974 quod
3247 904 3345 969 ait,
3377 904 3549 960 Sinite
3576 911 3792 979 utraque

2169 1010 2407 1050 crescere
2429 1009 2597 1065 usque
2615 994 2690 1048 ad
2710 1009 2935 1049 messem
2956 993 3168 1060 (Matth.
3198 1009 3320 1057 χιιι,
3345 994 3434 1063 30)
3462 1012 3474 1048 :
3502 1011 3603 1050 nec
3626 995 3695 1049 im
3704 1014 3791 1064 pa-

2173 1083 2378 1139 tientia
2402 1082 2683 1138 tolerandi
2707 1083 2914 1149 malos,
2938 1081 3349 1153 relinquantur
3372 1082 3524 1153 boni,
3550 1084 3646 1155 qui
3670 1102 3789 1156 pro-

2170 1171 2291 1242 prie
2308 1176 2448 1227 sunt
2467 1187 2679 1243 corpus
2696 1170 2909 1225 Christi
2929 1188 2940 1236 ;
2957 1175 3015 1225 et
3032 1171 3161 1226 ideo
3180 1187 3313 1226 cum
3333 1170 3443 1242 ipsi
3464 1172 3788 1243 relinquun-

2170 1267 2285 1330 tur,
2318 1260 2413 1316 ille
2445 1260 2813 1331 relinquitur.
2850 1259 3009 1315 Unde
3060 1260 3313 1331 subjecit
3350 1266 3525 1331 atque
3555 1262 3788 1329 addidit,

2172 1350 2425 1406 Universi
2434 1350 2529 1420 qui
2539 1353 2590 1403 te
2609 1348 3019 1419 derelinquunt,
3039 1352 3351 1403 terreantur
3363 1365 3381 1402 :
3399 1348 3794 1419 confundantur

2167 1442 2265 1511 qui
2288 1442 2629 1494 recesserunt
2650 1440 2707 1492 in
2730 1440 2961 1492 terram.
2985 1440 3158 1492 Terra
3178 1442 3267 1491 est
3286 1435 3437 1491 enim
3463 1436 3632 1492 homo
3654 1437 3721 1491 de
3737 1453 3792 1492 se

2168 1544 2549 1599 praesumens,
2574 1534 2747 1597 atque
2771 1525 2913 1581 alios
2936 1526 3081 1581 utde
3098 1525 3224 1598 ipso
3240 1525 3795 1597 praesumaturindu-

2170 1634 2304 1672 cens
2324 1620 2399 1670 :et
2416 1616 2542 1671 ideo
2561 1615 2844 1686 sequitur,
2859 1616 3204 1681 Evertentur,
3219 1616 3487 1685 quoniam
3506 1614 3794 1685 derelique-

2168 1710 2297 1761 runt
2326 1709 2532 1775 fontem
2563 1708 2690 1761 vitae
2719 1705 3034 1759 Dominum.
3064 1704 3212 1765 Quid
3235 1704 3393 1759 enim
3418 1702 3573 1758 aliud
3596 1703 3795 1758 clamat

2170 1795 2387 1865 perdix,
2415 1794 2524 1848 nisi
2545 1794 2699 1864 apud
2725 1810 2787 1848 se
2807 1809 2933 1847 esse
2955 1801 3009 1847 et
3030 1810 3061 1846 a
3084 1810 3143 1845 se
3166 1792 3289 1846 dari
3315 1793 3533 1845 fontem
3558 1792 3701 1857 vitaz,
3728 1792 3792 1846 ad

2167 1899 2339 1954 quem
2363 1881 2693 1953 congregati
2719 1881 2989 1935 recedant
3008 1897 3040 1935 a
3057 1881 3304 1947 Christo,
3322 1881 3536 1936 Christi
3557 1881 3795 1951 promis-

2166 1972 2328 2026 sione
2348 1972 2595 2042 decepti,
2613 1972 2781 2040 cujus
2802 1969 3167 2039 nominejam
3190 1970 3544 2025 tenebantur
3564 1968 3796 2024 imbuti?

2165 2060 2290 2115 Non
2314 2062 2468 2115 enim
2494 2076 2640 2129 quos
2665 2058 2906 2129 peperit,
2930 2062 3277 2129 congregat:
3299 2060 3403 2113 sed
3424 2065 3488 2112 ut
3506 2062 3798 2130 congregat

2166 2166 2312 2220 quos
2337 2166 2445 2203 non
2465 2149 2705 2220 peperit,
2727 2147 2888 2214 dicit,
2910 2147 3083 2203 Salus
3100 2164 3277 2219 quam
3302 2147 3571 2202 Christus
3594 2146 3795 2218 promi-

2166 2239 2259 2303 sit,
2285 2238 2439 2309 apud
2463 2253 2555 2291 me
2578 2243 2666 2290 est
2692 2254 2705 2304 ;
2730 2252 2834 2309 ego
2858 2236 3032 2292 dabo.
3062 2237 3171 2290 Sed
3195 2236 3323 2291 vide
3345 2237 3487 2307 quid
3510 2237 3614 2291 iste
3631 2236 3793 2303 dicat,

2164 2327 2309 2382 Sana
2332 2343 2435 2391 me,
2461 2327 2703 2395 Domine,
2727 2330 2777 2380 et
2797 2325 3069 2387 sanabor;
3089 2326 3303 2380 salvum
3318 2342 3407 2381 me
3422 2328 3532 2393 fac,
3558 2328 3607 2381 et
3624 2326 3797 2380 salvus

2162 2432 2271 2471 ero.
2297 2415 2460 2471 Unde
2482 2414 2793 2486 Apostolus
2816 2415 2973 2479 dicit,
3001 2416 3164 2470 Nemo
3193 2416 3468 2483 glorietur
3497 2417 3557 2470 in
3594 2414 3798 2469 homine

2164 2508 2207 2577 (Ι
2242 2507 2366 2561 Cor.
2404 2522 2487 2569 ιιι,
2520 2506 2611 2571 21)
2632 2523 2650 2559 .·
2683 2511 2739 2559 et
2770 2505 2879 2558 iste
2902 2504 3226 2574 subjungit,
3248 2506 3532 2573 Quoniam
3552 2502 3797 2574 gloriatio

2162 2604 2361 2650 meatu
2390 2611 2443 2649 es
2472 2596 2689 2665 (Jerem.
2722 2610 2858 2660 xvu,
2894 2594 2983 2656 13,
3020 2594 3130 2659 14).
3174 2592 3291 2647 Illis
3326 2593 3519 2647 modis
3553 2609 3654 2647 nos
3686 2592 3797 2646 ins-

2163 2684 2417 2739 truimus
2449 2682 2745 2737 hominem
2772 2698 2840 2736 ex
2859 2681 3179 2751 apostolica
3201 2681 3649 2752 propheticaque
3671 2681 3795 2736 doc-

2163 2771 2336 2841 trina,
2362 2777 2423 2827 ut
2445 2770 2761 2825 aediﬁcetur
2782 2786 2960 2840 super
2982 2769 3367 2825 fundamenta
3391 2770 3793 2842 Apostolorum

2161 2868 2219 2917 et
2252 2861 2669 2933 Prophetarum
2704 2859 2921 2931 (Ephcs.
2957 2877 3017 2924 ιι,
3048 2860 3161 2929 20,.

2231 3040 2461 3095 CAPUT
2486 3038 2653 3092 XVII.
2681 3067 2747 3079 —-
2771 3038 3019 3092 Faustus
3041 3047 3233 3092 autem
3254 3040 3548 3108 quomodo
3567 3053 3793 3109 persua-

2161 3130 2319 3184 deret
2340 3127 2699 3181 divinitatem
2725 3125 2961 3190 Christi,
2987 3125 3205 3180 homini
3225 3127 3453 3197 gentili,
3476 3143 3645 3199 quem
3666 3142 3792 3180 con-

2162 3217 2353 3273 stituit
2366 3216 2678 3279 dicentem,
2697 3214 2810 3269 Nec
2825 3214 3312 3284 Prophetiscredo
3325 3216 3399 3270 de
3424 3215 3681 3279 Christo;
3699 3229 3793 3268 nec

2162 3306 2391 3361 Christo
2413 3306 2483 3359 de
2505 3304 2845 3375 Prophetis?
2860 3305 2943 3357 An
2963 3303 3191 3358 Christo
3213 3305 3480 3360 crederet
3501 3306 3572 3359 de
3593 3320 3653 3359 se
3676 3304 3793 3373 ipso

2165 3395 2398 3465 dicenti,
2424 3394 2514 3447 cui
2549 3410 2661 3447 non
2693 3392 2952 3448 crederet
2982 3392 3051 3447 de
3084 3392 3215 3447 aliis
3246 3394 3585 3449 testiﬁcanti
3608 3396 3633 3447 γ
3662 3391 3798 3447 Vere

2166 3482 2478 3537 ridiculum
2501 3487 2588 3537 est
2610 3481 2716 3536 hoc
2741 3486 2961 3552 putare.
2983 3483 3163 3545 Quem
3186 3481 3364 3537 semel
3384 3484 3544 3537 enim
3565 3482 3796 3553 dignum

2166 3572 2278 3627 ﬁde
2303 3588 2417 3626 non
2449 3571 2707 3635 duceret,
2741 3575 2839 3624 aut
2868 3570 3106 3625 omnino
3138 3570 3282 3624 nihil
3315 3572 3365 3625 ei
3402 3572 3681 3632 crederet,
3712 3574 3805 3624 aut

2168 3660 2359 3731 potius
2386 3676 2486 3730 pro
2507 3657 2635 3713 aliis
2654 3675 2827 3729 quam
2844 3676 2944 3729 pro
2961 3675 3020 3713 se
3035 3659 3160 3730 ipso
3179 3659 3519 3715 testiﬁcanti
3534 3660 3805 3715 crederet.

2166 3750 2268 3804 I-Iic
2293 3750 2434 3803 forte
2464 3748 2713 3802 Faustus
2737 3746 2962 3811 irrisus,
2987 3746 3237 3818 Sibyllae
3258 3748 3487 3804 homini
3508 3748 3810 3820 legeret,et

2167 3837 2486 3909 Orpheum.
2511 3841 2569 3891 et
2590 3842 2822 3891 caeteros
2848 3836 3210 3906 hujusmodi,
3229 3837 3275 3891 si
3297 3854 3452 3908 quos
3470 3837 3614 3894 alios
3632 3834 3814 3891 Genti-

2168 3926 2314 3981 lium
2337 3926 2617 3997 reperiret
2636 3925 2706 3979 de
2726 3923 2950 3979 Christo
2972 3924 3190 3996 aliquid
3219 3924 3688 3996 praenuntiasse?
3710 3922 3811 3979 Sed

2168 4032 2282 4070 non
2315 4016 2562 4069 faceret:
2597 4031 2695 4069 eos
2729 4014 2945 4085 quippe
2976 4014 3087 4069 sibi
3120 4015 3456 4086 incognitos
3487 4018 3677 4070 fassus
3707 4016 3807 4077 est,

2168 4104 2386 4169 dicens,
2420 4103 2566 4157 Sane
2592 4103 2646 4157 si
2673 4110 2800 4156 sunt
2829 4102 3050 4172 aliqua,
3083 4112 3144 4157 ut
3171 4105 3327 4174 fama
3357 4109 3463 4173 est,
3497 4104 3725 4175 Sibyllae
3751 4100 3812 4155 de

2169 4194 2380 4247 Christo
2390 4193 2689 4263 praesagia,
2713 4192 3116 4259 autHermetis,
3134 4208 3294 4263 quem
3317 4195 3516 4249 dicunt
3540 4190 3808 4258 Trismegi-

2166 4290 2326 4350 stum,
2352 4290 2445 4335 aut
2468 4280 2673 4351 Orphei
2694 4280 3034 4351 aliorumque
3056 4283 3115 4336 in
3135 4280 3449 4337 Gentilitate
3470 4293 3675 4337 vatum.
3704 4279 3807 4334 llo-

2174 4386 2303 4426 rum
2328 4386 2466 4443 ergo
2490 4369 2599 4424 iste
2632 4367 2858 4424 litteras
2892 4369 3179 4437 nesciens,
3213 4372 3693 4443 quandoquidem
3719 4383 3812 4439 per

2169 4460 2386 4515 famam
2416 4463 2580 4529 putat
2599 4472 2723 4513 esse
2745 4456 2975 4529 aliquos
2997 4458 3163 4523 tales,
3188 4475 3301 4513 non
3326 4476 3424 4515 eas
3446 4462 3650 4532 utique
3668 4458 3812 4530 lege-

2170 4553 2257 4604 ret
2287 4547 2368 4602 illi
2417 4548 2656 4613 dicenti,
2706 4546 2820 4601 Nec
2870 4546 3169 4617 Prophetis
3202 4548 3398 4613 credo,
3432 4565 3538 4603 nec
3568 4548 3807 4603 Christo.

2167 4638 2313 4701 Quid
2339 4637 2515 4709 igitur
2543 4636 2796 4691 faceret?
2816 4637 2900 4689 An
2925 4636 3208 4706 proferret
3238 4636 3650 4700 Manichamm,
3673 4640 3728 4691 et
3750 4650 3813 4689 ex

2168 4727 2266 4782 illo
2280 4725 2722 4781 commendaret
2734 4723 3064 4779 Christum?
3083 4724 3396 4795 Nunquam
3414 4726 3523 4782 hoc
3540 4727 3812 4781 fecerunt:

2170 4817 2271 4871 sed
2296 4815 2489 4886 potius
2511 4814 2581 4868 de
2607 4812 2856 4883 Christo,
2882 4815 3051 4881 cujus
3076 4814 3192 4883 iam
3218 4831 3428 4870 nomen
3451 4816 3670 4885 ubique
3689 4809 3812 4866 dul-

2170 4906 2314 4960 citer
2342 4902 2568 4957 clarum
2599 4906 2709 4968 est,
2738 4901 3121 4957 Manichaeum
3152 4918 3383 4974 semper
3406 4901 3811 4958 commendare

2171 4993 2361 5049 conati
2384 4996 2543 5061 sunt,
2568 4996 2632 5045 ut
2655 4991 2763 5046 hoc
2789 4990 2959 5046 melle
2983 4991 3205 5047 scilicet
3224 4994 3493 5048 venenati
3515 4993 3605 5049 sui
3628 4987 3812 5064 poculi

2171 5084 2329 5138 labra
2362 5085 2771 5153 perungerent.
2806 5082 2949 5137 Cum
2983 5080 3138 5137 enim
3185 5082 3452 5137 Christus
3484 5078 3813 5154 promiserit

2171 5172 2316 5239 suis,
2344 5170 2665 5224 missurum
2690 5184 2750 5223 se
2774 5170 3158 5235 Paracletum,
3179 5171 3236 5225 id
3255 5176 3363 5231 est.
3388 5171 3808 5226 consolatorem

2169 5261 2255 5317 vel
2291 5261 2660 5324 advocatum,
2692 5258 2974 5330 Spiritum
3025 5260 3280 5315 veritatis
3319 5262 3501 5328 (Joan.
3535 5277 3649 5325 xw,
3686 5259 3805 5326 t6);

2173 5367 2273 5423 per
2294 5350 2444 5403 hanc
2459 5348 2865 5419 promissionis
2881 5351 3270 5418 occasionem,
3286 5350 3360 5404 hu
3373 5367 3443 5405 nc
3457 5349 3811 5404 Paracletum

2170 5440 2428 5495 dicentes
2459 5454 2583 5493 esse
2616 5438 3021 5506 Manichaaum,
3045 5439 3131 5493 vel
3156 5439 3211 5493 in
3239 5440 3577 5503 Manichaee,
3604 5436 3807 5491 subre—

2174 5531 2320 5600 punt
2351 5528 2408 5582 in
2439 5526 2746 5582 hominum
2784 5532 3006 5583 mentes
3036 5528 3373 5599 ignorantes
3404 5528 3499 5583 ille
3532 5543 3564 5580 a
3585 5523 3808 5579 Christo

2172 5616 2499 5690 promissus
2516 5617 2749 5687 quando
2765 5616 2841 5671 sit
2854 5615 3089 5672 missus.
3107 5618 3212 5683 Qui
3227 5622 3423 5673 autem
3436 5616 3702 5688 legerunt
3716 5625 3809 5668 ca-

2171 5706 2446 5765 nonicum
2465 5704 2703 5777 librum,
2720 5704 2819 5777 qui
2832 5706 3012 5762 Actus
3024 5700 3806 5780 Apostoloruminscribitur,
