4052 6184
253 332 366 393 301

250 463 582 520 adoraverit
604 479 670 519 ac
685 463 977 519 lunam.5i
997 461 1468 535 ergo,inquit,sub
1481 460 1681 530 gentili
1695 461 1901 532 positas

242 554 569 623 rege,solem
589 569 755 622 cogar
775 553 1084 620 adorare,et
1101 569 1225 608 cum
1246 553 1517 620 restitero,
1549 549 1901 604 maledictum

242 645 342 698 hoc
373 646 644 706 metuens,
677 642 871 712 iubear
899 643 1171 711 cruciﬁgi,
1200 644 1260 696 in
1291 639 1454 698 aliud
1479 641 1596 710 ejus
1614 641 1898 693 incurram

239 731 618 799 maledictum,
640 731 780 802 quod
799 731 1054 786 adversus
1075 747 1200 786 eum
1218 730 1573 800 deprompsit,
1591 729 1688 799 qui
1700 726 1896 797 pendet

237 823 295 876 in
320 820 616 892 ligno.Vos
635 821 872 892 quidem
894 820 1094 874 nullus
1115 836 1212 875 rex
1228 817 1464 891 gentilis
1481 817 1634 889 cogit
1652 817 1893 872 adorare

237 911 616 982 solem.quod
635 926 738 965 nec
758 909 881 981 ipse
898 909 984 965 sol
1003 915 1249 981 cogeret,
1272 907 1390 963 siin
1420 913 1573 962 terra
1606 908 1891 978 regnaret,

236 999 386 1069 quia
406 1014 512 1054 nec
531 1015 690 1053 nunc
707 1015 739 1053 a
756 998 920 1053 vobis
939 997 1048 1054 hoc
1066 996 1189 1052 vult
1207 997 1350 1052 ﬁeri:
1373 996 1472 1052 sed
1493 996 1643 1051 sicut
1663 995 1896 1050 Creator

234 1089 369 1159 ipse
403 1087 614 1158 impios
631 1087 1135 1159 blasphematores
1152 1103 1290 1143 suos
1309 1101 1497 1158 usque
1514 1085 1582 1140 ad
1602 1083 1894 1155 judicium

232 1176 614 1246 sustinet,sic
631 1181 687 1232 et
701 1177 828 1248 ipsa
840 1176 1095 1232 coelestia
1108 1175 1546 1230 tolerantvanos
1561 1175 1895 1229 adoratores

233 1282 388 1321 suos
407 1281 599 1337 usque
614 1266 683 1320 ad
698 1265 989 1336 judicium
1008 1265 1292 1321 Creatoris
1311 1265 1400 1319 sui
1421 1264 1744 1335 (a).Tamen
1769 1276 1894 1316 me-

231 1360 503 1410 mentote
525 1353 923 1410 Christianum
951 1370 1144 1426 regem
1167 1370 1280 1408 non
1308 1369 1478 1424 posse
1496 1368 1700 1423 cogere
1723 1355 1786 1405 ut
1806 1348 1892 1404 sol

227 1444 298 1498 ad
308 1443 624 1499 oretur.De
638 1444 838 1515 gentili
853 1445 1008 1499 enim
1025 1459 1157 1515 rege
1169 1441 1619 1514 exemplumFau
1629 1445 1755 1496 stus
1771 1456 1895 1510 pro-

231 1533 657 1600 posuit,sciens
680 1533 934 1604 profecto
958 1533 1028 1587 ad
1048 1531 1303 1588 Gentiles
1322 1532 1611 1604 pertinere
1630 1530 1783 1600 quod
1808 1529 1892 1584 fa-

230 1622 401 1688 citis,
426 1638 559 1677 cum
584 1621 764 1678 solem
798 1622 1204 1678 adoratis.Non
1225 1626 1470 1693 estergo
1493 1621 1600 1676 hoc
1621 1618 1890 1676 christia-

233 1729 391 1766 num
419 1713 540 1766 :sed
567 1711 922 1781 ubiquejam
949 1711 1146 1782 perdix
1172 1728 1380 1766 nomen
1405 1710 1619 1765 Christi
1640 1708 1893 1781 ponit,ut

237 1805 563 1871 congregat
582 1817 706 1871 qua:
728 1818 839 1855 non
861 1798 1785 1872 peperit(Jerem.xvu,ii).Videte
1806 1803 1890 1852 ta-

232 1906 385 1944 men
406 1905 580 1960 quam
608 1889 772 1944 facile
792 1890 1141 1961 respondeat
1155 1891 1454 1955 veritas,et
1471 1906 1611 1944 sana
1628 1888 1892 1943 doctrina

233 1994 429 2049 quam
448 1977 611 2033 facile
629 1978 962 2050 disrumpat
988 1978 1142 2034 hunc
1159 1983 1363 2034 vestrae
1380 1978 1720 2049 quaestionis
1757 1982 1890 2031 tan-

227 2083 424 2137 quam
467 2065 858 2122 inevitabilem
885 2073 942 2122 et
967 2066 1270 2138 bicipitem
1303 2067 1600 2138 laqueum.
1637 2067 1776 2120 Ecce
1810 2065 1890 2120 fa-

228 2157 474 2210 ciamus
506 2154 760 2227 aliquem
792 2162 1083 2210 armatum
1120 2157 1279 2227 regia
1324 2161 1608 2228 potestate
1649 2154 1890 2210 commi-

227 2244 371 2300 nari
396 2245 616 2299 homini
635 2245 976 2314 christiano,
1000 2250 1066 2300 ut
1082 2245 1131 2300 si
1153 2245 1331 2300 solem
1352 2246 1591 2300 adorare
1613 2244 1885 2313 noluerit,

225 2334 642 2404 suspendatur
671 2334 730 2388 in
763 2333 940 2406 ligno.
967 2333 1027 2388 Si
1049 2333 1431 2402 declinavere,
1456 2335 1674 2405 inquis,
1710 2333 1885 2389 male-

224 2423 493 2492 dictum,
518 2423 668 2494 quod
695 2423 809 2477 Lex
835 2422 1122 2494 prompsit
1145 2422 1204 2478 in
1229 2422 1368 2479 solis
1387 2423 1772 2490 adoratorem,
1805 2422 1888 2478 in-

225 2511 440 2566 cidam
471 2512 529 2565 in
561 2511 702 2566 illud
738 2512 891 2582 quod
926 2512 1127 2567 eadem
1162 2512 1274 2568 Lex
1306 2511 1595 2584 prompsit
1640 2513 1696 2566 in
1750 2529 1884 2567 eum

222 2599 338 2670 qui
383 2601 716 2670 pependerit
747 2600 803 2654 in
837 2599 1017 2671 ligno.
1039 2604 1120 2656 Ita
1135 2617 1269 2657 vero
1286 2601 1615 2656 turbaberis
1636 2617 1648 2655 :
1671 2602 1771 2656 sed
1797 2606 1884 2666 tu,

217 2688 358 2742 imo
396 2704 498 2742 nec
526 2692 607 2757 tu,
633 2688 770 2761 quid
807 2694 864 2744 et
894 2688 1054 2744 nullo
1086 2694 1324 2762 cogente
1357 2690 1564 2745 adoras
1586 2690 1790 2746 solem.
1815 2692 1887 2744 At

219 2792 378 2832 vero
427 2775 789 2832 Christianus
832 2778 1155 2834 aedificatus
1199 2795 1375 2849 super
1429 2779 1883 2833 fundamentum

216 2865 649 2939 Apostolorum
669 2872 725 2920 et
741 2866 1162 2937 Prophetarum
1179 2867 1392 2938 (Ephes.
1416 2885 1476 2933 ιι,
1494 2868 1606 2935 20),
1637 2867 1886 2922 attendit

215 2954 512 3027 singulas
539 2973 764 3022 causas,
799 2961 855 3010 et
883 2955 1116 3028 singula
1147 2956 1488 3012 maledicta:
1525 2957 1677 3012 videt
1703 2973 1883 3012 unum

217 3043 538 3116 pertinere
569 3045 637 3099 ad
671 3061 885 3116 corpus
917 3044 1177 3117 mortale,
1199 3047 1351 3118 quod
1383 3046 1540 3118 ligno
1572 3047 1883 3118 suspendi-

214 3142 382 3200 tur;
418 3131 660 3188 alterum
694 3134 763 3188 ad
796 3134 1081 3204 animum,
1128 3152 1243 3206 quo
1285 3130 1369 3190 sol
1416 3136 1710 3191 adoretur.
1760 3135 1881 3190 Etsi

210 3221 398 3278 enim
433 3237 640 3292 corpus
673 3221 990 3277 inclinatur
1012 3222 1070 3278 in
1089 3224 1404 3294 adorando,
1431 3224 1664 3279 animus
1686 3229 1878 3279 tamen

215 3316 336 3366 aut
373 3309 514 3365 colit
542 3311 690 3381 quod
725 3311 942 3374 adorat,
977 3317 1077 3367 aut
1110 3313 1310 3384 ﬁngit;
1344 3318 1657 3385 utrumque
1688 3317 1881 3368 autem

215 3398 636 3473 perniciosum
667 3405 773 3456 est.
806 3401 1166 3474 QuaprOpter
1195 3403 1470 3473 quoniam
1507 3402 1879 3457 maledictum

215 3491 283 3544 in
325 3492 586 3557 utroque
617 3505 770 3544 more
803 3489 1034 3558 meruit,
1068 3490 1222 3545 sicut
1252 3507 1411 3547 mors
1441 3491 1700 3562 corporis
1731 3491 1790 3545 in
1817 3490 1884 3545 li-

215 3593 352 3650 gno
391 3576 658 3648 pendere,
706 3577 786 3632 ita
832 3595 989 3634 mors
1030 3579 1209 3635 animi
1258 3585 1345 3637 est
1389 3579 1572 3636 solem
1617 3581 1880 3635 adorare.

218 3665 587 3736 Eligendum
617 3671 706 3721 est
738 3666 916 3738 igitur
945 3667 1322 3723 maledictum
1355 3670 1413 3723 in
1445 3669 1702 3740 corporis
1724 3685 1884 3723 mor-

221 3761 308 3821 te,
349 3771 470 3826 quo
506 3754 809 3811 maledicto
841 3763 898 3811 et
929 3756 1122 3828 ipsum
1143 3774 1354 3830 corpus
1375 3758 1430 3813 in
1464 3758 1884 3814 resurrectione

221 3844 622 3900 liberabitur:
658 3846 1031 3900 devitandum
1067 3851 1257 3902 autem
1280 3846 1655 3902 maledictum
1680 3849 1734 3902 in
1755 3846 1884 3901 ani-

223 3951 347 3990 mae
401 3937 610 4000 morte,
657 3949 728 3988 ne
781 3950 914 3989 cum
962 3952 1069 3990 suo
1114 3951 1352 4007 corpore
1395 3936 1453 3991 in
1495 3940 1707 3991 aterno
1753 3935 1884 4007 igne

226 4024 578 4078 damnetur.
611 4022 768 4078 Hanc
799 4023 952 4078 enim
988 4024 1367 4094 questionem
1403 4023 1570 4080 nobis
1602 4025 1884 4080 Dominus

224 4111 437 4178 solvit,
472 4111 702 4166 dicens:
737 4112 915 4166 Nolite
943 4114 1136 4168 timere
1164 4129 1255 4167 eos
1285 4115 1379 4183 qui
1402 4129 1594 4185 corpus
1615 4114 1884 4179 occidunt,

225 4203 493 4256 animam
522 4207 701 4255 autem
731 4217 842 4256 non
864 4210 1090 4273 possunt
1120 4203 1360 4258 occidere
1381 4220 1400 4257 :
1431 4202 1524 4258 sed
1551 4219 1677 4258 eum
1705 4206 1889 4257 timete

227 4292 334 4362 qui
370 4290 529 4343 habet
559 4293 883 4360 potestatem
911 4300 964 4345 et
991 4293 1238 4345 animum
1267 4294 1318 4346 et
1347 4307 1543 4360 corpus
1571 4292 1807 4346 occidere
1828 4293 1887 4345 in

225 4382 544 4449 gehennam
575 4379 723 4448 ignis
767 4379 983 4451 (Matth.
1031 4397 1086 4446 x,
1135 4381 1246 4451 28).
1294 4381 1598 4451 Tanquam
1651 4381 1886 4451 diceret,

228 4467 432 4523 Nolite
466 4468 672 4523 timere
702 4467 1080 4524 maledictum
1111 4468 1428 4541 corporalis
1469 4470 1700 4538 mortis,
1734 4469 1889 4541 quod

294 4616 379 4678 ta)
406 4617 450 4665 ῐῐ
480 4617 731 4676 Retract.,
764 4631 880 4680 cap.
911 4619 959 4676 Ἰ,
992 4631 1048 4667 n.
1082 4620 1129 4667 3.

1444 328 1674 390 LIBER
1717 325 2060 396 QUINTUS
2106 326 2470 388 DECIMUS.
2509 356 2515 360 -

3545 341 3662 400 302

2010 457 2409 528 temporaliter
2431 459 2709 516 solvitur:
2736 462 2837 517 sed
2861 463 3059 519 timete
3083 464 3462 523 maledictum
3485 471 3659 542 spiri-

2008 546 2185 601 tualis
2218 547 2448 614 mortis,
2480 566 2582 620 per
2601 551 2756 620 quod
2782 553 2981 607 anima
3003 553 3060 607 in
3087 559 3368 610 aeternum
3392 573 3525 613 cum
3548 576 3655 616 suo

2007 652 2245 707 corpore
2275 638 2589 692 cruciatur.
2623 643 2763 694 Ecce
2796 658 2907 696 non
2940 647 3025 696 est
3056 643 3376 701 anicularis
3409 647 3655 704 maledi-

2005 723 2139 791 ctio,
2176 725 2272 780 sed
2299 725 2635 798 prophetica
2667 729 2981 800 prazdictio,
3018 731 3338 790 Maledictus
3356 739 3532 792 omnis
3556 740 3655 808 qui

2001 813 2194 883 pendet
2226 816 2286 869 in
2321 813 2495 886 ligno.
2527 817 2617 871 Sic
2648 817 2802 872 enim
2832 823 3020 874 aufert
3053 821 3321 878 Christus
3351 825 3421 880 de
3470 826 3649 882 male-

2005 902 2159 958 dicto
2191 904 2588 974 maledictum,
2623 909 2915 976 quomodo
2947 910 3016 963 de
3047 916 3232 966 morte
3265 918 3534 982 mortem,
3578 916 3648 970 de

2005 996 2238 1062 peccato
2264 998 2587 1064 peccatum.
2623 993 2715 1050 Sic
2746 986 2880 1068 ergo
2908 1015 3020 1052 non
3047 998 3473 1071 blasphemavit
3496 1002 3650 1076 Moy-

2004 1097 2097 1136 ses
2128 1081 2394 1152 dicendo,
2429 1083 2752 1140 Maledittus
2782 1087 2878 1156 qui
2887 1087 3089 1157 pendet
3111 1090 3171 1143 in
3193 1090 3342 1160 ligno
3370 1107 3648 1162 :quomo-

2003 1170 2076 1225 do
2108 1187 2222 1225 non
2268 1171 2822 1243 blasphemaverunt
2876 1177 3139 1246 Apostoli
3191 1178 3468 1248 docendo,
3507 1182 3650 1238 Mor-

2001 1264 2128 1314 tuus
2152 1264 2230 1316 est
2251 1261 2321 1331 (lI
2341 1260 2461 1316 Cor.
2488 1278 2537 1329 v,
2565 1264 2652 1330 14,
2689 1264 2775 1332 15)
2804 1282 2816 1331 ;
2850 1271 2924 1332 et,
2957 1267 3110 1321 Vetus
3139 1266 3295 1323 homo
3315 1273 3496 1324 noster
3524 1286 3648 1326 con-

2003 1348 2147 1416 ﬁaus
2175 1354 2254 1404 est
2282 1352 2434 1405 cruci
2459 1367 2585 1406 cum
2613 1353 2711 1406 illo
2747 1354 2920 1424 (Rom.
2948 1372 3026 1422 v1,
3069 1356 3158 1426 6);
3196 1361 3272 1422 et,
3314 1358 3389 1412 De
3435 1367 3652 1429 peccato

2003 1437 2286 1493 damnavit
2311 1454 2590 1510 peccatum
2621 1442 2716 1508 (Id.
2751 1460 2872 1513 vm,
2899 1445 2948 1512 3)
2979 1462 2990 1510 ;
3017 1450 3092 1515 et,
3125 1448 3272 1500 Eum
3295 1449 3392 1517 qui
3415 1464 3524 1504 non
3553 1465 3651 1505 no-

2001 1538 2152 1583 verat
2181 1536 2483 1599 peccatum,
2514 1535 2795 1599 peccatum
2831 1549 2932 1603 pro
2964 1534 3124 1588 nobis
3154 1537 3283 1605 fecit
3324 1535 3391 1605 (II
3439 1538 3561 1593 Cor.
3596 1554 3652 1604 v,

1999 1616 2127 1687 21);
2161 1622 2217 1673 et
2249 1618 2435 1673 multa
2465 1618 2828 1690 hujusmodi.
2861 1621 2976 1676 Vos
3008 1628 3201 1677 autem
3234 1640 3366 1679 cum
3398 1625 3650 1682 horretis

2003 1705 2378 1762 maledictum
2412 1709 2727 1778 Christum,
2768 1709 3031 1764 fatemini
3063 1728 3163 1766 vos
3210 1713 3446 1768 horrere
3489 1731 3646 1770 mor-

2000 1798 2116 1850 tem
2163 1795 2396 1852 Christi.
2444 1796 2551 1852 Ubi
2598 1803 2839 1869 apparet
2881 1805 3090 1867 vestra,
3155 1818 3267 1856 non
3332 1803 3648 1859 anicularis

2002 1881 2351 1949 maledictio,
2385 1885 2485 1938 sed
2513 1885 2804 1942 diabolica
2854 1887 3172 1955 simulatio,
3234 1890 3335 1961 qui
3393 1896 3644 1948 mortem

1998 1971 2211 2026 Christi
2243 1973 2524 2044 corporis,
2559 1974 2767 2029 animae
2801 1981 3003 2031 vestrae
3030 1985 3216 2034 morte
3248 1996 3362 2034 non
3383 1981 3643 2038 creditis.

1999 2061 2183 2124 Quam
2217 2066 2414 2116 tamen
2447 2067 2694 2118 mortem
2716 2063 2930 2120 Christi
2954 2082 3068 2120 non
3091 2083 3309 2134 veram,
3335 2069 3434 2123 sed
3459 2070 3646 2124 simu-

1998 2148 2180 2204 latam
2212 2151 2512 2206 suadetis:
2575 2151 2742 2219 quasi
2801 2170 2915 2208 non
2975 2155 3239 2210 audeatis
3285 2173 3386 2227 per
3434 2173 3645 2213 nomen

1998 2238 2383 2294 christianum
2416 2240 2683 2296 homines
2721 2241 2942 2313 fallere,
2975 2244 3087 2299 nisi
3123 2245 3316 2316 ipsum
3348 2245 3644 2302 Christum

1998 2327 2344 2400 magistrum
2377 2328 2615 2384 fallacias
2649 2330 2898 2387 faciatis.

2068 2417 2300 2473 CAPUT
2330 2418 2474 2473 XIII.
2509 2450 2574 2460 —
2606 2419 2765 2482 Quod
2802 2425 2993 2476 autem
3018 2421 3253 2478 invidus
3273 2423 3643 2479 continentia)

1993 2505 2083 2562 vel
2116 2507 2434 2578 virginitati
2469 2508 2679 2564 Fausto
2713 2509 2941 2582 Moyses
2972 2512 3134 2567 visus
3163 2516 3270 2580 est,
3307 2513 3444 2584 quia
3476 2514 3642 2582 dixit,

1995 2595 2308 2651 Maledictus
2322 2599 2504 2652 omnis
2526 2599 2624 2667 qui
2652 2614 2763 2653 non
2806 2603 3153 2656 suscitaverit
3177 2619 3356 2657 semen
3391 2605 3449 2658 in
3477 2605 3644 2659 Israel

1997 2685 2150 2754 (Deut
2170 2702 2300 2752 xxv,
2324 2686 2377 2750 7)
2405 2701 2418 2750 ;
2449 2683 2646 2756 legant
2676 2687 2886 2742 Isaiam
2944 2688 3315 2758 clamantem,
3355 2693 3480 2748 Ha’c
3508 2693 3647 2748 dicit

1993 2775 2257 2829 Dominus
2285 2773 2616 2844 spadonibus
2646 2777 2897 2830 omnibus
2914 2795 2932 2831 :
2956 2778 3063 2844 Qui
3077 2778 3477 2835 observaverint
3497 2797 3642 2848 prav-

1992 2870 2147 2934 cepta
2178 2879 2317 2933 mea,
2349 2868 2401 2917 et
2430 2864 2690 2932 elegerint
2717 2881 2834 2936 quae
2864 2882 2957 2936 ego
2987 2867 3128 2933 volo,
3176 2877 3228 2922 et
3279 2869 3644 2925 eustodierint

1993 2956 2372 3008 testamentum
2394 2968 2607 3014 meum;
2632 2953 2768 3008 dabo
2789 2955 2904 3008 illis
2922 2956 2983 3008 in
2996 2955 3150 3010 domo
3172 2972 3292 3012 mea
3313 2960 3361 3011 et
3391 2959 3453 3012 in
3487 2974 3642 3014 muro

1991 3057 2111 3097 meo
2129 3043 2304 3097 locum
2323 3043 2688 3108 nominatum,
2715 3044 2989 3098 meliorem
3004 3045 3251 3114 ﬁliorum
3270 3055 3322 3101 et
3339 3045 3601 3115 ﬁliarum
3627 3065 3639 3104 :

1993 3147 2190 3187 nomen
2225 3140 2496 3188 wtcrnum
2524 3130 2660 3186 dabo
2692 3131 2837 3196 illis,
2869 3141 2922 3188 et
2950 3149 3058 3188 non
3098 3134 3271 3189 deerit
3319 3136 3434 3190 illis
3488 3139 3639 3207 (Isai.

1993 3237 2102 3287 LVI,
2125 3221 2266 3289 4-5).
2297 3223 2410 3274 Aut
2427 3220 2475 3274 si
2494 3221 2852 3276 contrarium
2879 3226 3086 3293 putant
3110 3222 3315 3277 Isaiam
3337 3224 3643 3297 Moysi,hic

1993 3310 2075 3366 eis
2106 3310 2352 3382 placeat,
2376 3310 2425 3365 si
2443 3310 2539 3365 ille
2563 3311 2864 3381 displicet;
2886 3329 3000 3368 non
3021 3318 3110 3368 est
3127 3329 3333 3384 parum
3358 3316 3641 3371 adversus

1993 3399 2160 3455 istos.
2186 3399 2363 3454 Nobis
2381 3401 2537 3454 enim
2561 3401 2781 3455 sufﬁcit
2799 3401 2948 3456 scire
2969 3418 3150 3457 unum
3171 3401 3352 3458 Deum
3378 3403 3639 3460 locutum

1992 3493 2050 3544 et
2066 3504 2168 3559 per
2186 3488 2422 3559 Moysen
2444 3491 2501 3543 et
2521 3504 2622 3558 per
2641 3490 2849 3545 Isaiam
2872 3506 2887 3545 :
2912 3496 2968 3545 et
2986 3491 3358 3547 maledictum
3379 3507 3505 3548 esse
3522 3509 3640 3548 om-

1994 3592 2128 3631 nem
2161 3576 2260 3646 qui
2281 3592 2396 3631 non
2414 3577 2783 3632 suscitaverit
2806 3595 3003 3634 semen
3030 3579 3085 3633 in
3113 3579 3305 3646 Israel,
3335 3581 3454 3636 sive
3478 3591 3635 3644 tunc.

1993 3681 2126 3720 cum
2161 3664 2372 3736 populo
2402 3666 2728 3721 secundum
2761 3683 2993 3722 carnem
3038 3669 3410 3739 propagando
3458 3670 3633 3726 etiam

1994 3753 2250 3809 carnalis
2282 3754 2462 3826 prolis
2493 3754 2751 3825 operatio
2811 3755 2868 3810 in
2922 3755 3212 3828 conjugali
3252 3757 3520 3813 castitate
3563 3760 3634 3814 ad

1993 3844 2251 3899 officium
2285 3843 2574 3898 civicum‘
2609 3845 2953 3915 pertinebat,
3007 3845 3125 3901 sive
3157 3863 3333 3910 nunc,
3367 3863 3438 3902 ne
3483 3847 3641 3918 quis-

1996 3952 2176 4007 quam
2213 3934 2600 4007 spiritualiter
2628 3941 2824 4008 natus,
2855 3941 3018 4009 putet
3049 3937 3157 3993 sibi
3191 3938 3398 3993 debere
3419 3939 3644 3994 sufﬁce-

1997 4043 2078 4096 re,
2113 4042 2216 4081 nec
2246 4025 2434 4081 instet
2464 4026 2786 4082 dominicis
2819 4028 3016 4096 lucris,
3046 4028 3261 4098 quibus
3278 4029 3643 4101 quisquepro

1999 4117 2235 4172 modulo
2269 4132 2375 4171 suo
2408 4117 2776 4188 pradicando
2821 4118 3137 4186 Christum,
3190 4119 3359 4174 debet
3403 4135 3647 4191 genera-

1998 4224 2058 4263 re
2089 4208 2461 4263 christianos.
2515 4213 2597 4262 Ita
2656 4207 2756 4264 illa
2811 4209 3004 4264 divina
3055 4214 3341 4265 sententia
3383 4216 3648 4281 tempora

2001 4297 2312 4367 utriusque
2344 4298 2705 4352 Testamenti
2737 4297 2887 4352 mira
2919 4298 3194 4353 brevitate
3225 4298 3648 4370 complectitur,

1999 4385 2330 4443 Maledictus
2359 4388 2539 4441 omnis
2563 4390 2658 4458 qui
2677 4403 2791 4442 non
2809 4389 3154 4442 suscitaverit
3174 4404 3353 4443 semen
3373 4389 3433 4442 in
3454 4389 3644 4445 Israel.

2066 4495 2081 4528 ι
2116 4493 2288 4541 Editio
2321 4493 2474 4556 Lov.,
2506 4492 2600 4556 ad?
2628 4493 2859 4556 ofﬁcium
2919 4494 3211 4556 coniugum.
3264 4496 3328 4544 At
3368 4496 3492 4545 Mss.
3528 4509 3648 4545 cum

2005 4555 2120 4622 A_m.
2153 4559 2206 4622 et
2234 4556 2339 4622 En,
2364 4555 2433 4604 ad
2459 4555 2688 4618 ofﬁcium
2724 4555 2954 4616 civicum,
3008 4555 3224 4617 habent,
3270 4560 3378 4616 aut,
3423 4557 3495 4606 ad
3531 4558 3650 4622 ofﬁ-

2001 4619 2133 4666 cium
2161 4618 2367 4666 civium.

1117 4835 1496 4930 LIBER
1578 4834 2117 4946 QUINTUS
2197 4832 2783 4928 DECIMUS.

1746 4995 2154 5008 —

329 5063 571 5121 CAPUT
603 5063 917 5121 PRIMUM.
948 5096 1017 5108 —-
1043 5067 1324 5122 Favs'rus.
1359 5068 1540 5124 dixit:
1570 5070 1756 5134 Quare
1787 5085 1902 5124 non

251 5155 529 5226 accipitis
549 5155 994 5211 Testamentum
1020 5156 1372 5221 Vetus?Quia
1393 5162 1449 5211 et
1470 5173 1640 5230 omne
1664 5175 1762 5213 vas
1785 5157 1902 5230 ple-

241 5262 389 5300 num
405 5245 717 5316 superfusa
733 5261 848 5300 non
871 5245 1205 5317 recipit,sed
1223 5227 1550 5302 eﬁ'unditze’t
1566 5247 1905 5303 stomachus

244 5340 414 5390 satur
431 5333 623 5404 rejicit
648 5334 1151 5406 ingesta.Proinde
1169 5340 1224 5389 et
1239 5336 1421 5390 Judaei
1449 5353 1514 5391 ex
1534 5353 1902 5408 praeoccupa-

246 5426 402 5478 tione
423 5424 692 5496 Moyseos
715 5425 1088 5480 Testamento
1106 5423 1296 5479 Veteri
1323 5425 1539 5489 satiati,
1558 5433 1906 5497 respuerunt

252 5514 515 5568 Novum:
543 5519 602 5568 et
622 5531 728 5569 nos
752 5530 820 5569 ex
841 5515 1050 5569 Christi
1073 5516 1457 5586 praeventione
1498 5516 1654 5570 Novo
1691 5516 1902 5584 referti,

254 5603 595 5672 respuimus
620 5603 944 5660 Vetus.Vos
966 5604 1098 5658 ideo
1121 5607 1437 5673 utrumque
1459 5604 1742 5675 accipitis,
1769 5603 1908 5676 quia

243 5691 307 5749 in
330 5696 537 5750 neutro
559 5691 702 5750 estis
725 5691 903 5766 pleni,
927 5694 1032 5750 sed
1056 5692 1206 5751 semi
1229 5691 1618 5766 :alterumque
1632 5708 1702 5750 ex
1722 5693 1904 5751 altero

2016 5067 2074 5122 in
2106 5065 2270 5121 vobis
2292 5082 2406 5121 non
2430 5070 2548 5121 tam
2573 5065 2846 5138 repletur,
2872 5085 3047 5140 quam
3071 5067 3498 5142 corrumpitur;
3519 5065 3659 5140 quia

2014 5161 2070 5213 et
2092 5172 2252 5212 sema
2274 5173 2413 5210 vasa
2435 5172 2736 5227 nunquam
2758 5157 2828 5212 de
2846 5157 3116 5213 dissimili
3133 5159 3449 5230 implentur
3471 5162 3656 5213 mate-

2018 5247 2125 5310 ria,
2146 5246 2243 5301 sed
2265 5246 2334 5300 de
2353 5245 2553 5300 eadem
2575 5262 2639 5300 ac
2658 5246 2767 5300 sibi
2786 5247 2987 5317 simili,
3007 5254 3071 5302 ut
3105 5247 3220 5301 vini
3261 5249 3414 5315 vino,
3468 5246 3659 5303 mellis

2020 5333 2275 5398 melle,et
2297 5335 2439 5389 aceti
2461 5339 2655 5389 aceto:
2678 5335 2891 5406 quibus
2918 5336 2962 5389 si
2989 5335 3300 5391 dissimilia
3330 5341 3386 5390 et
3418 5353 3530 5391 non
3564 5337 3656 5391 sui

2016 5424 2244 5496 generis
2262 5424 2675 5493 superfundes,
2703 5429 2766 5476 ut
2791 5423 2946 5478 melli
2973 5422 3066 5488 fel,
3089 5429 3146 5477 et
3167 5440 3382 5494 aquam
3419 5425 3570 5488 vino,
3605 5429 3662 5479 et

2017 5521 2178 5570 aceto
2198 5531 2368 5585 garos
2393 5531 2406 5580 ;
2429 5531 2539 5568 non
2568 5513 2806 5584 repletio
2829 5514 3130 5569 vocabitur
3147 5515 3288 5580 haec,
3308 5516 3407 5570 sed
3433 5517 3500 5571 ad
3512 5515 3665 5570 ulte—

2017 5606 2327 5662 rium.Haec
2347 5620 2482 5675 ergo
2502 5621 2678 5660 causa
2701 5609 2808 5674 est,
2826 5605 2980 5659 unde
2997 5621 3102 5660 nos
3121 5622 3324 5676 parum
3342 5606 3666 5679 accipimus

2013 5696 2461 5752 Testamentum
2482 5692 2662 5750 Vetus
2680 5708 2692 5748 :
2707 5696 2765 5748 et
2784 5693 2924 5765 quia
2947 5693 3203 5753 Ecclesia
3222 5701 3667 5771 nostra,sponsa
