4052 6178
236 331 339 389 325

234 458 654 524 bus,velomnes
670 459 935 515 homines
947 460 1223 516 omnibus
1236 460 1655 526 hominibus,in
1670 477 1857 533 quan-

233 555 340 605 tum
373 549 639 604 homines
671 553 832 615 sunt,
865 548 1090 605 similes
1120 549 1325 621 utique
1356 554 1514 619 sunt,
1539 551 1694 622 quod
1718 554 1775 605 et
1795 550 1855 605 in

229 640 427 695 caeteris
449 637 808 693 animalibus
829 636 1039 693 intueri
1064 638 1410 695 facillimum
1444 644 1553 705 est,
1584 640 1671 695 vel
1693 638 1857 695 arbo-

228 729 391 797 ribus,
415 732 481 782 ut
501 726 630 783 olea
652 727 811 793 oleae,
835 727 1039 783 laurus
1061 729 1224 785 lauro
1247 728 1460 785 similis
1490 730 1736 797 dicitur;
1760 744 1856 783 ve-

228 833 340 873 rum
353 816 526 872 etiam
548 822 773 872 natura:
787 816 1041 889 disparis
1061 822 1200 873 sunt
1215 822 1271 874 et
1288 817 1567 873 dicuntur
1583 817 1767 873 multa
1784 815 1856 871 si-

228 905 387 974 milia,
413 910 478 960 ut
494 905 657 961 oliva:
675 904 941 973 oleaster,
962 911 1020 961 et
1038 907 1123 961 far
1140 907 1355 963 tritico.
1381 909 1454 963 De
1472 908 1645 963 rebus
1665 906 1856 962 adhuc

225 994 484 1069 proximis
497 1001 555 1050 et
570 995 995 1067 attingentibus
1008 993 1376 1068 loquormam
1396 997 1535 1069 quid
1550 1002 1671 1053 tam
1686 997 1855 1068 longe

224 1084 433 1139 distans
454 1100 490 1140 a
510 1082 651 1139 Filio
674 1083 797 1154 Dei,
824 1100 924 1155 per
944 1100 1117 1155 quem
1139 1085 1287 1142 facta
1304 1090 1443 1141 sunt
1458 1086 1656 1142 omnia
1674 1086 1853 1158 (Joan.

225 1191 262 1240 1,
288 1174 359 1243 3),
392 1189 573 1244 quam
606 1188 786 1245 pecus
815 1177 871 1227 et
900 1171 1052 1245 lapis
1072 1173 1100 1229 ?
1131 1180 1188 1229 et
1224 1178 1421 1230 tamen
1453 1175 1511 1230 in
1543 1174 1855 1247 Evangelio

225 1261 443 1335 legitur,
474 1263 609 1317 Ecce
637 1261 820 1332 Agnus
852 1264 957 1319 Dei
1007 1263 1166 1334 (Ibid.
1215 1264 1308 1335 29)
1334 1281 1349 1332 ;
1379 1268 1438 1319 et
1466 1264 1527 1319 in
1556 1261 1852 1336 Apostolo,

224 1353 367 1407 Petra
396 1358 589 1407 autem
611 1354 732 1406 erat
785 1352 1041 1408 Christus
1067 1352 1113 1423 (Ι
1164 1352 1285 1408 Cor.
1316 1370 1372 1421 x,
1405 1354 1498 1425 4):
1534 1369 1660 1425 quae
1693 1351 1855 1408 nullo

218 1441 367 1496 modo
382 1440 701 1512 quisquam
718 1446 868 1497 recte
887 1441 1123 1509 diceret,
1145 1442 1194 1496 si
1208 1458 1405 1498 eorum
1420 1442 1678 1513 aliquam
1697 1441 1857 1498 simi-

216 1530 509 1585 litudinem
534 1530 693 1585 nullo
716 1531 886 1586 modo
908 1529 1005 1586 ille
1028 1530 1369 1603 susciperet.
1404 1531 1551 1596 Quid
1584 1548 1718 1603 ergo
1742 1530 1856 1585 mi-

218 1636 327 1675 rum
352 1618 403 1675 si
429 1635 546 1674 non
569 1624 657 1674 est
682 1619 1033 1693 dedignatus
1062 1620 1328 1676 Christus
1354 1619 1477 1676 fieri
1508 1619 1721 1676 similis
1743 1619 1856 1692 ipsi

216 1710 401 1782 Moysi,
438 1708 543 1780 qui
570 1707 782 1764 similis
814 1709 1001 1764 factus
1029 1714 1118 1764 est
1139 1710 1252 1775 ovi,
1280 1726 1457 1781 quam
1485 1709 1543 1764 in
1567 1711 1694 1780 ejus
1721 1725 1857 1781 prai-

219 1798 638 1854 nuntiationem
660 1812 757 1868 per
773 1798 967 1869 ipsum
989 1798 1222 1871 Moysen
1241 1798 1511 1871 praecepit
1523 1798 1675 1854 Deus
1691 1814 1855 1852 man-

219 1887 401 1942 ducari
432 1903 465 1941 a
488 1886 703 1958 populo
726 1903 852 1951 suo,
877 1887 1118 1957 ejusque
1140 1886 1489 1958 sanguinem
1511 1888 1582 1943 ad
1609 1886 1854 1941 tutelam

220 1976 412 2032 salutis
432 1975 719 2041 adhiberi,
739 1981 795 2030 et
813 1975 1031 2030 Pascha
1049 1975 1329 2046 appellari
1344 1975 1538 2047 (Exod.
1558 1976 1680 2047 xu),
1700 1974 1855 2047 quod

222 2081 354 2120 nunc
384 2065 452 2118 in
485 2063 720 2118 Christo
750 2080 878 2118 esse
909 2064 1265 2135 completum
1291 2081 1461 2119 nemo
1483 2063 1859 2120 dissimulare

218 2153 565 2226 permittitur
579 2152 606 2207 ?
619 2152 981 2225 Quapropter
995 2153 1065 2207 de
1079 2153 1397 2225 Scripturis
1416 2170 1668 2226 agnosco
1684 2154 1859 2209 dissi-

218 2243 394 2298 milem
414 2287 430 2307 ,
453 2243 525 2297 de
547 2241 865 2313 Scripturis
888 2257 1119 2296 mecum
1145 2258 1398 2314 agnosce
1414 2249 1471 2298 et
1486 2247 1548 2297 tu
1567 2242 1857 2299 similem:

216 2348 312 2387 non
330 2332 472 2385 inde
487 2329 838 2386 dissimilem
858 2331 1015 2386 unde
1034 2330 1285 2387 similem
1307 2349 1320 2401 ;
1340 2332 1442 2387 sed
1468 2331 1582 2388 alia
1597 2348 1773 2388 causa
1788 2330 1857 2386 il-

212 2421 316 2489 lud,
350 2419 472 2475 alia
502 2418 647 2473 illud
671 2437 684 2487 ;
709 2420 849 2474 dum
878 2424 1075 2475 tamen
1101 2425 1421 2493 utrumque
1442 2421 1859 2477 demonstrem.

214 2511 404 2566 Uissim
422 2508 518 2563 ilis
540 2507 765 2564 homini
789 2508 1078 2576 Christus,
1101 2509 1239 2580 quia
1256 2510 1412 2566 Deus
1434 2529 1446 2578 ;
1468 2511 1755 2582 scriptum
1775 2514 1865 2566 est

214 2600 348 2655 enirn
370 2599 453 2653 de
478 2597 601 2663 illo,
625 2599 742 2669 Qui
763 2602 840 2653 est
871 2614 1038 2669 super
1061 2601 1249 2654 omnia
1280 2600 1420 2654 Deus
1453 2599 1765 2654 benedictus
1797 2600 1860 2653 in

212 2688 409 2745 secula
439 2688 617 2759 (Rom.
637 2703 715 2753 ιχ,
742 2687 799 2758 5)
820 2703 833 2740 :
854 2694 910 2742 et
931 2686 1145 2743 similis
1167 2688 1391 2743 homini
1414 2687 1702 2752 Christus,
1726 2688 1867 2758 quia

215 2776 411 2844 homo;
446 2775 587 2847 quia
610 2775 682 2830 de
704 2775 802 2831 illo
827 2774 1027 2830 itidem
1054 2776 1339 2848 scriptum
1355 2776 1868 2843 est,MediatorDei

215 2871 258 2921 et
274 2867 585 2935 hominum,
610 2865 766 2921 hmno
799 2864 1049 2920 Christus
1075 2869 1234 2921 Jesus
1264 2866 1307 2937 (ι
1334 2866 1467 2922 Tim.
1492 2882 1554 2935 ιι,
1573 2865 1649 2938 5).
1679 2864 1865 2920 Dissi-

218 2956 358 3012 milis
381 2952 681 3027 peccatori
704 2953 995 3020 Christus,
1018 2953 1152 3025 quia
1174 2970 1407 3027 semper
1422 2958 1691 3010 sanctus:
1713 2957 1770 3009 et
1785 2952 1865 3009 si-

215 3044 357 3100 milis
380 3043 683 3117 peccatori
710 3042 1147 3114 Christus,quia
1169 3050 1318 3100 Deus
1336 3043 1544 3100 Filium
1564 3060 1740 3099 suum
1761 3042 1865 3098 mi-

214 3134 283 3188 sit
308 3132 365 3187 in
397 3130 864 3188 similitudinem
923 3133 1119 3188 carnis
1165 3133 1403 3205 peccati,
1434 3138 1499 3189 ut
1528 3134 1599 3189 de
1630 3136 1864 3205 peccato

217 3222 521 3280 damnaret
544 3226 847 3292 peccatum
873 3222 929 3277 in
955 3238 1129 3277 carne
1153 3223 1328 3289 (Rom.
1360 3238 1487 3289 vm,
1519 3223 1594 3289 3).
1630 3221 1864 3278 Homini

212 3327 270 3367 ex
290 3312 441 3367 coitu
472 3315 615 3366 nato
637 3310 946 3367 dissimilis
967 3310 1256 3380 Christus,
1279 3311 1339 3365 in
1358 3317 1644 3383 quantum
1664 3329 1733 3368 ex
1750 3311 1863 3366 vir-

214 3401 339 3472 gine
363 3406 546 3455 natus
568 3404 659 3455 est
684 3417 697 3455 :
723 3400 825 3454 sed
849 3399 1071 3455 homini
1096 3405 1230 3455 nato
1262 3399 1475 3455 similis
1503 3399 1773 3455 Christus
1803 3400 1863 3454 in

216 3496 500 3561 quantum
534 3493 593 3543 et
624 3487 750 3560 ipse
799 3503 868 3543 ex
921 3487 1138 3543 femina
1183 3492 1357 3543 natus
1382 3493 1491 3552 est,
1524 3488 1617 3543 cui
1643 3489 1863 3543 dictum

217 3582 315 3645 est,
350 3578 508 3647 Quod
534 3587 794 3632 nascetur
815 3593 885 3633 ea:
914 3581 966 3632 te
986 3586 1256 3643 sanctum,
1276 3577 1557 3633 vocabitur
1576 3578 1748 3633 Filius
1769 3579 1867 3633 Dei

220 3671 361 3734 (Luc.
394 3686 433 3737 ι,
460 3667 577 3739 35).
604 3665 838 3723 Homini
860 3672 1096 3740 propter
1117 3670 1417 3738 peccatum
1439 3682 1616 3722 suum
1637 3671 1867 3723 mortuo

219 3756 531 3812 dissimilis
587 3754 877 3823 Christus,
937 3755 995 3810 in
1053 3760 1337 3828 quantum
1389 3755 1515 3811 sine
1546 3760 1779 3828 peccato
1811 3760 1869 3811 et

221 3847 453 3918 prepria
485 3848 777 3917 potestate
810 3848 1077 3901 mortuus
1108 3849 1232 3901 est:
1267 3844 1367 3901 sed
1406 3861 1611 3901 rursus
1642 3844 1869 3900 homini

220 3939 448 3991 mortuo
483 3933 700 3989 similis
747 3933 1027 4003 Christus,
1077 3934 1135 3988 in
1183 3938 1468 4005 quantum
1499 3939 1557 3990 et
1582 3934 1707 4006 ipse
1737 3950 1873 3989 vera

221 4030 403 4080 morte
435 4023 705 4094 corporis
735 4027 1001 4079 mortuus
1033 4026 1139 4079 est.

286 4111 525 4168 CAPUT
547 4111 695 4165 XVI.
724 4142 793 4152 -ο
813 4111 927 4167 Nec
949 4110 1079 4167 ideo
1102 4112 1286 4185 Moysi
1325 4112 1545 4168 famulo
1572 4111 1672 4167 Dei
1705 4113 1872 4169 dero-

219 4202 470 4273 gaveris,
498 4201 640 4273 quia
658 4217 794 4256 eum
819 4205 1177 4272 peccatorem
1200 4202 1403 4267 fuisse,
1429 4207 1486 4257 et
1513 4202 1731 4259 oﬂ‘enso
1759 4203 1874 4259 Deo

219 4306 321 4346 suo
353 4291 415 4346 in
452 4296 655 4346 monte
686 4291 947 4345 occisum
979 4308 1108 4347 esse
1138 4290 1339 4347 dixisti
1371 4292 1549 4364 (Deut.
1580 4310 1771 4358 xxxw,
1794 4295 1872 4363 5).

219 4379 471 4436 Noverat
504 4378 662 4434 enim
697 4384 753 4435 et
795 4380 921 4451 ipse
952 4380 1011 4435 in
1046 4380 1290 4436 Domino
1320 4380 1575 4453 gloriari,
1612 4388 1677 4437 ut
1705 4382 1777 4437 ab
1808 4398 1875 4438 eo

220 4468 413 4525 salvus
442 4471 636 4524 ﬁeret:
661 4485 697 4523 a
718 4485 833 4541 quo
858 4474 914 4524 et
934 4468 1032 4525 ille
1056 4468 1157 4542 qui
1179 4468 1601 4537 dicit,Christus
1618 4471 1772 4526 Iesus
1788 4486 1876 4527 ve-

219 4559 302 4613 nit
322 4560 385 4613 in
418 4560 573 4613 hunc
596 4559 866 4614 mundum
892 4567 1201 4630 peccatores
1229 4558 1406 4613 salvos
1434 4561 1879 4631 facere,quorum

221 4649 434 4715 primus
466 4663 568 4717 ego
599 4665 722 4703 sum
743 4647 791 4720 (Ι
816 4648 949 4703 Tim.
973 4665 1013 4718 1,
1038 4648 1149 4720 15).
1176 4646 1451 4720 Arguitur
1470 4648 1625 4702 enim
1652 4648 1878 4720 Moyses

224 4753 355 4792 voce
380 4737 612 4804 divina,
634 4738 788 4809 quod
814 4740 943 4809 ejus
966 4738 1113 4793 ﬁdes
1133 4737 1203 4792 ad
1238 4752 1449 4810 aquam
1478 4737 1549 4793 de
1580 4742 1744 4808 petra
1772 4737 1878 4793 eli-

224 4825 499 4881 ciendam
517 4829 533 4861 ¹
561 4824 931 4898 aliquantum
956 4826 1295 4882 titubaverit
1317 4827 1499 4897 (Num.
1522 4844 1617 4895 xx,
1644 4827 1839 4895 10-12)
1862 4843 1877 4882 :

222 4916 378 4986 quod
397 4914 451 4970 ei
474 4931 610 4969 cum
631 4919 866 4987 peccato
889 4915 1040 4971 Petri
1060 4919 1251 4986 potest
1273 4931 1401 4971 esse
1422 4932 1754 4983 commune,
1779 4916 1880 4988 qui

224 5004 280 5057 in
296 5004 517 5059 mediis
532 5004 809 5059 ﬂuctibus
822 5002 1001 5059 simili
1014 5004 1147 5058 fidei
1160 5005 1385 5059 defectu
1400 5004 1883 5077 dubitavit(Matth

223 5108 338 5159 xxv,
357 5093 458 5162 £0,
484 5092 594 5162 31).
626 5093 833 5148 Verum
857 5093 1011 5148 absit
1033 5096 1097 5147 ut
1118 5094 1426 5149 credamus
1448 5093 1583 5149 hinc
1600 5111 1735 5150 eum
1754 5112 1883 5152 esse

226 5180 555 5236 alienatum
580 5182 650 5237 ab
675 5186 890 5237 aeterna
908 5182 1189 5237 societate
1220 5188 1579 5249 sanctorum,
1612 5185 1710 5255 qui
1744 5201 1881 5241 cum

226 5275 436 5326 sancto
452 5269 601 5341 Elia,
620 5271 773 5327 sicut
790 5270 1164 5343 Evangelium
1185 5271 1465 5343 loquitur,
1487 5274 1701 5329 meruit
1717 5273 1883 5329 clari-

228 5360 401 5415 ficato
436 5359 501 5413 in
534 5365 728 5416 monte
762 5361 1003 5417 Domino
1034 5361 1310 5416 assistere
1341 5362 1546 5433 (Matth.
1576 5380 1711 5430 xvu,
1743 5363 1880 5435 1-5).

228 5447 480 5515 Nam,ut
497 5449 553 5503 in
570 5450 862 5506 veteribus
880 5450 1124 5522 legimus
1142 5450 1529 5517 Libris,etiam
1546 5452 1882 5522 postipsum

229 5544 568 5610 peccatum,
590 5546 876 5613 quantum
897 5539 1137 5612 sitapud
1158 5541 1335 5595 Deum
1351 5539 1624 5595 meritum
1639 5541 1765 5612 ejus
1779 5558 1883 5612 ap-

292 5726 312 5761 ί
345 5724 475 5775 Am.
510 5729 561 5774 et
586 5726 732 5787 Mss,
762 5690 1088 5791 ejiciendum.

1432 330 1665 391 LIBER
1707 328 2013 391 SEXTUS
2055 328 2420 392 DECIMUS.

3515 336 3634 398 326

1978 464 2160 532 paret.
2185 462 2296 518 Sed
2321 464 2461 534 quid
2487 480 2672 519 caussa
2697 463 2888 531 fuerit,
2916 469 2981 519 ut
3006 466 3077 520 de
3101 470 3331 536 peccato
3353 468 3481 537 ejus
3510 468 3611 523 tali

1964 555 2149 605 morte
2162 550 2509 607 vindicando
2526 552 2679 608 Deus
2695 553 3068 624 loqueretur?
3084 555 3368 618 Quoniam
3386 556 3607 626 pollici-

1962 643 2061 695 tus
2092 655 2224 694 sum
2254 656 2322 695 ea
2352 640 2477 711 ipsa
2528 642 2926 697 demonstrare
2973 644 3045 698 ad
3091 644 3605 715 praenuntiandum

1964 727 2258 783 Christum
2277 729 2716 801 pertinere,qu£e
2735 737 2794 785 tu
2812 731 3286 802 reprehendenda
3301 732 3602 806 delegeris;

1963 816 2175 872 faciam
2207 817 2358 872 sicut
2408 834 2672 889 possum,
2725 819 2970 875 Domino
3019 822 3353 891 adjuvante,
3401 829 3464 877 ut
3493 822 3602 879 hoc

1962 904 2135 960 etiam
2166 907 2321 978 quod
2348 907 2406 961 in
2440 907 2619 979 Moysi
2654 912 2836 963 morte
2868 910 3312 979 reprehendisti,
3350 912 3598 984 prophe-

1961 993 2106 1049 tiam
2132 995 2310 1051 fuisse
2333 996 2401 1050 de
2424 995 2652 1051 Christo
2674 1000 2826 1053 recte
2848 996 3305 1070 intelligentibus
3333 1000 3597 1061 doceam.

2033 1128 2262 1185 CAPUT
2290 1130 2466 1186 xvu.
2487 1109 3034 1186 —Sicutenimmos
3065 1135 3151 1187 est
3180 1132 3507 1194 divinorum
3538 1136 3598 1192 in

1960 1217 2274 1293 Scripturis
2289 1220 2506 1276 sanctis
2520 1219 3188 1292 mysteriorum,utidem
3203 1221 3379 1277 homo
3390 1223 3531 1279 alios
3545 1242 3600 1281 a-

1960 1304 2098 1361 liam
2116 1312 2290 1379 atque
2304 1308 2477 1365 aliam
2496 1326 2597 1381 pro
2612 1326 2670 1364 re
2683 1308 3277 1382 aliquasignilicanda
3293 1328 3598 1381 personam

1961 1400 2153 1466 gerat;
2174 1402 2313 1452 tunc
2332 1398 2557 1470 Moyses
2573 1397 2767 1470 populi
2788 1397 3119 1453 Judaaorum
3139 1400 3247 1454 sub
3265 1400 3411 1471 Lege
3425 1402 3600 1472 positi

1962 1498 2269 1556 personam
2289 1488 2542 1558 gerebat,
2559 1503 2813 1558 eumque
2828 1487 2883 1540 in
2900 1487 3233 1558 prophetica
3249 1490 3599 1559 praenuntia-

1961 1572 2115 1628 tione
2138 1575 2445 1647 ﬁgurabat.
2472 1576 2635 1631 Sicut
2655 1592 2789 1647 ergo
2812 1576 3039 1646 Moyses
3059 1581 3279 1647 petram
3298 1578 3462 1650 virga
3482 1596 3605 1650 per-

1963 1664 2189 1718 cutiens
2207 1664 2276 1719 de
2299 1664 2400 1719 Dei
2423 1665 2635 1720 virtute
2654 1664 2967 1732 dubitavit;
2986 1663 3067 1719 ita
3084 1663 3181 1718 ille
3204 1665 3475 1737 populus,
3500 1668 3601 1738 qui

1962 1752 2073 1806 sub
2102 1752 2241 1824 Lege
2262 1769 2363 1824 per
2386 1753 2616 1825 Moysen
2637 1754 2771 1808 data
2789 1753 3117 1819 tenebatur,
3137 1752 3431 1809 Christum
3450 1756 3603 1825 ligno

1964 1841 2153 1895 crucis
2172 1842 2438 1912 affigens,
2459 1858 2592 1897 eum
2614 1841 2899 1897 Virtutem
2922 1842 3019 1897 Dei
3044 1858 3171 1897 esse
3197 1861 3309 1898 non
3335 1844 3601 1900 credidit.

1964 1930 2073 1984 Sed
2094 1931 2535 2002 sicutpercussa
2548 1937 2712 2003 petra
2727 1932 2979 1986 manavit
2994 1948 3144 2003 aqua
3158 1932 3605 2001 sitientibus;sic

1967 2018 2133 2091 plaga
2146 2018 2451 2075 dominicae
2466 2019 2752 2091 passionis
2768 2020 2967 2075 eﬂ‘ecta
2981 2025 3066 2076 est
3080 2020 3195 2075 vita
3209 2023 3601 2079 credentibus.

1967 2106 2261 2163 Habemus
2279 2109 2433 2164 enim
2454 2109 2523 2163 de
2542 2108 2648 2164 hac
2668 2126 2727 2163 re
2748 2108 3238 2180 preclarissimam
3259 2116 3314 2164 et
3337 2110 3606 2167 ﬁdelissi-

1968 2213 2122 2251 mam
2146 2214 2341 2252 vocem
2360 2197 2639 2270 Apostoli,
2658 2214 2790 2253 eum
2812 2198 2945 2253 inde
2965 2197 3318 2270 loqueretur,
3339 2201 3605 2268 dicentis,

1966 2286 2133 2341 Petra
2152 2295 2337 2342 autem
2358 2292 2479 2341 erat
2496 2286 2751 2342 Christus
2772 2291 2817 2355 (Ι
2842 2286 2961 2341 Cor.
2986 2304 3040 2355 χ,
3063 2288 3135 2358 4).
3159 2287 3315 2342 Hanc
3332 2305 3466 2360 ergo
3484 2306 3606 2344 car-

1968 2376 2158 2431 nalem
2183 2375 2255 2430 de
2275 2376 2487 2431 Christi
2511 2375 2810 2431 divinitate
2840 2376 3301 2446 desperationem
3330 2378 3387 2431 in
3420 2378 3608 2449 ipsius

1968 2464 2181 2519 Christi
2204 2463 2510 2519 altitudine
2533 2470 2683 2520 Deus
2702 2465 3045 2533 morijubet,
3066 2482 3196 2519 cum
3220 2474 3461 2521 mortem
3481 2484 3607 2521 car-

1972 2555 2062 2609 nis
2087 2553 2269 2626 Moysi
2301 2554 2359 2608 in
2392 2559 2587 2609 monte
2618 2554 2864 2625 imperat
2894 2554 3040 2609 ﬁeri.
3074 2554 3232 2608 Sicut
3264 2555 3415 2608 enim
3451 2561 3611 2627 petra

1970 2643 2256 2710 Christus,
2281 2642 2357 2697 ita
2375 2647 2431 2698 et
2447 2660 2617 2697 mons
2633 2643 2928 2699 Christus:
2947 2646 3107 2714 petra
3121 2642 3361 2697 humilis
3381 2644 3608 2699 fortitu-

1972 2733 2067 2797 do,
2092 2747 2261 2787 mons
2283 2730 2547 2788 eminens
2570 2731 2932 2803 magnitudo.
2958 2730 3100 2793 Quia
3121 2731 3271 2784 sicut
3297 2732 3609 2801 Apostolus

1974 2817 2072 2885 ait,
2098 2818 2258 2873 Petra
2279 2822 2395 2873 erat
2420 2818 2661 2872 Christus
2678 2834 2699 2879 ,ο
2724 2817 2803 2872 ita
2823 2816 2949 2888 ipse
2979 2817 3281 2881 Dominus,
3305 2817 3419 2871 Non
3441 2822 3610 2890 potest

1970 2908 2165 2963 civitas
2189 2907 2443 2962 abscondi
2460 2923 2627 2977 super
2643 2914 2883 2961 montem
2899 2908 3189 2961 constituta
3208 2906 3412 2975 (Matth.
3433 2924 3465 2959 v
3488 2908 3571 2977 14)
3592 2926 3605 2966 :

1973 3013 2035 3052 se
2048 2996 2561 3061 scilicetmontem,
2585 2995 2784 3051 ﬁdeles
2802 3002 2995 3050 autem
3015 3010 3152 3049 suos
3171 2995 3225 3048 in
3245 2994 3335 3049 sui
3357 2996 3610 3051 nominis

1972 3085 2158 3159 gloria
2178 3086 2455 3141 fundatos
2476 3101 2745 3141 asserens
2762 3084 3073 3139 civitatem.
3095 3085 3409 3140 Prudentia
3424 3084 3612 3141 carnis

1971 3176 2127 3246 vivit,
2150 3191 2284 3230 cum
2304 3180 2583 3246 tanquam
2606 3178 2769 3247 petra
2786 3190 3065 3246 percussa
3080 3172 3290 3229 Christi
3309 3174 3611 3231 humilitas

1971 3265 2031 3319 in
2045 3281 2213 3320 cruce
2225 3263 3077 3321 contemnitur:Christusenim
3092 3264 3631 3320 cruciﬁxusJudaais

1973 3355 2314 3409 scandalum
2330 3352 2729 3420 est,Gentibus
2743 3357 2934 3408 autem
2951 3350 3617 3424 stultitia.Etprudentia

1973 3443 2163 3499 carnis
2182 3442 2449 3513 moritur,
2468 3448 2893 3513 cumtanquam
2910 3440 3615 3497 montiseminentiachri-

1974 3537 2104 3587 stus
2121 3530 2387 3587 excelsus
2408 3530 2742 3603 agnoscitur
2770 3547 2782 3584 :
2807 3529 2954 3601 ipsis
2978 3530 3131 3584 enim
3155 3532 3371 3584 vocatis
3394 3529 3614 3587 Judzeis

1973 3626 2030 3677 et
2050 3620 2281 3687 Grazcis,
2307 3619 2570 3676 Christus
2594 3618 2691 3674 Dei
2718 3618 2901 3673 virtus
2923 3622 2979 3672 et
3019 3618 3113 3672 Dei
3155 3618 3440 3688 sapientia
3461 3624 3549 3673 est
3570 3620 3615 3690 (Ι

1978 3710 2097 3765 Cor.
2126 3726 2167 3779 ι,
2188 3711 2277 3775 23,
2300 3710 2415 3779 24).
2448 3708 2729 3763 Ascendit
2759 3707 2957 3777 itaque
2988 3706 3214 3777 Moyses
3243 3705 3302 3760 in
3333 3712 3613 3774 montem,

1977 3804 2043 3853 ut
2064 3814 2236 3853 carne
2260 3802 2491 3851 mortua
2511 3795 2638 3850 vivo
2661 3796 2868 3867 spiritu
2910 3796 3266 3866 reciperetur
3291 3811 3303 3848 :
3332 3811 3446 3865 quo
3472 3795 3615 3849 Fau-

1978 3893 2105 3943 stus
2138 3902 2251 3941 non
2282 3884 2642 3955 ascenderat,
2672 3888 2738 3938 ut
2766 3882 3028 3939 carnales
3071 3882 3395 3937 calumnias
3428 3887 3620 3938 mente

1980 3980 2211 4031 mortua
2234 3974 2591 4045 loqueretur.
2616 3973 2819 4028 Nonne
2839 3972 3025 4044 ipsam
3053 3977 3277 4043 petram
3301 3972 3505 4027 Petrus
3524 3988 3622 4041 per

1980 4063 2351 4138 prudentiam
2384 4080 2413 4117 c
2436 4062 2578 4117 irnis
2609 4061 2831 4134 percuti
2863 4060 3179 4128 exhorruit,
3215 4077 3347 4116 cum
3378 4059 3622 4115 Domino

1982 4154 2314 4226 passionem
2331 4168 2498 4206 suam
2516 4149 2931 4223 praenuntianti
2946 4150 3027 4204 ait
3044 4166 3055 4204 :
3072 4150 3107 4203 A
3120 4150 3497 4215 bsil,Domine,
3513 4166 3625 4204 non

1981 4245 2072 4314 ﬁet
2100 4241 2245 4297 istud
2268 4259 2287 4303 ;
2314 4238 2589 4312 prapiti'us
2619 4248 2732 4295 esto
2761 4240 2906 4294 tibi?
2953 4238 3150 4309 Neque
3182 4238 3337 4293 enim
3370 4238 3627 4309 pepercit

1982 4332 2120 4388 huic
2147 4336 2380 4403 peccato
2410 4329 2708 4398 Dominus,
2734 4344 2866 4383 cum
2893 4326 2943 4380 ei
2977 4326 3269 4381 retulerit:
3302 4327 3433 4382 Redi
3462 4336 3623 4398 retro,

1982 4430 2227 4487 satanas,
2257 4418 2582 4474 scandalum
2615 4417 2767 4472 mihi
2789 4433 2843 4471 es
2866 4434 2884 4471 :
2913 4432 3024 4471 non
3049 4418 3196 4471 enim
3225 4417 3373 4486 sapis
3392 4431 3511 4487 quae
3533 4417 3630 4472 Dei

1982 4519 2126 4577 sunt,
2158 4508 2252 4563 sed
2272 4523 2397 4578 quae
2415 4511 2542 4561 sunt
2570 4507 2853 4561 hominum
2885 4504 3090 4571 (Matth.
3125 4522 3238 4573 xvr,
3261 4505 3352 4572 22,
3376 4505 3490 4574 23).
3517 4507 3632 4560 Aut

1988 4598 2089 4653 ubi
2103 4600 2332 4651 mortua
2347 4601 2435 4650 est
2452 4596 2565 4649 ista
2580 4592 2829 4649 carnalis
2849 4591 3192 4661 difﬁdentia,
3212 4592 3324 4648 nisi
3342 4592 3401 4647 in
3414 4592 3632 4648 Christi

1986 4684 2425 4760 gloriﬁcatione,
2461 4689 2745 4754 tanquam
2777 4682 2834 4736 in
2868 4682 3083 4738 montis
3115 4681 3464 4737 altitudine?
3488 4682 3631 4739 Nam

1987 4777 2193 4848 utique
2212 4773 2457 4841 vivebat,
2484 4789 2616 4828 cum
2643 4789 2778 4828 eum
2801 4772 3003 4828 timide
3035 4775 3274 4843 negaret
3299 4788 3311 4826 :
3347 4776 3403 4826 et
3432 4771 3633 4843 utique

1989 4870 2219 4922 mortua
2240 4868 2384 4934 erat,
2409 4879 2540 4917 cum
2564 4879 2699 4918 eum
2720 4861 2899 4917 libere
2926 4860 3286 4933 praedicaret.
3318 4861 3446 4915 Haec
3477 4861 3632 4915 vive-

1989 4956 2089 5012 bat
2118 4956 2176 5010 in
2210 4953 2406 5021 Saulo,
2438 4970 2571 5008 cum
2606 4950 2947 5008 scandalum
2972 4950 3162 5005 crucis
3186 4952 3481 5005 detestans
3503 4965 3634 5003 vas-

1989 5045 2151 5099 tabat
2180 5043 2563 5098 christianam
2615 5042 2787 5096 ﬁdem
2840 5040 2977 5111 (Act.
3025 5057 3147 5106 vm,
3182 5040 3277 5105 3):
3312 5043 3369 5092 et
3392 5037 3489 5091 ubi
3520 5036 3633 5092 nisi

1991 5133 2049 5188 in
2084 5133 2181 5187 illo
2214 5137 2409 5187 monte
2440 5136 2671 5186 mortua
2693 5135 2835 5195 erat,
2858 5129 3131 5199 cumjam
3158 5124 3369 5181 Paulus
3394 5125 3631 5192 diceret,

1998 5225 2120 5280 Vivo
2152 5232 2331 5277 autem
2371 5223 2490 5293 jam
2539 5238 2649 5276 non
2700 5236 2819 5289 ego,
2861 5220 2997 5274 vivit
3028 5233 3150 5272 vero
3182 5217 3240 5269 in
3270 5231 3359 5269 me
3391 5213 3636 5271 Christus

1994 5314 2197 5385 (Galat.
2230 5329 2291 5378 ιι,
2321 5312 2433 5383 20).

2063 5445 2297 5502 CAPUT
2325 5444 2512 5499 XVIII.
2537 5475 2605 5483 —
2628 5443 2769 5509 Quid
2798 5442 2975 5496 habes
3008 5438 3209 5509 igitur,
3243 5436 3514 5493 haeretica
3532 5455 3637 5494 va~

1996 5537 2170 5607 nitas,
2196 5534 2349 5589 unde
2370 5539 2422 5588 te
2440 5540 2609 5603 putes
2628 5528 3169 5602 posse’convincere,
3192 5543 3303 5581 non
3326 5528 3395 5581 de
3411 5527 3635 5583 Christo

1994 5640 2123 5683 esse
2146 5621 2509 5694 praedictum,
2530 5620 2815 5673 .SusciIubo
2830 5618 2939 5670 ilzz‘s
2960 5616 3284 5685 PrOphetam
3299 5612 3361 5668 de
3372 5614 3637 5683 fratribus

1996 5716 2242 5788 ipsorum
2262 5709 2498 5766 similem
2520 5708 2659 5769 tibi;
2680 5705 2915 5777 quando
2939 5721 3011 5761 ne
3030 5703 3167 5759 hinc
3188 5702 3426 5774 quidem
3449 5710 3633 5775 potes,
