4052 6178
424 348 537 408 327
1181 349 1493 407 CONTRA
1541 346 1911 407 FAUSTUM
1959 344 2482 419 MANICHAEUM,
2528 345 2592 404 S.
2638 346 3064 406 AUGUSTINI
3688 354 3789 413 328

424 482 580 551 quod
603 479 947 534 dissimilem
974 480 1233 534 ostendis
1257 479 1283 532 ‘3
1304 479 1444 533 Aliis
1467 479 1621 533 enim
1649 480 1841 534 causis
1875 483 1930 533 et
1955 494 2061 533 nos

426 568 675 624 similem
693 568 1173 623 ostendimus.An
1190 568 1323 638 quia
1336 568 1940 639 prophetadictusest,
1963 566 2062 636 qui

426 668 478 713 et
502 658 676 713 homo
700 674 825 712 esse
848 658 1125 727 dignatus
1151 663 1259 722 est,
1284 662 1338 711 et
1360 663 1475 710 tam
1502 657 1685 711 multa
1709 658 1901 711 futura
1920 673 2060 727 prae-

426 746 610 802 dixit?
628 746 751 801 Nisi
772 747 913 800 forte
932 745 1085 800 aliud
1109 751 1193 799 est
1213 746 1507 816 propheta,
1530 762 1705 816 quam
1724 745 1896 799 homo
1912 743 2064 797 ultra

426 836 718 907 humanas
741 836 1102 903 conjecturas
1124 836 1317 889 futura
1341 835 1737 905 prmnuntians
1759 835 1785 887 ‘?
1821 834 1978 887 Unde
2010 837 2066 886 et

422 926 551 998 ipse
575 926 643 979 de
664 941 725 979 se
750 924 876 995 ipso
900 926 979 979 ait
1006 942 1016 978 :
1042 927 1158 979 Non
1183 934 1258 978 est
1274 925 1543 994 prOpheta
1572 927 1688 979 sine
1710 926 1927 985 honore,
1954 922 2068 976 nisi

424 1014 489 1069 in
516 1015 703 1085 patria
733 1029 833 1066 sua
864 1015 1083 1081 (Matth.
1120 1030 1240 1076 χιιι,
1268 1014 1378 1082 57).
1416 1014 1523 1067 Sed
1553 1014 1621 1067 de
1651 1017 1704 1067 te
1726 1011 1937 1073 videro,
1963 1010 2061 1080 qui

416 1108 474 1159 te
503 1102 833 1158 convictum
868 1101 1039 1171 paulo
1073 1108 1203 1156 ante
1237 1103 1539 1157 confessus
1572 1120 1651 1166 es,
1681 1118 1811 1155 cum
1845 1099 2062 1169 dixisti,

421 1192 577 1264 quod
608 1198 663 1246 te
696 1191 764 1245 ad
798 1192 1150 1245 credendum
1187 1191 1490 1261 Evangelio
1534 1190 1815 1261 professio
1846 1194 1947 1243 tua
1980 1189 2066 1243 fe-

419 1280 497 1336 cit
522 1278 877 1334 obnoxium:
929 1280 1166 1333 Judaeus
1217 1279 1338 1348 ipse
1391 1280 1662 1349 procedat
1710 1279 1768 1332 in
1807 1278 2065 1333 medium

424 1368 525 1439 qui
556 1366 832 1422 cervicem
868 1384 899 1420 a
921 1369 1065 1438 jugo
1098 1368 1313 1421 Christi
1362 1367 1511 1422 male
1554 1368 1793 1422 liberam
1829 1366 1977 1429 tolit,
2010 1370 2067 1421 et

424 1457 551 1511 ideo
584 1457 693 1511 sibi
719 1456 905 1509 adhuc
937 1458 1017 1509 fas
1044 1462 1208 1527 putat
1232 1458 1438 1516 dicere,
1466 1458 1743 1510 Mentitus
1760 1460 1846 1510 est
1868 1456 2063 1512 Chris-

425 1553 520 1601 tus
552 1549 782 1611 vester;
820 1545 959 1597 nihil
996 1546 1063 1598 de
1098 1545 1194 1599 illo
1230 1547 1464 1615 scripsit
1494 1546 1741 1616 Moyses.

493 1634 725 1689 CAPUT
746 1634 880 1687 XIX.
908 1665 975 1673 ~——
998 1635 1160 1687 Dicat
1185 1635 1325 1688 mihi
1366 1652 1537 1705 quem
1566 1635 1904 1705 prophetam
1934 1651 2063 1704 pro-

417 1722 643 1777 miserit
664 1724 839 1785 Deus,
865 1740 995 1775 cum
1022 1723 1103 1776 ait
1126 1724 1327 1793 Moysi,
1362 1724 1646 1777 Suscilabo
1678 1725 1792 1777 illis
1829 1724 2065 1793 Prophe-

416 1819 534 1867 tam
563 1811 625 1866 de
654 1814 924 1882 fratribus
963 1828 1167 1875 eorum,
1206 1815 1343 1866 sicut
1375 1817 1443 1877 te,
1491 1813 1596 1877 vel,
1649 1814 1893 1867 simi/cm
1924 1815 2066 1866 tibi?

418 1900 584 1955 Multi
634 1901 787 1954 enim
842 1900 1129 1971 prophetae
1184 1906 1384 1970 postea
1434 1904 1687 1965 fuerunt,
1727 1904 1825 1955 sed
1864 1903 2065 1971 utique

420 2005 603 2043 unum
629 1988 941 2058 quemdam
970 1987 1210 2058 intelligi
1235 1990 1431 2042 voluit.
1469 1989 1567 2042 llic
1598 1989 1668 2059 ei,
1703 1991 1870 2044 credo
1902 1988 2064 2043 facil-

420 2077 558 2132 lime
579 2082 841 2131 occurret
864 2091 1168 2130 successor
1200 2076 1291 2130 ille
1324 2077 1521 2148 Moysi,
1558 2078 1650 2146 qui
1687 2078 1967 2148 populum
1997 2094 2065 2133 ex

420 2166 663 2237 zEgypto
693 2165 1026 2227 liberatum,
1060 2165 1115 2217 in
1144 2170 1355 2219 terram
1384 2167 1791 2236 promissionis
1816 2167 2060 2220 induxit.

420 2255 598 2318 Quem
634 2254 919 2323 cogitans,
955 2270 1046 2307 me
1079 2255 1265 2307 adhuc
1303 2256 1545 2307 fortasse
1569 2256 1779 2308 ridebit
1802 2271 2062 2325 quaeren-

415 2347 531 2396 tem
565 2343 635 2396 de
672 2359 787 2412 quo
819 2344 1033 2395 dictum
1071 2343 1163 2407 sit,
1200 2343 1484 2397 Suscitabn
1506 2345 1618 2396 illis
1642 2343 1962 2413 Prophetam
1987 2346 2061 2397 si-

416 2432 603 2485 milem
628 2432 763 2491 tibi;
786 2448 917 2485 cum
940 2431 1126 2501 legam
1154 2433 1283 2501 quis
1305 2433 1357 2484 in
1379 2434 1576 2485 eodem
1602 2448 1842 2486 munere
1866 2432 2061 2503 populi

420 2519 575 2574 illius
604 2520 836 2589 regendi
866 2525 1039 2588 atque
1063 2520 1298 2573 decendi
1328 2521 1505 2591 Moysi
1531 2522 1799 2575 defuncto
1832 2538 2063 2575 succes-

423 2609 582 2663 serit.
605 2609 707 2670 Qui
730 2626 859 2662 cum
886 2626 969 2662 me
992 2609 1145 2662 velut
1170 2609 1506 2679 imperitum
1530 2610 1890 2679 riserit(talis
1908 2611 2063 2665 enim

422 2704 478 2752 et
498 2716 531 2751 a
555 2698 763 2751 Fausto
792 2697 1184 2767 describitur),
1211 2715 1323 2751 non
1347 2699 1609 2752 desinam
1644 2699 1937 2753 hominem
1962 2701 2063 2753 ad-

422 2786 537 2840 huc
566 2786 741 2841 etiam
774 2786 1125 2856 compellare
1150 2789 1190 2854 ί,
1225 2791 1281 2841 et
1310 2804 1342 2840 a
1373 2804 1576 2842 securo
1606 2788 1726 2841 risu
1760 2789 1829 2841 ad
1863 2805 2064 2843 curam

417 2874 811 2947 respondendi
844 2891 1131 2941 revocare,
1178 2876 1487 2945 quaerendo
1519 2881 1694 2947 atque
1725 2876 2063 2949 tlagitando,

418 2980 523 3018 cur
556 2963 745 3018 eidem
778 2962 888 3035 ipsi
915 2963 1112 3017 futuro
1136 2980 1240 3018 suo
1259 2965 1603 3032 successori,
1629 2966 1684 3019 in
1708 2966 1880 3036 cujus
1902 2981 2065 3021 com-

421 3054 725 3123 paratione
756 3052 1122 3123 improbatus
1143 3057 1251 3115 est,
1287 3058 1349 3106 ut
1378 3070 1491 3107 non
1525 3053 1650 3124 ipse
1670 3052 2066 3110 introduceret

418 3139 705 3211 populum
738 3141 794 3194 in
831 3145 1044 3195 terram
1079 3141 1523 3211 promissionis;
1560 3158 1630 3197 ne
1656 3142 1923 3198 videlicet
1954 3143 2065 3198 Lex

418 3244 522 3300 per
544 3227 778 3299 Moysen
805 3244 918 3282 non
935 3229 1003 3282 ad
1022 3228 1388 3294 salvandum,
1404 3231 1500 3284 sed
1519 3231 1585 3285 ad
1604 3231 2061 3285 convincendum

421 3320 780 3389 peccatorem
814 3317 969 3385 data,
1004 3318 1059 3371 in
1112 3334 1357 3388 regnum
1391 3318 1666 3374 cmlorum
1699 3320 2064 3375 introducere

418 3409 728 3477 putaretur
756 3406 935 3476 (Joan.
969 3422 1009 3472 1,
1041 3406 1150 3477 17),
1183 3407 1283 3461 sed
1314 3407 1499 3478 gratia
1531 3415 1588 3462 et
1616 3407 1826 3463 veritas
1850 3424 1952 3479 per
1969 3409 2063 3464 Je-

417 3510 551 3548 sum
574 3492 870 3548 Christum
898 3495 1078 3549 facta:
1105 3485 1359 3565 quaram
1388 3513 1523 3568 ergo
1546 3513 1580 3550 a
1607 3495 1827 3567 Judaeo,
1860 3514 1965 3552 cur
1983 3496 2062 3552 ei-

415 3582 550 3636 dem
571 3581 679 3653 ipsi
706 3582 900 3637 l‘uturo
927 3600 1032 3637 suo
1052 3585 1373 3639 successori
1398 3584 1622 3656 Moyses
1642 3601 1849 3641 nomen
1871 3590 2064 3641 muta-

410 3668 575 3725 verit.
594 3669 924 3725 Vocabatur
938 3670 1091 3725 enim
1114 3672 1377 3736 Ause’,et
1392 3672 2062 3743 appellaviteumJesum

414 3759 600 3828 (Num.
628 3776 748 3826 xm,
780 3760 833 3826 9,
867 3769 918 3815 et
945 3777 1057 3823 xw,
1090 3760 1169 3829 6).
1216 3765 1329 3815 Cur
1358 3762 1606 3833 denique
1638 3766 1777 3817 tunc
1809 3763 2062 3835 appella-

414 3851 582 3917 verit,
612 3850 844 3919 quando
863 3866 929 3903 ex
952 3848 1210 3904 convalle
1251 3849 1471 3905 Pharan
1516 3852 1798 3922 praemisit
1819 3854 1886 3907 ad
1911 3870 2064 3909 eam-

419 3938 554 3993 dem
577 3941 817 4001 terram,
841 3954 955 4007 quo
977 3943 1100 3992 erat
1132 3938 1381 4008 populus
1414 3941 1538 4009 ipso
1565 3942 1709 3996 duce
1737 3947 2019 3997 venturus
2038 3943 2067 3997 ?

419 4024 575 4081 Dixit
594 4026 749 4079 enim
774 4042 944 4080 verus
969 4027 1090 4096 ipse
1108 4027 1282 4082 Jesue
1300 4044 1312 4081 :
1330 4029 1453 4082 Etsi
1466 4031 1598 4093 iero,
1622 4034 1671 4083 et
1679 4047 2065 4100 praeparavero

418 4113 571 4169 vobis
603 4112 822 4176 locum;
854 4115 1053 4169 iterum
1086 4117 1319 4183 veniam,
1368 4125 1417 4170 et
1456 4134 1732 4172 assumam
1762 4135 1852 4174 vos
1883 4119 1953 4174 ad
1980 4136 2067 4175 me

417 4202 599 4270 (Ιοαη.
627 4219 742 4270 χιν,
763 4204 840 4274 3).
860 4205 1124 4267 Quaeram
1142 4204 1337 4271 etiam,
1361 4211 1558 4260 utrum
1580 4224 1691 4261 non
1711 4207 1846 4262 huic
1866 4208 2063 4279 ﬁgurae

417 4294 689 4347 attestetu
700 4309 726 4346 r
736 4293 1017 4363 propheta
1033 4294 1065 4347 d
1077 4293 1401 4364 icens,Deus
1413 4295 1666 4365 abA/‘rico
1678 4299 1928 4368 veniet,et
1941 4314 2066 4353 san-

414 4389 536 4435 ctus
556 4380 622 4435 de
642 4382 873 4436 Pharon
899 4383 1124 4449 (Habac.
1150 4400 1228 4451 ιιι,
1253 4384 1308 4455 3)
1336 4400 1347 4438 :
1378 4388 1653 4455 tanquam
1680 4386 2063 4456 diceret,Ejus

414 4469 675 4525 nominis
698 4471 883 4525 veniet
907 4472 1059 4526 Deus
1083 4478 1341 4542 sanctus,
1363 4475 1532 4543 cujus
1552 4475 1807 4529 nominis
1826 4481 1949 4531 erat
1965 4474 2063 4532 ille

417 4557 518 4628 qui
537 4559 693 4613 venit
710 4558 782 4613 ab
802 4560 988 4614 Africo
1008 4561 1078 4616 de
1099 4561 1348 4630 Pbaran,
1370 4562 1425 4615 id
1459 4567 1565 4629 est,
1599 4563 1789 4618 Jesus.
1827 4563 1948 4618 Huc
1970 4582 2062 4618 ac-

417 4646 739 4719 ceditquod
755 4647 905 4702 idem
926 4649 1117 4719 ipsum
1139 4650 1502 4704 DeiVerbum
1521 4650 2059 4724 intelligiturloqui,

416 4734 518 4792 ubi
542 4735 829 4807 promittit
852 4739 1121 4792 eumdem
1149 4739 1333 4809 ipsius
1356 4740 1618 4808 Moyseos
1640 4756 2060 4810 successorem,

414 4842 520 4898 per
532 4841 708 4898 quem
725 4824 974 4897 populus
991 4827 1045 4880 in
1064 4833 1273 4882 terram
1294 4828 1699 4899 promissionis
1716 4829 2059 4898 mitteretur,

415 4915 653 4971 nomine
682 4914 870 4986 angeli
896 4932 1027 4969 eum
1053 4916 1355 4987 appellans
1382 4934 1395 4983 ;
1422 4916 1571 4971 sicut
1593 4916 1764 4972 etiam
1796 4919 2063 4975 homines

414 5003 639 5077 aliquid
663 5003 1000 5059 nuntiantes
1030 5005 1085 5058 in
1112 5005 1414 5076 Scriptura
1435 5005 1630 5061 divina
1652 5006 1843 5061 solent
1865 5007 2062 5079 appel-

414 5090 523 5148 lari
554 5111 567 5149 ε
591 5097 647 5148 et
670 5092 750 5147 ita
770 5091 932 5159 dicit,
962 5095 1100 5147 Ecce
1129 5110 1225 5163 ego
1253 5096 1408 5150 mitto
1437 5096 1694 5163 angelum
1723 5112 1905 5151 meum
1934 5107 2063 5153 ante

414 5183 619 5253 faciem
638 5189 814 5249 lnam,
834 5187 894 5237 ul
914 5194 1092 5238 servet
1113 5188 1163 5238 te
1184 5186 1239 5237 in
1265 5186 1373 5255 via,
1393 5188 1444 5240 et
1462 5184 1683 5239 inducat
1706 5190 1755 5239 te
1776 5203 1831 5239 ιη
1858 5192 2061 5243 terram

415 5286 578 5340 quam
602 5273 799 5342 juran
849 5274 1006 5328 libi".
1070 5272 1296 5328 Attende
1345 5273 1465 5341 tibi,
1507 5279 1558 5328 et
1587 5274 1790 5329 obaudi
1816 5292 1961 5343 eum,
1992 5293 2063 5332 ne

480 5439 497 5506 ξ
532 5437 760 5506 ᾼ-ιιιηξίιι.
797 5446 848 5506 et
876 5443 1077 5506 aliquot
1105 5444 1247 5501 Msa,
1279 5441 1594 5506 compellere.

478 5502 502 5535 ί
530 5498 645 5569 Sic._
666 5502 783 5549 Mss.
816 5498 980 5569 juxta
1006 5506 1145 5554 LXX.
1183 5498 1247 5556 At
1268 5498 1397 5554 Amf
1415 5510 1465 5553 et
1484 5506 1566 5553 Er.
1588 5505 1742 5567 juxta
1762 5505 2057 5569 Vulgatam,

423 5560 710 5629 Vocabatur
737 5560 872 5612 enim
906 5568 1040 5616 Osee.
1079 5575 1217 5629 Lov.,
1265 5569 1546 5617 Vocabatur
1574 5560 1708 5615 Enim
1737 5560 1901 5618 J0me.

481 5625 503 5660 ³
534 5625 680 5697 Lava,
713 5638 869 5700 quam
892 5633 1185 5700 praeparavi
1208 5625 1334 5681 tibi.
1368 5632 1507 5681 Editi
1555 5643 1681 5679 vero
1719 5630 1807 5679 alii
1837 5636 1890 5681 et
1915 5634 2059 5696 Mea,

419 5700 575 5756 quam
601 5687 778 5751 iuravi
804 5687 918 5740 tibi.

2202 493 2311 532 non
2330 478 2518 533 credas
2536 478 2631 533 illi
2649 496 2667 532 :
2687 479 2833 533 nihil
2849 480 2993 534 enim
3017 477 3308 532 subtrahet
3327 478 3439 546 tibi,
3459 496 3642 536 nomen
3663 487 3795 539 enim

2196 582 2381 621 meum
2408 575 2489 623 est
2518 569 2573 621 in
2605 583 2665 623 eo
2696 567 2888 639 (Exod.
2933 584 3093 637 xxm,
3124 568 3213 635 20,
3244 567 3353 635 21).
3386 568 3525 633 Quid
3554 581 3633 625 est
3662 571 3795 626 hoc?

2200 655 2602 711 Perscrutetur
2625 656 2957 729 Scripturas
2986 654 3117 711 illas
3162 672 3277 710 non
3300 655 3423 725 jam
3453 657 3797 729 Manichacus,

2196 745 2296 799 sed
2335 744 2459 817 ipse
2499 745 2676 800 etiam
2706 746 2962 813 Judzeus,
2996 751 3049 800 et
3087 744 3279 799 videat
3311 748 3500 799 utrum
3531 747 3596 801 de
3626 746 3798 819 aliquo

2194 833 2413 905 Angela
2441 839 2598 890 Deux
2618 835 2850 905 dixerit,
2874 834 3080 890 Nomen
3105 851 3287 889 meum
3305 836 3454 890 estin
3481 835 3594 903 illo,
3618 837 3719 892 nisi
3741 839 3801 894 de

2194 922 2503 995 hoc,quem
2520 923 2975 979 introductorem
2991 923 3051 978 in
3067 923 3468 994 promissionis
3482 928 3681 980 terram
3697 926 3802 997 pol-

2194 1011 2418 1067 licetur.
2439 1012 2656 1069 Deinde
2673 1017 2893 1084 quierat
2910 1012 2967 1067 in
2990 1012 3329 1068 hominibus
3346 1012 3475 1083 quis
3492 1014 3659 1085 Moysi
3683 1030 3805 1070 suc-

2194 1116 2390 1157 cessor
2403 1100 2789 1157 introduxerit
2806 1101 3083 1174 populum
3101 1118 3114 1169 ;
3130 1105 3187 1157 et
3202 1102 3455 1157 inveniet
3467 1102 3658 1157 Jesum
3674 1118 3686 1157 :
3702 1120 3803 1161 non

2193 1188 2302 1244 hoc
2332 1190 2404 1245 ab
2437 1190 2604 1246 initio
2634 1189 2761 1244 vitae
2784 1207 2926 1259 suae,
2951 1190 3052 1245 sed
3076 1190 3312 1245 nomine
3333 1196 3553 1245 mutato
3573 1192 3806 1262 appella-

2193 1282 2342 1333 tum.
2382 1279 2488 1344 Qui
2519 1294 2655 1351 ergo
2686 1279 2850 1349 dixit,
2881 1283 3091 1336 Nomen
3136 1294 3318 1333 meum
3346 1283 3423 1334 est
3455 1280 3513 1334 in
3544 1279 3634 1334 illo
3663 1280 3806 1346 Jesu,

2193 1365 2316 1438 ipse
2333 1373 2421 1423 est
2436 1384 2606 1424 verus
2621 1368 2813 1434 Jesus,
2843 1373 3032 1423 rector
3060 1372 3117 1423 et
3145 1367 3351 1422 ductor
3379 1366 3572 1439 populi
3598 1367 3653 1422 in
3675 1367 3811 1425 hiare

2195 1455 2435 1512 ditatem
2452 1457 2576 1511 vitae
2608 1462 2854 1525 mternae,
2891 1457 3215 1512 secundum
3249 1458 3683 1512 Testamentum
3712 1456 3811 1512 No-

2192 1561 2352 1612 vum,
2403 1548 2571 1617 cujus
2622 1548 2810 1619 figura
2856 1551 2980 1601 erat
3026 1547 3466 1601 Testamentum
3515 1545 3708 1611 Vetus,
3740 1550 3816 1601 Ita

2193 1638 2476 1705 quantum
2509 1635 2719 1689 attinet
2749 1634 2819 1689 ad
2853 1633 3279 1705 propheticum,
3314 1650 3419 1688 nec
3451 1633 3592 1704 geri,
3617 1650 3714 1689 nec
3733 1634 3816 1688 di-

2193 1723 2244 1778 ci
2277 1723 2496 1794 aliquid
2533 1728 2729 1795 posset
2749 1722 3065 1795 insignius,
3090 1723 3570 1794 quandoquidem
3592 1739 3679 1778 res
3700 1740 3816 1794 per-

2193 1812 2367 1867 ducta
2396 1821 2487 1867 est
2518 1829 2700 1881 usque
2730 1813 2801 1867 ad
2836 1811 3091 1867 nominis
3126 1810 3584 1882 expressionem.

2264 1900 2496 1956 CAPUT
2526 1900 2641 1955 XX.
2674 1931 2744 1941 -—
2771 1899 3050 1971 Superest
3074 1905 3139 1955 ut
3164 1900 3408 1955 Judteus
3428 1898 3546 1967 ille,
3570 1899 3615 1955 si
3637 1897 3752 1953 vult
3770 1902 3821 1953 et

2192 1989 2253 2044 in
2283 1988 2626 2045 abscondito
2655 1988 2893 2045 Judaeus
2928 2005 3057 2044 esse
3087 2006 3200 2045 non
3243 1988 3462 2055 littera,
3496 1988 3595 2043 sed
3626 1987 3821 2059 spiritu

2192 2080 2365 2149 (Rom.
2394 2096 2455 2145 ιι,
2480 2079 2568 2149 29)
2596 2095 2608 2143 ;
2638 2079 2684 2133 si
2706 2077 2828 2133 vult
2848 2078 3104 2149 reputari
3129 2094 3300 2133 verus
3323 2076 3610 2141 Israelita,
3638 2077 3690 2130 in
3715 2092 3820 2147 quo

2191 2166 2361 2223 dolus
2394 2184 2508 2222 non
2542 2173 2629 2222 est
2657 2168 2838 2235 (Joan.
2873 2184 2914 2232 ι,
2944 2166 3055 2238 47),
3096 2167 3433 2222 recordetur
3462 2166 3520 2220 in
3553 2165 3736 2237 figura
3758 2163 3821 2220 il-

2190 2255 2314 2310 lum
2347 2259 2646 2310 mortuum
2668 2255 2894 2321 Jesum,
2919 2255 3017 2326 qui
3045 2253 3365 2309 introduxit
3388 2255 3447 2308 in
3475 2259 3684 2309 terram
3710 2268 3822 2307 mo-

2189 2344 2487 2407 rientium,
2514 2349 2571 2398 et
2602 2348 2878 2415 agnoscat
2912 2343 2969 2397 in
2992 2343 3231 2398 veritate
3250 2343 3449 2397 vivum
3472 2343 3696 2411 Jesum,
3718 2356 3823 2413 quo

2190 2433 2337 2488 duce
2355 2432 2533 2487 intret
2550 2432 2609 2486 in
2633 2436 2848 2487 terram
2869 2431 3207 2487 viventium.
3228 2432 3391 2487 Talis
3411 2432 3566 2487 enim
3581 2432 3699 2501 jam
3720 2446 3823 2485 non

2190 2522 2437 2576 acerbus
2476 2521 2709 2577 resistet
2741 2526 2863 2576 tam
2910 2522 3227 2593 perspicuae
3261 2521 3604 2592 prophetiae,
3639 2519 3735 2575 sed
3766 2535 3829 2573 ex

2189 2610 2886 2666 commemorationeJesu
2903 2610 3000 2681 qui
3016 2609 3411 2664 introduxitin
3427 2607 3831 2680 illampromis—

2188 2697 2369 2754 sionis
2388 2703 2624 2769 terram,
2646 2698 2804 2753 mitis
2822 2698 3085 2768 effectus,
3106 2698 3303 2753 audiet
3307 2698 3437 2768 jam
3454 2698 3467 2751 i
3476 2713 3648 2769 psum
3667 2697 3827 2766 cujus

2190 2803 2404 2843 nomen
2425 2785 2523 2841 ille
2548 2786 2817 2854 habebat,
2841 2787 3035 2842 verius
3056 2786 3531 2842 introducentem
3563 2790 3619 2841 et
3643 2786 3830 2840 dicen-

2188 2880 2328 2941 tem,
2360 2876 2513 2931 Beati
2531 2876 2709 2946 mites,
2729 2877 2986 2947 quoniam
3012 2876 3120 2946 ipsi
3140 2874 3471 2931 haereditate
3488 2873 3830 2947 possidebunt

2189 2968 2396 3021 terram
2426 2964 2640 3035 (Matth.
2672 2982 2726 3029 v,
2759 2964 2834 3035 4).
2869 2964 2971 3019 Hic
2993 2964 3118 3035 jam
3150 2965 3321 3020 etiem
3354 2963 3458 3019 ille
3490 2961 3755 3030 Gentilis,
3787 2960 3832 3017 si

2189 3070 2303 3109 non
2328 3053 2505 3109 nimis
2529 3052 2821 3124 lapideum
2847 3069 2946 3108 cor
2965 3053 3224 3116 haberet,
3248 3056 3347 3107 aut
3367 3054 3419 3107 si
3456 3069 3525 3108 ex
3549 3051 3667 3106 illis
3688 3052 3835 3106 esset

2188 3142 2483 3214 lapidibus
2506 3142 2579 3197 de
2602 3142 2817 3212 quibus
2839 3142 3082 3196 suscitat
3102 3142 3255 3197 Deus
3276 3140 3435 3197 filios
3466 3140 3713 3197 Abrahae
3735 3138 3830 3210 (id.

2189 3248 2272 3303 ιιι,
2302 3230 2381 3302 9),
2415 3247 2608 3286 nonne
2630 3231 2941 3285 miraretur
2962 3230 3018 3284 in
3053 3230 3243 3286 Libris
3274 3231 3544 3302 antiquis
3574 3229 3832 3300 ejusdem

2188 3320 2399 3392 gentis,
2421 3336 2491 3374 ex
2506 3335 2623 3389 qua
2641 3324 2814 3373 natus
2832 3317 3233 3389 perhiberetur
3248 3318 3448 3386 Jesus,
3468 3322 3594 3374 tam
3614 3317 3835 3373 eviden-

2188 3413 2303 3464 tem
2337 3410 2408 3463 de
2440 3407 2538 3462 illo
2571 3406 2961 3477 conscriptam
2989 3422 3117 3462 esse
3149 3406 3546 3479 prophetiam,
3582 3410 3647 3462 ut
3668 3406 3836 3461 etiam

2189 3513 2401 3552 nomen
2426 3496 2553 3565 ejus
2574 3494 2999 3566 exprimeretur
3023 3511 3035 3550 :
3065 3495 3361 3566 simulque
3387 3495 3469 3551 ibi
3494 3496 3840 3559 adverteret,

2190 3602 2302 3641 non
2337 3585 2659 3657 quemlibet
2689 3583 2985 3638 hominem
3020 3584 3360 3655 praedictum
3396 3584 3587 3640 fuisse
3620 3584 3838 3649 Jesum,

2190 3675 2290 3730 sed
2316 3674 2518 3745 utique
2540 3673 2745 3743 Deum,
2774 3689 2905 3727 cum
2931 3673 2989 3726 in
3013 3671 3251 3727 homine
3271 3671 3369 3726 illo
3396 3672 3499 3745 qui
3521 3671 3776 3744 regendo
3792 3674 3844 3724 et

2188 3762 2611 3818 introducendo
2636 3761 2692 3815 in
2718 3777 2961 3833 regnum
2989 3761 3202 3833 populo
3220 3762 3606 3831 constitutus,
3627 3765 3847 3816 mutato

2189 3852 2600 3908 nomiueJeeus
2615 3849 2941 3922 appellatus
2954 3856 3242 3919 est,suum
3261 3867 3477 3906 nomen
3495 3851 3845 3907 inesseDeus

2188 3942 2425 4010 diceret,
2449 3955 2705 4011 eumque
2728 3938 3001 4011 angelum
3028 3939 3359 3993 nominaret
3385 3964 3400 4005 ;
3435 3956 3507 3995 eo
3541 3940 3674 4011 ipso
3697 3936 3849 4010 quod

2190 4034 2413 4085 mutato
2455 4029 2694 4083 nomine
2733 4028 3093 4093 mittebatur,
3122 4044 3402 4100 magnum
3440 4028 3673 4101 aliquid
3708 4024 3847 4081 divi-

2188 4134 2451 4189 numque
2473 4117 2841 4171 nuntiantem
2859 4116 2887 4170 ?
2906 4116 3182 4173 Nuntium
3204 4116 3422 4188 quippe
3441 4134 3637 4189 graece
3666 4118 3849 4187 Ange-

2188 4208 2308 4263 lum
2327 4208 2462 4273 dici,
2483 4205 2616 4277 quis
2630 4203 2728 4258 illa
2745 4203 2948 4276 lingua
2962 4204 3047 4260 vel
3066 4204 3319 4260 tenuiter
3333 4205 3566 4261 tinctus
3588 4201 3854 4277 ignoret?

2187 4296 2576 4361 Quamobrem
2594 4292 3161 4365 quilibetGentilis,si
3178 4310 3492 4365 perversos
3506 4294 3856 4367 etpervicax

2186 4400 2315 4441 esse
2361 4381 2562 4448 nollet,
2587 4399 2697 4438 non
2726 4382 2855 4437 ideo
2877 4382 3079 4439 Libros
3101 4382 3235 4439 illos
3257 4385 3691 4441 contemneret.
3716 4381 3853 4454 quia

2187 4477 2382 4529 essent
2401 4471 2644 4536 Hebraei,
2668 4471 2837 4542 cujus
2860 4471 3048 4543 gentis
3072 4469 3197 4543 lege
3228 4487 3340 4526 non
3371 4473 3724 4528 teneretur:
3750 4467 3853 4525 sed

2187 4561 2502 4634 cujuslibet
2522 4558 2713 4633 gentis
2734 4559 2916 4616 libros
2936 4560 3065 4616 ideo
3084 4560 3281 4631 magni
3301 4561 3617 4631 penderet,
3639 4558 3855 4632 quiain

2184 4652 2268 4707 eis
2291 4656 2449 4706 tanto
2464 4657 2598 4704 ante
2611 4650 2941 4720 conscripta
2955 4649 3254 4717 inveniret,
3272 4665 3399 4719 quae
3414 4648 3548 4705 suis
3554 4650 3581 4719 j
3589 4665 3687 4703 am
3704 4654 3853 4702 tem-

2187 4737 2429 4810 poribus
2442 4736 2685 4807 impleta
2697 4740 3089 4807 cognosceret:
3106 4735 3413 4806 ipsumque
3427 4736 3748 4791 Christum
3763 4734 3854 4789 Ιο-

2186 4843 2319 4882 sum
2340 4842 2455 4880 non
2478 4830 2781 4896 propterea
2801 4829 3117 4895 sperneret,
3138 4824 3277 4896 quia
3292 4824 3623 4879 Hebraicis
3641 4824 3855 4879 litteris

2185 4913 2642 4985 praenuntiatum
2666 4912 2924 4978 videret;
2957 4913 3057 4967 sed
3093 4912 3287 4984 potius
3309 4928 3471 4980 eum,
3503 4913 3614 4984 qui
3639 4910 3858 4969 litteris

2186 5001 2565 5077 quibuslibet,
2582 5004 2895 5071 antequam
2915 5000 3066 5056 inter
3078 5000 3345 5056 homines
3359 5006 3741 5064 nasceretur,
3758 5015 3859 5071 per

2183 5098 2267 5148 tot
2289 5089 2588 5147 volumina
2612 5090 2980 5156 saeculorum,
3008 5090 3220 5162 partim
3250 5090 3669 5162 apertioribus
3694 5087 3861 5145 testi-

2186 5180 2420 5248 moniis,
2444 5178 2654 5253 partim
2676 5194 2868 5234 rerum
2888 5183 3186 5250 gestarum
3202 5184 3257 5234 et
3273 5193 3632 5235 sermonum
3648 5176 3858 5251 ﬁguris

2183 5276 2241 5328 et
2261 5268 2647 5327 sacramentis
2668 5267 2748 5322 ita
2772 5268 3149 5339 praenuntiari
3169 5266 3711 5341 commendarique
3736 5282 3860 5323 me-

2185 5360 2419 5424 ruisset,
2436 5373 2569 5412 cum
2584 5356 2804 5427 ingenti
2818 5356 3201 5412 admiratione
3214 5357 3497 5413 etdevota
3523 5352 3857 5428 religione‘

2184 5447 2524 5505 sectandum
2547 5445 3058 5517 venerandumque
3071 5442 3547 5502 censeret.Itailli
3564 5460 3640 5500 ex
3651 5457 3858 5501 rerum

2183 5536 2641 5596 Christianarum
2655 5534 2781 5606 jam
2798 5535 3159 5606 praasentatis
3177 5534 3503 5601 effectibus,
3531 5533 3854 5589 Librorum

2248 5701 2264 5735 ¹
2292 5698 2489 5749 Omnes
2518 5696 2663 5755 Msa,
2696 5696 2745 5743 et
2774 5691 2950 5744 debita
2976 5692 3246 5759 religione.
