4052 6184
213 410 299 475 337
1345 404 1579 466 LIBER
1623 406 1931 467 SEXTUS
1978 407 2348 467 DECIMUS.

215 561 316 601 cum
334 543 392 597 ad
418 539 737 596 helluonem
753 539 862 594 hoc
877 538 1063 610 magis
1086 539 1389 610 pertineat,
1406 543 1470 593 ut
1490 539 1651 594 nulla
1673 540 1789 594 dis-

210 637 385 699 cernat;
405 636 495 685 aut
522 629 570 684 si
589 628 887 693 discernit,
916 630 1183 684 suaviora
1208 628 1400 700 eligat.
1426 632 1509 683 An
1535 627 1643 683 hoc
1661 629 1791 684 ideo

210 723 407 785 dicis,ut
427 717 707 790 imperitis
746 716 1102 772 continentia
1131 722 1229 772 tua
1266 717 1424 772 velut
1455 717 1526 771 ab
1554 718 1790 772 ineunte

209 816 338 866 astate
364 808 613 863 miranda
643 806 925 869 videatur,
961 806 1128 877 quasi
1171 808 1481 873 nescentis,
1532 806 1617 862 vel
1662 810 1788 877 jam

207 898 565 969 ohliti,quanto
583 896 1106 965 jucundiussapiat
1131 896 1386 966 porcina,
1404 912 1578 966 quam
1603 913 1791 951 verve-

206 985 442 1041 cina?Sed
468 984 607 1055 quia
628 989 683 1038 et
702 983 813 1038 ista
836 983 1061 1054 Moyses
1086 983 1289 1055 ﬁguris
1326 984 1680 1055 prepheticis
1719 984 1791 1038 de
1828 975 1840 988 ’

202 1076 381 1131 Christo
400 1073 649 1144 scripsit,
675 1072 734 1126 in
766 1071 1115 1127 animalium
1150 1072 1427 1127 carnibus
1449 1072 1789 1144 signiﬁcans

204 1164 439 1229 homines,
458 1161 543 1216 vel
594 1161 1050 1233 incorporandos
1098 1161 1309 1217 Christi
1346 1162 1595 1234 corpori,
1632 1162 1786 1233 quod

200 1265 263 1309 est
290 1251 545 1311 Ecclesia;
575 1250 662 1306 vel
686 1251 1045 1322 respuendos
1072 1268 1085 1318 ;
1111 1267 1210 1305 vos
1241 1267 1469 1321 quoque
1500 1253 1648 1305 inter
1680 1251 1788 1305 im-

201 1343 372 1399 munda
396 1340 682 1412 ﬁguravit,
720 1340 819 1411 qui
852 1344 1127 1411 proptera
1155 1339 1286 1394 fidei
1331 1338 1635 1394 catholicas
1672 1356 1786 1394 non

197 1429 629 1500 convenitis,quia
642 1444 745 1483 nec
771 1429 1087 1483 ruminatis
1111 1429 1353 1483 verbum
1378 1428 1699 1499 sapientiae,
1732 1433 1790 1483 et

198 1522 283 1576 duo
306 1520 680 1582 Testamenta,
712 1516 895 1571 Vetus
920 1523 976 1571 et
1002 1517 1245 1583 Novum,
1283 1534 1396 1571 non
1428 1516 1791 1572 concorditer

197 1610 569 1680 distinguentes
600 1612 892 1677 tanquam
917 1606 1213 1677 geminam
1240 1605 1520 1677 ungulam
1546 1623 1659 1661 non
1684 1606 1784 1660 ha-

199 1698 324 1753 betis.
353 1696 482 1761 Quis
515 1702 711 1750 autem
744 1695 890 1749 ferat
922 1701 976 1749 te
998 1710 1233 1765 quoque
1262 1694 1556 1749 Adimanti
1612 1694 1788 1750 vestri

195 1787 427 1843 fallaciam
452 1803 570 1841 non
604 1785 885 1856 puduisse
917 1784 1125 1839 sectari
1154 1785 1181 1839 ‘?

244 1875 441 1931 CAPUT
460 1874 653 1930 XXXI.
691 1906 753 1915 —
792 1873 947 1928 Dicis
999 1873 1153 1927 enim
1188 1878 1245 1928 et
1283 1878 1368 1936 tu,
1410 1873 1683 1929 Christum
1711 1875 1791 1927 sic

195 1966 382 2020 docuisse
398 1965 649 2020 ciborum
667 1962 1129 2034 indifferentiam,
1149 1966 1256 2017 uta
1270 1965 1383 2017 suis
1394 1963 1614 2033 quidem
1634 1962 1791 2017 disci-

194 2056 300 2125 pulis
312 2070 475 2109 omnes
497 2068 692 2107 carnes
706 2054 923 2123 penitus
946 2061 1261 2121 removeret,
1287 2052 1645 2107 saeularibus
1666 2067 1789 2107 vero

194 2144 307 2213 vulgo
317 2142 614 2197 concederet
630 2143 816 2197 omnia
832 2154 956 2213 qua:
966 2145 1180 2205 possent
1192 2140 1299 2206 edi;
1314 2149 1473 2212 atque
1484 2156 1787 2195 asservera-

192 2230 372 2302 relquod
384 2247 466 2287 eos
480 2230 636 2286 nihil
655 2232 715 2284 in
748 2246 810 2283 os
850 2232 1065 2284 intrans
1090 2229 1380 2300 pollueret,
1417 2230 1548 2299 quia
1576 2245 1695 2299 qua
1726 2228 1791 2284 de

192 2336 256 2375 ore
277 2319 601 2390 impudenter
624 2319 947 2390 procedunt,
983 2334 1048 2373 ea
1076 2319 1196 2373 sola
1222 2322 1347 2373 sunt
1378 2333 1505 2390 qum
1531 2317 1790 2388 polluant

192 2408 588 2464 hominem.Ha:c
612 2408 784 2462 verba
806 2411 905 2461 tua
937 2411 1096 2476 sunt,
1132 2410 1296 2461 tanto
1338 2406 1787 2477 impudentiore,

192 2502 360 2567 quanto
394 2497 685 2568 apertiore
709 2496 1010 2551 mendacio
1034 2496 1379 2566 deprompta
1409 2501 1466 2550 et
1495 2511 1788 2566 expressa.

189 2585 337 2641 Primo
364 2587 497 2657 quia
525 2587 852 2641 secundum
875 2584 1088 2640 Christi
1112 2586 1486 2650 sententiam,
1509 2584 1557 2640 si
1581 2601 1649 2639 ea
1669 2583 1791 2639 sola

190 2675 409 2744 polluant
430 2675 758 2740 hominem,
777 2690 904 2744 quae
933 2672 1087 2728 mala
1109 2689 1175 2727 ex
1198 2689 1295 2728 ore
1311 2673 1631 2744 procedunt
1656 2690 1668 2740 ;
1689 2690 1795 2727 cur

186 2763 534 2835 etdiscipulos
565 2763 781 2817 Christi
806 2778 921 2817 non
960 2779 1028 2817 ea
1048 2761 1172 2817 sola
1194 2762 1546 2833 polluerunt,
1580 2766 1644 2816 ut
1675 2778 1788 2817 non

188 2854 276 2907 eos‘
296 2859 567 2923 tanquam
601 2852 672 2907 ab
708 2851 1034 2906 immundis
1064 2851 1339 2906 carnibus
1372 2856 1527 2906 esset
1557 2867 1792 2906 necesse

184 2940 460 3010 prohiberi?
482 2945 574 2996 An
606 2939 901 2996 seculares
932 2940 1200 2995 homines
1224 2956 1339 2994 non
1375 2938 1678 3011 pelluntur
1699 2939 1791 2995 his

183 3046 277 3098 qua
300 3032 349 3085 in
367 3048 429 3086 os
469 3031 719 3097 intrant,
745 3030 846 3085 sed
880 3029 974 3084 his
999 3045 1125 3099 quae
1156 3045 1224 3083 ex
1246 3045 1341 3083 ore
1364 3028 1614 3084 exeunt?
1646 3029 1790 3100 Ergo

184 3119 480 3175 munitiores
495 3124 646 3174 sunt
664 3119 945 3173 adversus
966 3117 1404 3173 immunditiam
1423 3134 1600 3189 quam
1621 3135 1789 3173 sanc~

182 3206 271 3268 ti,si
288 3214 510 3264 sanctos
538 3213 675 3263 etea
698 3224 824 3279 quae
854 3207 1163 3277 intrant,et
1176 3223 1243 3261 ea
1274 3224 1401 3277 quae
1424 3210 1638 3261 exeunt
1658 3224 1793 3279 pos-

182 3295 849 3367 suntinquinare.Vellem
865 3300 1061 3350 autem
1084 3294 1181 3350 isti
1205 3295 1792 3367 mihidicerent,quid

180 3386 534 3443 manducabat
556 3390 612 3441 et
630 3384 867 3439 bibebat
879 3384 1276 3455 Cbristus,qui
1290 3383 1347 3437 in
1364 3383 1794 3455 comparatione

180 3470 380 3528 Joannis
402 3491 517 3529 non
568 3474 980 3528 manducantis
1024 3488 1213 3544 neque
1256 3472 1531 3538 bibentis,
1564 3489 1626 3528 se
1650 3473 1798 3528 dixit

180 3563 600 3618 manducantem
622 3568 679 3617 et
699 3561 1180 3618 bibentem?cum
1203 3562 1359 3616 enim
1385 3568 1654 3634 argueret
1667 3580 1795 3634 per-

180 3652 470 3708 versitatem
484 3651 821 3716 hominum,
838 3650 1147 3722 utrobique
1161 3649 1490 3706 calumnias
1503 3650 1799 3722 inquiren-

179 3740 314 3809 tium,
343 3741 494 3797 l’enit
518 3743 694 3811 enim,
718 3740 931 3811 inquit,
954 3741 1187 3796 Joannes
1208 3756 1315 3795 non
1342 3744 1678 3796 manducans
1710 3757 1800 3796 ne-

180 3844 256 3897 que
285 3829 479 3896 bibens,
513 3839 572 3885 et
599 3828 807 3899 dicunt,
838 3829 1187 3885 Daemonium
1225 3828 1420 3885 habet:
1444 3832 1593 3885 venit
1624 3830 1799 3885 Filius

180 3914 377 3974 hominis
406 3918 757 3975 mandamus
781 3922 830 3973 et
859 3918 1129 3986 bibens,et
1152 3917 1361 3985 dicunt,
1384 3921 1522 3974 Ecce
1534 3918 1690 3974 homo
1707 3934 1796 3975 vo-

184 4021 262 4061 rax
279 4018 323 4063 et
350 4009 655 4068 vinarius’.
687 4009 896 4063 amicus
925 4009 1341 4079 publicanorum
1377 4015 1427 4063 et
1451 4012 1799 4078 peccatorum

180 4092 351 4163 (Hatth.
386 4115 465 4164 x1,
496 4096 721 4165 18,19).
759 4097 827 4152 Et
853 4096 1095 4152 Joannis
1117 4097 1354 4168 quidem
1379 4113 1574 4152 escam
1606 4102 1663 4152 et
1694 4115 1799 4169 pu-

178 4187 273 4238 tum
287 4188 590 4243 novimus:
611 4203 721 4240 non
743 4185 898 4240 enim
915 4186 1134 4240 dictum
1151 4189 1238 4240 est
1254 4186 1408 4256 quod
1423 4186 1661 4241 omnino
1685 4202 1799 4241 non

180 4270 382 4335 biberet:
410 4277 511 4333 sed
534 4275 688 4341 quod
716 4275 916 4329 vinum
935 4280 991 4329 et
1013 4275 1257 4329 siceram
1274 4290 1387 4329 non
1404 4273 1628 4329 biberet
1647 4276 1799 4345 (Luc.

180 4376 209 4429 1,
230 4363 303 4434 15)
324 4381 335 4418 :
356 4364 601 4420 bibebat
646 4380 782 4434 ergo
832 4379 1066 4433 aquam.
1101 4362 1279 4418 Cibus
1311 4368 1504 4418 autem
1527 4365 1654 4433 ejus
1686 4381 1802 4419 non

180 4452 382 4508 omnino
430 4452 642 4509 nullus
690 4460 834 4517 erat,
869 4452 967 4507 sed
1018 4450 1258 4507 locustis
1288 4456 1345 4506 et
1376 4451 1489 4506 mel
1539 4453 1804 4509 silvestre

179 4538 365 4605 (Matth.
406 4560 489 4608 Ill,
518 4543 598 4612 4).
634 4540 795 4596 Unde
824 4556 960 4612 ergo
999 4540 1191 4595 dictus
1219 4544 1307 4595 est
1337 4558 1444 4595 non
1468 4540 1805 4596 manducans

180 4642 322 4699 neque
349 4632 562 4695 bibens,
588 4630 699 4685 nisi
733 4631 871 4702 quia
893 4628 991 4684 illo
1022 4628 1173 4684 victu
1207 4646 1323 4700 quo
1347 4629 1531 4684 Judaei
1562 4631 1804 4685 uteban-

180 4718 366 4787 tur,ille
382 4738 498 4776 non
516 4718 939 4775 utebatur?Hoc
953 4734 1087 4791 ergo
1101 4718 1384 4773 Dominus
1398 4717 1510 4772 nisi
1526 4722 1804 4788 uteretur,

182 4808 346 4861 nonin
366 4809 496 4878 ejus
524 4806 962 4878 comparatione
985 4806 1325 4861 manducans
1347 4806 1806 4878 bibensquedice-

182 4898 422 4952 retur.An
448 4899 599 4953 forte
621 4896 751 4952 ideo
773 4895 909 4967 quia
930 4911 1079 4967 pane
1114 4900 1171 4950 et
1219 4894 1477 4950 oleribus
1527 4896 1807 4952 Dominus

184 4986 516 5053 vescebatur,
538 4985 755 5058 quibus
775 4984 1028 5039 Joannes
1052 5000 1167 5039 non
1189 4984 1530 5040 vescebatur
1548 4984 1574 5039 ‘l
1590 4986 1805 5041 Mirum

182 5068 335 5128 sinon
355 5074 698 5130 manducans
731 5074 965 5142 dicitur,
998 5073 1097 5144 qui
1130 5072 1384 5129 locustae
1419 5076 1476 5128 et
1506 5073 1616 5129 mel
1649 5091 1809 5129 com-

185 5161 310 5229 edit;
328 5168 383 5217 et
400 5163 750 5220 manduca-ns
771 5161 1005 5232 dicitur,
1020 5161 1119 5232 qui
1141 5178 1288 5233 pane
1310 5171 1481 5231 atque
1503 5162 1656 5218 olere
1679 5180 1811 5217 con-

186 5252 353 5307 tentus
377 5258 487 5308 est.
523 5254 633 5308 Sed
654 5252 723 5307 de
744 5251 887 5307 cibis
908 5249 1291 5322 suspicamini
1315 5251 1560 5322 quiquid
1591 5251 1808 5320 vultis;

187 5345 312 5396 certe
330 5342 519 5397 bibens
548 5351 598 5398 et
617 5342 901 5396 vinarias3
924 5356 1040 5394 non
1058 5339 1490 5408 diceretur,nisi
1516 5340 1715 5395 vinum
1732 5339 1811 5395 bi-

189 5424 322 5486 heret
344 5447 358 5484 :
382 5448 493 5487 cur
521 5447 658 5503 ergo
690 5435 747 5486 et
776 5429 886 5484 hoc
907 5445 1009 5483 vos
1032 5428 1402 5483 immundum
1424 5429 1682 5501 putatis?
1702 5429 1811 5485 Ne-

242 5573 254 5603 ⁸
276 5571 428 5637 Εάἱιί,
462 5577 521 5622 ut
562 5586 658 5637 eos;
708 5572 907 5637 omissa
937 5574 1167 5634 negante
1216 5570 1493 5634 particula,
1545 5586 1707 5637 quam
1750 5586 1814 5623 ex

190 5633 351 5692 Probae
379 5639 529 5687 nota
565 5633 684 5685 Mss.
717 5633 1035 5684 addidimus.

238 5696 257 5729 ³
280 5697 360 5746 Er.
394 5698 567 5756 Ludg.
593 5704 644 5748 et
664 5698 815 5756 Ven.,
845 5696 1103 5746 vinauria.
1156 5695 1225 5744 Μ.

239 5757 258 5792 ³
283 5759 367 5813 Er.
395 5757 571 5825 Lugd.
600 5765 651 5812 et
674 5762 832 5821 Ven.,
860 5759 1117 5810 vinauria.
1182 5758 1253 5808 Μ.

3430 407 3553 468 338

1911 556 2023 611 que
2054 540 2230 595 emim
2264 540 2381 594 haec
2415 544 2649 612 propter
2668 540 3079 596 continentiam
3096 540 3555 613 diciplinamque

1912 629 2187 685 domandi
2223 629 2476 699 corporis
2508 637 2743 703 tangere
2775 632 3114 703 prohibetis,
3132 632 3230 686 sed
3264 633 3416 703 quod
3442 632 3552 686 im-

1913 719 2133 773 munda
2151 719 2270 773 sint
2299 737 2310 773 :
2343 735 2472 774 nam
2497 736 2562 775 ea
2586 721 2784 775 sordes
2802 725 2858 775 et
2877 720 2946 775 fel
2965 720 3156 792 gentis
3179 721 3549 776 tenebrarum

1912 823 2039 863 esse
2066 807 2403 878 perhibetis,
2429 814 2631 863 contra
2653 810 2991 879 Apostolum
3018 809 3328 878 dicentem,
3358 811 3554 865 Omnia

1911 897 2115 951 munda
2163 897 2525 965 mundis(Tit.
2564 914 2599 963 ι,
2630 898 2735 963 15).
2782 902 2919 953 Ecce
2950 898 3049 970 qui
3100 900 3318 954 audent
3366 898 3554 954 dicere

1909 984 2199 1039 Christum
2222 986 2622 1040 indifferentia:
2644 987 2904 1041 ciborum
2924 988 3557 1060 magistrum,discipu-

1912 1072 1999 1128 los
2031 1079 2224 1128 tamen
2251 1092 2356 1129 suo
2388 1074 2548 1129 abiis
2569 1074 2953 1146 prohibuisse,
2976 1076 3554 1148 quaeimmundaipsi

1915 1166 2140 1234 putant.
2162 1162 2460 1218 Ostendite
2479 1163 2572 1216 ubi
2595 1164 2707 1218 ista
2724 1180 2755 1217 a
2772 1163 3074 1235 discipulis
3088 1165 3213 1219 suis
3230 1167 3555 1229 removerit,

1911 1250 2857 1323 fallaces,improbi;verumtamen
2881 1252 3240 1307 Deivindicis
3254 1254 3557 1324 providen-

1910 1340 1994 1395 tia
2019 1340 2096 1394 ite
2131 1341 2347 1408 caecati,
2372 1346 2439 1395 ut
2460 1341 2632 1395 etiam
2666 1343 3087 1396 commoneatis
3117 1358 3224 1397 nos
3242 1342 3396 1397 unde
3427 1359 3559 1398 con-

1911 1430 2379 1484 vincamini.Non
2398 1430 2515 1484 vim
2540 1430 2726 1500 patior
2743 1429 2813 1485 ab
2836 1430 3031 1484 animo
3057 1446 3203 1500 meo,
3233 1430 3345 1485 nisi
3368 1435 3555 1486 totum

1910 1518 2105 1589 ipsum
2126 1518 2413 1589 Evangelii
2430 1519 2935 1590 capitulum,quod
2952 1519 3057 1574 iste
3078 1520 3387 1575 adversum
3405 1520 3559 1591 Moy-

1912 1622 2013 1661 sen
2033 1623 2324 1677 opponere
2348 1606 2552 1673 voluit,
2589 1608 3331 1679 inspicienduminseruero
3352 1626 3364 1663 :
3384 1614 3450 1663 ut
3480 1610 3559 1663 ibi

1909 1694 2210 1750 videamus
2237 1712 2414 1766 quam
2441 1697 2648 1750 falsum
2674 1696 2771 1761 sit,
2789 1697 3115 1767 quodfprior
3129 1698 3562 1766 Adimantus,et

1912 1784 2083 1838 modo
2106 1784 2815 1851 Fautusdixit,Dominum
2840 1785 3089 1840 Jesuma
3110 1786 3417 1858 discipulis
3434 1788 3557 1842 suis

1910 1888 2116 1928 carnes
2144 1874 2458 1929 vescendas
2482 1874 2815 1939 removisse,
2835 1891 3050 1945 easque
3075 1874 3246 1946 vulgo
3269 1876 3559 1930 saeculari-

1912 1962 2022 2016 bus
2054 1963 2413 2017 concessisse
2437 1966 2533 2032 (a).
2556 1962 2776 2034 Nempe
2808 1979 2938 2017 cum
2969 1963 3368 2035 respondisset
3398 1964 3553 2019 calu-

1912 2052 2279 2106 mniantibus
2294 2053 2447 2121 quod
2464 2069 2574 2107 non
2591 2051 2724 2105 lotis
2742 2052 3015 2106 manibus
3030 2054 3558 2118 manducarent,ita

1911 2140 2177 2211 sequitur
2194 2140 2698 2211 Evangeliuszt
2726 2144 3026 2196 convocatis
3061 2142 3255 2207 turbis,
3299 2145 3378 2197 ait
3418 2144 3556 2198 illis.

1910 2230 2109 2284 Audite
2130 2238 2180 2284 et
2206 2230 2518 2299 intelligite.
2544 2229 2657 2284 Non
2691 2232 2842 2299 quod
2872 2231 3044 2285 intrat
3066 2233 3123 2285 in
3146 2247 3221 2297 os,
3255 2236 3558 2286 communi-

1910 2327 2003 2374 cat
2040 2319 2320 2373 hominem
2344 2338 2365 2383 ;
2394 2319 2483 2373 sed
2511 2318 2651 2391 quod
2680 2319 2920 2389 procedit
2964 2319 3029 2375 de
3058 2336 3168 2387 ore,
3195 2322 3563 2375 communicat

1911 2409 2207 2464 hominem.
2233 2409 2373 2463 Tunc
2393 2408 2705 2463 accedentes
2722 2407 3007 2480 discipuli,
3021 2409 3282 2464 dixerunt
3309 2410 3381 2465 ad
3401 2426 3527 2464 eum
3544 2430 3562 2464 :

1913 2496 2030 2552 Scis
2049 2496 2188 2568 quod
2208 2498 2486 2554 Pharisaei
2504 2497 2701 2553 audito
2720 2498 2818 2553 hoc
2838 2497 2999 2553 verba
3014 2498 3214 2554 scanda
3225 2497 3390 2554 litati
3407 2499 3566 2554 sunt?

1911 2585 2016 2642 Hic
2040 2591 2194 2642 certe
2225 2602 2258 2641 a
2283 2586 2589 2657 discipulis
2613 2587 3020 2658 compellatus,
3048 2588 3251 2642 debuit
3268 2604 3386 2654 eos,
3412 2588 3567 2643 sicut

1912 2675 2011 2732 isti
2022 2674 2242 2737 volunt,
2260 2674 2488 2745 proprie
2502 2676 2707 2730 docere
2725 2676 2798 2730 ab
2811 2675 3087 2731 omnibus
3102 2676 3379 2732 carnibus
3391 2677 3569 2731 absti-

1913 2763 2195 2828 nondum,
2222 2768 2287 2817 ut
2313 2761 2456 2816 illud
2483 2764 2636 2832 quod
2661 2779 2841 2833 supra
2861 2763 3028 2828 dixit,
3063 2764 3180 2818 Non
3202 2763 3344 2834 quod
3389 2766 3566 2818 intrat

1914 2854 1973 2908 in
1995 2867 2072 2918 os,
2104 2852 2467 2906 communicat
2496 2852 2800 2906 hominem:
2821 2851 2916 2905 sed
2940 2853 3083 2922 quod
3102 2854 3346 2923 procedit
3366 2853 3431 2908 de
3449 2868 3563 2921 ore,

1915 2940 2103 2996 turbis
2135 2941 2351 2995 dixisse
2371 2940 2682 2995 videretur.
2706 2944 2999 3011 Sequatur
3013 2956 3149 3013 ergo
3176 2941 3561 3014 Evangelista.

1916 3035 1972 3087 et
1989 3031 2145 3085 dicat
2162 3029 2300 3101 quid
2317 3029 2443 3100 jam
2467 3046 2581 3084 non
2605 3028 2920 3095 turbis,sed
2936 3029 3241 3101 discipulis
3256 3032 3565 3102 responde-

1917 3121 1990 3173 rit
2016 3118 2317 3175 Dominus.
2342 3119 2407 3174 At
2429 3119 2524 3173 ille
2559 3117 2891 3190 respondens
2924 3121 3045 3172 ait:
3071 3124 3267 3175 Omnis
3296 3122 3565 3191 plantalio

1920 3225 2085 3280 quam
2107 3224 2218 3263 non
2239 3208 2509 3275 plantavit
2537 3209 2700 3263 Pater
2721 3223 2872 3263 meus
2890 3209 3139 3279 caelestis,
3162 3210 3563 3265 erudi‘cabz'lur.

1915 3299 2099 3354 Sinite
2128 3298 2273 3362 illos,
2306 3299 2433 3352 cwci
2460 3301 2589 3351 sunt
2608 3297 2768 3351 duces
2782 3311 3069 3353 caecorum.
3124 3298 3307 3353 Caecus
3319 3308 3499 3354 autem
3520 3299 3568 3354 si

1923 3403 2128 3442 caecum
2147 3385 2326 3451 ducat,
2340 3387 2498 3439 ambo
2522 3387 2582 3439 in
2594 3387 2810 3456 foveam
2827 3386 3043 3441 cadunt.
3061 3389 3175 3441 Hoc
3192 3387 3394 3457 utique
3415 3389 3564 3455 ideo,

1920 3476 2060 3547 quia
2083 3474 2427 3530 traditiones
2446 3491 2585 3529 suas
2601 3474 2860 3529 volentes
2882 3480 3158 3544 statuere,
3177 3477 3455 3531 mandata
3468 3476 3566 3530 Dei

1921 3581 2036 3620 non
2066 3562 2488 3634 intelligebant.
2524 3562 2635 3617 Sed
2655 3563 2916 3618 nondum
2932 3563 3566 3634 quaesierantdiscipuli

1922 3671 1955 3709 a
1969 3652 2564 3723 Magistro,quomodo
2578 3651 2688 3722 ipsi
2705 3667 2735 3722 q
2748 3652 2861 3706 uod
2882 3652 3070 3707 turbis
3094 3653 3566 3723 dixerat,accipe-

1924 3759 1983 3797 re
2006 3742 2302 3797 deberent.
2338 3741 2478 3796 Ecce
2501 3744 2556 3795 et
2580 3740 2688 3796 hoc
2713 3740 2959 3796 ﬁtznam
2997 3741 3251 3795 contexit
3274 3741 3569 3812 Evangeli-

1926 3836 2039 3900 sta,
2062 3835 2119 3885 et
2142 3830 2304 3895 dicit,
2332 3828 2674 3899 Respondens
2706 3837 2889 3884 autem
2909 3830 3107 3884 Petrus
3136 3832 3217 3885 ait
3238 3831 3329 3885 illi
3349 3848 3368 3884 :
3389 3831 3569 3886 Narra

1926 3921 2084 3976 nobis
2098 3919 2419 3990 parabolam
2432 3920 2618 3973 istam.
2645 3918 2788 3973 Hinc
2805 3918 3190 3989 intelligimus
3212 3919 3444 3975 Petrum
3468 3936 3569 3991 pu-

1925 4014 2105 4073 tasse,
2137 4024 2254 4062 non
2279 4007 2530 4078 proprie,
2563 4022 2669 4061 nec
2707 4011 2904 4077 aperte
2946 4006 3260 4063 Dominum
3308 4007 3568 4063 locutum

1926 4098 2109 4153 fuisse
2141 4112 2274 4150 cum
2306 4095 2545 4160 diceret,
2568 4096 2684 4151 Non
2714 4095 2852 4165 quod
2883 4097 3056 4150 intrat
3081 4098 3139 4150 in
3170 4100 3571 4162 os,communi-

1926 4190 2014 4241 cat
2038 4187 2313 4241 hominem
2326 4202 2345 4246 ;
2368 4184 2461 4240 sed
2491 4185 2629 4254 quod
2648 4183 2889 4255 procedit
2916 4184 2981 4239 de
3001 4201 3123 4240 ore:
3145 4186 3267 4251 sed,
3297 4191 3363 4240 ut
3402 4188 3573 4252 solet,

1926 4275 2283 4330 obscuritate
2306 4273 2594 4345 parabolas
2612 4272 2833 4344 aliquid
2857 4271 3188 4344 signiﬁcare
3206 4273 3579 4329 voluisse.Vi—

1929 4364 2172 4419 deamus
2194 4378 2329 4435 ergo
2353 4367 2548 4416 utrum
2565 4363 2690 4433 jam
2710 4364 2993 4416 secretius
3006 4360 3315 4432 discipulis
3335 4361 3579 4417 interro-

1930 4452 2208 4525 gantibus
2233 4453 2338 4507 hoc
2360 4451 2535 4514 dicat,
2562 4450 2714 4521 quod
2736 4449 3040 4505 Manichazi
3067 4449 3288 4513 volunt,
3321 4450 3576 4506 immun-

1930 4545 2034 4598 das
2062 4557 2189 4597 esse
2202 4556 2405 4596 omnes
2429 4554 2765 4605 carnes,nec
2780 4553 2878 4593 eos
2902 4537 3119 4609 aliquid
3145 4554 3344 4593 earum
3373 4540 3582 4595 debere

1931 4631 2286 4701 contingere.
2306 4629 2478 4696 Quid,
2496 4628 2651 4699 quod
2676 4628 3119 4699 exprobatquod
3135 4634 3393 4698 apertam
3411 4646 3578 4683 suam

1933 4718 2285 4775 locutionem
2318 4718 2581 4772 nondum
2603 4715 3089 4781 intellexerint,et
3110 4717 3578 4788 propriedictum

1935 4806 2274 4881 parabolam
2298 4806 2532 4877 putent?
2567 4806 2659 4860 Sic
2679 4805 2833 4860 enim
2859 4806 3126 4877 sequitur
3148 4806 3243 4861 :Al
3272 4807 3369 4861 ille
3387 4807 3530 4861 dixit
3562 4823 3580 4859 :

1938 4896 2125 4952 Adhuc
2152 4904 2203 4950 et
2233 4911 2321 4950 vos
2358 4895 2676 4965 insipientes
2706 4895 2856 4962 estis,
2895 4898 2949 4948 et
2979 4910 3090 4949 non
3110 4896 3424 4963 intelligitis
3453 4902 3584 4964 quia

1935 5000 2093 5041 omne
2110 4983 2249 5055 quod
2269 4986 2329 5038 in
2353 4999 2411 5038 os
2442 4985 2706 5047 intrat,in
2722 4991 2972 5038 ventrem
2989 4982 3219 5050 vadit,et
3237 4986 3297 5038 in
3319 4984 3583 5036 latrinam

1935 5076 2240 5131 emittitur:
2261 5087 2385 5144 qum
2396 5076 2582 5127 autem
2602 5071 2896 5141 procedunt
2910 5072 3178 5138 exore,de
3195 5072 3585 5135 cordeexeunt,

1936 5172 1988 5219 et
2027 5164 2132 5219 illa
2160 5163 2570 5219 communicant
2599 5162 2912 5217 hominem?
2941 5160 3078 5215 Nam
3106 5160 3171 5215 de
3205 5160 3360 5214 corde
3387 5164 3587 5214 exeunt

1938 5254 2293 5324 cogitationes
2336 5252 2517 5317 malae,
2562 5251 2881 5317 homicidia,
2929 5248 3221 5314 adulteria,
3270 5250 3588 5317 fornicatio-

1941 5359 2055 5412 nes,
2090 5345 2434 5413 furta,/atsa
2473 5342 2811 5403 testimonia,
2837 5336 3591 5410 blaphemiaemecsuntquw

1940 5433 2347 5488 communicant
2377 5431 2654 5486 hominem
2670 5447 2689 5484 :
2708 5445 2814 5484 non
2829 5428 2951 5481 lotis
2971 5434 3153 5480 autem
3164 5426 3419 5481 manibus
3430 5444 3588 5483 man-

1941 5521 2163 5589 ducare,
2208 5537 2319 5576 non
2356 5520 2723 5574 communicat
2742 5516 3018 5570 hominem
3040 5514 3587 5585 (Mattn.xv,10~20).

1986 5610 2222 5665 CAPUT
2235 5608 2694 5665 XXXII.-——Certe
2705 5605 2826 5673 jam
2836 5601 3206 5659 manifestata
3221 5603 3449 5660 fallacia
3463 5622 3590 5660 con-

2006 5759 2080 5824 (a)
2110 5760 2300 5821 Supra,
2334 5758 2427 5808 lib.
2448 5758 2648 5820 contra,
2676 5753 3037 5815 Adimantum,
3068 5768 3186 5820 cap.
3223 5758 3297 5805 t5.
