4000 6178
210 352 319 413 341

209 486 498 543 etiamLex
521 490 579 542 et
600 485 898 557 Prophetas
917 503 991 542 ne
1008 486 1697 561 adimpletione‘quidem
1712 504 1854 559 gau-

208 577 344 631 dent
372 576 516 631 adeo
540 574 651 629 sibi
685 574 836 645 pleni
868 575 1139 631 videntur
1169 584 1225 632 et
1261 578 1676 643 consummati,
1711 594 1856 648 quo-

208 681 336 721 rum
359 671 565 721 auctor
585 680 653 719 ac
681 670 844 735 pater
865 681 978 719 non
1004 665 1197 721 minus
1213 667 1263 721 ei
1290 665 1462 736 adjici
1490 665 1853 737 indignatur,

208 771 383 826 quam
414 752 665 820 detrahi,
702 758 766 808 ut
796 753 1058 809 scribens
1089 754 1147 809 in
1179 754 1626 810 Deuteronomio
1675 755 1849 818 dicat,

206 849 341 900 Hazc
357 848 633 914 praecepta
655 857 780 913 quae
795 842 991 897 mando
1032 845 1135 899 tibi
1174 844 1351 909 hodie,
1387 845 1575 911 Israel,
1607 843 1851 899 observa-

205 934 288 989 bis
308 949 329 993 ;
349 939 405 987 et
428 948 560 987 cave
574 948 645 986 ne
661 932 898 987 declines
927 932 993 986 ab
1022 932 1234 998 iisdem,
1257 950 1430 1003 neque
1454 934 1513 986 in
1542 932 1852 995 sinistram,

201 1038 372 1092 neque
389 1023 451 1077 in
496 1020 780 1076 dexteram
799 1037 820 1081 ,·
841 1037 939 1075 nec
959 1020 1129 1075 addas
1153 1020 1451 1092 quidquam
1489 1022 1585 1088 eis,
1618 1038 1719 1075 nec
1746 1022 1851 1073 mi-

200 1128 342 1165 nuas
361 1128 380 1164 :
406 1110 502 1165 sed
523 1112 582 1165 in
611 1109 807 1164 iisdem
823 1111 1211 1180 perseverabis,
1237 1114 1299 1164 ut
1328 1110 1606 1167 benedieat
1625 1112 1677 1165 te
1715 1110 1853 1164 Deus

198 1209 327 1256 tuus
357 1203 544 1268 (Deut.
569 1215 621 1261 ν,
664 1200 756 1269 32,
777 1202 831 1253 et
871 1215 974 1263 x11,
1007 1199 1093 1269 32)
1116 1199 1142 1253 ?
1164 1200 1545 1271 QuaprOpter,
1594 1198 1713 1254 sive
1757 1199 1855 1253 ad-

202 1288 493 1360 implendi
525 1304 705 1343 causa
730 1289 905 1344 Jesus
939 1288 1075 1359 Legi
1106 1288 1327 1360 aliquid
1354 1293 1410 1344 et
1426 1287 1728 1360 Prophetis
1751 1288 1851 1342 ad-

194 1378 361 1449 jecit,
394 1376 454 1431 in
483 1377 779 1433 dexteram
811 1376 1038 1432 videtur
1066 1376 1303 1449 lapsus;
1337 1378 1458 1433 sive
1489 1377 1744 1449 dempsit
1788 1380 1855 1431 ut

202 1468 560 1530 destrueret.
591 1467 649 1521 in
683 1465 1021 1532 sinistram;
1064 1470 1381 1538 utrumque
1410 1473 1565 1523 certe
1612 1466 1854 1522 offendit

211 1556 380 1627 Legis
411 1559 750 1610 auctorem:
788 1554 1118 1627 idcircoque
1147 1562 1248 1611 aut
1293 1555 1452 1610 aliud
1500 1555 1720 1627 aliquid
1768 1554 1853 1609 si-

199 1643 444 1717 gniﬁcat
475 1644 656 1711 istud,
699 1647 802 1698 aut
832 1642 1046 1699 falsum
1080 1648 1189 1699 est.

271 1732 504 1789 CAPUT
528 1731 1017 1788 III.Ancus'rmus
1058 1733 1395 1804 respondit:
1443 1732 1486 1787 Ο
1528 1731 1852 1787 mirabilem

207 1822 568 1888 insaniam’,
598 1821 671 1876 de
695 1821 924 1877 Christo
954 1821 1175 1893 aliquid
1211 1821 1470 1876 narranti
1501 1821 1652 1876 nolle
1699 1820 1853 1875 credi

209 1911 507 1977 Matthzeo,
532 1915 590 1966 et
610 1909 754 1965 velle
776 1911 934 1965 credi
958 1910 1302 1965 Manichaee!
1329 1910 1386 1965 Si
1414 1910 1718 1965 Matthaaus
1740 1926 1855 1964 non

210 2000 648 2065 interfuit,cum
670 1999 937 2056 Christus
964 2000 1225 2069 dixisset,
1248 2001 1365 2055 Non
1385 2002 1515 2056 veni
1532 2001 1738 2055 solvere
1760 2000 1857 2054 Le-

208 2106 336 2161 gem
356 2099 453 2144 aut
473 2089 794 2161 Prophetas,
834 2088 932 2145 sed
965 2088 1265 2161 adimplere
1303 2087 1511 2161 (Matth.
1535 2106 1592 2155 ν,
1630 2090 1753 2156 17);
1804 2093 1862 2143 et

206 2185 517 2251 propterea
536 2194 650 2235 non
664 2183 753 2234 est
767 2179 817 2235 ei
832 2176 1859 2250 credendumznumquidManichaeus

205 2268 500 2333 interfuit,
533 2272 637 2323 aut
658 2268 785 2339 jam
808 2267 894 2323 vel
912 2272 1085 2323 natus
1105 2267 1234 2333 fuit,
1259 2284 1396 2322 cum
1415 2267 1685 2323 Christus
1710 2266 1863 2321 inter

205 2357 483 2413 homines
496 2361 804 2428 appareret
817 2355 1073 2412 ?Secund
1083 2373 1180 2411 um
1198 2372 1334 2428 ergo
1348 2356 1499 2411 hanc
1512 2355 1645 2411 fidei
1658 2360 1860 2411 vestrm

205 2446 421 2517 legem,
452 2444 598 2500 nihil
622 2444 672 2500 ei
690 2446 762 2500 de
788 2444 1017 2501 Christo
1040 2445 1377 2500 testiﬁcanti
1404 2446 1635 2501 credere
1657 2445 1861 2500 debui-

206 2534 347 2591 stis.
383 2535 502 2591 Nos
531 2540 727 2589 autem
756 2551 871 2589 non
896 2539 1199 2606 propterea
1219 2533 1472 2591 dicimus
1494 2550 1606 2589 non
1632 2535 1865 2589 creden-

206 2626 359 2680 dum
381 2622 1004 2695 esseManichaao,quia
1022 2623 1194 2679 dictis
1217 2623 1502 2695 factisque
1516 2622 1730 2680 Christi
1749 2640 1864 2679 non

206 2712 503 2779 interfuit,
525 2717 583 2767 et
602 2710 773 2784 longe
788 2717 917 2784 post
933 2717 1105 2767 natus
1126 2716 1216 2768 est
1234 2729 1248 2779 ;
1263 2713 1364 2768 sed
1388 2712 1525 2784 quia
1543 2714 1613 2769 de
1634 2712 1864 2768 Christo

206 2807 422 2858 contra
439 2800 657 2856 Christi
677 2800 1000 2872 discipulos
1020 2799 1301 2872 loquitur,
1316 2806 1373 2857 et
1398 2806 1599 2858 contra
1614 2803 1865 2874 Evange-

208 2890 365 2946 lium
377 2890 532 2961 quod
554 2888 780 2945 illorum
793 2889 1137 2945 auctoritate
1154 2890 1453 2945 firmatum
1466 2890 1866 2946 est.Habemus

207 2979 380 3036 enim
403 2979 666 3051 Apostoli
688 2981 1017 3051 vocem,qui
1044 2978 1328 3051 inSpiritu
1350 2983 1551 3035 sancto
1570 2978 1715 3035 tales
1732 2996 1866 3034 ven-

207 3075 390 3125 turos
414 3084 544 3124 csse
575 3068 868 3124 cernebat.
906 3068 1066 3125 Unde
1089 3067 1361 3124 fidelibus
1385 3068 1610 3124 dicebat
1633 3086 1645 3123 :
1672 3068 1732 3123 Si
1748 3070 1868 3141 quis

208 3158 370 3215 vobis
390 3157 848 3229 euangelizaverit
866 3166 1245 3230 praeterquam
1268 3158 1408 3230 quod
1427 3159 1870 3230 accepistis,ana-

207 3254 405 3304 thema
436 3248 505 3301 sit
527 3246 734 3318 (Galat,
760 3263 798 3301 ι.
822 3245 896 3317 9).
922 3247 1067 3302 Nam
1100 3245 1149 3303 si
1175 3264 1346 3302 nemo
1368 3247 1438 3303 de
1464 3248 1690 3303 Christo
1738 3263 1871 3301 vera

204 3336 512 3402 dicit,nisi
537 3336 632 3407 qui
657 3351 790 3391 eum
816 3352 1068 3408 praesens
1087 3336 1232 3391 vidit
1251 3340 1307 3391 et
1350 3335 1589 3406 audivit,
1606 3336 1776 3390 hodie
1800 3336 1873 3391 de

206 3426 321 3481 illo
351 3442 521 3480 nemo
547 3441 680 3479 vera
702 3424 862 3480 dicit.
881 3424 1054 3479 Porro
1079 3424 1127 3480 si
1151 3424 1322 3479 hodie
1348 3430 1653 3496 propterea
1675 3425 1745 3479 de
1770 3422 1871 3479 illo

208 3513 504 3570 ﬁdelibus
535 3514 662 3585 ejus
685 3530 819 3569 vera
836 3513 1276 3586 dicuntur,quia
1298 3513 1382 3568 illi
1406 3514 1503 3584 qui
1531 3512 1801 3569 viderunt
1816 3517 1873 3569 et

208 3602 563 3671 audierunt,
597 3601 682 3658 vel
702 3602 1068 3674 praedicando
1087 3601 1173 3658 vel
1190 3601 1496 3659 scribendo
1519 3618 1587 3658 ea
1608 3602 1875 3659 dissemi-

209 3697 549 3759 naverunt;
588 3709 691 3747 cur
720 3708 789 3747 ex
814 3708 913 3747 ore
940 3692 1188 3748 Joannis
1220 3691 1603 3765 condiscipuli
1636 3693 1726 3747 sui
1758 3709 1871 3748 non

209 3785 433 3856 posset
455 3797 586 3836 vera
618 3780 924 3836 Matthmus
946 3782 1145 3836 audire
1167 3782 1236 3836 de
1256 3781 1508 3853 Christo,
1536 3781 1633 3836 ubi
1654 3781 1750 3836 ille
1772 3782 1871 3836 ad-

210 3872 362 3941 fuit,
388 3870 578 3942 etipse
600 3887 712 3925 non
733 3869 940 3936 adfuit,
974 3869 1022 3926 si
1046 3887 1109 3925 ex
1136 3871 1279 3925 libro
1299 3871 1542 3926 Joannis
1563 3887 1875 3942 possumus

206 3978 367 4019 vera
395 3960 551 4032 loqui
576 3960 647 4014 de
664 3959 740 4014 Ch
753 3959 1033 4029 risto,non
1050 3958 1241 4015 solum
1270 3977 1375 4016 nos
1396 3964 1555 4015 tanto
1579 3965 1707 4031 post
1728 3960 1874 4031 nati,

209 4049 332 4106 sed
356 4049 531 4103 etiam
554 4049 823 4119 positnos
837 4048 935 4103 alii
963 4048 1433 4103 nascituri‘tHinc
1460 4048 1617 4104 enim
1645 4065 1758 4103 non
1783 4066 1875 4104 so-

210 4141 358 4197 lum
393 4137 675 4204 Matthasi,
708 4154 907 4192 verum
940 4138 1113 4192 etiam
1150 4138 1314 4192 Lucas
1337 4154 1401 4193 ac
1426 4138 1595 4193 Marci
1628 4138 1878 4208 Evange«

205 4228 399 4297 lium,
426 4227 523 4297 qui
545 4227 778 4281 eosdem
806 4225 1128 4298 discipulos
1152 4225 1335 4281 secuti
1358 4233 1517 4294 sunt,
1545 4227 1601 4281 in
1629 4244 1743 4282 non
1767 4228 1875 4282 im-

210 4332 435 4390 parem
456 4315 860 4370 auctoritatem
885 4320 1179 4386 receptum
1201 4320 1307 4370 est.
1335 4319 1456 4372 Huc
1479 4316 1719 4381 accedit,
1743 4316 1880 4388 quia

212 4409 279 4461 et
318 4404 451 4476 ipse
470 4402 751 4458 Dominus
776 4402 963 4474 potuit
984 4420 1219 4459 narrare
1243 4404 1691 4475 Matthieo,quod
1717 4410 1875 4460 ante-

215 4510 410 4566 quam
436 4509 568 4547 eum
591 4497 874 4569 vocasset,
900 4508 1031 4547 cum
1055 4491 1127 4547 iis
1144 4498 1339 4564 egerat
1359 4510 1507 4564 quos
1525 4494 1687 4566 prius
1709 4510 1875 4549 voca-

215 4587 416 4638 verat.
449 4585 521 4636 At
550 4580 704 4637 enim
738 4582 845 4637 hoc
876 4582 1000 4653 ipse
1029 4582 1287 4638 Joannes
1318 4582 1375 4637 in
1408 4582 1713 4653 Evangelio
1771 4600 1879 4639 suo

217 4686 454 4745 ponere
473 4669 697 4732 debuit,
718 4670 765 4726 si
784 4671 892 4726 hoc
916 4670 1133 4726 dictum
1155 4689 1188 4725 a
1206 4671 1446 4728 Domino
1462 4671 1881 4743 audierat,qui-

218 4778 369 4816 cum
406 4760 716 4827 diceretur,
742 4777 1001 4832 praesens
1028 4760 1183 4817 erat?
1202 4761 1374 4825 Quasi
1402 4761 1523 4815 fieri
1546 4776 1659 4814 non
1687 4765 1883 4832 potue-

220 4850 307 4904 rit
321 4853 390 4903 ut
408 4864 541 4903 cum
560 4848 897 4920 omniaquae
911 4848 1192 4905 aDomino
1211 4848 1751 4913 audierat,scribere
1767 4865 1880 4904 non

218 4940 461 5011 posset,
486 4937 638 4993 inter
655 4938 769 4993 alia
789 4954 914 5010 qua:
938 4938 1335 5009 praetermisit,
1357 4943 1413 4993 et
1431 4938 1536 4993 hoc
1561 4938 1881 5009 praetermi-

223 5026 401 5093 serit,
436 5042 566 5082 cum
597 5026 657 5081 in
691 5026 805 5082 alia
835 5027 1144 5082 scribenda
1174 5031 1328 5083 esset
1367 5028 1647 5082 intentus.
1683 5026 1884 5082 Nonne

220 5114 616 5186 Evangelium
642 5131 817 5171 suum
840 5118 921 5171 ita
951 5116 1077 5187 ipse
1106 5115 1408 5182 conclusit,
1434 5116 1656 5182 dicens,
1688 5117 1751 5171 Et
1772 5117 1886 5172 alia

220 5205 469 5280 quidem
490 5206 663 5261 multa
682 5208 811 5277 fecit
830 5210 1006 5263 Jesus.
1031 5223 1150 5278 qua
1166 5206 1219 5261 si
1245 5206 1619 5261 scriberentur
1637 5205 1881 5275 singula,

222 5312 334 5351 nec
352 5297 532 5367 ipsum
557 5297 818 5351 existimo
838 5312 1030 5367 capere
1045 5296 1309 5350 mundum
1323 5295 1416 5366 qui
1434 5296 1803 5349 scriberentur
1823 5295 1886 5349 li-

230 5385 362 5440 bros
384 5384 559 5456 (Joan.
584 5402 701 5450 χιι,
722 5385 857 5456 25)?
880 5384 982 5440 Hic
1014 5384 1215 5456 utique
1254 5384 1476 5439 ostndit
1513 5399 1575 5438 se
1605 5383 1883 5439 scientem

227 5474 428 5529 multa
447 5474 1025 5548 pretermisisseﬁed
1045 5475 1093 5531 si
1116 5474 1186 5530 de
1208 5475 1356 5546 Lege
1377 5477 1434 5528 et
1462 5472 1764 5544 Prophetis
1786 5489 1887 5528 vos

310 5655 326 5717 ξ
362 5655 490 5717 Lor.
520 5667 579 5703 ex
610 5653 841 5717 Belgicis,
861 5654 1065 5717 aliquot
1088 5655 1236 5717 Mss.
1262 5666 1325 5717 ne
1354 5648 1717 5717 adimptetione
1748 5655 1855 5702 tua.

306 5715 326 5750 ³
359 5715 587 5775 Quidam
616 5712 778 5769 Mei:
814 5716 855 5768 Ο
885 5712 1227 5769 miserabilem
1256 5712 1551 5766 insaniam!

1375 354 1608 415 LIBER
1652 352 1995 416 DEClM-US
2040 354 2459 418 SEPTIMUS.

3502 350 3620 412 342

1980 487 2229 543 delectat
2251 490 2492 545 Joannis
2519 487 3068 553 aucloritas,Joanni
3089 486 3304 542 credite
3322 485 3618 542 attestanti
3640 472 3645 477 ’

1982 577 2113 647 Legi
2149 584 2205 632 et
2236 579 2556 649 Prophetis.
2594 584 2720 649 [pse
2752 577 2986 648 scripsit
3009 576 3162 647 quod
3200 575 3375 630 Isaias
3410 575 3621 629 viderit

1977 665 2188 721 Christi
2207 667 2449 737 gloriam
2475 667 2945 739 (Joan.xn,4t).ln
2968 666 3096 735 ejus
3118 663 3345 719 habetis
3369 664 3618 735 Evange-

1976 754 2075 821 lio,
2112 759 2261 811 unde
2282 758 2407 827 jam
2438 756 2609 827 paulo
2642 762 2773 811 ante
2804 755 3215 809 tractavimus:
3239 754 3303 807 Si
3328 753 3617 807 credere/is

1976 845 2165 917 Moysi,
2198 846 2482 900 crederetis
2508 849 2557 899 et
2581 845 2725 899 mihi
2743 861 2763 905 ;
2792 844 2855 899 de
2884 860 2968 898 me
3028 845 3175 898 enim
3232 841 3338 897 ille
3393 844 3620 913 scripsit

1977 934 2075 1004 (Id.
2098 950 2152 1002 ν,
2177 934 2561 1005 46).[]η(1ἰ(ιυθ
2585 932 2983 1003 tergiversatio
3004 937 3195 986 vestra
3216 930 3614 985 contunditur.

1974 1024 2182 1092 Aperte
2205 1022 2378 1076 dicite
2404 1040 2514 1077 non
2535 1039 2634 1076 vos
2654 1021 2886 1075 credere
2900 1019 3111 1075 Christi
3128 1020 3434 1091 Evangelio
3458 1036 3616 1074 :nam

1976 1110 2155 1182 quiin
2189 1110 2485 1182 evangelio
2518 1110 2670 1180 quod
2704 1107 2878 1163 vultis
2910 1109 3166 1173 creditis,
3227 1108 3380 1178 quod
3439 1106 3617 1163 vultis

1974 1216 2090 1255 non
2122 1199 2379 1267 creditis,
2410 1198 2573 1253 vobis
2602 1198 2798 1269 potius
2830 1212 3008 1268 quam
3031 1195 3336 1267 Evangelio
3357 1195 3612 1251 creditis.

2044 1342 2272 1397 CAPUT
2311 1340 2403 1396 IV.
2456 1371 2523 1380 —
2562 1340 2633 1393 At
2668 1355 2844 1410 quam
2877 1337 3196 1407 elegantem
3232 1352 3352 1393 rem
3387 1336 3499 1392 sibi
3528 1336 3613 1392 vi-

1974 1449 2077 1489 sus
2098 1431 2438 1487 estFaustus
2458 1428 2779 1495 dicere,ubi
2803 1431 3102 1499 prepterea
3122 1426 3303 1481 voluit
3324 1444 3436 1481 non
3458 1426 3612 1481 credi

1973 1522 2093 1577 haec
2116 1516 2932 1592 scripsisseMatthzeum,quia
2959 1532 3092 1571 cum
3112 1516 3181 1570 de
3202 1533 3310 1571 sua
3338 1517 3617 1573 electione

1975 1611 2210 1678 diceret,
2243 1625 2359 1663 non
2392 1607 2493 1675 ait,
2526 1606 2684 1661 Vidit
2715 1622 2824 1669 me,
2856 1612 2906 1660 et
2951 1605 3097 1659 dixit
3146 1605 3310 1667 mihi,
3363 1606 3617 1678 Sequere

1976 1716 2109 1767 me;
2142 1698 2265 1764 sed,
2302 1697 2445 1753 Vidit
2475 1697 2813 1761 Mattha’um,
2841 1704 2891 1749 et
2919 1695 3062 1749 dixit
3109 1696 3181 1760 ei,
3243 1694 3474 1765 Sequere
3530 1711 3621 1751 me

1978 1788 2184 1860 (Matth.
2220 1805 2294 1853 ix,
2325 1787 2423 1857 9):
2453 1786 2605 1857 quod
2641 1784 2834 1839 nescio
2866 1787 3063 1838 utrum
3096 1784 3165 1838 de
3190 1800 3381 1840 errore
3430 1785 3621 1856 impe-

1980 1877 2123 1934 ritiae
2157 1876 2384 1943 dixerit,
2419 1892 2492 1929 an
2551 1875 2620 1929 de
2653 1889 2812 1928 more
2844 1872 3103 1927 fallacias.
3138 1873 3247 1928 Sed
3280 1890 3393 1929 non
3436 1891 3621 1946 usque

1980 1966 2124 2020 adeo
2139 1963 2476 2035 imperitum
2501 1962 2916 2034 putaverim,ut
2938 1977 3041 2016 nec
3063 1960 3400 2033 legerit,nec
3421 1963 3621 2019 audie-

1981 2053 2075 2124 rit,
2107 2051 2289 2108 solere
2321 2052 2632 2123 scriptores
2664 2066 2856 2105 rerum
2876 2053 3195 2122 gestarum,
3216 2068 3344 2106 cum
3371 2052 3429 2106 in
3454 2069 3620 2107 suam

1982 2158 2291 2216 personam
2322 2140 2603 2205 venerint,
2637 2139 2719 2194 ita
2750 2155 2809 2194 se
2841 2142 3162 2210 contexere,
3221 2144 3499 2212 tanquam
3554 2142 3622 2197 de

1982 2231 2095 2288 alio
2129 2234 2386 2297 narrent,
2418 2229 2571 2300 quod
2606 2229 2676 2283 de
2707 2244 2769 2283 se
2798 2232 3059 2285 narrant.
3094 2228 3278 2301 Magis
3308 2246 3444 2303 ergo
3468 2230 3625 2285 hunc

1985 2320 2239 2377 arbitror
2261 2335 2376 2374 non
2393 2324 2457 2373 ut
2482 2318 2815 2390 imperitum
2827 2319 2949 2385 ,sed
2964 2322 3029 2373 ut
3047 2318 3334 2390 imperitis
3349 2305 3623 2375 nebulam

1984 2410 2289 2467 ostendere
2318 2407 2931 2479 voluisse,sperantem
2964 2424 3027 2462 se
3057 2407 3251 2480 plures
3281 2425 3407 2464 esse
3423 2414 3627 2481 captu-

1986 2515 2140 2567 rum,
2166 2496 2265 2569 qui
2292 2497 2403 2551 ista
2421 2513 2535 2551 non
2565 2503 2820 2551 nossent.
2850 2498 2913 2548 Et
2932 2494 2990 2550 in
3018 2494 3258 2550 historia
3278 2496 3512 2568 quidem
3537 2513 3626 2552 re-

1986 2604 2117 2643 rum
2134 2585 2499 2643 saecularium
2522 2584 2657 2640 talis
2682 2583 3034 2639 narrationis
3049 2584 3423 2655 reperiuntur
3442 2601 3631 2641 exem-

1987 2675 2119 2749 pla:
2151 2676 2251 2731 sed
2285 2692 2400 2730 non
2432 2690 2579 2747 opus
2607 2678 2694 2729 est
2730 2677 2793 2728 ut
2822 2690 2889 2728 ex
2918 2671 3033 2727 alio
3062 2688 3272 2745 genere
3305 2673 3627 2729 litterarum

1985 2764 2075 2820 vel
2095 2768 2326 2820 nostros
2352 2764 2718 2829 admoneam,
2736 2762 2820 2817 vel
2844 2762 3025 2817 istum
3046 2760 3460 2833 refellam.Ipse
3477 2766 3631 2818 certe

1988 2852 2164 2926 paulo
2196 2856 2331 2908 ante
2361 2853 2431 2907 de
2465 2850 2626 2907 libris
2656 2850 2837 2924 Moysi
2873 2850 3140 2923 quaedam
3172 2850 3508 2906 testimonia
3550 2851 3632 2906 ita

1989 2942 2339 3015 proferebat,
2366 2945 2430 2996 ut
2453 2958 2568 2996 non
2592 2956 2660 2996 ea
2684 2944 2920 3012 negaret
2941 2938 3630 3011 scripsisseMoysen,imo

1989 3037 2046 3089 et
2068 3031 2515 3098 affirmaret,sed
2544 3030 2613 3085 ad
2637 3029 2930 3085 Christum
2952 3045 3066 3083 non
3092 3028 3378 3100 pertinere
3400 3032 3636 3084 conten-

1990 3124 2171 3178 deret.
2197 3126 2372 3193 Legat
2394 3136 2529 3191 ergo
2552 3119 2611 3173 in
2634 3118 2853 3174 eisdem
2873 3117 3059 3181 libris,
3079 3132 3205 3187 qua:
3220 3117 3289 3171 de
3311 3132 3374 3170 se
3402 3116 3635 3188 scripsit

1991 3211 2239 3283 Moyses,
2264 3215 2464 3264 utrum
2488 3209 2565 3262 ita
2587 3206 2906 3279 scripserit,
2930 3205 3077 3273 Dixi,
3099 3210 3219 3272 aut,
3254 3205 3381 3260 Feci
3412 3207 3519 3260 hoc
3549 3204 3633 3259 vel

1991 3300 2169 3368 illud;
2203 3304 2261 3354 et
2290 3316 2404 3354 non
2436 3296 2651 3369 potius,
2686 3298 2851 3351 Dixit
2878 3296 3079 3366 Moyses
3109 3294 3312 3365 (Exod.
3340 3311 3425 3360 III,
3457 3294 3533 3362 3),
3558 3296 3634 3360 et,

1993 3392 2145 3445 Fecit
2176 3388 2379 3461 Moyses
2408 3387 2508 3459 (Id.
2543 3402 2643 3453 vn,
2673 3387 2730 3456 6)
2764 3402 2776 3440 :
2811 3388 2932 3452 aut,
2958 3383 3197 3438 Vocavit
3219 3399 3309 3437 me
3329 3382 3635 3448 Dominus,

1993 3479 2102 3545 vel,
2136 3477 2293 3534 Dixit
2322 3477 2392 3531 ad
2426 3491 2519 3531 me
2550 3474 2873 3540 Dominus;
2905 3476 2963 3529 et
2990 3489 3104 3527 non
3139 3470 3353 3544 potius,
3410 3470 3639 3526 Vocavit

1994 3569 2257 3624 Dominus
2288 3567 2507 3637 Moysen
2540 3565 2734 3633 (Levit.
2768 3580 2806 3627 ι,
2842 3563 2915 3633 1),
2949 3565 3023 3629 et,
3061 3562 3214 3615 Dixit
3254 3561 3516 3615 Dominus
3573 3560 3642 3614 ad

1995 3659 2214 3729 Moysen
2243 3653 2440 3725 (Exod.
2485 3670 2562 3717 ιν,
2596 3653 2717 3720 19);
2752 3655 2807 3706 et
2836 3651 3035 3705 omnia
3060 3648 3340 3704 caeterain
3364 3649 3633 3703 eumdem

1995 3746 2258 3802 modum.
2296 3745 2381 3799 Ita
2410 3758 2547 3813 ergo
2568 3746 2625 3795 et
2640 3739 2949 3796 Mattheus
2966 3738 3037 3792 de
3054 3755 3115 3793 se
3127 3744 3406 3809 tanquam
3428 3737 3498 3792 de
3525 3736 3639 3792 alio

1996 3834 2256 3907 scripsit:
2292 3831 2444 3905 quod
2478 3835 2532 3885 et
2560 3830 2818 3885 Joannes
2852 3827 3021 3895 fecit;
3048 3843 3182 3881 nam
3206 3825 3543 3881 circafinem
3569 3824 3635 3880 li-

1994 3925 2091 3982 bri
2121 3922 2211 3979 sui
2234 3922 2408 3977 etiam
2434 3920 2559 3991 ipse
2576 3918 2660 3974 sic
2683 3916 2905 3988 loquitu
2917 3934 2943 3970 r
2958 3916 3487 3971 :ConversusPetrus
3503 3915 3640 3970 vidit

1995 4012 2332 4084 discipulum
2362 4025 2524 4080 quem
2543 4007 2805 4077 diligebat
2821 4008 2993 4072 Iesus,
3027 4007 3123 4077 qui
3149 4013 3203 4061 et
3223 4004 3563 4060 recumbebat
3579 4005 3636 4058 in

1997 4120 2149 4159 caena
2177 4116 2341 4172 super
2357 4103 2549 4171 pectus
2568 4098 2700 4169 ejus,
2723 4104 2775 4151 et
2794 4095 3009 4151 dixerat
3025 4100 3279 4164 Domino,
3306 4094 3437 4162 Quis
3451 4095 3526 4149 est
3546 4095 3643 4165 qui

1998 4196 2048 4248 te
2081 4190 2298 4247 tradet?
2325 4186 2624 4258 Numquid
2658 4189 2716 4239 et
2744 4184 2839 4239 hic
2870 4184 3035 4250 dixit,
3066 4186 3387 4238 Conversus
3440 4182 3640 4237 Petrus

1998 4280 2145 4336 vidit
2164 4295 2255 4333 me
2278 4277 2305 4333 ?
2336 4282 2422 4330 An
2457 4276 2602 4330 torte
2634 4279 2937 4345 propterea
2961 4289 3066 4329 nec
3097 4272 3278 4326 istum
3301 4275 3505 4343 putant
3532 4270 3641 4325 hoc

2000 4367 2378 4440 Evangeliuvn
2412 4362 2765 4436 scripsisse?
2795 4363 2905 4418 Sed
2941 4360 3111 4432 paulo
3142 4364 3275 4433 post
3320 4359 3495 4415 dicit:
3550 4361 3645 4413 Hic

1999 4467 2077 4515 est
2105 4457 2412 4527 discipulus
2426 4458 2519 4525 qui
2550 4454 2872 4523 testiﬁcatur
2898 4451 2963 4507 de
2989 4452 3134 4520 Jesu,
3156 4454 3208 4506 et
3237 4451 3334 4521 qui
3364 4449 3481 4504 hzrc
3508 4450 3646 4503 scri-

1999 4548 2148 4621 psit;
2171 4550 2220 4601 et
2250 4546 2450 4600 scimus
2473 4543 2605 4613 quia
2624 4557 2813 4596 verum
2836 4543 2915 4597 est
2937 4540 3303 4595 testimonium
3319 4540 3440 4611 ejus
3462 4538 3638 4609 (Joan.

1999 4654 2115 4706 xxn,
2148 4635 2237 4704 20,
2268 4634 2382 4703 24),
2415 4628 2710 4701 Numquid
2744 4629 2844 4698 ait,
2876 4629 2995 4700 Ego
3027 4644 3157 4683 sum
3186 4627 3512 4699 discipulus
3542 4625 3640 4697 qui

2002 4724 2286 4782 testiﬁcor
2303 4722 2373 4776 de
2399 4724 2561 4786 Jesu,
2577 4723 2635 4774 et
2652 4718 2750 4790 qui
2775 4717 2895 4773 haec
2918 4717 3160 4790 scripsi;
3184 4722 3240 4773 et
3261 4718 3482 4772 scimus
3504 4715 3643 4786 quia

2000 4830 2203 4871 verum
2224 4816 2313 4866 est
2326 4806 2732 4865 testimonium
2752 4823 2946 4861 meum
2959 4806 3151 4862 ?Certe
3166 4807 3537 4861 manifestum
3556 4808 3646 4857 est

2004 4904 2157 4959 hunc
2178 4916 2398 4957 morem
2420 4897 2603 4953 fuisse
2615 4895 2964 4968 scriptorum
2976 4912 3130 4961 ,cum
3144 4900 3309 4967 gesta
3322 4895 3641 4949 narrarent.

2005 4993 2190 5057 Quam
2219 4987 2403 5044 multa
2426 4990 2483 5043 et
2503 4986 2626 5057 ipse
2648 4983 2933 5040 Dominus
2954 4983 3155 5039 eadem
3172 4982 3460 5039 locutione
3486 4980 3556 5033 de
3584 4995 3644 5034 se

2007 5079 2167 5148 dicit,
2193 5077 2325 5149 quis
2346 5090 2690 5132 enumerare
2707 5073 2963 5129 sufficiat
2984 5073 3012 5128 ?
3039 5072 3172 5128 Cum
3190 5071 3411 5133 venerit,
3431 5066 3643 5137 inquit,

2004 5170 2187 5226 Filius
2212 5168 2472 5229 hominis,
2500 5171 2684 5235 putas,
2717 5164 2959 5218 inveniet
2986 5162 3149 5232 ﬁdem
3177 5162 3237 5215 in
3292 5166 3441 5214 terra
3498 5157 3643 5221 (Luc.

2006 5274 2164 5325 xvm,
2188 5256 2291 5325 8)?
2316 5271 2429 5310 non
2454 5254 2619 5319 dixit,
2642 5252 2783 5308 Cum
2807 5267 3036 5315 venero,
3080 5253 3271 5320 putas,
3306 5244 3598 5300 inveniam
3624 5243 3651 5300 Τ

2008 5347 2097 5416 Et,
2124 5347 2275 5401 Venit
2308 5345 2481 5399 Filius
2513 5342 2750 5397 hominis
2778 5338 3119 5395 manducans
3149 5345 3201 5391 et
3220 5334 3402 5391 bibens
3431 5334 3646 5404 (Matth.

2007 5453 2087 5501 x1,
2115 5435 2201 5507 19)
2223 5451 2235 5488 ;
2261 5450 2373 5489 non
2397 5431 2563 5496 dixit,
2587 5428 2753 5485 Veni.
2776 5429 2864 5495 Et,
2896 5427 3081 5483 Veniet
3112 5424 3274 5491 hora,
3300 5426 3515 5479 etnunc
3546 5429 3647 5490 est,

2008 5541 2133 5583 eum
2160 5524 2370 5580 mortui
2399 5521 2632 5578 audient
2652 5533 2838 5575 vocem
2856 5516 2994 5573 Filii
3007 5515 3105 5571 Dei
3122 5530 3144 5577 ;
3170 5517 3219 5569 et
3237 5514 3334 5585 qui
3351 5512 3650 5577 audierint,

2011 5616 2192 5670 vivent
2223 5614 2397 5685 (Joan.
2431 5628 2483 5680 ν,
2515 5607 2645 5679 25):
2691 5623 2803 5660 non
2835 5605 3000 5670 dixit,
3061 5604 3271 5660 Vocem
3333 5618 3520 5657 meam
3549 5618 3560 5655 :
3598 5606 3654 5655 rt

2014 5702 2200 5761 multa
2220 5694 2752 5773 hujusmodi.Unde
2765 5695 2889 5767 jam
2917 5698 3058 5769 puto
3073 5694 3341 5753 sufﬁcere
3356 5708 3483 5764 quas
3498 5690 3652 5745 dicta
