4000 6178
424 339 543 401 343

417 472 576 537 sunt,
610 470 667 523 et
695 468 766 522 ad
799 466 1092 523 studiosos
1124 470 1600 537 commonendos,
1642 474 1699 524 et
1728 469 1799 525 ad
1831 467 2052 523 calum-

417 558 615 614 niosos
648 557 1094 612 eonvincendos.

486 645 715 702 CAPUT
744 645 810 699 V.
843 676 910 685 ——
943 645 1073 700 Jam
1099 645 1240 701 illud
1266 662 1444 717 quam
1467 646 1544 703 sit
1568 647 1890 716 inﬁrmum,
1926 646 2055 715 quis

415 752 532 791 non
551 734 726 803 videt,
754 735 901 806 quod
935 734 1037 803 ait,
1072 752 1183 790 non
1208 752 1341 789 eum
1365 735 1554 791 dicere
1569 735 1849 808 potuisse,
1880 736 2057 790 Nolite

410 828 609 897 putare
627 825 758 895 quia
780 825 904 878 veni
918 823 1126 879 solvere
1136 827 1331 893 Legem
1351 829 1447 879 aut
1468 826 1771 896 Pr0phetas
1791 840 1920 892 ;non
1932 824 2059 878 veni

414 914 641 979 solvere,
667 912 761 968 sed
775 913 1105 983 adimplere:
1142 914 1255 969 nisi
1287 913 1507 985 aliquid
1533 914 1776 985 talejam
1805 914 2056 980 fecisset,

419 1006 485 1057 ut
515 1002 573 1057 in
588 1002 737 1056 hanc
751 1002 1143 1073 suspicionem
1166 1008 1363 1073 posset
1382 1002 1619 1057 venire?
1640 1002 1814 1065 Quasi
1839 1019 1944 1057 nos
1967 1018 2061 1057 ne-

416 1091 838 1163 gemusJudaais
852 1109 957 1146 non
974 1090 1623 1163 intelligentibusvideri
1638 1093 1896 1164 potuisse
1908 1091 2063 1146 Chri-

417 1186 578 1238 stum
612 1182 1032 1236 destruutorem
1069 1180 1235 1253 Legis
1264 1186 1321 1235 et
1350 1180 1919 1252 Prophetarum:sed
1952 1180 2060 1236 hoc

420 1271 618 1345 ipsum
653 1274 741 1324 est
771 1286 875 1324 cur
906 1268 1001 1324 ille
1034 1286 1204 1325 verax
1234 1274 1291 1324 et
1318 1270 1531 1325 veritas
1554 1286 1669 1325 non
1701 1270 1953 1341 potuerit
1990 1271 2061 1325 de

419 1359 533 1416 alia
567 1361 712 1430 Lege
740 1364 795 1413 et
824 1359 893 1413 de
923 1358 1052 1413 aliis
1078 1358 1382 1430 Prophetis
1411 1360 1619 1425 dicere,
1645 1359 1798 1430 quod
1824 1376 1923 1415 eos
1945 1376 2059 1415 non

419 1447 686 1513 solveret,
722 1446 833 1503 nisi
867 1447 936 1501 de
967 1447 1040 1501 iis
1072 1464 1217 1517 quos
1249 1446 1327 1502 illi
1363 1465 1497 1502 eum
1529 1447 1751 1504 solvere
1797 1449 2060 1520 suspica-

419 1538 653 1593 bantur.
690 1536 850 1602 Quod
884 1535 1019 1591 hinc
1044 1535 1218 1591 etiam
1244 1536 1385 1591 satis
1409 1536 1955 1609 conﬁrmatur,quia
1980 1538 2059 1593 ibi

420 1626 701 1695 sequitur,
718 1630 772 1680 et
792 1624 963 1680 dicit:
990 1625 1341 1691 Amen,amen
1363 1625 1480 1681 dico
1500 1627 1667 1692 vobis,
1693 1626 1863 1682 donec
1880 1635 2061 1682 trans-

419 1720 515 1771 eat
529 1715 719 1769 caelum
739 1718 789 1769 et
812 1717 1099 1777 terra.iota
1120 1719 1416 1775 unum.aut
1435 1732 1575 1771 unus
1595 1732 1736 1787 apex
1749 1732 1858 1773 non
1882 1725 2064 1772 trans-

422 1805 494 1860 iet
521 1804 587 1858 de
613 1806 769 1873 Lege,
793 1803 959 1857 donec
976 1804 1160 1857 omnia
1179 1804 1333 1873 ﬁant.
1371 1806 1703 1877 Quicumque
1733 1822 1859 1874 ergo
1887 1807 2063 1861 solve-

424 1895 501 1949 rit
530 1909 702 1947 unum
722 1909 791 1947 ex
810 1893 1086 1947 mandatis
1112 1893 1233 1947 istis
1254 1895 1523 1961 minimis,
1542 1902 1595 1948 et
1612 1894 1858 1950 docuerit
1873 1897 1954 1949 sic
1978 1894 2068 1949 ho-

423 1982 885 2051 mines,minimus
906 1982 1251 2036 vocabiturin
1268 1998 1433 2051 regno
1447 1984 1706 2039 caelorum
1718 1986 2067 2056 :quicumque

422 2080 604 2127 autem
622 2072 835 2141 fecerit,
868 2074 919 2126 et
943 2072 1022 2125 sic
1035 2069 1303 2137 docuerit,
1327 2071 1419 2126 hic
1436 2089 1670 2144 magnus
1692 2075 1969 2129 vocabitur
2004 2082 2063 2130 tn

422 2176 587 2231 regno
618 2160 895 2215 caelorum.
932 2159 1254 2215 Pharisaeos
1286 2160 1441 2215 enim
1472 2161 1781 2233 cogitabat,
1806 2180 1937 2219 cum
1957 2164 2070 2219 ista

421 2248 763 2319 diceret,qui
785 2247 1086 2303 solvebant
1108 2248 1314 2321 Legem
1337 2250 1527 2317 factis,
1562 2252 1915 2307 etdecebant
1944 2269 2067 2307 ver-

417 2338 531 2394 bis.
569 2343 643 2393 De
675 2338 892 2409 quibus
924 2336 1038 2391 alio
1073 2339 1194 2393 loco
1225 2338 1397 2394 dicit:
1431 2339 1558 2406 Qum
1589 2340 1800 2409 dicunt,
1858 2343 2064 2412 facite;

419 2442 543 2499 qua:
570 2431 752 2481 autem
774 2428 1007 2498 faciunt,
1038 2430 1220 2496 facere
1238 2427 1439 2483 nolite:
1469 2428 1657 2483 dicunt
1686 2430 1853 2496 enim,
1885 2439 1935 2485 et
1958 2446 2070 2486 non

420 2516 640 2591 faciunt
671 2515 881 2586 (Matth.
906 2531 1068 2581 xxiii,
1101 2516 1175 2578 3).
1210 2516 1517 2588 Propterea
1550 2522 1605 2571 et
1636 2516 1729 2572 hic
1778 2518 1858 2573 ita
1880 2520 2068 2590 sequi-

422 2608 556 2660 tur:
592 2606 719 2659 Dico
751 2606 901 2659 enim
936 2604 1104 2675 vobis,
1136 2606 1251 2660 nisi
1278 2605 1878 2677 abundaveritjustitia
1898 2612 2071 2663 vestra

418 2694 545 2766 plus
577 2710 745 2764 quam
773 2692 1095 2749 Scribarum
1122 2700 1175 2748 et
1203 2693 1637 2760 Pharisaeorum,
1657 2713 1772 2750 non
1785 2698 2071 2753 intrabitis

424 2784 486 2838 in
514 2800 748 2854 regnum
775 2783 1035 2837 cielorum
1084 2782 1182 2853 (Id.
1224 2800 1278 2847 v,
1312 2784 1538 2853 17-20):
1575 2783 1630 2839 id
1662 2788 1769 2851 est,
1806 2785 1918 2841 nisi
1967 2804 2069 2842 vos

426 2871 682 2928 feceritis
705 2876 762 2927 et
783 2873 863 2927 ita
886 2872 1222 2937 docueritis,
1246 2873 1399 2943 quod
1423 2871 1508 2928 illi
1533 2889 1647 2929 non
1669 2874 1888 2929 faciunt
1909 2881 1965 2930 et
1987 2875 2070 2931 sic

430 2962 658 3027 docent,
693 2977 805 3015 non
837 2959 1134 3016 intrabitis
1164 2961 1222 3015 in
1256 2977 1499 3032 regnum
1534 2963 1830 3018 emtorem.
1886 2964 2069 3028 Quam

429 3066 568 3121 ergo
602 3049 811 3121 Legem
845 3050 1131 3105 docebant
1169 3049 1440 3105 Pharisaei
1491 3054 1548 3105 et
1595 3068 1709 3107 non
1763 3053 2066 3121 faciebant,

429 3137 617 3210 ipsam
643 3137 1053 3193 dicitChristus
1070 3155 1182 3192 non
1206 3154 1267 3194 se
1284 3138 1508 3194 venisse
1525 3137 1868 3212 solvere,sed
1887 3142 2070 3198 adim-

429 3226 585 3298 plere
607 3244 619 3281 :
645 3226 783 3298 quia
798 3226 925 3298 ipsa
947 3226 1196 3298 pertinet
1217 3228 1287 3282 ad
1307 3227 1644 3284 cathedram
1663 3230 1838 3302 Moysi
1848 3231 1884 3299 ,i
1894 3250 1929 3287 n
1953 3249 2070 3305 qua

1199 339 1514 400 CONTRA
1557 338 1943 401 FAUSTUM‘
1978 336 2502 415 MANICHIEUM,
2549 343 2617 406 S.
2661 344 3085 408 AUGUSTINI

3260 84 3951 205 eam

3360 120 3387 137 ’δ
3456 128 3507 151 pf’
3532 138 3557 153 ιι
3586 124 3633 155 νε
3658 140 3701 159 ἰι
3870 150 3873 155 ί

3416 156 3423 161 ⁸
3576 158 3599 169 -ι
3678 158 3753 185 εκ..
3822 176 3823 179 η
3904 162 3913 169 η

3384 184 3407 195 *³*
3562 206 3571 209 -
3648 202 3663 209 ..
3722 190 3725 193 ·
3778 192 3793 209 ι.
3826 182 3831 199 ⁵
3894 180 3905 191 ³

3677 357 3787 419 θα

2184 471 2452 528 sedentes
2487 472 2781 542 Pharisaei,
2814 480 2873 531 et
2902 476 3159 533 dicentes
3204 494 3307 534 nec
3359 479 3644 551 facientes,
3695 503 3785 543 au-

2185 558 2380 615 diendi
2416 568 2573 625 sunt.
2606 582 2716 619 non
2752 566 3040 621 imitandi.

2257 648 2489 707 CAPUT
2516 652 2602 708 VI.
2625 654 2825 709 —Nec
2862 655 3136 728 intelligit
3162 657 3427 723 Faustus,
3453 664 3551 715 aut
3578 661 3711 719 forte
3738 682 3789 721 se

2185 737 2354 811 fingit
2389 757 2503 795 non
2534 741 2877 815 intelligere,
2900 746 3038 815 quid
3066 745 3139 799 sit
3160 745 3397 817 implere
3418 748 3614 820 Legem
3641 769 3789 817 ;cum

2186 825 2294 881 hoc
2316 828 2386 883 de
2408 831 2711 886 verborum
2737 832 3057 903 adjectione
3082 838 3248 904 putat
3260 835 3795 913 accipiendum,quia

2187 916 2471 987 scriptum
2499 925 2606 986 est,
2633 937 2703 976 ne
2730 920 2868 992 quid
2895 922 3146 977 addatur
3166 924 3470 995 Scriptura;
3492 925 3794 994 Dei,velde-

2188 1004 2456 1060 trahatur
2484 1008 2659 1079 (Deut.
2694 1026 2793 1077 χιι,
2826 1011 2953 1081 32):
2990 1012 3144 1066 unde
3186 1012 3328 1067 dicit
3384 1031 3495 1068 non
3551 1016 3799 1073 debuisse

2188 1093 2516 1167 adimpleri,
2550 1099 2707 1169 quod
2736 1097 2818 1153 ita
2873 1100 3188 1170 perfectum
3255 1104 3701 1172 commendatur,
3748 1112 3802 1161 ut

2188 1182 2333 1238 nihil
2364 1185 2700 1242 addendum
2733 1187 3238 1260 minuendumque
3267 1189 3358 1245 sit.
3394 1191 3665 1248 Nesciunt
3682 1210 3800 1266 ergo

2190 1272 2285 1326 isti
2319 1275 2611 1343 quomodo
2642 1276 2959 1348 adimpleat
2991 1278 3222 1348 Legem,
3249 1278 3451 1349 quisic
3469 1279 3602 1334 vivit
3622 1286 3683 1335 ut
3707 1283 3804 1337 Lex

2191 1364 2481 1434 praecepit.
2513 1365 2802 1421 Plenitudo
2827 1367 2983 1421 enim
3006 1368 3165 1434 Legis
3190 1367 3461 1436 Charitas,
3505 1369 3651 1424 sicut
3678 1370 3808 1425 dicit

2190 1452 2504 1521 Apostolus
2526 1454 2698 1524 (Rom.
2725 1471 2848 1519 xm,
2875 1455 3165 1525 lO).Istam
3192 1455 3531 1511 charitatem
3547 1459 3808 1515 Dominus

2190 1546 2248 1594 et
2266 1540 2537 1598 exhibere
2567 1548 2623 1598 et
2652 1544 2869 1598 donare
2897 1544 3173 1615 dignatus
3192 1551 3301 1613 est,
3338 1546 3615 1602 mittendo
3644 1547 3809 1603 ﬁdeli-

2193 1628 2303 1683 bus
2317 1629 2727 1701 suisSpiritum
2751 1636 2953 1686 sanctu
2966 1632 3359 1688 m.Undeitem
3374 1635 3514 1689 dicit
3530 1635 3676 1690 idem
3691 1652 3813 1708 apo-

2194 1717 2379 1775 stolus
2404 1738 2417 1774 :
2444 1719 2698 1775 Charitas
2718 1721 2815 1776 Dei
2833 1722 3051 1793 dii/usa
3079 1731 3156 1776 est
3178 1723 3236 1776 in
3261 1723 3513 1778 cordibus
3527 1726 3720 1779 nostris
3731 1740 3816 1796 per

2195 1808 2471 1878 Spiritum
2502 1819 2751 1865 sanctum
2780 1812 2875 1882 qui
2904 1810 3063 1867 datus
3091 1815 3169 1866 est
3197 1813 3357 1868 nobis
3416 1814 3513 1879 (Id.
3555 1829 3607 1880 v,
3636 1814 3710 1883 5).
3764 1815 3823 1869 Et

2194 1898 2320 1969 ipse
2348 1898 2625 1953 Dominus
2652 1916 2663 1953 :
2696 1901 2759 1954 In
2780 1900 2877 1955 hoc
2894 1904 3066 1956 scient
3081 1917 3268 1956 omnes
3284 1904 3419 1972 quia
3451 1902 3707 1972 discipuli
3732 1902 3826 1956 mei

2193 1988 2343 2055 estis,
2366 1988 2418 2042 si
2440 2003 2530 2042 vos
2553 1990 2783 2043 invicem
2808 1989 3056 2060 diligatis
3077 1992 3251 2057 (Joan.
3270 2007 3401 2055 xm,
3423 1991 3534 2061 35).
3563 1990 3821 2061 Impletur

2194 2092 2331 2148 ergo
2358 2082 2485 2142 Lex,
2517 2075 2605 2132 vel
2629 2093 2758 2132 cum
2785 2078 2927 2133 fiunt
2952 2079 3176 2150 quaeibi
3227 2084 3516 2151 praecepta
3562 2085 3714 2149 sunt,
3742 2077 3824 2134 vel

2196 2182 2330 2221 cum
2357 2166 2705 2221 exhibentur
2734 2183 2863 2238 qua
2886 2167 2963 2222 ibi
2997 2167 3343 2239 prophetata
3363 2172 3519 2223 sunt.
3550 2168 3659 2223 Lex
3685 2168 3825 2223 enim

2197 2270 2299 2326 per
2315 2257 2545 2327 Moysen
2566 2255 2701 2309 data
2723 2255 3025 2327 est,gratia
3043 2260 3095 2311 et
3121 2257 3332 2311 veritas
3354 2255 3825 2329 perJesumChri-

2196 2348 2353 2399 stum
2382 2344 2533 2398 facta
2554 2349 2644 2399 est
2663 2344 2765 2412 (Id.
2797 2362 2837 2413 ι,
2862 2345 2975 2417 l7).
3004 2347 3133 2417 Ipsa
3155 2349 3266 2400 Lex
3282 2362 3420 2400 cum
3467 2344 3699 2417 impleta
3731 2348 3826 2411 est,

2195 2432 2385 2504 gratia
2400 2437 2458 2488 et
2479 2433 2687 2489 veritas
2711 2435 2862 2490 facta
2873 2440 2979 2489 est.
3009 2434 3207 2490 Gratia
3231 2435 3483 2506 pertinet
3504 2434 3574 2489 ad
3597 2433 3826 2489 charita-

2196 2522 2273 2576 tis
2301 2520 2750 2593 plenitudinem,
2785 2522 2996 2578 veritas
3029 2524 3101 2578 ad
3148 2522 3589 2595 prophetiarum
3636 2519 3827 2593 imple-

2196 2610 2435 2666 tionem.
2468 2611 2537 2666 Et
2569 2611 2711 2682 quia
2740 2616 3057 2683 utrumque
3081 2628 3182 2682 per
3210 2611 3537 2681 Christum,
3569 2610 3695 2665 ideo
3725 2624 3827 2663 non

2195 2700 2353 2754 venit
2382 2699 2602 2755 solvere
2628 2701 2836 2772 Legem
2870 2707 2971 2756 aut
3003 2701 3345 2772 PrOphetas,
3370 2701 3467 2757 sed
3492 2698 3792 2769 adimplere
3815 2713 3828 2751 :

2198 2805 2314 2844 non
2345 2793 2410 2843 ut
2442 2788 2576 2861 Legi
2609 2789 2961 2845 adderentur
2992 2805 3120 2861 quae
3156 2791 3419 2858 deerant,
3446 2790 3547 2844 sed
3567 2794 3628 2843 ut
3650 2786 3836 2842 ﬁerent

2198 2894 2326 2949 quae
2358 2878 2577 2949 scripta
2605 2882 2771 2933 erant
2796 2895 2807 2932 :
2843 2879 2995 2948 quod
3030 2878 3159 2949 ipsa
3189 2879 3317 2948 ejus
3339 2878 3520 2934 verba
3543 2880 3832 2931 testantur.

2198 2965 2321 3022 Non
2353 2966 2509 3021 enim
2540 2966 2641 3032 ait,
2675 2967 2785 3021 Iota
2815 2983 3008 3033 unum,
3041 2972 3138 3021 aut
3164 2983 3308 3021 unus
3338 2984 3494 3039 apex
3540 2982 3647 3021 non
3677 2971 3832 3019 tran-

2196 3056 2299 3110 siet
2324 3072 2357 3108 a
2389 3060 2544 3123 Lege,
2569 3056 2752 3110 donec
2784 3055 3078 3110 addantur
3101 3072 3225 3126 quae
3262 3056 3514 3124 desunt;
3541 3056 3663 3122 sed,
3692 3053 3842 3110 donec

2200 3146 2384 3201 omnia
2413 3146 2568 3215 ﬁant.

1285 3435 1660 3530 LIBER
1741 3438 2298 3535 DECIMUS
2386 3440 2988 3536 OCTAVUS.

501 3745 742 3800 CAPUT
766 3745 1069 3801 PRIMUM.
1094 3778 1156 3787 —
1182 3747 1442 3802 Faus'rus
1465 3748 1612 3803 dixit
1636 3767 1648 3805 :
1684 3751 1798 3805 Non
1824 3752 1953 3806 veni
1974 3756 2073 3806 Le-

430 3850 552 3903 gem
581 3835 806 3902 solvere,
839 3834 928 3889 sed
959 3836 1268 3906 adimplere
1299 3836 1504 3905 (Matth.
1529 3854 1584 3901 v,
1622 3838 1726 3909 t7).
1761 3839 1869 3894 Sed
1917 3839 2073 3894 enim

428 3922 560 3987 hoc,
582 3922 695 3976 nisi
721 3920 877 3976 aliud
903 3923 1047 3977 forte
1072 3922 1384 3994 significat,
1410 3941 1442 3979 a
1462 3924 1685 3981 Christo
1703 3926 1925 3981 dictum
1948 3943 2075 3982 cre-

428 4011 585 4075 dere,
619 4026 733 4064 non
768 4010 964 4065 minus
994 4011 1097 4065 tibi
1137 4013 1491 4066 contrarium
1524 4014 1673 4069 scias
1717 4030 1864 4084 esse,
1897 4032 2073 4087 quam

430 4097 855 4170 mihi.Uterque
877 4099 1028 4155 enim
1060 4105 1322 4156 nostrum
1344 4101 1452 4155 sub
1472 4101 1581 4156 hac
1598 4103 1867 4174 opinione
1889 4104 2073 4160 chris-

425 4187 623 4243 tianus
644 4191 753 4254 est,
780 4189 916 4257 quia
939 4188 1238 4243 Christum
1263 4190 1320 4244 in
1347 4190 1801 4247 destructionem
1822 4193 1990 4264 Legis
2011 4209 2077 4248 ac

431 4275 850 4348 Prophetarum
884 4277 1111 4332 venisse
1143 4279 1493 4348 putavimus.
1527 4281 1686 4346 Quod
1720 4281 1767 4336 si
1796 4284 1855 4336 tu
1900 4282 2075 4337 verbo

429 4365 663 4420 interim
690 4366 854 4422 fateri
877 4383 990 4421 non
1015 4367 1123 4435 vis,
1158 4372 1413 4423 attamen
1450 4369 1505 4424 id
1537 4370 2072 4442 operibusindicas.

430 4453 571 4509 Inde
602 4455 756 4509 enim
781 4459 869 4511 est
891 4458 1043 4526 quod
1068 4457 1235 4528 Legis
1258 4474 1323 4512 ac
1345 4458 1766 4530 Prophetarum
1790 4464 2077 4531 praecepta

432 4547 491 4598 et
520 4543 645 4614 ipse
662 4543 988 4599 contemnis
1012 4562 1024 4599 :
1048 4545 1179 4601 inde
1201 4547 1354 4617 quod
1380 4547 1605 4602 Novum
1636 4551 2072 4604 Testamentum

431 4632 634 4687 Jesum
664 4634 999 4689 condidisse
1022 4635 1254 4706 utrique
1276 4636 1563 4693 fatemur:
1597 4654 1709 4707 quo
1730 4638 1868 4708 quid
1892 4638 2073 4703 aliud,

434 4736 609 4792 quam
644 4722 1099 4778 destructionem
1135 4724 1386 4779 fatemur
1416 4725 1634 4780 Veteris
1672 4727 2077 4781 Testamenti‘?

432 4810 565 4873 Quae
597 4825 728 4864 cum
764 4810 845 4864 ita
875 4809 1017 4877 sint,
1050 4812 1341 4883 quomodo
1363 4812 1661 4869 Christum
1692 4814 1835 4869 illud
1859 4815 2075 4871 dixisse

433 4898 878 4964 credemus,nisi
893 4904 1025 4954 ante
1044 4901 1433 4973 nosmetipsos
1447 4902 1999 4959 damnemusstultaa
2015 4904 2073 4959 in

430 4987 789 5060 praeteritum
825 4974 1138 5059 Opinionis,
1171 4993 1227 5045 et
1260 4990 1328 5045 ad
1355 4991 1779 5062 pcenitudinern
1810 5007 2074 5048 recurra-

432 5093 589 5146 mus,
615 5076 1124 5149 obsequamurque
1152 5078 1279 5150 Legi
1305 5079 1375 5133 de
1405 5078 1630 5152 integro
1661 5097 1726 5136 ac
1750 5081 2072 5153 Prophetis,

428 5172 601 5238 atque
618 5184 818 5223 eorum
844 5168 1594 5241 curemus,qualiacumque
1616 5169 1752 5236 sint,
1770 5172 2077 5226 observare

432 5255 748 5311 mandata?
769 5257 928 5320 Quod
965 5272 1097 5311 cum
1132 5257 1461 5329 fecerimus,
1493 5262 1633 5313 tunc
1666 5260 1916 5330 denique
1944 5274 2075 5315 vere

432 5343 852 5401 crediderimus
872 5346 1085 5401 dixisse
1102 5347 1300 5401 Jesum
1323 5347 1462 5418 quia
1483 5365 1595 5403 non
1614 5348 1841 5409 venerit
1865 5349 2073 5421 Legem

432 5431 668 5501 solvere,
702 5436 799 5488 sed
843 5434 1179 5507 adimplere.
1229 5436 1394 5491 Nunc
1452 5442 1644 5492 autem
1692 5436 1905 5493 falsum
1963 5442 2071 5505 est,

433 5519 571 5591 quia
602 5537 704 5575 nec
729 5528 786 5575 tu
828 5521 879 5577 id
913 5525 1119 5591 credis,
1157 5525 1227 5580 de
1260 5542 1375 5597 quo
1409 5543 1501 5581 me
1530 5525 1719 5581 solum
1744 5525 1999 5581 incusas.

504 5607 729 5662 CAPUT
748 5609 808 5663 ll.
824 5641 883 5650 —
895 5612 1002 5667 Sed
1018 5614 1398 5685 esto,licuerit
1410 5614 1465 5670 in
1480 5632 1593 5687 pra:
1603 5614 1837 5669 teritum
1851 5631 2075 5672 errasse

433 5697 580 5764 Quid
609 5713 761 5751 nunc
782 5701 1011 5757 tandem
1030 5702 1057 5755 ?
1079 5702 1344 5760 Placetne
1368 5706 1448 5760 ire
1470 5705 1580 5760 sub
1604 5708 1829 5776 Legem,
1846 5703 1894 5759 si
1943 5722 2071 5761 eam

2205 3751 2468 3807 Christus
2484 3768 2595 3805 non
2612 3754 2729 3805 tam
2748 3754 2763 3787 ¹
2789 3751 2978 3819 solvit,
3002 3752 3101 3807 sed
3118 3751 3467 3823 adimplevit
3483 3752 3511 3806 ?
3538 3751 3730 3807 Placet
3747 3748 3847 3804 cir'

2202 3840 2540 3909 cumcidi,id
2560 3839 2964 3911 est,pudendis
2979 3838 3260 3912 insignire
3276 3841 3581 3911 pudenda,
3601 3844 3659 3895 et
3684 3841 3846 3893 Deum

2203 3930 2433 3984 credere
2464 3929 2847 3984 sacramentis
2878 3929 3095 3984 talibus
3118 3928 3393 3983 delectari
3417 3929 3445 3984 ‘2
3464 3929 3658 4001 placet
3678 3926 3848 3983 susci-

2204 4034 2337 4089 pere
2359 4018 2735 4073 sabbatorum
2760 4022 3032 4088 otium,et
3046 4016 3414 4073 Saturniacis
3434 4034 3650 4073 manus
3670 4017 3844 4071 inser-

2206 4110 2326 4161 tare
2344 4106 2606 4161 catenis?
2628 4105 2819 4160 Placet
2840 4107 2913 4161 ad
2940 4106 3255 4178 ingluviem
3277 4106 3632 4163 Judzeorum
3657 4107 3853 4161 damo-

2205 4194 2293 4250 nis
2323 4195 2533 4267 (neque
2561 4193 2713 4249 enim
2768 4194 2929 4266 Dei’)
2964 4211 3117 4251 nunc
3148 4204 3365 4263 lauros,
3424 4213 3587 4251 nunc
3630 4196 3849 4257 arietes,

2206 4299 2357 4337 nunc
2388 4284 2565 4337 etiam
2588 4282 2803 4355 hircos,
2830 4288 3023 4338 utnon
3046 4289 3102 4339 et
3125 4283 3397 4340 homines
3418 4285 3642 4350 dicam,
3660 4280 3853 4339 cultris

2203 4376 2554 4428 sternerezac
2572 4376 2805 4445 propter
2832 4374 2984 4443 quod
3014 4372 3166 4428 idola
3188 4390 3400 4429 sumus
3425 4374 3678 4442 exosi,id
3708 4386 3853 4427 nunc

2203 4476 2463 4518 exercere
2496 4460 2790 4517 crudelius
2822 4462 2930 4517 sub
2963 4460 3262 4533 Prophetis
3292 4478 3359 4517 ac
3422 4463 3576 4535 Lege
3596 4462 3625 4517 Ἰ
3670 4460 3856 4516 Placet

2202 4550 2450 4623 denique
2475 4551 2671 4606 feraliu
2684 4567 2736 4604 m
2753 4550 2949 4606 ciboru
2962 4567 3016 4605 m
3041 4550 3304 4623 quaedam
3329 4551 3681 4606 existimare
3695 4564 3853 4604 mun-

2202 4641 2294 4704 da,
2321 4641 2587 4711 quaedam
2607 4641 2665 4695 in
2690 4640 3014 4695 immundis
3032 4644 3087 4695 et
3109 4639 3527 4694 contaminatis
3553 4639 3855 4706 habere,ex

2202 4729 2417 4799 quibus
2432 4728 2890 4800 inquinatiorem
2910 4728 3209 4799 porcinam
3226 4728 3340 4782 Lex
3359 4734 3645 4784 asserunt
3666 4727 3853 4782 etPro-

2204 4816 2670 4890 pbetaa?Negabis
2686 4819 2937 4889 profecto
2952 4816 3160 4872 horum
3180 4817 3508 4888 quidquam
3526 4815 3853 4873 faciendum

2204 4907 2370 4961 nobis
2386 4906 2711 4962 volentibus
2729 4921 3098 4978 perseverare
3119 4922 3246 4962 esse
3272 4906 3430 4978 quod
3459 4922 3679 4962 sumus
3695 4919 3857 4976 :quo-

2204 4994 2358 5049 niam
2379 4994 2611 5067 quidem
2637 4994 2929 5049 Christum
2955 4994 3240 5050 dicentem
3258 4993 3492 5060 audias,
3547 4991 3859 5065 dupliciter

2204 5083 2386 5138 ﬁlium
2430 5084 2710 5156 gehennae
2752 5082 2876 5137 fieri
2916 5099 3048 5137 eum
3096 5083 3194 5154 qui
3244 5083 3419 5138 fuerit
3468 5080 3857 5139 circumcisus

2204 5172 2405 5239 (Matth.
2430 5189 2586 5239 mn,
2616 5172 2725 5241 15).
2746 5172 3061 5227 Sabbatum
3085 5188 3215 5226 vero
3240 5188 3343 5226 nec
3362 5172 3569 5243 ipsum
3598 5182 3854 5227 servasse

2200 5262 2418 5327 videas,
2443 5277 2547 5315 nec
2571 5277 2819 5331 usquam
2845 5261 3155 5315 mandasse
3177 5260 3562 5315 servandum.
3607 5260 3690 5315 De
3716 5255 3857 5313 cibis

2200 5350 2339 5405 item
2363 5351 2555 5421 ipsum
2570 5353 2995 5405 asseverantem
3018 5348 3410 5415 audias,nullo
3424 5365 3641 5404 eorum
3672 5343 3860 5417 inqui-

2201 5438 2326 5492 nari
2347 5438 2663 5509 hominem,
2696 5455 2823 5510 quae
2841 5437 2898 5492 in
2918 5454 2983 5492 os
3002 5437 3546 5509 ingrediuntur,sed
3566 5453 3639 5493 ea
3664 5434 3855 5508 potius

2265 5592 2286 5687 ἒ
2312 5589 2672 5701 ξῗαΐῗίθῖἶέἷιιέε
2690 5650 2812 5698 Mss.
2840 5653 2905 5715 At
2936 5652 3082 5709 Lov.,
3112 5652 3167 5699 in
3214 5649 3499 5715 ingluviem
3552 5648 3848 5701 Judoorum

2203 5713 2484 5772 daemoniis,
2505 5728 2664 5777 neque
2691 5716 2825 5763 enim
2863 5713 2980 5762 Deo.
