4052 6184
229 359 325 419 369

226 490 347 547 alter
365 486 513 543 alteri
534 484 794 540 morienti
820 486 1179 553 succederet,
1205 486 1514 557 cujusnam
1538 500 1739 540 eorum
1773 482 1830 536 in

226 576 596 636 resurrectione
624 592 769 628 uxor
790 580 942 629 esset
976 575 1168 629 futura
1200 575 1411 645 (Matth.
1437 592 1573 644 xxn,
1596 572 1810 643 ‘33-‘28).

225 667 433 725 Proinde
462 664 806 719 testimoniis
855 664 983 717 vita:
1016 670 1237 719 aeternae
1285 670 1340 719 et
1371 662 1812 719 resurrectionis

226 762 541 812 mortuorum
564 754 823 807 abundat
845 752 943 807 illa
964 752 1297 825 Scriptura:
1323 754 1422 809 sed
1447 753 1555 807 hoc
1579 768 1814 819 nomen,

221 847 268 901 id
287 852 363 899 est
382 859 610 913 regnum
634 840 934 911 caelorum,
959 843 1027 895 de
1054 841 1213 897 nullo
1238 842 1369 897 inde
1397 841 1521 896 loco
1553 841 1693 895 mihi
1718 857 1812 896 oc-

220 934 403 995 currit;
434 932 534 985 hoc
566 930 719 985 enim
758 930 987 1001 proprie
1020 931 1267 1003 pertinet
1297 932 1365 985 ad
1406 930 1812 985 revelationem

218 1021 674 1079 NoviTestamenti
688 1019 847 1090 ,quia
861 1036 925 1072 ea
941 1036 1177 1090 corpore
1191 1036 1316 1090 quae
1331 1020 1812 1085 terrenafuerant,

214 1111 493 1166 mutatione
514 1107 611 1162 illa
636 1124 813 1179 quam
836 1107 1053 1163 Paulus
1076 1109 1333 1178 apertius
1370 1110 1811 1176 commemorat,

212 1201 255 1255 in
281 1198 684 1254 resurrectione
718 1198 857 1251 ﬁent
889 1196 1218 1269 spiritualia
1247 1196 1291 1267 (Ι
1325 1197 1443 1252 Cor.
1477 1214 1566 1264 xv,
1598 1197 1810 1267 42-44),

210 1305 259 1344 ac
277 1304 372 1360 per
390 1287 491 1342 hoc
513 1285 790 1355 cmlestia,
814 1285 871 1339 in
898 1285 1112 1357 quibus
1139 1285 1542 1355 possideamus
1565 1302 1812 1358 regnum

209 1376 461 1432 caelorum.
481 1376 641 1441 Quod
659 1374 743 1429 ori
762 1375 890 1445 ejus
908 1373 1082 1429 etiam
1102 1374 1525 1429 nominandum
1546 1376 1814 1431 servaba-

1572 350 1810 411 LIBER
1854 347 2301 413 VIGESIMUS.

3467 342 3589 406 370

1941 485 2057 549 tur,
2092 500 2262 553 quem
2322 500 2517 555 regem
2569 483 2638 537 ad
2692 482 2993 553 regendos,
3036 482 3092 535 et
3122 478 3480 535 sacerdotem
3514 480 3584 533 ad

1941 571 2393 627 sanctiﬁcandos
2427 573 2624 627 ﬁdeles
2657 588 2794 627 suos
2819 571 3124 625 universus
3150 568 3245 623 ille
3268 572 3586 638 apparatus

1931 661 2143 715 veteris
2166 662 2545 715 Instrumenti
2573 662 2630 715 in
2654 660 3148 732 generationibus,
3174 657 3362 723 factis,
3387 655 3582 722 dictis,

1930 750 2252 817 sacriﬁciis,
2273 750 2810 818 observationibus,
2832 747 3265 815 festivitatibus,
3286 745 3582 801 omnibus-

1928 856 2038 911 que
2070 839 2446 911 eloquiorum
2483 838 2807 909 praeconiis,
2859 843 2915 892 et
2953 838 3127 893 rebus
3167 835 3369 908 gestis,
3403 839 3458 888 et
3488 851 3578 887 re-

1925 945 2052 984 rum
2088 929 2293 1001 ﬁguris
2328 927 2689 998 parturiebat
2719 943 2850 981 esse
2878 931 3184 980 venturum
3208 943 3220 979 :
3247 924 3345 995 qui
3370 922 3578 994 plenus

1924 1018 2111 1090 gratia
2141 1023 2197 1072 et
2220 1017 2460 1071 veritate
2482 1018 2656 1085 (Joan.
2684 1033 2725 1083 1,
2754 1016 2925 1083 M),et
2949 1016 3018 1069 ad
3043 1018 3327 1085 praecepta
3358 1011 3576 1067 facien-

1923 1107 1999 1161 da
2032 1106 2362 1177 adjuvando
2395 1122 2498 1177 per
2527 1104 2797 1176 gratiam,
2831 1108 2888 1157 et
2917 1104 2987 1157 ad
3013 1102 3304 1174 promissa
3323 1101 3572 1172 implen-

1922 1196 1997 1251 da
2026 1196 2282 1251 curando
2316 1210 2418 1265 per
2446 1196 2774 1259 veritatem,
2813 1192 2970 1247 venit
3004 1193 3203 1263 Legem
3236 1206 3350 1245 non
3381 1189 3567 1246 solve-

1921 1300 2002 1351 re,
2032 1286 2133 1340 sed
2166 1283 2503 1356 adimplere.

206 1500 3570 1523 Μ

1289 1608 1663 1703 LIBER
1740 1607 2447 1705 VIGESIMUS.

253 1877 456 1935 CAPUT
488 1875 803 1932 PRIMUM.
836 1907 904 1916 —
935 1876 1191 1931 Fausrus
1240 1875 1421 1931 dixit:
1466 1877 1581 1933 Cur
1622 1876 1805 1933 solem

204 1966 369 2037 colitis,
392 1966 503 2022 nisi
538 1967 682 2038 quia
711 1964 852 2021 estis
882 1965 1096 2038 Pagani
1131 1970 1187 2021 et
1218 1965 1492 2021 Gentium
1525 1965 1803 2033 schisma,

204 2074 287 2112 non
307 2063 447 2111 secta
465 2055 491 2109 ?
514 2055 711 2128 Igitur
732 2071 847 2109 non
871 2053 941 2109 ab
966 2071 1025 2109 re
1050 2054 1223 2109 fuerit
1243 2060 1299 2109 et
1318 2054 1425 2110 hoc
1443 2056 1637 2126 ipsum
1658 2072 1817 2127 quae-

204 2162 311 2211 rere,
327 2162 432 2217 quo
454 2144 838 2199 manifestius
855 2143 1050 2199 videre
1069 2142 1386 2215 possimus,
1409 2148 1539 2199 uter
1551 2149 1817 2199 nostrum

214 2234 294 2289 hoc
310 2234 533 2289 nomine
564 2234 768 2287 debeat
792 2232 1093 2304 appellari.
1114 2233 1183 2287 Et
1202 2233 1433 2303 quidem
1450 2233 1496 2287 si
1518 2233 1620 2287 tibi
1644 2234 1815 2288 ﬁdem

211 2340 359 2378 meam
383 2340 537 2377 nunc
567 2322 932 2394 simpliciter,
954 2326 1017 2376 ut
1034 2322 1092 2375 in
1114 2321 1318 2377 amicis
1340 2323 1605 2388 referam,
1624 2322 1822 2377 videar

207 2412 410 2468 fortasse
422 2412 822 2467 excusationis
846 2428 1022 2467 causa
1038 2410 1093 2465 id
1108 2411 1791 2483 ﬁngere,autdivinorum
1803 2453 1816 2479 ,

206 2502 322 2571 quod
354 2501 525 2567 absit,
568 2500 857 2556 luminum
889 2500 1228 2555 erubescere
1263 2499 1574 2555 culturam.
1611 2500 1720 2555 Sed
1753 2504 1819 2555 tu

208 2589 400 2659 quidem
436 2594 764 2661 utcumque
813 2587 1064 2644 volueris
1114 2588 1345 2660 accipe:
1382 2605 1473 2643 me
1503 2593 1698 2644 tamen
1730 2589 1819 2643 di-

207 2678 326 2733 xisse
352 2697 458 2734 non
495 2678 829 2751 paenitebit,
884 2678 969 2733 vel
1004 2682 1240 2749 propter
1269 2676 1518 2749 aliquos,
1552 2678 1647 2747 qui
1682 2678 1819 2733 hac-

206 2774 338 2823 tenus
368 2769 513 2823 scire
584 2767 905 2835 habebunt,
967 2766 1309 2840 religionem
1361 2770 1618 2822 nostram
1672 2765 1815 2821 nihil

204 2872 305 2910 cum
334 2857 622 2912 Gentibus
655 2856 869 2911 habere
901 2871 1233 2911 commune.

260 2944 474 3002 CAPUT
500 2945 578 3001 II.
603 2977 669 2986 —
696 2945 880 3018 Igitur
904 2962 1010 3000 nos
1034 2944 1217 2999 Patris
1240 2945 1477 3017 quidem
1502 2944 1602 2999 Dei
1628 2944 1816 3000 omni-

202 3034 436 3105 potentis,
455 3038 512 3089 et
531 3034 752 3089 Christi
773 3031 897 3088 Filii
918 3034 1067 3103 ejus,
1084 3038 1139 3088 et
1155 3032 1408 3104 Spiritus
1426 3032 1613 3087 sancti
1634 3048 1817 3087 unum

198 3118 431 3193 idemque
458 3124 579 3177 sub
612 3122 828 3193 triplici
862 3120 1257 3194 appellatione
1288 3120 1537 3176 colimus
1559 3137 1775 3176 numen
1802 3137 1813 3176 :

199 3210 275 3262 sed
296 3209 513 3266 Patrem
538 3211 781 3281 quidem
807 3210 1000 3282 ipsum
1035 3210 1223 3266 lucem
1248 3209 1499 3266 incolere
1524 3210 1819 3265 credimus

200 3312 455 3353 summam
477 3317 545 3355 ac
569 3298 971 3371 principalem,
988 3316 1163 3370 quam
1185 3298 1394 3354 Paulus
1408 3298 1553 3354 alias
1569 3300 1821 3355 inacces-

199 3387 394 3443 sibilem
424 3395 609 3444 vocat
640 3390 814 3459 (Tim.
846 3406 924 3449 v1.
958 3388 1047 3458 46)
1071 3406 1084 3442 :
1111 3388 1321 3443 Filium
1343 3405 1475 3444 vero
1499 3389 1555 3442 in
1588 3387 1696 3443 hac
1727 3405 1816 3443 se-

200 3477 357 3531 cunda
384 3495 446 3533 ac
468 3478 695 3533 visibili
722 3476 849 3531 luce
870 3477 1223 3543 consistere;
1249 3477 1347 3550 qui
1372 3477 1645 3549 quoniam
1672 3478 1822 3533 sitet

199 3563 297 3634 ipse
314 3568 611 3638 geminus,
634 3570 699 3621 ut
720 3583 853 3621 eum
881 3566 1193 3637 Apostolus
1217 3566 1392 3635 novit,
1420 3566 1714 3621 Christum
1738 3567 1821 3621 di-

200 3668 308 3709 cens
329 3673 451 3711 esse
474 3656 581 3711 Dei
601 3655 874 3711 virtutem
891 3660 949 3710 et
962 3655 1058 3710 Dei
1078 3656 1421 3726 sapientiam
1439 3656 1483 3726 (I
1498 3655 1617 3711 Cor.
1635 3657 1779 3727 1,24)
1802 3681 1816 3725 ;

198 3742 431 3799 virtutem
457 3746 703 3816 quidem
728 3745 855 3814 ejus
875 3744 931 3798 in
955 3744 1072 3799 sole
1092 3744 1353 3800 habitare
1385 3744 1699 3813 credimus,
1726 3762 1816 3801 sa-

199 3831 441 3900 pientiam
462 3852 601 3890 vero
629 3834 688 3887 in
714 3833 881 3889 luna:
903 3849 1125 3888 necnon
1148 3838 1202 3888 et
1220 3834 1473 3905 Spiritus
1488 3834 1696 3901 sancti,
1717 3834 1818 3904 qui

197 3923 759 3993 estmajestastertia.
795 3922 944 3977 aeris
972 3923 1125 3977 hunc
1147 3939 1379 3977 omnem
1407 3923 1692 3977 ambitum
1728 3940 1816 3978 se-

197 4008 299 4064 dem
315 4013 565 4067 fatemur
581 4028 650 4066 ac
668 4011 1053 4067 diversorium
1071 4033 1085 4081 ;
1102 4013 1271 4083 cujus
1289 4028 1356 4067 ex
1375 4012 1595 4067 viribus
1614 4028 1685 4067 ne
1702 4012 1818 4083 spi-

195 4098 354 4154 rituali
372 4102 740 4173 prolusione,
764 4106 977 4156 terram
999 4118 1229 4172 quoque
1242 4102 1818 4174 concipientem,gig—

196 4201 307 4242 nere
320 4190 627 4259 patibilem
647 4190 872 4252 Jesum.
888 4189 988 4261 qui
1004 4189 1218 4245 estvita
1230 4206 1295 4244 ac
1309 4189 1469 4245 salus
1488 4190 1816 4258 hominum,

199 4277 326 4331 omni
354 4294 687 4351 suspensus
709 4296 774 4333 ex
798 4278 976 4349 ligno.
999 4279 1121 4342 Qua
1144 4284 1379 4351 propter
1398 4283 1454 4334 et
1477 4278 1643 4334 nobis
1666 4279 1818 4334 circa

197 4364 457 4434 universa,
476 4372 536 4422 et
552 4366 718 4420 vobis
735 4366 1007 4420 similiter
1018 4383 1154 4438 erga
1168 4382 1375 4438 panem
1392 4366 1693 4420 etcalicem
1714 4383 1818 4438 par

197 4451 365 4523 religio
380 4459 490 4523 est,
517 4456 791 4527 quamvis
824 4472 1022 4510 eorum
1055 4456 1331 4509 acerrime
1363 4454 1603 4509 oderitis
1624 4460 1817 4510 aucto-

196 4556 285 4596 res.
309 4544 432 4599 Hazc
459 4550 671 4599 nostra
689 4544 832 4599 fides
852 4548 966 4599 est:
989 4545 1057 4598 de
1077 4561 1191 4615 qua
1209 4544 1255 4597 si
1276 4544 1651 4614 quaerendum
1672 4543 1815 4599 alias

197 4634 480 4703 putaveris,
507 4634 715 4688 audies
739 4651 751 4700 ;
772 4634 1037 4704 quamvis
1058 4650 1160 4688 nec
1180 4632 1319 4687 illud
1347 4633 1417 4686 ad
1443 4649 1697 4703 praesens
1716 4633 1817 4687 mi-

196 4734 282 4773 nus
296 4722 531 4777 ﬁrmum
554 4722 633 4778 sit
653 4722 1245 4794 argumentum,quod
1273 4721 1358 4775 vel
1378 4720 1552 4786 tu,vel
1573 4720 1817 4791 quilibet

196 4806 318 4863 alius
351 4819 620 4883 rogatus,
644 4811 885 4865 ubinam
909 4810 1093 4866 Deum
1117 4827 1290 4865 suum
1315 4811 1510 4865 credat
1532 4810 1812 4878 habitare,

193 4900 515 4970 respondere
551 4916 669 4955 non
702 4899 1018 4968 dubitabit,
1055 4899 1117 4954 In
1156 4898 1415 4954 lumine:
1450 4915 1517 4953 ex
1548 4916 1661 4970 quo
1693 4902 1814 4954 cul-

196 4987 275 5041 tus
293 4988 382 5044 hic
406 5005 583 5044 meus
604 4988 866 5044 omnium
894 5005 1039 5059 pene
1058 4987 1390 5043 testimonio
1415 4988 1810 5044 conﬁrmatur.

258 5075 481 5133 CAPUT
504 5077 606 5132 ΙΙΙ.
634 5109 701 5116 —
724 5078 996 5132 Sednunc
1017 5077 1087 5131 ad
1110 5076 1275 5143 illud,
1298 5078 1435 5147 quia
1462 5095 1565 5133 nos
1588 5095 1701 5133 non
1726 5095 1815 5134 se-

192 5169 340 5232 ctam,
370 5167 470 5221 sed
508 5166 773 5220 schisma
800 5165 1075 5221 Gentium
1123 5166 1494 5237 nuncupasti.
1528 5167 1812 5237 Schisma,

190 5251 278 5308 nisi
306 5254 496 5321 fallor,
536 5259 629 5310 est
655 5254 856 5309 eadem
890 5255 1226 5327 opinantem
1260 5260 1433 5326 atque
1464 5255 1665 5311 eodem
1699 5258 1814 5313 ritu

194 5341 446 5399 colentem
482 5360 605 5415 quo
637 5343 847 5411 caeteri,
882 5344 1004 5399 solo
1046 5344 1512 5416 congregationis
1542 5344 1813 5401 delectari

196 5429 431 5488 discidio.
460 5434 637 5488 Secta
660 5449 794 5488 vero
816 5437 903 5488 est
931 5431 1101 5505 longe
1132 5433 1245 5487 alia
1273 5432 1607 5504 opinantem
1638 5451 1813 5506 quam

196 5522 379 5591 ceteri,
412 5523 530 5577 alio
561 5521 733 5576 etiam
765 5522 875 5577 sibi
898 5538 961 5577 ac
986 5522 1155 5594 longe
1177 5520 1449 5577 dissimili
1472 5522 1583 5576 ritu
1607 5522 1812 5578 divini-

194 5609 307 5665 tatis
334 5610 670 5667 instituisse
702 5612 1011 5667 culturam.
1048 5613 1180 5677 Quae
1212 5610 1261 5665 si
1293 5611 1372 5666 ita
1393 5615 1552 5677 sunt,
1578 5628 1702 5668 mea
1723 5611 1811 5668 in-

196 5700 344 5758 terim
359 5706 419 5759 et
440 5699 643 5774 opinio
659 5705 716 5761 et
735 5699 928 5760 cultus
948 5700 1121 5774 longe
1143 5700 1259 5760 alia
1279 5705 1418 5758 sunt
1439 5716 1616 5773 quam
1636 5706 1815 5776 Paga-

1916 1891 2149 1932 norum.
2181 1874 2263 1930 De
2288 1873 2406 1929 tuis
2452 1876 2654 1945 postea
2700 1871 3050 1929 videbimus.
3083 1870 3300 1943 Pagani
3332 1870 3485 1925 bona
3513 1872 3571 1925 et

1917 1964 2249 2030 mala,tetra
2270 1967 2326 2017 et
2351 1961 2967 2033 splendida,perpetua
2984 1964 3040 2015 et
3057 1960 3293 2027 caduca,
3312 1958 3565 2015 mutabi-

1926 2053 2024 2121 lia,
2048 2056 2107 2108 et
2128 2056 2302 2121 certa,
2333 2050 2653 2122 corporalia
2675 2056 2731 2105 et
2751 2050 2945 2105 divina
2965 2066 3147 2105 unum
3172 2048 3385 2103 habere
3409 2048 3567 2118 prin-

1926 2141 2143 2214 cipium
2169 2140 2582 2212 dogmatizant.
2608 2139 2710 2194 His
2731 2155 2835 2212 ego
2856 2138 3019 2194 valde
3038 2137 3329 2193 contraria
3358 2136 3567 2201 sentio,

1928 2232 2027 2303 qui
2055 2230 2223 2285 bonis
2245 2231 2519 2285 omnibus
2537 2228 2888 2300 principium
2916 2227 3096 2283 fateor
3109 2227 3314 2292 Deum,
3339 2230 3567 2281 contra-

1927 2319 2031 2375 riis
2051 2336 2184 2374 vero
2208 2317 2389 2390 Hylen
2406 2335 2418 2372 :
2435 2318 2518 2373 sic
2530 2318 2683 2373 enim
2701 2317 2839 2372 mali
2854 2316 3206 2388 principium
3222 2332 3286 2371 ac
3299 2320 3568 2371 naturam

1928 2407 2238 2479 theologus
2254 2413 2451 2462 noster
2463 2406 2733 2479 appellat.
2750 2403 3568 2477 ItemPagani,aris,delubris,

1927 2496 2279 2563 simulacris,
2306 2495 2581 2562 victimis,
2608 2501 2782 2566 atque
2804 2495 3040 2550 incenso
3062 2498 3237 2549 Deum
3262 2492 3569 2550 colendum

1926 2591 2156 2657 putant.
2182 2586 2300 2657 Ego
2322 2586 2393 2640 ab
2418 2585 2508 2639 bis
2532 2585 2588 2639 in
2623 2584 2729 2639 hoc
2760 2600 2991 2656 quoque
3023 2583 3275 2638 multum
3306 2583 3568 2637 diversus

1926 2674 2258 2745 incedo,qui
2280 2674 2475 2745 ipsum
2501 2672 2734 2741 me,sim
2758 2673 2928 2728 modo
2946 2672 3055 2728 sim
3070 2670 3568 2744 dignus,rationa-

1928 2762 2040 2818 bile
2066 2763 2160 2818 Dei
2185 2762 2469 2834 templum
2492 2766 2658 2833 puto:
2676 2761 2867 2816 vivum
2887 2760 3021 2815 viva:
3042 2759 3369 2829 majestatis
3387 2759 3570 2814 simu-

1926 2850 2150 2908 lacrum
2174 2851 2469 2906 Christum
2496 2850 2708 2906 Filium
2740 2850 2868 2920 ejus
2899 2848 3154 2919 accipio:
3191 2864 3374 2917 aram,
3407 2864 3570 2903 men-

1927 2946 2046 2996 tem
2077 2941 2249 2997 bonis
2282 2940 2508 2995 artibus
2539 2945 2597 2995 et
2626 2938 2954 3011 disciplinis
2988 2938 3296 3005 imbutam,
3321 2937 3572 2992 honores

1927 3046 2160 3102 quoque
2192 3029 2422 3085 divinos
2454 3045 2521 3084 ac
2548 3028 2832 3084 sacrificia
2862 3027 2920 3082 in
2952 3026 3096 3082 solis
3126 3026 3487 3081 orationibus
3516 3031 3573 3081 et

1925 3118 2072 3191 ipsis
2126 3119 2289 3191 puris
2349 3135 2415 3173 ac
2472 3116 2837 3189 simplicibus
2890 3132 3077 3188 pono:
3112 3115 3403 3187 quomodo
3433 3131 3570 3187 ergo

1926 3208 2347 3277 schismaﬁsum
2379 3212 2747 3279 Paganorum
2769 3205 2796 3261 ?

1998 3297 2230 3352 CAPUT
2266 3296 2357 3352 IV.
2394 3326 2462 3336 —
2494 3296 2787 3351 Hactenus
2817 3295 2975 3350 enim
3024 3298 3080 3350 et
3107 3294 3446 3350 Judaeorum
3478 3310 3571 3348 me

1927 3387 2161 3458 poterat"
2170 3385 2362 3441 dicere
2384 3385 2661 3452 schisma,
2683 3384 2822 3456 quia
2837 3388 2893 3439 et
2910 3384 3366 3455 omnipotentem
3385 3383 3566 3438 Deum

1928 3474 2137 3541 colam,
2161 3476 2316 3547 quod
2338 3475 2448 3530 sibi
2462 3474 2769 3529 etJudazus
2782 3472 2973 3529 omnis
2989 3472 3569 3536 audaciterassumit,

1927 3580 2059 3619 cum
2085 3581 2197 3619 non
2217 3563 2613 3619 considerares
2631 3561 2849 3617 rituum
2870 3560 3285 3624 diversitatem,
3301 3577 3417 3632 qua
3434 3576 3572 3615 ame

1927 3653 2214 3709 coleretur
2234 3653 2640 3724 Omnipotens,
2666 3656 2723 3706 et
2743 3668 2776 3705 a
2795 3650 3012 3705 Judaeis
3038 3670 3051 3713 ;
3078 3649 3127 3704 si
3151 3656 3345 3704 tamen
3369 3648 3569 3703 Omni-

1928 3746 2218 3813 potentem
2241 3741 2427 3796 Judaei
2451 3739 2671 3795 colunt.
2696 3740 2807 3795 Sed
2827 3739 3058 3794 interim
3077 3738 3147 3793 de
3165 3737 3436 3808 Opinione
3455 3742 3570 3791 tra-

1926 3836 2174 3898 ctamus,
2200 3847 2326 3900 quae
2350 3831 2434 3884 sic
2455 3834 2511 3884 et
2532 3829 2796 3900 Paganos
2820 3828 2889 3883 de
2915 3826 3055 3883 solis
3085 3826 3314 3881 cultura
3346 3826 3565 3895 fefellit,

1926 3923 1991 3975 ut
2008 3919 2077 3974 de
2096 3917 2526 3990 Omnipotentis
2546 3918 2799 3973 Judazos.
2818 3917 2926 3972 Sed
2946 3933 3048 3972 nec
3060 3922 3315 3972 vestrum
3331 3915 3565 3986 quidem

1928 4008 2187 4064 schisma
2210 4008 2257 4064 si
2278 4024 2370 4062 me
2388 4006 2622 4073 dixeris,
2641 4023 2841 4061 verum
2859 4010 2966 4074 est,
2986 4004 3254 4077 quamvis
3272 4003 3566 4059 Christum

1926 4113 2164 4151 venerer
2178 4100 2235 4151 et
2254 4096 2440 4151 colam
2460 4114 2472 4151 :
2490 4095 2629 4167 quia
2658 4093 2771 4150 alio
2801 4110 2935 4149 eum
2972 4094 3084 4148 ritu
3108 4092 3230 4148 colo
3248 4096 3305 4147 et
3321 4090 3435 4146 alia
3457 4092 3569 4146 ﬁde

1927 4202 2103 4257 quam
2122 4202 2241 4241 vos.
2263 4185 2532 4241 Schisma
2550 4201 2681 4240 vero
2699 4188 2800 4239 aut
2817 4181 2960 4237 nihil
2980 4183 3293 4237 immutare
3310 4181 3480 4235 debet
3497 4181 3566 4235 ab

1926 4291 1992 4331 eo
2014 4276 2168 4329 unde
2193 4275 2410 4329 factum
2435 4279 2544 4343 est,
2578 4278 2679 4327 aut
2704 4290 2819 4328 non
2853 4271 3103 4327 multum
3130 4287 3142 4325 :
3176 4275 3243 4325 ut
3270 4274 3414 4340 puta
3442 4285 3563 4335 vos,

1926 4364 2024 4435 qui
2051 4364 2437 4418 desciscentes
2468 4380 2502 4417 a
2530 4362 2836 4428 Gentibus,
2861 4359 3210 4416 monarchize
3231 4358 3565 4429 opinionem

1927 4452 2112 4525 primo
2128 4453 2431 4508 vobiscum
2451 4450 2798 4517 divulsistis;
2818 4450 2874 4505 id
2893 4454 2998 4513 est,
3022 4453 3080 4503 ut
3102 4465 3191 4503 om
3205 4448 3298 4503 nia
3315 4447 3565 4502 credatis

1924 4558 1991 4597 ex
2019 4541 2135 4596 Deo
2162 4558 2174 4595 :
2227 4540 2513 4596 sacriﬁcia
2557 4557 2690 4595 vero
2721 4555 2922 4595 eorum
2950 4538 3204 4593 vertistis
3237 4538 3294 4591 in
3329 4552 3563 4608 agapes,

1924 4630 2079 4686 idola
2108 4630 2165 4684 in
2199 4635 2504 4701 martyres,
2534 4644 2684 4699 quos
2713 4628 2864 4683 votis
2895 4625 3186 4682 similibus
3208 4625 3396 4680 colitis
3427 4644 3437 4679 :
3464 4626 3563 4679 de-

1924 4719 2257 4775 functorum
2282 4718 2522 4773 umbras
2547 4716 2679 4772 vino
2704 4716 2947 4788 placatis
2970 4720 3026 4769 et
3046 4715 3322 4786 dapibus;
3348 4714 3566 4769 solem-

1926 4825 2033 4865 nes
2056 4808 2326 4865 Gentium
2351 4807 2476 4863 dies
2503 4823 2637 4861 cum
2662 4805 2804 4877 ipsis
2825 4803 3150 4873 celebratis,
3176 4809 3239 4858 ut
3268 4803 3561 4869 calendas,

1925 4903 1983 4954 et
2003 4897 2283 4955 solstitia:
2308 4897 2377 4951 de
2404 4895 2522 4951 vita
2551 4899 2703 4951 certe
2735 4892 3008 4949 mutastis
3038 4891 3221 4959 nihil;
3253 4892 3393 4947 estis
3425 4907 3566 4946 sane

1924 4988 2202 5054 schisma,
2233 5004 2266 5041 a
2297 4985 2537 5041 matrice
2563 5001 2669 5039 sua
2699 4983 2991 5038 diversum
3024 4981 3168 5037 nihil
3200 4981 3420 5036 habens
3450 4979 3563 5034 nisi

1924 5080 2206 5133 conventu
2218 5092 2293 5129 m.
2319 5074 2553 5130 Necnon
2568 5076 2624 5128 et
2637 5073 2857 5143 priores
2869 5070 3046 5127 vestri
3058 5069 3261 5131 Judaei,
3278 5066 3563 5140 segregati

1924 5165 2096 5221 etiam
2120 5163 2231 5235 ipsi
2254 5180 2286 5218 a
2310 5162 2591 5219 Gentibus
2613 5161 2946 5233 sculpturas
2966 5159 3157 5214 solum
3175 5156 3559 5211 dimiserunt:

1922 5252 2143 5325 templa
2165 5269 2320 5321 vero,
2343 5256 2400 5307 et
2419 5250 2871 5319 immolationes,
2896 5252 2953 5303 et
2975 5263 3127 5311 aras;
3145 5250 3201 5299 et
3217 5244 3560 5311 sacerdotia,

1925 5347 2100 5414 atque
2121 5358 2294 5397 omne
2316 5356 2614 5396 sacrorum
2641 5338 3033 5395 ministerium
3056 5334 3257 5390 eodem
3277 5332 3391 5387 ritu
3413 5349 3565 5388 exer-

1924 5435 2189 5502 cuerunt,
2223 5447 2290 5485 ac
2320 5428 2503 5484 multo
2534 5424 2997 5499 superstitiosius
3029 5438 3204 5494 quam
3225 5421 3459 5478 Gentes.
3486 5422 3565 5478 De

1924 5520 2197 5591 Opinione
2218 5536 2352 5575 vero
2376 5516 2724 5574 monarchiae
2750 5515 2808 5569 in
2832 5511 2991 5569 nullo
3013 5511 3187 5567 etiam
3214 5510 3325 5584 ipsi
3345 5512 3567 5568 dissen-

1921 5609 2079 5666 tiunt
2111 5626 2144 5663 a
2175 5608 2454 5681 Paganis:
2491 5622 2667 5678 quare
2718 5606 2949 5658 constat
2989 5618 3085 5657 vos
3132 5605 3305 5673 atque
3333 5601 3561 5657 Judaeos

1923 5699 2244 5759 schismata
2267 5714 2393 5755 esse
2416 5691 2802 5763 Gentilitatis;
2829 5692 3003 5764 cujus
3022 5692 3199 5749 ﬁdem
3220 5695 3482 5749 tenentes
3508 5693 3566 5747 et
