4000 6178
407 270 523 333 371

413 406 583 472 ritus,
616 405 841 461 modice
862 406 1128 477 quamvis
1149 406 1515 473 immutatos,
1547 407 1618 462 de
1648 406 1774 463 sola
1805 421 2057 461 conven-

413 499 579 550 tuum
606 494 887 551 divisione
908 496 1128 567 putatis
1150 512 1249 551 vos
1270 512 1399 552 esse
1422 502 1631 552 sectas.
1660 500 1837 551 Porro
1860 500 2055 550 autem

417 588 607 639 sectas
628 582 676 637 si
699 600 948 658 quaeras,
974 601 1088 639 non
1112 583 1245 656 plus
1274 589 1447 640 erunt
1476 602 1653 656 quam
1685 585 1834 654 duae,
1870 582 1927 637 id
1951 587 2057 648 est,

418 672 712 739 Gentium,
739 677 794 727 et
815 677 1028 743 nostra,
1052 673 1153 745 qui
1178 673 1261 729 eis
1292 674 1460 746 longe
1492 674 1720 729 diversa
1750 672 2058 728 sentimus.

421 761 508 816 Ita
530 760 767 832 quidem
791 762 1041 833 oppositi
1066 762 1309 819 invicem
1345 762 1532 829 nobis,
1555 771 1621 818 ut
1650 766 1737 818 est
1764 762 1976 817 veritas
2007 764 2063 815 et

423 848 814 921 mendacium,
849 855 911 905 ut
942 852 1067 906 dies
1096 857 1151 906 et
1182 869 1313 921 nox,
1350 858 1413 906 ut
1441 858 1670 925 egestas
1699 856 1757 907 et
1784 851 1968 922 copia,
2002 854 2067 904 ut

423 939 665 994 morbus
704 944 760 994 et
790 939 1031 995 sanitas.
1065 940 1176 996 Vos
1201 957 1332 996 vero
1358 957 1459 997 nec
1484 941 1698 996 erroris
1721 944 1879 995 secta
1901 938 2065 1006 estis,

423 1043 529 1081 nec
560 1026 821 1083 veritatis
848 1046 861 1083 :
895 1029 995 1083 sed
1026 1028 1287 1084 schisma
1316 1034 1547 1084 tantum
1574 1046 1589 1097 ;
1621 1044 1725 1084 nec
1756 1028 1949 1100 ipsum
1972 1043 2066 1082 ve-

422 1116 612 1171 ritatis
644 1116 877 1183 saltem,
910 1118 1012 1173 sed
1043 1118 1280 1173 erroris.

493 1231 725 1288 CAPUT
755 1231 819 1287 V.
849 1262 919 1273 --
946 1234 1309 1288 AUGUSTINUS
1344 1232 1680 1305 respondit:
1714 1233 1757 1288 Ο
1791 1232 2068 1303 imperita

424 1320 626 1393 pestis,
643 1319 938 1375 etvanitas
950 1320 1300 1393 versipellisl
1322 1322 1526 1392 utquid
1546 1322 1649 1377 tibi
1665 1320 1891 1391 objicis,
1913 1319 2067 1391 quod

424 1409 476 1464 si
500 1409 631 1481 quis
653 1409 757 1463 tibi
781 1409 1013 1479 objecit,
1037 1410 1220 1465 nescit
1236 1427 1369 1465 cum
1383 1427 1498 1481 quo
1512 1410 1896 1482 agat?Neque
1912 1408 2069 1464 enim

424 1514 525 1552 vos
552 1498 813 1569 Paganos
836 1497 1109 1564 dicimus,
1134 1504 1236 1553 aut
1256 1499 1514 1554 schisma
1534 1499 1898 1571 Paganorum
1928 1514 1941 1565 ;
1967 1497 2067 1552 sed

429 1586 645 1641 habere
677 1603 808 1640 cum
841 1586 922 1640 eis
956 1587 1274 1657 quamdam
1313 1587 1783 1659 similitudinem,
1817 1604 1884 1642 eo
1917 1586 2070 1658 quod

430 1674 645 1729 multos
669 1674 873 1730 colatis
901 1676 1057 1731 deos.
1078 1676 1295 1730 Verum
1315 1693 1417 1731 vos
1434 1676 1520 1731 eis
1542 1692 1671 1731 esse
1703 1675 1874 1747 longe
1907 1676 2071 1730 dete-

431 1764 635 1833 riores,
661 1765 814 1834 quod
836 1764 922 1818 illi
948 1781 1015 1819 ea
1036 1764 1235 1819 colunt
1252 1780 1375 1837 quae
1399 1770 1556 1832 sunt,
1580 1766 1689 1820 sed.
1715 1781 1816 1836 pro
1844 1764 1955 1819 diis
1976 1780 2072 1819 co-

431 1852 603 1907 lenda
627 1870 741 1907 non
768 1857 907 1908 sunt
935 1870 948 1908 :
983 1859 1122 1908 sunt
1142 1854 1298 1909 enim
1321 1858 1378 1910 et
1398 1854 1573 1920 idola,
1597 1854 1699 1909 sed
1723 1854 1796 1909 ad
1818 1852 2070 1908 salutem

432 1941 578 1997 nihil
601 1947 757 1997 sunt.
775 1942 842 1997 Et
857 1942 955 2014 qui
975 1941 1114 1997 colit
1131 1943 1418 2010 arborem,
1440 1960 1555 1999 non
1577 1942 1812 2014 quidem
1831 1943 2071 2012 arando,

429 2030 531 2086 sed
564 2031 886 2098 adorando,
917 2047 1032 2085 non
1065 2032 1122 2086 id
1154 2031 1294 2087 colit
1324 2032 1479 2104 quod
1510 2048 1805 2103 nusquam
1836 2035 1944 2098 est,
1969 2031 2072 2087 sed

429 2120 585 2190 quod
633 2118 713 2174 ita
742 2118 1058 2175 dolendum
1100 2137 1214 2175 non
1246 2125 1353 2176 est.
1390 2121 1521 2192 Ipsa
1551 2121 1728 2178 etiam
1764 2120 2070 2185 daemonia,

430 2209 586 2265 unde
615 2208 755 2263 dicit
784 2207 1117 2279 Apostolus,
1148 2214 1288 2279 Quae
1315 2212 1600 2266 immolant
1631 2214 1847 2277 Gentes,
1875 2210 2072 2265 daemo-

428 2299 541 2352 niis
562 2298 873 2366 immolant,
893 2306 943 2353 et
964 2314 1072 2353 non
1097 2299 1261 2370 Deo(l
1295 2299 1415 2354 Cor.
1450 2316 1505 2369 x,
1531 2300 1627 2371 20)
1653 2317 1665 2367 ;
1702 2298 1904 2371 utique
1934 2302 2074 2353 sunt

431 2384 791 2458 quibusillos
806 2386 1605 2459 immolaredicit,etquorum
1622 2404 1728 2443 nos
1742 2388 1930 2443 socios
1944 2403 2071 2442 esse

423 2492 538 2531 non
562 2474 705 2529 vult.
728 2475 757 2530 J
766 2492 859 2530 am
884 2492 1015 2530 vero
1039 2475 1248 2531 coelum
1270 2480 1327 2532 et
1358 2485 1527 2543 terra,
1563 2493 1722 2531 mare
1746 2481 1803 2533 et
1833 2493 1951 2542 aer,
1985 2475 2070 2531 sol

424 2569 481 2620 et
501 2562 662 2630 luna,
682 2569 737 2618 et
750 2568 953 2618 caetera
969 2563 1182 2628 sidera,
1202 2564 1401 2619 omnia
1418 2564 1537 2620 haac
1557 2565 1870 2620 manifesta
1885 2564 2072 2620 oculis

419 2656 721 2723 apparent,
742 2656 915 2722 atque
932 2650 1076 2723 ipsis
1093 2652 1367 2708 sensibus
1388 2658 1598 2725 praesto
1617 2659 1776 2709 sunt.
1792 2654 1925 2718 Quae
1938 2669 2072 2708 cum

423 2740 643 2813 Pagani
674 2745 957 2812 tanquam
985 2742 1123 2796 deos
1173 2741 1392 2806 colunt,
1444 2742 1535 2798 vel
1567 2748 1845 2813 tanquam
1880 2746 2074 2815 partes

428 2830 606 2885 unius
632 2829 829 2902 magni
857 2829 949 2884 dei
972 2848 985 2897 ;
1005 2846 1137 2885 nam
1164 2832 1500 2886 universum
1525 2832 1815 2887 mundum
1833 2832 2073 2903 quidam

434 2935 636 2975 eorum
660 2923 868 2990 putant
890 2920 1211 2974 maximum
1231 2920 1435 2975 deum:
1457 2936 1525 2976 ea
1543 2921 1743 2976 colunt
1763 2938 1890 2993 qua:
1913 2925 2071 2976 sunt.

432 3010 579 3064 Cum
612 3008 827 3076 quibus
858 3008 1091 3078 quando
1123 3008 1374 3080 agimus,
1402 3014 1468 3064 ut
1496 3026 1564 3064 ea
1586 3026 1699 3065 non
1724 3009 1935 3075 colant,
1960 3026 2073 3065 non

436 3096 521 3151 eis
541 3095 792 3150 dicimus
824 3096 978 3166 quod
1013 3095 1173 3151 nulla
1199 3097 1337 3163 sint,
1371 3097 1471 3151 sed
1504 3098 1655 3166 quod
1688 3098 1929 3153 colenda
1961 3116 2074 3154 non

434 3184 591 3239 sint:
617 3184 819 3254 eisque
843 3184 1149 3239 colendum
1179 3185 1388 3239 horum
1420 3186 1683 3240 omnium
1717 3187 2074 3243 conditorem

433 3270 618 3327 Deum
642 3271 993 3327 invisibilem
1018 3272 1356 3341 suademus,
1377 3274 1548 3344 cujus
1566 3274 1750 3330 solius
1771 3276 2079 3349 participa-

434 3361 592 3416 tione
624 3362 830 3415 beatus
860 3361 1034 3416 homo
1084 3362 1205 3415 fieri
1243 3367 1467 3433 potest;
1503 3364 1658 3434 quod
1694 3381 1899 3420 omnes
1932 3364 2079 3421 velle

435 3464 605 3505 nemo
634 3449 898 3521 ambigit.
924 3451 1034 3505 Sed
1054 3451 1192 3522 quia
1213 3451 1477 3506 nonnulli
1503 3468 1705 3508 eorum
1728 3453 2079 3509 invisibilem

434 3542 489 3594 et
511 3538 911 3610 incorpoream
934 3543 1258 3594 creaturam
1281 3539 1500 3607 colunt,
1524 3542 1678 3612 quod
1703 3548 1791 3597 est
1812 3548 1868 3597 et
1883 3542 2083 3599 anima

436 3642 719 3699 mensque
736 3627 1215 3694 humana;tamen
1235 3629 1371 3700 quia
1385 3646 1490 3684 nec
1503 3631 1789 3699 ejusmodi
1806 3636 2079 3687 creaturae

432 3715 875 3788 participatione
901 3716 963 3770 ﬁt
984 3715 1157 3771 homo
1174 3717 1505 3786 beatus;ille
1529 3735 1641 3773 non
1665 3719 1854 3775 solum
1874 3720 2078 3776 invisi-

435 3805 594 3869 bilis,
607 3822 809 3861 verum
827 3806 1000 3860 etiam
1019 3806 1519 3862 incommutabilis
1536 3807 1709 3879 Deus,
1726 3809 1781 3863 id
1798 3814 1907 3880 est,
1927 3810 2080 3866 Deus

433 3910 608 3949 verus
634 3893 913 3950 colendus
934 3898 1021 3949 est
1044 3911 1056 3947 :
1084 3895 1221 3965 quia
1243 3894 1404 3950 solus
1420 3895 1517 3950 ille
1534 3897 1814 3954 colendus
1836 3904 1946 3963 est,
1966 3916 2080 3970 quo

436 3982 563 4039 solo
599 3983 819 4047 fruens,
842 3982 1048 4038 beatus
1071 3984 1135 4037 ﬁt
1164 3983 1352 4039 cultor
1383 3986 1547 4054 ejus;
1582 3991 1639 4040 et
1669 4004 1783 4057 quo
1814 3987 1936 4043 solo
1966 4006 2079 4045 non

432 4070 659 4138 fruens,
688 4071 884 4125 omnia
905 4087 1071 4126 mens
1093 4072 1308 4127 misera
1328 4075 1437 4137 est,
1461 4073 1722 4144 qualibet
1743 4092 1802 4130 re
1822 4076 1937 4131 alia
1961 4094 2083 4148 per-

437 4160 689 4215 fruatur.
713 4162 829 4215 Vos
852 4162 1043 4215 autem
1070 4176 1203 4215 cum
1226 4177 1294 4216 ea
1316 4160 1522 4218 colatis
1556 4179 1681 4233 quae
1705 4165 1942 4221 omnino
1967 4183 2080 4221 non

438 4250 705 4319 sunt,sed
720 4252 1044 4304 vestrarum
1058 4248 1356 4305 fallacium
1371 4249 1697 4307 fabularum
1715 4254 1968 4310 vanitate
1980 4255 2081 4309 fin-

438 4342 680 4410 guntur,
702 4336 1150 4409 propinquiores
1167 4337 1372 4394 essetis
1390 4355 1533 4394 verae
1550 4340 1752 4411 pietati
1771 4358 1838 4397 ac
1852 4341 2080 4414 religio-

442 4427 525 4495 ni,
558 4427 605 4481 si
637 4427 841 4481 saltem
896 4427 1109 4499 Pagani
1161 4427 1393 4493 essetis,
1436 4427 1521 4483 vel
1554 4427 1612 4483 in
1646 4446 1845 4485 eorum
1876 4448 2082 4504 genere

444 4515 546 4587 qui
579 4531 820 4586 corpora
848 4514 1066 4583 colunt,
1099 4516 1205 4571 etsi
1229 4533 1343 4571 non
1366 4516 1627 4585 colenda,
1651 4518 1749 4573 sed
1773 4522 1965 4574 tamen
1989 4537 2080 4575 ve-

442 4619 529 4660 ra.
563 4602 726 4659 Unde
756 4620 858 4660 vos
888 4604 1080 4659 verius
1111 4604 1354 4660 dixerim
1388 4622 1493 4659 nec
1523 4605 1703 4660 solem
1729 4606 1906 4662 istum
1932 4607 2081 4664 cole-

440 4708 524 4761 re,
559 4693 628 4747 ad
663 4693 832 4761 cujus
875 4710 1081 4766 gyrum
1130 4698 1320 4749 vestra
1361 4694 1546 4749 oratio
1592 4693 2079 4752 circumvolvitur.

503 4808 735 4865 CAPUT
769 4809 856 4865 Vl.
890 4841 958 4850 -—-
992 4814 1132 4865 Nam
1162 4814 1218 4865 et
1248 4810 1319 4865 de
1348 4809 1475 4882 ipso
1522 4814 1641 4866 tam
1675 4810 1843 4877 falsa,
1876 4817 1932 4868 et
1963 4818 2080 4869 tam

433 4899 1040 4969 detestandajactatis,
1060 4903 1123 4954 ut
1137 4899 1183 4954 si
1201 4916 1266 4953 su
1277 4916 1340 4954 as
1354 4898 2080 4973 vindicaretinjurias,jam

439 4988 698 5044 ﬂammis
718 4988 846 5059 ejus
868 4987 977 5042 vivi
1001 4987 1299 5043 arderetis.
1326 4988 1470 5045 Nam
1504 4989 1693 5060 primo
1723 5005 1856 5046 eum
1888 4992 2082 5048 navim

443 5078 762 5150 quamdam
795 5093 923 5133 esse
954 5076 1145 5132 dicitis
1171 5094 1183 5131 :
1216 5077 1298 5132 ita
1330 5094 1443 5132 non
1474 5082 1725 5147 tantum,
1752 5087 1816 5134 ut
1846 5080 2079 5149 dicitur,

437 5168 561 5221 toto
575 5167 714 5223 coelo
728 5167 955 5232 erratis,
972 5166 1067 5221 sed
1083 5170 1139 5222 et
1163 5165 1393 5222 natatis.
1421 5165 1638 5221 Deinde
1660 5184 1792 5223 cum
1816 5169 2080 5225 omnium

436 5255 621 5310 oculis
654 5257 942 5311 rotundus
974 5253 1266 5325 effulgent,
1310 5270 1493 5325 eaque
1524 5253 1605 5308 illi
1640 5255 1828 5327 ﬁgura
1859 5273 1961 5328 per
1991 5259 2080 5313 sui

435 5343 656 5397 ordinis
689 5344 977 5415 positione
1009 5343 1263 5416 perfecta
1294 5342 1369 5397 sit
1396 5360 1408 5409 ;
1433 5359 1534 5397 vos
1556 5359 1690 5399 eum
1714 5344 2077 5417 triangulum

439 5429 779 5496 perhibetis,
805 5432 861 5487 id
886 5438 993 5498 est,
1014 5450 1114 5503 per
1145 5431 1463 5502 quamdam
1495 5431 1816 5501 tringulam
1848 5433 1973 5487 crnli
2000 5434 2079 5488 fe-

441 5522 702 5574 nestram
724 5517 912 5578 lucem
927 5522 1099 5577 istam
1120 5522 1339 5576 mundo
1355 5522 1640 5591 terrisque
1652 5520 1899 5576 radiare.
1916 5526 2004 5578 lta
2016 5524 2082 5579 fit

440 5608 507 5662 ut
528 5607 597 5662 ad
623 5606 800 5663 istum
823 5610 1060 5681 quidem
1084 5610 1266 5667 solem
1281 5611 1523 5668 dorsum
1541 5608 1936 5681 cervicemque
1954 5627 2079 5668 cur-

1169 275 1479 334 CONTRA
1522 272 1902 336 FAUSTUM
1948 269 2468 339 MANICH/EUM.
2517 272 2582 331 S.
2626 270 3054 333 AUGUSTINI

3672 282 3771 346 372

2163 402 2310 457 vetis
2327 419 2339 470 ;
2358 419 2471 458 non
2486 406 2680 459 autem
2696 403 2888 475 ipsum
2905 408 3022 459 tam
3041 403 3197 460 clara
3208 407 3549 463 rotunditate
3566 415 3770 486 conspi-

2166 508 2363 558 cuum,
2394 493 2492 548 sed
2519 492 2710 547 nescio
2734 510 2908 563 quam
2933 493 3123 549 navim
3149 511 3244 565 per
3267 496 3515 552 foramen
3533 500 3769 573 triangu-

2168 580 2288 636 lum
2306 580 2615 636 micantem
2634 587 2803 654 atque
2816 581 3312 654 lucentem,quam
3326 588 3618 642 conﬁctam
3633 592 3770 662 cogi-

2167 670 2325 738 tatis,
2351 670 2624 725 adoretis.
2648 671 2831 734 Quam
2857 673 3109 743 profecto
3134 672 3293 728 faber
3314 673 3408 729 ille
3430 692 3537 730 non
3566 677 3774 746 faceret,

2170 758 2218 814 si
2233 760 2727 831 quemadmodum
2743 776 2871 815 emu
2884 761 3428 833 nturligna,quibus
3443 765 3775 837 navigiorum

2167 847 2378 903 tabula:
2396 848 2966 921 compinguntur,sic
2980 853 3571 921 emerenturetverba,
3589 856 3780 925 quibus

2170 936 2575 992 haereticorum
2590 937 2799 994 fabula:
2811 939 2959 994 conti
2970 955 3126 1011 ngun
3138 944 3193 994 tu
3203 940 3464 995 r.Verum
3480 942 3591 997 lucc
3605 944 3786 1002 tolera-

2171 1024 2349 1081 bilius
2377 1025 2462 1080 vel
2487 1024 2752 1081 ridentur
2777 1026 2861 1081 vel
2884 1028 3100 1083 ﬂentur
3120 1028 3179 1082 in
3202 1030 3364 1083 vobis
3391 1045 3404 1083 :
3438 1029 3575 1084 illud
3607 1038 3689 1087 est
3709 1033 3785 1088 in-

2173 1113 2555 1170 tolerabiliter
2583 1116 2955 1183 sceleratum,
2988 1117 3143 1187 quod
3174 1117 3245 1172 de
3275 1118 3402 1188 ipsa
3436 1119 3557 1173 navi
3584 1121 3787 1190 puellas

2173 1202 2450 1275 pulchras
2463 1209 2519 1260 et
2533 1221 2743 1276 pueros
2756 1206 2998 1277 proponi
3014 1205 3229 1276 dicitis,
3246 1222 3493 1276 quorum
3508 1209 3787 1267 formosis-

2174 1292 2342 1347 simis
2360 1294 2701 1364 corporibus
2722 1294 3093 1349 inardescant
3108 1295 3402 1366 principes
3419 1298 3789 1371 tenebrarum,

2175 1383 2247 1436 ad
2276 1380 2520 1437 feminas
2543 1380 2820 1447 masculi,
2852 1387 2908 1437 et
2939 1383 3008 1437 ad
3042 1384 3337 1439 masculos
3364 1385 3621 1453 feminas;
3654 1396 3709 1441 ut
3736 1387 3789 1443 in

2175 1470 2303 1541 ipsa
2333 1469 2599 1542 ﬂagranti
2631 1471 2871 1527 libidine
2902 1476 2958 1528 et
2980 1472 3228 1528 inhianti
3253 1474 3711 1545 concupiscentia
3729 1477 3791 1533 de

2177 1559 2457 1615 membris
2479 1576 2680 1615 eorum
2704 1565 2983 1631 tanquam
3010 1562 3081 1617 de
3100 1562 3264 1617 tetris
3278 1563 3792 1635 sordidisquecom-

2176 1647 2422 1718 pedibus
2445 1649 2536 1704 dei
2558 1650 2729 1704 vestri
2753 1650 3017 1705 membra
3039 1649 3358 1705 solvantur.
3384 1651 3451 1705 Et
3473 1650 3560 1706 his
3590 1652 3793 1707 obsce-

2176 1728 2440 1792 nissimis
2459 1754 2569 1808 pan
2580 1738 2669 1791 nis
2686 1737 2893 1793 vestris
2911 1737 3201 1792 conamini
3221 1755 3457 1795 assuere
3470 1738 3795 1796 ineffabilem

2175 1823 2539 1892 Trinitatem,
2572 1826 2831 1881 dicentes
2863 1826 3093 1882 Patrem
3125 1827 3183 1881 in
3212 1832 3435 1882 secreto
3459 1828 3798 1899 quodamlu-

2179 1912 2335 1969 mine
2366 1914 2629 1969 habitare
2656 1932 2669 1983 ;
2706 1914 2830 1970 Filii
2863 1920 3059 1970 autem
3087 1914 3148 1970 in
3179 1914 3302 1971 sole
3324 1916 3616 1983 virtutem,
3643 1917 3696 1972 in
3718 1916 3796 1973 lu-

2179 2020 2254 2058 na
2283 2002 2631 2076 sapientiam
2659 2021 2672 2072 ;
2708 2003 2990 2076 Spiritum
3022 2021 3154 2060 vero
3185 2010 3453 2061 sanctum
3490 2006 3546 2061 in
3577 2006 3733 2062 aerei

2249 2143 2475 2201 CAPUT
2505 2144 2625 2200 VII.
2650 2174 2719 2185 —-
2744 2146 2803 2200 In
2827 2161 2943 2216 qua
2965 2145 3253 2218 tripartita
3276 2151 3491 2215 vestra,
3516 2145 3596 2202 vel
3622 2146 3800 2219 potius

2169 2234 2293 2305 jam
2320 2232 2746 2305 quadripartita
2769 2233 2985 2301 fabula,
3018 2235 3089 2289 de
3122 2235 3306 2290 Patris
3336 2236 3568 2306 quidem
3600 2240 3798 2291 secreto

2178 2321 2419 2390 lumine,
2445 2322 2582 2394 quid
2606 2323 2768 2377 vobis
2793 2322 3005 2388 dicam,
3031 2322 3142 2378 nisi
3173 2323 3312 2394 quia
3343 2323 3533 2379 lucem
3563 2324 3798 2396 cogitare

2181 2427 2295 2465 non
2318 2411 2581 2482 potestis,
2607 2411 2717 2465 nisi
2744 2411 2914 2482 quale
2934 2411 3129 2466 videre
3150 2412 3478 2467 consuestis
3493 2412 3646 2467 ‘IHoc
3662 2412 3799 2467 enim

2180 2498 2558 2571 conspicuum
2572 2499 2799 2553 etomni
2816 2499 2998 2565 carni,
3014 2516 3127 2554 non
3143 2505 3376 2554 tantum
3395 2500 3808 2565 hominum,ve-

2179 2604 2308 2643 rum
2333 2589 2506 2643 etiam
2538 2587 2854 2644 bestiarum
2881 2593 2939 2643 et
2958 2588 3410 2644 vermiculorum
3446 2588 3801 2644 notissimum

2180 2676 2378 2733 lumen
2395 2678 2709 2743 intuentes,
2725 2694 2793 2733 ex
2806 2676 2903 2732 illo
2918 2682 3251 2748 conceptam
3269 2680 3443 2734 corde
3455 2678 3802 2748 phantasiam

2179 2766 2237 2821 in
2254 2768 2610 2821 immensum
2627 2765 2824 2822 soletis
2838 2783 3069 2838 augere,
3084 2772 3139 2822 et
3156 2784 3282 2822 eam
3306 2766 3496 2823 lucem
3516 2767 3698 2821 dicere
3714 2766 3802 2820 ubi

2182 2860 2333 2911 Deus
2351 2856 2517 2910 Pater
2534 2856 2759 2912 habitat
2774 2874 2905 2913 cum
2928 2856 3235 2927 regnicolis
3255 2856 3647 2921 suis.Quando
3662 2855 3800 2911 enim

2182 2945 2541 3000 discrevistis
2564 2945 2752 3000 lucem
2776 2963 2889 3017 qua
2912 2946 3226 3010 cernimus,
3252 2946 3326 3001 ab
3350 2962 3417 3001 ea
3437 2946 3563 3000 luce
3592 2962 3702 3017 qua
3726 2944 3805 2999 in-

2181 3033 2520 3103 telligimus,
2545 3052 2677 3090 cum
2703 3034 2857 3090 aliud
2884 3034 3027 3089 nihil
3054 3052 3316 3107 unquam
3344 3035 3672 3108 putaveritis
3692 3049 3805 3090 esse

2181 3122 2835 3196 intelligereveritatem,
2861 3124 2971 3177 nisi
2994 3125 3208 3179 formas
3227 3141 3537 3196 corporeae
3553 3124 3804 3196 cogitare,

2183 3212 2300 3268 sive
2321 3212 2537 3280 finitas,
2558 3212 2676 3268 sive
2694 3229 2761 3266 ex
2778 3212 3074 3283 aliquibus
3094 3214 3362 3283 partibus
3385 3214 3484 3268 inti
3496 3214 3642 3269 nitas
3660 3238 3672 3279 ;
3694 3228 3805 3283 quas

2183 3300 2382 3357 inania
2404 3301 2811 3373 phantasmata
2828 3317 2957 3355 esse
2974 3302 3212 3355 nescitis
3230 3301 3256 3355 ‘?
3274 3302 3525 3357 Proinde
3541 3318 3670 3357 cum
3687 3305 3809 3356 tan-

2184 3395 2310 3446 tum
2332 3390 2559 3445 intersit
2576 3390 2727 3445 inter
2743 3390 3153 3461 cogitationem
3174 3407 3290 3461 qua
3308 3392 3498 3463 cogito
3516 3398 3722 3446 terram
3736 3388 3811 3443 lu-

2186 3479 2363 3534 minis
2383 3484 2633 3535 vestram
2660 3496 2787 3551 quaa
2809 3480 3048 3535 omnino
3072 3497 3364 3550 nusquam
3389 3486 3498 3547 est,
3528 3484 3584 3535 et
3607 3478 3809 3551 cogita-

2184 3568 2402 3623 tionem
2418 3585 2533 3638 qua
2547 3568 3147 3639 cogitoAlexandriam
3164 3586 3341 3641 quam
3360 3566 3809 3640 nunquam,vidi,

2186 3656 2284 3711 sed
2304 3661 2497 3712 tamen
2514 3663 2603 3712 est
2619 3673 2631 3723 ;
2654 3673 2976 3729 rursusque
2993 3661 3222 3713 tantum
3243 3658 3477 3714 intersit
3494 3659 3640 3712 inter
3656 3656 3809 3711 istam

2188 3762 2302 3817 qua
2321 3746 2510 3817 cogito
2531 3744 2937 3801 Alexandriam
2962 3746 3343 3819 incognitam,
3370 3758 3428 3802 et
3453 3762 3579 3803 eam
3606 3762 3715 3818 qua
3730 3758 3811 3798 co-

2187 3834 2305 3907 gito
2326 3834 2731 3906 Carthaginem
2758 3835 3052 3907 cognitam
3081 3853 3091 3891 :
3119 3838 3190 3891 ab
3214 3837 3323 3891 hac
3347 3853 3579 3909 quoque
3609 3833 3809 3906 cogita-

2187 3923 2343 3979 tione
2366 3940 2480 3996 qua
2503 3928 2658 3979 certa
2679 3929 2735 3979 et
2756 3929 2893 3980 nota
2912 3941 3152 3997 corpora
3173 3926 3385 3997 cogito,
3412 3927 3577 3997 longe
3596 3926 3811 3979 incom-

2187 4012 2714 4084 parabiliterdistat
2729 4014 2999 4087 cogitatio
3015 4014 3408 4087 quaintelligo
3419 4013 3709 4085 justitiam
3726 4026 3810 4064 ca-

2187 4102 2467 4170 stitatem,
2484 4101 2654 4156 ﬁdem
2667 4143 2679 4167 ,
2693 4104 3017 4173 veritatem,
3034 4103 3101 4158 ch
3112 4103 3402 4170 aritatem,
3422 4104 3751 4165 bonitatem,
3765 4102 3813 4152 et

2188 4190 2473 4262 quidquid
2498 4190 2787 4260 ejusmodi
2812 4196 2938 4247 est:
2967 4209 3093 4263 quae
3117 4192 3393 4264 cogitatio
3426 4192 3620 4257 dicite,
3651 4189 3696 4244 si
3717 4203 3811 4259 po-

2186 4280 2374 4345 testis,
2400 4278 2570 4350 quale
2592 4278 2789 4334 lumen
2813 4281 2908 4346 sit,
2934 4298 3046 4351 quo
3069 4281 3168 4336 illa
3190 4280 3391 4336 omnia
3421 4297 3548 4351 quae
3578 4278 3681 4333 hoc
3711 4290 3813 4329 non

2188 4373 2347 4435 sunt,
2371 4373 2429 4423 et
2446 4368 2598 4423 inter
2618 4385 2679 4423 se
2701 4369 3129 4441 discernuntur,
3152 4375 3208 4425 et
3230 4375 3516 4439 quantum
3539 4368 3611 4423 ab
3624 4361 3811 4420 hocdi—

2189 4461 2364 4524 stent,
2416 4457 2532 4511 ﬁda
2576 4457 3042 4513 manifestatione
3090 4459 3501 4530 cognoscitur:
3552 4460 3609 4511 et
3637 4460 3814 4508 tamen

2188 4546 2363 4601 etiam
2388 4545 2494 4600 hoc
2519 4544 2739 4614 lumen,
2765 4564 2877 4602 non
2901 4546 3197 4602 estlumen
3214 4546 3360 4601 illud
3376 4547 3533 4618 quod
3550 4542 3813 4603 Deusest;

2189 4633 2297 4689 hoc
2318 4635 2473 4689 enim
2499 4641 2764 4690 creatura
2787 4640 2894 4702 est,
2919 4640 3153 4691 Creator
3174 4642 3263 4691 est
3285 4635 3381 4690 ille
3407 4654 3420 4704 ;
3454 4635 3563 4690 hoc
3592 4633 3811 4693 factum,

2189 4722 2285 4777 ille
2307 4723 2405 4794 qui
2430 4724 2595 4790 fecit;
2620 4724 2728 4779 hoc
2751 4724 3005 4796 denique
3028 4724 3332 4788 mutabile,
3355 4725 3495 4778 dum
3524 4721 3647 4778 vult
3676 4715 3812 4790 quod

2190 4813 2444 4875 nolebat,
2469 4816 2525 4867 et
2547 4813 2657 4866 scit
2681 4814 2833 4884 quod
2859 4813 3173 4880 nesciebat,
3196 4818 3247 4867 et
3270 4802 3812 4878 reminisciturquod

2189 4900 2435 4955 oblitum
2462 4905 2602 4965 erat,
2631 4900 2772 4955 illud
2799 4906 2991 4955 autem
3017 4900 3485 4954 incommutabili
3508 4897 3812 4955 voluntate,
3838 4896 3843 4939 ἑ

2190 4991 2451 5059 veritate,
2485 4989 2800 5044 aeternitate
2834 4991 3132 5063 persistit,
3167 4995 3223 5046 et
3255 4991 3388 5045 inde
3420 4988 3588 5044 nobis
3611 4989 3695 5040 est
3713 4981 3811 5036 ini-

2190 5078 2336 5132 tium
2361 5077 2668 5148 existendi,
2692 5080 2839 5134 ratio
2862 5079 3271 5151 cognoscendi,
3295 5078 3381 5134 lex
3404 5075 3637 5132 amandi
3659 5070 3811 5141 ;inde

2189 5165 2978 5223 omnibusetirrationalibus
2992 5168 3390 5223 animantibus
3405 5173 3612 5220 natura
3625 5156 3811 5234 quavi-

2188 5259 2353 5325 vunt,
2380 5254 2543 5326 vigor
2564 5273 2678 5327 quo
2700 5257 2980 5323 sentiunt,
3006 5266 3197 5311 motus
3220 5273 3336 5327 quo
3358 5256 3640 5327 appetunt
3658 5268 3671 5319 ;
3688 5247 3810 5303 inde

2190 5344 2360 5400 etiam
2374 5344 2642 5399 omnibus
2655 5346 2995 5416 corporibus
3008 5361 3281 5400 mensura
3297 5344 3809 5404 utsubsistant,nu-

2189 5450 2385 5487 merus
2406 5436 2467 5487 ut
2485 5437 2782 5501 ornentur,
2805 5435 3032 5505 pondus
3052 5440 3113 5489 ut
3130 5434 3491 5489 ordinentur.
3515 5431 3705 5501 Itaque
3728 5426 3809 5480 lu-

2188 5539 2320 5578 men
2340 5521 2478 5577 illud
2501 5522 2756 5578 Trinitas
2771 5522 3118 5594 inseparabil
3130 5525 3359 5595 is,unus
3374 5523 3525 5578 Deus
3538 5517 3808 5587 est,cujus

2185 5628 2287 5669 vos
2317 5610 2478 5668 nullo
2510 5627 2749 5684 corpore
2774 5614 3071 5684 adjuncto,
3101 5629 3204 5686 per
3233 5629 3297 5671 se
3333 5613 3525 5687 ipsam
3555 5609 3807 5678 incorpo-
