4000 6178
163 311 256 372 373

163 457 288 499 ream
316 434 659 510 spirutalem,
685 436 1323 510 incommutabilenque
1363 440 1753 494 substantiam

1443 308 1676 368 LIBER
1721 308 2177 373 VIGESIMUS.

3394 312 3515 372 374

1864 438 1979 494 lem
2014 441 2330 513 lunamque
2379 442 2672 498 distentus
2707 441 2802 497 hic
2838 442 3051 497 virtute
3092 441 3382 509 habitans,
3417 443 3510 499 hic

161 533 302 588 etiam
332 529 457 582 locis
485 525 764 580 dividitis.
799 527 915 582 Nec
944 525 1149 582 saltem
1192 528 1462 584 Trinitati
1489 527 1614 583 loca
1644 527 1756 582 tria
1857 529 2163 600 sapientia,
2202 547 2303 585 nec
2335 531 2428 586 hic
2459 531 2747 603 perfectus
2779 535 2835 586 et
2866 532 3094 603 plenus,
3141 546 3245 586 nec
3293 531 3350 586 in
3383 531 3508 587 sole

156 620 295 686 datis,
317 617 405 672 sed
426 621 672 686 quatuor
704 616 894 670 :Patri
929 616 1195 685 unum,id
1220 621 1326 684 est;
1364 618 1560 672 lumen
1593 617 1752 672 inac-

155 707 398 770 cessibile,
417 705 566 775 quod
590 721 830 776 prorsus
853 722 966 759 non
993 705 1344 776 intelligitis,
1363 706 1503 760 Filio
1524 707 1754 774 duo,so-

155 799 246 853 lem
269 793 464 850 scilicet
485 799 656 862 atque
680 793 899 860 lunam;
930 793 1168 864 Spiritui
1194 799 1394 849 sancto
1418 811 1622 848 rursus
1651 812 1752 848 un-

156 903 252 954 um,
280 884 326 938 id
355 887 456 946 est,
483 883 631 938 aeris
656 883 810 937 hunc
834 899 1065 937 omnem
1106 883 1416 938 ambitum.
1456 888 1532 938 De
1561 883 1751 939 Patris

156 990 260 1044 ergo
281 970 649 1027 inaccessibili
668 971 1053 1041 lumine,quia
1069 988 1262 1026 veram
1296 972 1466 1025 ﬁdem
1492 972 1748 1026 tenenti-

153 1064 238 1117 bus
265 1077 364 1115 non
395 1061 526 1115 inde
553 1065 857 1130 separatur
896 1059 1076 1115 Filius
1107 1065 1163 1114 et
1193 1060 1445 1131 Spiritus
1485 1065 1743 1126 sanctus,

151 1151 406 1216 hactenus,
439 1149 496 1203 in
533 1149 842 1220 praesentia
874 1150 1137 1203 dixerim.

201 1238 395 1294 CAPUT
413 1239 535 1293 VII.
569 1269 636 1278 —-
666 1240 881 1292 Vestrae
913 1243 1107 1292 autem
1139 1237 1320 1292 vaniti
1353 1236 1494 1308 quid
1528 1236 1746 1308 placuit

146 1330 189 1384 in
215 1327 316 1384 sole
343 1343 551 1398 ponere
573 1327 843 1380 virtutem
868 1326 1016 1394 Filii,
1045 1332 1100 1380 et
1131 1326 1188 1380 in
1207 1325 1344 1380 luna
1367 1326 1744 1397 sapientiam?

143 1417 253 1472 Cum
280 1417 419 1472 enim
453 1416 515 1469 in
545 1415 672 1486 ipso
699 1419 863 1470 Patre
886 1415 1493 1486 Filiusinseparabilis
1513 1403 1744 1469 maneat

142 1506 374 1577 quomodo
404 1508 596 1576 potest
627 1503 915 1575 sapientia
935 1506 1062 1574 ejus
1095 1504 1166 1558 ab
1198 1506 1324 1573 ejus
1347 1504 1558 1558 virtute
1579 1520 1738 1575 sepa-

141 1594 310 1664 rari,ut
337 1593 429 1648 illa
454 1593 534 1648 sit
562 1593 620 1647 in
654 1592 795 1663 sole,
831 1593 950 1648 haac
979 1593 1036 1647 in
1080 1592 1249 1659 luna;
1284 1610 1416 1647 cum
1451 1609 1552 1663 per
1580 1594 1736 1662 ejus-

142 1682 258 1737 modi
285 1682 429 1737 locos
458 1682 575 1736 nisi
607 1699 848 1753 corpora
864 1681 1040 1736 dividi
1068 1680 1442 1752 separarique
1465 1698 1577 1736 non
1604 1698 1734 1752 pos-

143 1770 255 1827 sint?
280 1770 427 1834 Quod
474 1772 524 1826 si
577 1771 825 1840 sciretis,
861 1787 1159 1839 nunquam
1197 1770 1379 1826 stulto
1411 1771 1735 1842 insanoque

143 1861 501 1933 phantasmate
532 1865 725 1916 tantas
752 1861 979 1915 fabulas
1013 1863 1309 1915 texeretis.
1341 1862 1411 1915 At
1432 1861 1489 1914 in
1511 1877 1576 1914 ea
1608 1860 1735 1931 ipsa

143 1949 338 2005 falsitate
359 1954 536 2022 atque
568 1949 816 2018 fallacia,
841 1965 1016 2021 quam
1040 1949 1378 2022 incongrue,
1403 1965 1580 2020 quam
1604 1965 1731 2020 per-

139 2040 450 2094 versesedem
477 2039 776 2112 sapientiae
795 2037 1193 2093 minuslucere
1212 2037 1427 2104 dicitis,
1448 2054 1622 2109 quam
1647 2054 1731 2093 se-

141 2127 233 2181 dem
260 2128 512 2196 virtutis;
559 2144 691 2182 cum
724 2128 794 2182 ad
824 2127 1098 2182 virtutem
1129 2127 1420 2198 pertinere
1469 2126 1730 2182 videatur

138 2217 307 2286 operari
360 2222 414 2272 et
469 2216 719 2285 efﬁcere,
770 2216 838 2270 ad
873 2214 1219 2286 sapientiam
1251 2232 1383 2270 vero
1432 2216 1634 2270 docere
1672 2219 1730 2270 et

137 2307 414 2361 ostendere:
442 2323 515 2360 ac
546 2323 646 2377 per
676 2306 783 2360 hoc
815 2305 860 2360 si
896 2304 1054 2359 calor
1103 2305 1161 2358 in
1213 2303 1355 2369 sole,
1389 2304 1489 2359 lux
1529 2308 1723 2359 autem

135 2395 435 2465 prepolleret
469 2395 534 2449 in
566 2394 726 2465 luna,
756 2401 1072 2465 utcumque
1102 2393 1464 2448 invenissent
1492 2393 1605 2448 ista
1627 2394 1725 2464 fig-

134 2492 280 2538 menta
293 2484 821 2539 verisimilitudinis
847 2483 1142 2551 nebulam,
1167 2482 1506 2537 hominibus
1529 2499 1726 2537 carna-

133 2569 678 2627 libusetanimalibus
701 2571 1057 2642 decipendis,
1081 2571 1176 2641 qui
1195 2571 1722 2642 nihilputantesse,

130 2661 211 2714 nisi
230 2662 363 2732 quod
387 2660 693 2733 corporale
715 2660 1128 2732 cogitaverint;
1176 2660 1382 2716 caloris
1413 2661 1566 2714 enim
1602 2660 1724 2715 vio-

128 2749 247 2804 lenta
274 2751 534 2822 operatio
565 2754 654 2805 est
684 2749 755 2804 ad
781 2751 1179 2816 movendum‘,
1212 2751 1366 2804 unde
1396 2749 1595 2803 virtuti
1622 2748 1722 2803 tri-

126 2838 384 2907 bueretur;
419 2839 575 2895 lucis
626 2843 815 2894 autem
866 2837 1058 2894 clarus
1108 2837 1317 2910 fulgor,
1361 2838 1432 2892 ad
1486 2838 1724 2893 demon-

127 2929 541 2998 staudum,unde
563 2928 712 2983 hanc
735 2927 1032 2999 sapientia:
1055 2928 1292 2983 darent:
1315 2944 1448 2982 cum
1477 2944 1608 2982 vero
1627 2927 1725 2982 lux

125 3015 328 3088 longein
361 3018 484 3074 sole
520 3016 826 3090 precellat,
847 3018 1139 3088 quomodo
1170 3017 1248 3071 ibi
1283 3017 1490 3081 virtus,
1516 3015 1724 3071 hicau-

125 3107 211 3159 tem
242 3107 378 3177 quod
409 3111 578 3161 tanto
603 3105 800 3161 minus
824 3105 998 3173 lucet,
1021 3105 1306 3177 sapientia
1336 3105 1459 3160 est?
1481 3107 1524 3160 (ι
1546 3105 1723 3161 sacri-

124 3193 475 3268 legaineptial
510 3201 721 3250 etcum
754 3196 832 3250 sit
864 3212 1017 3250 unus
1047 3195 1303 3264 Chistus,
1328 3195 1424 3249 Dei
1456 3194 1649 3250 Virtus
1672 3199 1728 3249 et

127 3281 198 3336 Dei
223 3284 513 3356 Sapientia
541 3285 586 3350 (Ι
619 3285 741 3339 Cor.
773 3301 811 3353 ι,
843 3284 955 3354 24),
990 3284 1243 3355 Spiritus
1266 3288 1458 3338 autem
1485 3289 1723 3338 sanctus

122 3388 206 3427 non
231 3373 344 3444 ipse
373 3374 451 3429 sit
486 3373 784 3429 Christus:
815 3376 1104 3444 quomodo
1131 3378 1435 3445 separatur
1464 3390 1497 3428 a
1520 3371 1726 3444 seipse

120 3459 504 3530 Cbristus,cum
521 3463 591 3516 ab
614 3478 678 3516 eo
710 3479 822 3516 non
848 3467 1148 3533 separetur
1169 3461 1421 3533 Spiritus
1444 3461 1726 3516 sanctus?

118 3554 279 3605 Aerem
300 3552 724 3624 quippe,quem
749 3551 944 3606 sedem
969 3550 1212 3622 Spiritui
1231 3557 1428 3606 sancto
1443 3554 1634 3605 vestra
1649 3550 1723 3604 fa-

114 3637 444 3710 bulatribuit,
473 3644 656 3695 totam
686 3640 886 3693 mundi
905 3639 1438 3711 fabricamimplere
1460 3639 1724 3709 perhibe-

115 3725 333 3784 tis.Unde
363 3729 452 3784 sol
480 3733 538 3784 et
559 3728 701 3782 luna
722 3729 1001 3783 circuitus
1025 3745 1161 3784 suos
1185 3733 1548 3800 pel-agentes,
1570 3744 1722 3783 sem-

116 3830 188 3884 per
211 3833 332 3872 cum
361 3819 461 3873 illo
495 3821 652 3872 sunt.
678 3823 714 3870 Δ
752 3817 873 3873 sole
899 3822 1091 3872 autem
1122 3817 1263 3872 luna
1292 3817 1528 3883 recedit,
1563 3822 1618 3872 et
1650 3818 1720 3872 ad

117 3903 254 3960 solem
279 3923 482 3962 rursus
516 3907 772 3961 accedit:
797 3906 879 3960 ita
907 3906 1070 3963 vobis
1101 3907 1460 3977 auctoribus,
1502 3905 1591 3961 vel
1622 3922 1724 3977 po-

115 3994 203 4048 tius
225 3995 652 4067 deceptoribus,
677 4012 778 4066 per
792 3995 1095 4050 dimidiam
1113 4000 1334 4067 partem
1359 3995 1556 4050 circuli
1576 4011 1723 4050 rece-

117 4080 178 4135 dit
195 4085 436 4140 avirtute
471 4084 842 4155 sapientia,et
862 4085 931 4139 ad
954 4101 1080 4140 eam
1100 4102 1200 4155 per
1220 4084 1394 4140 aliam
1419 4085 1725 4139 dimidiam

119 4185 284 4228 rursus
329 4175 668 4230 acceditzet
699 4190 831 4228 cum
865 4172 1036 4245 plena
1061 4178 1166 4244 est,
1192 4179 1317 4228 tum
1361 4174 1530 4246 longe
1577 4179 1664 4230 est
1694 4190 1728 4228 a

115 4258 290 4317 virtute
319 4263 643 4335 sapientia;
667 4267 806 4318 tunc
837 4263 992 4318 enim
1015 4267 1131 4317 tam
1155 4265 1326 4335 longo
1359 4263 1664 4319 intervallo
1695 4280 1729 4317 a

114 4363 157 4401 se
181 4351 466 4422 disjuncta
491 4351 770 4406 sunthaec
790 4351 906 4406 duo
929 4351 1173 4422 lumina,
1196 4357 1258 4407 ut
1279 4369 1411 4407 cum
1437 4353 1520 4408 sol
1546 4353 1728 4423 vergit

113 4436 164 4489 ad
186 4440 710 4506 occidentem,tunc
735 4439 874 4495 luna
897 4446 1098 4512 surgat
1128 4442 1199 4495 ab
1231 4441 1488 4496 oriente:
1514 4459 1581 4495 ex
1613 4458 1727 4512 quo

116 4526 180 4591 tit,
202 4535 259 4584 ut
275 4531 553 4601 quoniam
578 4529 957 4584 infirmantur
974 4530 1170 4584 omnia
1193 4547 1318 4601 qua
1344 4531 1554 4584 virtute
1576 4531 1730 4585 dese-

120 4621 317 4690 runtur,
348 4635 415 4674 eo
437 4619 730 4690 sapientia
756 4619 832 4674 sit
861 4618 1293 4689 inﬁrmior,quo
1324 4624 1414 4673 est
1443 4619 1583 4674 luna
1612 4619 1728 4689 ple-

113 4702 234 4760 nior.
263 4707 320 4763 Si
345 4713 570 4777 autem,
608 4709 757 4779 quod
785 4708 998 4764 veritas
1016 4708 1210 4775 habet,
1235 4713 1292 4763 et
1313 4707 1601 4779 sapientia
1630 4706 1730 4763 Dei

116 4807 315 4865 semper
345 4797 717 4852 tantumdem
748 4796 919 4864 valet,
944 4803 999 4852 et
1026 4797 1210 4853 virtus
1233 4797 1330 4852 Dei
1355 4814 1582 4869 semper
1604 4802 1732 4852 tan-

115 4882 345 4940 tumdem
372 4887 548 4957 sapit;
580 4902 684 4941 cur
709 4886 830 4941 haec
853 4888 935 4942 sic
950 4887 1063 4941 duo
1086 4887 1299 4953 dicitis,
1318 4891 1381 4941 ut
1397 4886 1733 4941 ealocorum

116 4972 328 5028 sedibus
367 4973 813 5045 intervallisque
863 4974 1165 5046 separetis,
1214 4992 1350 5030 cum
1398 4975 1526 5046 ipsa
1569 4975 1736 5030 sedes

115 5059 352 5128 ejusdem
379 5062 692 5118 subtantiae
716 5063 944 5135 dicatis,
969 5062 1235 5118 homines
1267 5079 1415 5118 caeca
1444 5067 1502 5117 et
1531 5061 1740 5117 insana

123 5156 291 5206 mente
321 5168 441 5206 non
469 5152 804 5207 recedentes
835 5169 868 5207 a
901 5152 1308 5224 phantasmate
1330 5168 1660 5223 corporum,
1686 5155 1744 5207 et

115 5236 299 5293 virtute
330 5256 397 5293 ac
421 5240 682 5312 sapiente
705 5241 786 5294 ita
810 5245 1200 5307 carcentes,ut
1222 5258 1325 5297 nec
1340 5257 1542 5311 sapere
1566 5241 1745 5312 possi-

114 5325 172 5378 tis
196 5326 414 5398 aliquid
444 5329 683 5396 fortiter,
714 5346 818 5384 nec
839 5330 1026 5386 valere
1049 5331 1368 5400 sapienter?
1403 5331 1562 5385 Itane
1591 5347 1744 5399 vero,

123 5412 445 5473 detestanda
471 5424 525 5474 et
548 5419 979 5475 anathemanda
1000 5419 1223 5488 stultia,
1250 5419 1519 5475 Christus
1543 5437 1644 5492 per
1666 5437 1751 5475 so-

182 5593 305 5661 '__Sic
332 5597 530 5646 Mss.At
559 5598 684 5648 editi
716 5599 877 5661 vulgo
899 5601 1076 5649 minus
1105 5601 1259 5659 bene,
1287 5599 1473 5651 calori:
1493 5601 1628 5651 enim
1659 5601 1761 5653 vio-

121 5650 284 5720 lentia,
316 5661 549 5724 operatio
579 5665 652 5711 est
686 5661 760 5711 ad
786 5650 1112 5714 "iacendum.

1857 619 2113 689 sapiens,
2141 636 2242 674 nec
2269 620 2327 674 in
2349 620 2489 674 luna
2513 627 2860 691 prapotens,
2886 621 3194 691 utrobique
3228 620 3502 692 pulchros

1855 725 2066 778 pueros
2098 709 2380 763 subornat
2410 709 2905 780 concupiscendos
2936 709 3190 764 femimis
3224 709 3502 781 principi-

1854 796 1964 851 bus
1999 799 2395 863 tenebrarum,
2429 801 2483 852 et
2509 798 2784 853 masculis
2818 798 3042 868 puellas
3064 799 3090 853 ?
3125 802 3255 852 Haec
3285 798 3499 870 legitis,

1854 885 1975 940 hmo
2007 887 2265 949 creditis.
2301 886 2420 940 haec
2454 886 2671 941 docetis
2702 905 2713 941 :
2747 904 2814 940 ex
2837 887 2943 941 hac
2977 888 3088 942 ﬁde
3121 887 3502 959 doctrinaque

1851 974 2044 1029 vivitis
2075 993 2087 1041 ;
2122 980 2177 1029 et
2211 975 2508 1029 miramini
2541 975 2677 1045 quia
2704 975 2787 1030 sic
2809 975 3265 1030 abominamini!

1924 1061 2155 1118 CAPUT
2181 1063 2591 1118 IX.-—Verum
2629 1064 2678 1118 si
2710 1065 2767 1117 in
2803 1064 2931 1118 istis
2954 1068 3074 1118 tam
3107 1064 3502 1118 eminentibus

1851 1151 2293 1223 notissimisque
2326 1152 2652 1207 luminibus
2695 1152 2781 1207 sic
2830 1151 3058 1216 erratis,
3090 1156 3154 1206 ut
3179 1152 3238 1206 in
3269 1152 3352 1207 eis
3384 1169 3498 1208 non

1848 1241 2000 1310 quod
2019 1246 2155 1295 sunt
2175 1242 2274 1296 sed
2300 1243 2453 1312 quod
2477 1242 2638 1296 vobis
2663 1241 3104 1296 dementissime
3118 1241 3336 1312 ﬁngitis
3367 1242 3500 1296 ado-

1847 1329 2008 1396 retis,
2047 1330 2183 1400 quid
2218 1331 2288 1385 de
2317 1331 2540 1386 caeteris
2569 1331 2774 1386 vestris
2823 1329 3036 1385 fabulis
3084 1328 3310 1384 dicam?
3354 1330 3494 1394 Quis

1844 1418 2000 1473 enim
2031 1419 2446 1488 spenditenens
2477 1419 2752 1490 supendit
2774 1421 3081 1485 mundum,
3108 1425 3165 1474 et
3187 1419 3492 1489 quisAtlas

1845 1523 1979 1562 cum
1999 1507 2095 1562 illo
2116 1509 2449 1579 supportat?
2470 1514 2596 1563 Haec
2616 1508 3154 1577 etinnumerabilia,
3179 1525 3301 1579 qua:
3325 1507 3488 1563 simi-

1844 1594 1975 1650 liter
2004 1596 2286 1667 deliratis,
2321 1598 2580 1652 omnimo
2608 1615 2718 1652 non
2738 1602 2894 1661 sunt,
2920 1602 2976 1652 et
3007 1597 3197 1652 colitis
3220 1614 3305 1652 ea.
3343 1597 3489 1652 Hinc

1841 1699 1944 1739 vos
1978 1685 2225 1756 Paganis
2257 1686 2509 1741 dicimus
2541 1687 2873 1751 deteriores,
2897 1703 2962 1741 eo
2989 1690 3217 1740 tantum
3241 1685 3489 1749 similes,

1840 1774 1993 1843 quod
2020 1774 2234 1829 multos
2261 1776 2397 1830 deos
2417 1775 2606 1830 colitis
2631 1793 2644 1830 :
2669 1792 2734 1830 eo
2752 1792 2880 1830 vero
2901 1775 2959 1829 in
2983 1776 3236 1848 pejorem
3262 1781 3486 1846 partem

1839 1861 2178 1930 dissimiles,
2205 1865 2356 1934 quod
2393 1864 2476 1918 illi
2509 1882 2610 1935 pro
2633 1864 3035 1920 diiseacolunt
3056 1881 3182 1935 quae
3209 1865 3486 1931 sunt,sed

1839 1951 1917 2005 dii
1942 1968 2056 2007 non
2082 1956 2241 2020 sunt;
2283 1970 2382 2009 vos
2415 1958 2608 2008 autem
2642 1953 2830 2009 colitis
2863 1970 2930 2008 ea
2959 1970 3083 2025 quae
3116 1970 3220 2008 nec
3252 1953 3355 2019 dii,
3384 1971 3487 2009 nec

1836 2039 2059 2111 aliquid
2093 2047 2250 2112 sunt,
2286 2042 2558 2113 quoniam
2593 2058 2835 2113 prorsus
2875 2041 3035 2096 nulla
3066 2046 3223 2096 sunt.
3263 2042 3485 2096 [labent

1836 2129 2075 2201 quidem
2106 2135 2162 2186 et
2191 2129 2270 2184 illi
2295 2131 2558 2200 quaedam
2590 2130 2856 2186 fabulosa
2888 2130 3186 2202 figmenta,
3221 2131 3318 2186 sed
3353 2147 3480 2186 esse

1834 2216 1965 2273 illas
1981 2219 2208 2274 fabulas
2232 2224 2482 2287 norunt;
2508 2225 2565 2275 et
2585 2219 2671 2274 vel
2695 2238 2727 2275 a
2750 2220 2934 2292 poetis
2956 2219 3276 2274 delectandi
3301 2236 3480 2274 causa

1835 2307 2002 2362 fictas
2033 2325 2159 2362 esse
2192 2314 2483 2375 asserunt,
2515 2307 2601 2364 vel
2638 2326 2735 2365 eas
2758 2310 2830 2363 ad
2863 2314 3133 2364 naturam
3169 2324 3363 2364 rerum
3386 2308 3474 2364 vel

1830 2411 2021 2451 mores
2048 2396 2353 2452 hominum
2377 2398 2746 2468 interpretari
2765 2402 3078 2453 conantur:
3097 2397 3248 2453 sicut
3266 2397 3472 2453 Vulca-

1828 2500 1972 2538 num
1991 2483 2593 2558 claudum,quiaignis
2615 2486 2826 2542 terreni
2841 2491 3034 2543 motus
3051 2487 3338 2558 ejusmodi
3359 2491 3470 2555 est;

1828 2578 1886 2628 et
1907 2573 2222 2628 Fortunam
2249 2591 2479 2645 caecam,
2502 2577 2653 2645 quod
2684 2593 2752 2632 ex
2773 2576 2992 2631 incerto
3023 2577 3307 2644 accidant,
3343 2586 3469 2648 quae

1829 2661 2066 2716 fortuita
2094 2662 2390 2731 dicuntur;
2423 2667 2480 2718 et
2501 2664 2610 2718 tria
2632 2664 2768 2720 Fata
2790 2664 2850 2719 in
2873 2664 2996 2720 colo
3010 2669 3067 2720 et
3087 2665 3215 2721 fuso
3242 2665 3470 2737 digitis-

1830 2766 1941 2820 que
1973 2749 2136 2804 ﬁlum
2161 2767 2230 2806 ex
2251 2750 2401 2818 lana,
2435 2752 2866 2823 torquentibus,
2901 2758 3136 2824 propter
3173 2753 3288 2808 tria
3325 2758 3471 2809 tem-

1830 2840 2354 2910 pora,prseteritum
2387 2841 2541 2910 quod
2571 2841 2629 2895 in
2663 2841 2792 2896 fuso
2817 2841 2942 2911 jam
2962 2846 3163 2897 netum
3187 2845 3360 2914 atque
3383 2843 3470 2897 in—

1831 2927 2092 2982 volutum
2117 2933 2223 2996 est,
2259 2945 2516 2999 praesens
2538 2930 3082 3003 quodinterdigitos
3099 2932 3286 2986 uentis
3315 2932 3477 3002 traji-

1829 3018 1998 3082 citur,
2025 3017 2288 3072 futurum
2322 3019 2379 3072 in
2410 3018 2564 3089 lana,
2585 3036 2713 3091 quae
2734 3020 3172 3092 coloimplicata
3202 3025 3290 3075 est
3321 3021 3475 3092 quod

1830 3106 2022 3162 adhuc
2045 3122 2146 3178 per
2166 3107 2582 3179 digitosnentis
2605 3109 2675 3163 ad
2691 3108 3193 3180 fusum,tanquam
3219 3125 3319 3181 per
3335 3127 3476 3181 prse-

1831 3212 1966 3250 sens
2005 3197 2076 3251 ad
2118 3196 2472 3266 praeteritum
2516 3196 2920 3267 trajiciendum
2959 3201 3156 3265 est;et
3197 3197 3478 3254 Venerem

1829 3283 2077 3338 Vulcani
2111 3301 2369 3352 uxorem,
2394 3285 2532 3356 quia
2552 3302 2619 3341 ex
2640 3286 2829 3341 calore
2852 3287 3116 3357 voluptas
3138 3287 3481 3344 naturaliter

1830 3374 2149 3442 nascitur‘,
2182 3379 2238 3428 et
2256 3375 2454 3428 Martis
2477 3374 2824 3440 adulteram,
2845 3374 3476 3447 quiabelligerantibus

1828 3461 2153 3534 incongrua
2173 3468 2292 3530 est;
2318 3467 2373 3518 et
2394 3463 2739 3534 Cupidinem
2765 3481 3009 3536 puerum
3033 3463 3385 3519 volitandem
3409 3482 3474 3519 ac

1829 3551 2232 3622 sagittantem,
2259 3553 2413 3624 quod
2438 3551 2858 3608 irrationalibis
2890 3557 2947 3608 et
2989 3552 3280 3608 instabilis
3312 3569 3475 3606 amor

1829 3640 2005 3694 corda
2037 3639 2299 3694 vulneret
2317 3639 2665 3694 miserorum
2685 3659 2696 3696 :
2713 3645 2769 3696 et
2787 3640 2900 3695 alia
2923 3643 3214 3712 permulta
3236 3640 3293 3695 in
3319 3641 3473 3695 hunc

1830 3729 2097 3784 modum.
2117 3728 2395 3793 Quocirca
2419 3729 2522 3783 hoc
2555 3729 2613 3783 in
2636 3730 2720 3784 eis
2741 3729 3074 3794 irridemus,
3109 3731 3263 3800 quod
3298 3729 3473 3783 inter-

1828 3821 2056 3888 pretata
2088 3817 2172 3871 sic
2218 3817 2483 3886 adorant,
2519 3834 2644 3887 quae
2697 3835 2812 3873 non
2862 3818 3172 3888 intellecta,
3211 3817 3477 3888 quamvis

1830 3905 2268 3972 damnabiliter,
2303 3910 2497 3961 tamen
2531 3907 2926 3962 excusabilius
2961 3907 3288 3962 adorarent.
3331 3906 3480 3978 Ipsis

1830 3996 2044 4065 quippe
2059 3995 2636 4066 interpretationibus
2651 3995 3220 4060 convincuntur,non
3235 4012 3296 4050 se
3312 3994 3480 4051 illum

1832 4083 2019 4138 Deum
2043 4082 2427 4153 colere,cujus
2450 4083 2634 4139 solius
2658 4084 3100 4156 participatione
3131 4101 3295 4141 mens
3317 4085 3486 4141 beata

1833 4172 1916 4239 fit,
1946 4173 2045 4227 sed
2080 4173 2150 4226 ab
2186 4172 2284 4228 illo
2307 4173 2608 4228 conditam
2655 4177 3011 4229 creaturam:
3049 4190 3153 4229 nec
3183 4173 3337 4230 solas
3370 4175 3482 4230 vir-

1834 4266 1987 4316 tutes
2011 4262 2198 4333 ipsius
2221 4263 3211 4334 creaturae,sicutMinervam,cujus
3227 4263 3482 4319 fabulam

1834 4351 1988 4422 quod
2023 4352 2092 4406 de
2121 4352 2279 4407 Jovis
2311 4352 2500 4423 capite
2521 4357 2658 4407 nata
2682 4353 2778 4418 sit,
2804 4353 2873 4407 ad
2900 4353 3270 4423 prudentiam
3294 4353 3480 4407 consi-

1834 4437 2050 4496 liorum
2086 4441 2565 4511 interpretantur,
2589 4457 2717 4510 quas
2736 4441 2978 4497 rationis
3000 4447 3089 4497 est
3110 4441 3359 4512 propria,
3390 4443 3480 4496 cui

1835 4531 2035 4585 sedem
2067 4530 2280 4601 capitis
2314 4531 2487 4584 etiam
2539 4529 2703 4584 Plato
2735 4530 2924 4593 dedit;
2979 4532 3080 4585 sed
3125 4532 3298 4586 etiam
3324 4530 3482 4595 vitia,

1837 4619 1989 4674 sicut
2016 4619 2087 4674 de
2118 4618 2402 4690 Cupidine
2457 4617 2732 4673 diximus.
2785 4619 2945 4674 Unde
2990 4619 3232 4691 quidam
3282 4636 3482 4675 eorum

1838 4706 2099 4779 tragicus
2131 4709 2212 4762 ait
2243 4724 2256 4762 :

1908 4867 2074 4930 Deum
2106 4879 2230 4930 esse
2249 4879 2502 4927 amorem,
2534 4866 2705 4930 turpis
2735 4869 2787 4916 et
2813 4867 2938 4918 vitio
2957 4868 3141 4917 favens

1909 4929 2086 4977 Finxit
2105 4927 2289 4977 libido.

1906 4993 2123 5056 (Seneca
2152 4992 2206 5039 in
2237 4989 2532 5055 Hippolyto,
2564 4995 2664 5043 act.
2686 4994 2732 5052 ί,
2760 5007 2895 5042 scen.
2913 4995 2959 5053 2,
2991 5007 3120 5042 vers.
3144 4995 3250 5052 194,
3280 4994 3402 5052 195).

1853 5150 1998 5207 Nam
2014 5155 2069 5206 et
2082 5150 2471 5224 corporalium
2486 5151 2762 5208 vitiorum
2785 5152 3101 5208 simulacra
3114 5152 3353 5207 Romani
3369 5168 3500 5208 con-

1853 5246 2245 5308 secraverunt,
2271 5241 2425 5296 sicut
2460 5240 2703 5298 Palloris
2733 5246 2789 5296 et
2815 5241 3030 5297 Febris.
3067 5241 3137 5295 Ut
3170 5257 3300 5310 ergo
3325 5241 3498 5296 omit-

1854 5335 1974 5386 tam
1996 5330 2147 5401 quod
2181 5329 2633 5385 simulacrorum
2668 5331 3000 5385 adoratores
3031 5328 3354 5399 circaipsas
3377 5347 3499 5384 cor-

1859 5436 2067 5491 porum
2100 5419 2320 5491 figuras
2347 5419 2565 5475 habent
2591 5419 2883 5486 affectum,
2911 5423 2974 5473 ut
2995 5418 3263 5489 easipsas
3286 5420 3503 5476 formas

1859 5509 2091 5593 inlocis
2123 5509 2564 5566 houorabilibus
2595 5508 2967 5577 sublimatas,
3011 5508 3225 5580 quibus
3275 5514 3503 5565 tantum

1933 5666 1949 5701 ι
1987 5664 2100 5715 Am.
2125 5663 2210 5713 Er.
2243 5667 2296 5716 et
2323 5662 2433 5714 fere
2462 5675 2648 5713 omnes
2676 5664 2819 5726 Mss.,
2848 5663 3160 5715 naturaliter
3179 5663 3461 5714 asci'scitur.
