4000 6178
175 357 278 420 385

177 490 507 563 pugnantes.
532 489 608 541 At
635 486 734 543 illo
757 484 938 557 cultu,
959 503 1085 557 quae
1104 485 1298 542 Graece
1331 482 1549 559 λατρεία
1574 485 1805 555 dicitur,

177 580 333 635 latine
365 593 482 633 uno
513 577 688 631 verbo
720 576 834 631 dici
866 592 981 631 non
1014 580 1223 647 potest,
1258 592 1391 631 cum
1437 577 1515 631 sit
1542 574 1809 645 quaedam

177 667 387 741 prOprie
419 667 710 721 divinitati
742 666 939 721 debita
960 666 1234 731 servitus,
1268 682 1370 721 nec
1403 664 1673 730 colimus,
1710 679 1814 718 nec

178 757 469 814 colendum
494 755 915 826 docemus,nisi
943 772 1123 809 unum
1140 755 1497 811 Deum.Cum
1522 758 1719 809 autem
1742 753 1815 807 ad

178 848 312 903 hunc
342 845 570 900 cultum
596 844 880 915 pertineat
896 844 1108 899 oblatio
1127 844 1421 911 sacriﬁcii,
1448 843 1601 898 unde
1625 841 1816 897 idolo-

183 935 332 992 latria
362 934 581 989 dicitur
595 950 797 989 eorum
831 934 930 1005 qui
961 933 1069 989 hoc
1092 934 1271 989 etiam
1293 932 1469 989 idolis
1501 931 1811 997 exhibent;

181 1024 322 1081 nullo
358 1023 536 1079 modo
565 1020 682 1077 tale
708 1021 924 1094 aliquid
966 1022 1288 1089 oﬁ'erimus,
1322 1026 1422 1077 aut
1452 1021 1813 1077 offerendum

183 1112 566 1187 precipimus,
616 1110 704 1167 vel
755 1111 1032 1184 cuiquam
1083 1112 1343 1181 martyri,
1399 1110 1489 1166 vel
1539 1109 1815 1180 cuiquam

182 1207 378 1260 sancta:
414 1199 751 1268 animaa,vel
783 1200 1060 1273 cuiquam
1094 1200 1298 1271 angelo
1332 1217 1343 1255 :
1381 1204 1437 1255 et
1464 1197 1815 1271 quisquisin

183 1295 597 1349 huncerrorem
617 1289 1080 1360 delabitur,corri
1091 1290 1247 1361 pitur
1264 1306 1365 1362 per
1377 1306 1579 1345 sanam
1605 1286 1816 1342 doctri-

182 1395 323 1445 nam,
358 1379 486 1434 sive
516 1383 582 1434 ut
611 1378 940 1451 corrigatur
965 1382 1007 1443 ί,
1040 1379 1161 1434 sive
1192 1383 1257 1434 ut
1305 1382 1593 1435 caveatur.
1627 1378 1813 1432 Etiam

180 1468 276 1540 ipsi
305 1468 467 1523 enim
501 1468 709 1535 sancti,
744 1468 831 1523 vel
863 1468 1150 1537 homines,
1180 1468 1267 1524 vel
1298 1467 1524 1540 Angeli,
1560 1464 1818 1521 exhiberi

182 1557 278 1612 sibi
308 1557 545 1620 nolunt,
579 1558 733 1628 quod
758 1558 857 1611 uni
892 1557 1008 1612 Deo
1038 1556 1234 1612 deberi
1267 1562 1506 1612 norunt.
1532 1553 1819 1627 Apparuit

182 1646 273 1700 hoc
302 1645 362 1700 in
396 1645 581 1701 Paulo
621 1650 677 1701 et
709 1646 993 1715 Barnaba,
1029 1663 1161 1701 cum
1213 1645 1486 1701 commoti
1522 1642 1818 1699 miraculis

184 1751 292 1805 qua:
316 1750 537 1805 pereos
560 1734 709 1788 facta
722 1738 863 1788 sunt
885 1734 1460 1806 Lycaonii,tanquam
1484 1732 1819 1788 diisimmo-

184 1821 285 1877 lare
323 1822 642 1877 voluerunt
673 1838 686 1877 :
722 1822 1039 1877 conscissis
1091 1822 1245 1877 enim
1277 1821 1641 1877 vestimentis
1673 1819 1820 1885 suis,

187 1910 517 1966 conﬁtentes
540 1916 597 1966 et
613 1912 1031 1983 persuadentes
1049 1928 1109 1966 se
1133 1912 1271 1967 deos
1295 1928 1409 1966 non
1431 1910 1699 1975 esse,ista
1712 1906 1824 1963 sibi

188 1999 293 2055 ﬂeri
322 2005 647 2055 vetuerunt
675 2001 811 2071 (Act.
858 2018 963 2061 xiv.
999 2001 1178 2069 7-17).
1211 2000 1497 2072 Apparuit
1538 2006 1595 2054 et
1625 1999 1681 2052 in
1714 2000 1825 2051 An-

188 2089 507 2161 gelis,sicut
538 2089 596 2143 in
628 2088 971 2160 Apocalypsi
1004 2089 1278 2160 legimus,
1299 2088 1573 2161 angelum
1594 2104 1656 2143 se
1687 2086 1825 2142 ado-

188 2179 284 2232 rari
316 2178 757 2249 prohibentem,
790 2195 856 2233 ac
885 2178 1176 2234 dicentem
1209 2178 1500 2233 adoratori
1532 2193 1659 2245 suo,
1689 2176 1825 2231 Con-

187 2282 349 2321 servus
381 2271 515 2321 tuus
541 2284 666 2321 sum
691 2269 740 2322 et
771 2269 1012 2337 fratrum
1038 2275 1262 2322 tuorum
1290 2268 1477 2334 (Apoc.
1509 2283 1625 2330 x111,
1658 2266 1746 2331 10,
1776 2268 1832 2319 et

188 2373 307 2425 xxii,
338 2356 400 2421 8,
434 2356 512 2426 9).
545 2358 661 2410 Ista
691 2354 801 2410 sibi
834 2354 1004 2427 plane
1028 2356 1264 2427 superbi
1296 2356 1539 2427 spiritus
1569 2354 1829 2425 exigunt,

189 2443 451 2499 diabolus
472 2448 528 2498 et
549 2444 738 2514 angeli
764 2444 1068 2513 ejus,sicut
1090 2461 1192 2515 per
1212 2443 1409 2499 omnia
1426 2443 1645 2515 templa
1664 2451 1715 2498 et
1740 2459 1833 2497 sa-

191 2549 277 2588 cra
320 2532 670 2589 Gentilium.
706 2533 963 2596 Quorum
997 2531 1323 2588 similitudo
1368 2533 1427 2587 in
1478 2531 1834 2604 quibusdam

197 2622 358 2677 etiam
396 2621 674 2693 superbis
704 2620 1044 2676 hominibus
1092 2636 1368 2693 expressa
1397 2628 1481 2676 est
1516 2636 1538 2675 ς
1566 2620 1719 2675 sicut
1768 2619 1839 2674 de

198 2711 526 2783 Babyloniae
561 2710 912 2781 quibusdam
946 2710 1181 2782 regibus
1215 2709 1509 2765 memoriae
1538 2725 1838 2764 commen-

200 2801 400 2855 datum
435 2805 725 2854 tenemus.
760 2798 923 2854 Unde
972 2804 1209 2853 sanctus
1240 2798 1441 2855 Daniel
1472 2802 1843 2854 accusatores

206 2904 265 2943 ac
288 2892 694 2959 persecutores
713 2886 1126 2959 pertulit,quod
1146 2887 1299 2960 regis
1327 2888 1516 2944 edicto
1531 2889 1843 2960 proposito,

206 2983 264 3031 ut
292 2976 446 3032 nihil
478 2994 512 3031 a
534 2994 827 3048 quoquam
858 2977 964 3033 deo
997 2982 1305 3048 peteretur,
1330 2976 1443 3032 nisi
1474 2995 1508 3033 a
1536 2993 1671 3050 rege
1699 2977 1845 3046 solo,

204 3070 378 3123 Deum
418 3083 613 3137 suum,
645 3066 755 3122 hoc
802 3071 909 3134 est,
945 3083 1128 3121 unum
1161 3070 1218 3122 et
1263 3082 1464 3122 verum
1500 3072 1675 3123 Deum
1710 3068 1849 3123 ado-

203 3171 321 3212 rare
371 3156 796 3228 deprecarique
848 3155 1247 3227 deprehensus
1278 3161 1365 3212 est
1413 3157 1573 3229 (Dan.
1606 3160 1701 3226 v1).
1738 3156 1846 3220 Qui

201 3250 391 3300 autem
430 3262 493 3300 se
527 3246 583 3298 in
637 3245 936 3300 memoriis
968 3249 1291 3317 martyrum
1342 3246 1653 3314 inebriant,
1701 3262 1844 3318 quo-

201 3336 367 3391 modo
404 3351 440 3390 a
469 3334 636 3389 nobis
686 3333 992 3405 approbari
1028 3338 1295 3405 possunt,
1333 3352 1465 3390 cum
1518 3353 1635 3402 eos,
1671 3336 1844 3391 etiam

199 3425 245 3479 si
276 3425 332 3480 in
367 3423 651 3479 domibus
689 3423 814 3478 suis
863 3422 918 3477 id
955 3424 1186 3493 faciant,
1221 3441 1365 3479 sana
1412 3425 1676 3480 doctrina
1708 3442 1845 3480 con-

202 3512 484 3569 demnet?
515 3513 626 3567 Sed
655 3511 811 3567 aliud
846 3516 934 3567 est
982 3513 1132 3583 quod
1169 3514 1467 3576 docemus,
1501 3514 1658 3569 aliud
1693 3515 1846 3585 quod

202 3604 593 3667 sustinemus,
628 3602 786 3655 aliud
826 3602 976 3671 quod
1026 3602 1657 3673 praeciperejubemur,
1690 3604 1848 3659 aliud

205 3693 350 3763 quod
387 3691 702 3747 emendare
733 3690 1125 3762 praecipimur,
1150 3696 1207 3746 et
1236 3692 1417 3746 donec
1446 3692 1848 3758 emendemus,

204 3780 452 3835 tolerare
482 3777 908 3849 compellimur.
942 3778 1068 3834 Alia
1095 3786 1185 3834 est
1231 3779 1544 3851 disciplina
1571 3781 1851 3837 Christia-

205 3886 441 3939 norum,
475 3866 591 3923 alia
620 3866 850 3923 luxuria
898 3867 1350 3935 vinolentorum,
1382 3868 1467 3925 vel
1500 3886 1659 3925 error
1688 3871 1849 3926 inﬁr-

207 3974 462 4015 morum.
496 3956 913 4012 Verumtamen
945 3961 999 4012 et
1031 3957 1088 4011 in
1120 3957 1228 4014 hoc
1259 3957 1386 4030 ipso
1418 3958 1637 4014 distant
1670 3960 1851 4031 pluri-

206 4064 367 4104 mum
404 4046 593 4118 culpae
628 4045 1053 4102 vinolentorum
1088 4052 1144 4102 et
1190 4048 1628 4121 sacrilegorum.
1665 4050 1854 4122 Longe

206 4138 427 4210 quippe
460 4136 703 4191 minoris
728 4136 942 4205 peccati
976 4141 1083 4201 est,
1110 4137 1335 4192 ebrium
1370 4138 1555 4194 redire
1579 4155 1611 4192 a
1644 4146 1856 4213 marty-

206 4227 389 4287 ribus.
428 4242 606 4297 quam
655 4224 742 4280 vel
782 4226 1058 4297 jejunum
1098 4226 1425 4282 sacriﬁcare
1474 4227 1853 4301 martyribus.

208 4313 550 4369 Sacriﬁcare
599 4314 955 4386 martyribus
1005 4314 1162 4369 dixi:
1194 4332 1307 4370 non
1356 4316 1493 4386 dixi,
1524 4318 1856 4373 Sacriﬁcare

206 4401 318 4457 Deo
353 4403 417 4457 in
453 4401 749 4457 memoriis
783 4406 1141 4474 martyrum;
1194 4405 1348 4474 quod
1382 4406 1857 4475 frequentissime

208 4490 484 4555 facimus,
518 4489 615 4545 illo
647 4490 928 4545 duntaxat
955 4491 1067 4545 ritu
1100 4508 1214 4562 quo
1236 4490 1346 4546 sibi
1381 4492 1695 4547 sacriﬁcari
1715 4493 1857 4549 Novi

208 4578 573 4635 Testamenti
596 4578 1066 4635 manifestatione
1099 4580 1400 4651 praecepit:
1420 4581 1572 4652 quod
1606 4583 1859 4652 pertinet

210 4669 278 4723 ad
311 4668 483 4723 illum
516 4668 763 4733 cultum,
796 4684 924 4739 quae
956 4668 1123 4723 latria
1145 4667 1381 4731 dicitur,
1404 4675 1460 4724 et
1484 4668 1583 4724 uni
1617 4670 1732 4725 Deo
1762 4672 1859 4726 de-

209 4756 400 4812 betur.
437 4758 547 4813 Sed
582 4757 721 4829 quid
754 4773 946 4829 agam,
980 4761 1036 4812 et
1063 4761 1235 4813 tanta:
1263 4758 1502 4813 cecitati
1530 4758 1642 4815 isto
1674 4759 1858 4815 haere-

211 4846 458 4901 ticorum
517 4847 753 4917 quando
807 4847 1239 4915 demonstrabo,
1273 4864 1450 4920 quam
1482 4848 1595 4903 vim
1648 4849 1860 4904 habeat

210 4936 366 5007 quod
404 4936 462 4990 in
499 4936 748 4992 Psalmis
778 4935 1008 4991 canitur
1041 4951 1053 4991 :
1088 4936 1438 5007 Sacriﬁcium
1486 4937 1664 4992 laudis
1692 4938 1859 5005 glori-

211 5023 400 5091 ﬁcabit
423 5042 528 5093 me,
561 5034 612 5080 el
642 5026 761 5080 illic
791 5011 891 5080 'via
926 5027 1024 5089 est,
1054 5025 1153 5078 ubi
1178 5026 1463 5080 ostendam
1493 5026 1592 5081 illi
1617 5028 1862 5083 salutare

209 5129 395 5168 meum
424 5115 593 5183 (Psal.
630 5132 782 5179 χιιι,
810 5114 949 5185 23)?
979 5114 1164 5183 Hujus
1197 5114 1465 5169 sacrificii
1484 5132 1617 5170 caro
1649 5121 1705 5172 et
1731 5134 1860 5172 san-

209 5202 346 5271 guis
379 5208 510 5258 ante
541 5205 848 5258 adventum
868 5202 1079 5258 Christi
1102 5218 1205 5273 per
1234 5202 1498 5258 victimas
1529 5203 1863 5260 similitudi-

209 5305 353 5345 num
380 5290 402 5323 ²
433 5291 923 5361 promittebatur;
956 5291 1015 5345 in
1056 5290 1326 5362 passione
1373 5291 1583 5347 Christi
1619 5311 1720 5363 per
1750 5295 1858 5350 Sa-

210 5386 580 5434 cramentum
627 5379 915 5435 memoriae
947 5378 1276 5435 celebratur
1308 5395 1321 5433 :
1357 5396 1421 5434 ac
1472 5398 1574 5452 per
1604 5382 1712 5437 hoc
1743 5388 1862 5438 tan-

210 5470 334 5522 tum
370 5468 611 5525 interest
642 5469 792 5524 inter
810 5468 1093 5524 sacriﬁcia
1118 5468 1483 5540 Paganorum
1515 5474 1570 5527 et
1593 5471 1860 5528 Hebraeo-

274 5574 291 5607 ι
329 5572 425 5622 Hic
454 5574 594 5637 apud
624 5575 745 5623 Lov.
778 5573 1016 5623 additum
1046 5571 1237 5632 fuerat,
1267 5573 1372 5622 sive
1399 5576 1455 5623 ut
1474 5576 1859 5627 condemnetur.

208 5634 378 5684 Abest
412 5634 616 5686 tib—Am.
648 5637 733 5686 Er.
768 5641 821 5686 et
848 5650 879 5685 a
906 5638 1031 5685 Mss.

272 5698 295 5734 ³
324 5698 445 5748 Duo
474 5700 619 5759 ωδε..
646 5714 738 5764 per
767 5700 1090 5749 victimarum
1116 5696 1529 5751 similitudinem.

1518 351 1752 413 LIBER
1794 352 2246 417 VIGESIMUS.

1915 502 2067 551 rum,
2101 492 2386 557 quantum
2421 488 2806 545 imitationem
2857 496 3177 565 errantem,
3212 497 3269 549 et
3295 496 3564 567 praeﬁgu-

1916 574 2198 629 rationem
2226 578 2730 645 praenuntiantem.
2752 579 2909 633 Sicut
2926 585 3118 635 autem
3141 599 3253 636 non
3286 584 3412 638 ideo
3435 600 3565 638 con-

1915 664 2231 718 temnenda
2262 664 2346 717 vel
2396 666 2735 722 detestanda
2774 674 2859 723 est
2891 670 3198 741 virginitas
3248 674 3564 729 sanctimo-

1917 751 2184 819 nialium,
2210 753 2347 823 quia
2376 760 2434 808 et
2460 755 2720 811 Vestales
2744 757 2994 829 virgines
3030 762 3299 827 fuerunt;
3336 762 3418 817 sic
3452 781 3564 817 non

1916 842 2046 895 ideo
2080 842 2556 911 reprehendenda
2577 845 2856 900 sacriﬁcia
2889 851 3148 914 Patrum,
3174 852 3310 920 quia
3341 859 3482 907 sunt
3510 858 3567 909 et

1917 929 2205 984 sacriﬁcia
2235 931 2508 986 Gentium
2543 951 2555 987 :
2592 935 2731 1004 quia
2761 936 2911 989 sicut
2940 936 3091 992 inter
3116 938 3246 993 illas
3266 939 3563 1012 virginita-

1918 1022 2006 1073 tes
2037 1017 2287 1073 multum
2320 1018 2516 1086 distat,
2551 1023 2817 1092 quamvis
2860 1024 3003 1079 nihil
3037 1025 3193 1081 aliud
3228 1030 3421 1097 distet,
3453 1031 3565 1085 nisi

1920 1124 2046 1180 quae
2078 1108 2170 1163 cui
2202 1113 2480 1163 voveatur
2508 1114 2685 1181 atque
2709 1112 3022 1179 reddatur;
3057 1115 3140 1170 sic
3163 1116 3315 1172 inter
3343 1119 3567 1174 sacriﬁ-

1921 1196 2010 1251 cia
2042 1196 2403 1267 Paganorum
2439 1202 2496 1252 et
2525 1197 2894 1255 Hebraeorum
2924 1201 3167 1257 multum
3205 1205 3400 1272 distat,
3439 1224 3565 1279 ques

1921 1285 2014 1339 cui
2045 1285 2164 1339 sint
2193 1285 2497 1341 immolata
2546 1292 2603 1342 et
2632 1288 2827 1343 oblata
2860 1306 2873 1343 :
2906 1290 3006 1345 illa
3057 1292 3274 1348 scilicet
3305 1297 3566 1367 superbae

1922 1373 2208 1444 impietati
2251 1376 2669 1431 daemoniorum
2721 1378 2976 1450 idipsum
3013 1381 3123 1436 sibi
3154 1383 3226 1436 ob
3276 1383 3381 1439 hoc
3415 1402 3567 1441 arro-

1921 1462 2207 1534 gantium,
2242 1481 2357 1535 quo
2404 1464 2758 1521 haberentur
2789 1468 2889 1532 dii,
2922 1470 3061 1540 quia
3109 1471 3341 1527 divinus
3384 1474 3570 1529 honor

1922 1557 2011 1606 est
2051 1551 2401 1607 sacrificium
2433 1570 2445 1620 ;
2481 1554 2580 1609 illa
2611 1572 2740 1610 vero
2789 1558 2887 1610 uni
2921 1558 3055 1625 Deo,
3092 1566 3155 1613 ut
3183 1562 3230 1614 ei
3267 1562 3570 1617 offerretur

1923 1640 2245 1696 similitudo
2276 1643 2625 1712 promittens
2660 1645 2963 1701 veritatem
2996 1649 3287 1715 sacriﬁcii,
3324 1652 3414 1705 cui
3446 1656 3570 1709 erat

1925 1729 2219 1785 offerenda
2251 1732 2378 1802 ipsa
2409 1733 2633 1789 reddita
2658 1737 2870 1791 veritas
2902 1736 2959 1790 in
3013 1738 3281 1807 passione
3312 1741 3569 1810 corporis

1925 1827 1976 1873 et
2008 1819 2313 1891 sanguinis
2344 1820 2577 1876 Christi.

1998 1907 2228 1963 CAPUT
2258 1909 2505 1964 ΧΧΙΙ.--
2526 1911 2721 1982 Neque
2753 1913 3100 1981 enim,sicut
3132 1916 3378 1972 Faustus
3401 1919 3568 1987 dixit,

1927 1997 2147 2067 priores
2174 1998 2555 2054 nostriJudaai
2579 2004 2863 2073 segregati
2885 2020 2918 2057 a
2945 2003 3246 2069 Gentibus,
3269 2023 3399 2061 cum
3424 2013 3569 2064 tem-

1930 2084 2093 2156 plum
2120 2084 2417 2153 haberent,
2434 2092 2490 2143 et
2513 2088 3035 2156 immolationes,et
3056 2110 3207 2161 aras,
3234 2101 3288 2149 et
3307 2098 3573 2151 sacerdo-

1930 2173 2034 2243 tia,
2070 2174 2401 2245 sculpturas
2424 2176 2614 2232 solum
2647 2179 3016 2250 dimiserunt,
3039 2180 3093 2236 id
3130 2190 3235 2251 est,
3262 2184 3449 2240 idola:
3478 2202 3576 2258 po-

1932 2266 2125 2317 terant
2152 2263 2308 2317 enim
2326 2264 2476 2319 sicut
2492 2266 2959 2334 nonnulli,etiam
2983 2270 3108 2326 sine
3131 2272 3416 2328 idolorum
3434 2274 3581 2329 scul-

1938 2352 2149 2424 pturis,
2174 2354 2502 2421 arboribus,
2524 2360 2582 2411 et
2611 2357 2927 2423 montibus,
2953 2367 3246 2431 postremo
3269 2364 3441 2419 etiam
3471 2364 3579 2419 soli

1940 2457 2005 2496 ac
2026 2440 2175 2496 lunae
2197 2442 3338 2517 ceterisquesideribusimmolare.Quod
3366 2453 3410 2505 si
3442 2454 3586 2509 t‘uce-

1942 2535 2071 2584 rent
2104 2548 2203 2601 per
2234 2530 2401 2585 illum
2424 2530 2667 2599 cultum,
2694 2552 2815 2603 qua:
2848 2536 3015 2591 latria
3046 2538 3279 2607 dicitur,
3306 2547 3580 2595 creaturas

1944 2618 2138 2690 potius
2190 2635 2365 2689 quam
2397 2620 2648 2675 Creatori
2682 2623 3086 2689 servientibus,
3119 2632 3175 2681 et
3208 2629 3279 2682 ob
3329 2631 3437 2683 hoc
3470 2647 3583 2684 non

1946 2722 2121 2777 parvo
2145 2707 2297 2763 malo
2320 2708 2513 2779 impiae
2542 2710 2977 2780 superstitionis
2996 2716 3341 2785 errantibus,
3378 2717 3591 2773 nihilo-

1950 2794 2147 2850 minus
2161 2797 2446 2851 damonia
2466 2812 2528 2853 se
2543 2799 2864 2869 prazberent
2884 2803 2952 2855 ad
2970 2819 3066 2857 eos
3083 2803 3495 2873 illudcndos,et
3516 2806 3590 2861 ab

1950 2884 2034 2940 eis
2052 2887 2489 2958 sumenda,quaa
2511 2888 2595 2943 sic
2623 2889 2990 2945 obtulissent.
3010 2892 3093 2945 Illi
3118 2894 3331 2964 quippe
3353 2894 3592 2966 superbi

1950 2980 2008 3029 et
2032 2974 2195 3045 impii
2229 2975 2616 3047 spiritus,non
2639 2979 2840 3034 nidore
2858 2996 2924 3034 ac
2956 2981 3590 3043 fumo,sicutnonnulli

1950 3063 2081 3119 vani
2113 3064 2446 3135 opinantur,
2462 3066 2561 3121 sed
2594 3066 2899 3123 hominum
2920 3078 3241 3139 pascuntur
3261 3073 3589 3128 erroribus:

1950 3170 2065 3209 non
2098 3154 2188 3208 sui
2213 3155 2468 3225 corporis
2496 3156 2938 3223 refectione,sed
2964 3160 3243 3215 malevola
3259 3160 3595 3216 delectatio-

1951 3244 2053 3297 ne‘
2075 3258 2207 3297 cum
2226 3259 2459 3315 quoquo
2479 3245 2650 3300 modo
2677 3245 2996 3318 decipiunt,
3016 3249 3101 3304 vel
3123 3251 3417 3321 arroganti
3442 3251 3597 3306 fastu

1951 3331 2238 3387 simulata;
2253 3333 2573 3403 majestatis
2588 3351 2718 3389 cum
2734 3335 2845 3389 divi
2858 3353 2958 3392 nos
2978 3337 3087 3393 sibi
3103 3338 3351 3395 honores
3369 3340 3599 3395 exhibe-

1950 3421 1996 3475 ri
2021 3420 2489 3493 gloriantur.Non
2516 3422 2745 3493 ergoilli
2762 3428 2954 3495 patres
2978 3427 3157 3481 nostri
3182 3427 3304 3482 sola
3322 3427 3594 3483 Gentium

1950 3509 2268 3566 simulacra
2294 3510 2673 3577 dimiserunt;
2708 3513 2805 3567 sed
2836 3529 3023 3585 neque
3053 3520 3236 3579 terrze,
3262 3532 3448 3587 neque
3472 3516 3596 3571 cui-

1949 3616 2124 3670 quam
2158 3610 2395 3653 terrenaa
2426 3600 2529 3665 rei,
2560 3616 2745 3670 neque
2778 3603 2943 3671 mari,
2980 3619 3167 3674 neque
3206 3603 3368 3669 cmlo,
3405 3620 3595 3676 neque

1953 3687 2173 3743 militiae
2206 3687 2333 3743 cmli
2376 3687 2598 3759 aliquid
2649 3689 3041 3757 immolantes,
3078 3693 3175 3745 uni
3211 3697 3321 3747 Deo
3352 3692 3595 3749 creatori

1953 3776 2876 3833 omniumvictimasobtulerunt:
2896 3795 3042 3849 quas
3055 3780 3165 3835 sibi
3190 3781 3379 3836 oil‘erri
3394 3782 3596 3848 voluit,

1955 3883 2059 3938 per
2085 3881 2286 3921 earum
2319 3864 2767 3921 similitudinem
2802 3868 3145 3938 promittens
3180 3871 3470 3925 victimam
3502 3887 3598 3926 ve-

1956 3972 2102 4013 ram.
2138 3971 2237 4025 per
2259 3970 2435 4025 quam
2460 3971 2565 4009 nos
2598 3953 2707 4009 sibi
2744 3961 3110 4027 peccatorum
3136 3959 3479 4014 remissione
3513 3976 3602 4014 re—

1956 4042 2283 4098 conciliavit
2306 4043 2365 4096 in
2388 4042 2617 4099 Christo
2638 4044 2777 4098 Jesu
2805 4045 3044 4101 Domino
3072 4056 3289 4111 nostro,
3315 4050 3481 4117 cujus
3514 4065 3605 4103 ca-

1958 4132 2096 4204 pitis
2116 4149 2327 4203 corpus
2341 4131 2570 4187 effectos
2586 4131 2785 4187 ﬁdeles
2810 4134 3028 4190 Paulus
3047 4134 3365 4207 alloquitur
3381 4137 3605 4202 dicens,

1959 4221 2183 4277 Obsecro
2212 4225 2395 4276 autem
2424 4238 2536 4285 vos,
2569 4224 2790 4290 fratres,
2819 4239 2914 4292 per
2936 4225 3376 4279 misericordiam
3409 4228 3523 4289 Dei,
3549 4229 3610 4279 ut

1957 4312 2260 4366 exhibeatis
2289 4326 2513 4380 corpora
2539 4315 2719 4365 vestra
2750 4312 2985 4366 hostium
3008 4316 3205 4381 vivam,
3230 4316 3609 4379 sanctam,Deo

1955 4401 2255 4471 placentem
2276 4401 2757 4469 (Rom.x11,1).Sed
2781 4400 3078 4456 Manichaei
3095 4420 3336 4474 corpora
3348 4403 3608 4458 humana

1959 4488 2253 4557 opiﬁcium
2277 4488 2480 4542 dicunt
2498 4504 2625 4543 esse
2647 4490 2837 4559 gentis
2862 4492 3255 4560 tenebrarum,
3272 4498 3327 4548 et
3348 4509 3609 4548 carceres

1961 4578 2176 4649 quibus
2206 4576 2392 4630 victus
2426 4575 2690 4631 inclusus
2719 4582 2807 4632 est
2840 4578 2991 4633 Deus
3021 4596 3033 4634 :
3059 4580 3212 4635 unde
3242 4579 3413 4653 longe
3446 4581 3606 4635 aliud

1961 4664 2269 4721 annuntiat
2301 4663 2743 4730 Faustus,aliud
2774 4665 3008 4721 Paulus.
3034 4669 3138 4722 Sed
3165 4669 3442 4741 quoniam
3465 4672 3613 4741 quis-

1961 4757 2082 4826 quis
2096 4754 2244 4810 vobis
2265 4753 2729 4821 evangelimveril
2746 4765 3114 4827 praeterquam
3138 4758 3281 4829 quod
3300 4760 3608 4829 accepistis,

1962 4845 2253 4900 anathema
2282 4844 2355 4897 sit
2394 4841 2591 4910 (Galat.
2626 4860 2664 4907 1,
2695 4844 2752 4911 9)
2782 4862 2795 4911 ;
2828 4860 3027 4900 verum
3082 4847 3224 4902 dicit
3256 4846 3521 4903 Christus
3551 4846 3612 4903 in

1962 4933 2161 4998 Paulo,
2198 4931 2510 4987 anathema
2540 4932 2616 4986 sit
2648 4932 3003 4990 Manichacus
3034 4935 3092 4989 in
3128 4936 3361 4991 Fausto.

2034 5020 2263 5078 CAPUT
2295 5020 2487 5074 XXIII.
2524 5051 2591 5061 -
2621 5021 2728 5085 Qui
2762 5022 2939 5077 etiam
2981 5024 3140 5089 dicit,
3174 5023 3315 5078 nihil
3350 5040 3453 5077 nos
3487 5040 3612 5078 mu-

1964 5118 2119 5167 tasse
2150 5110 2219 5164 de
2254 5108 2515 5163 moribus
2537 5109 2835 5179 Gentium,
2863 5115 3129 5167 nesciens
3152 5113 3292 5182 quid
3315 5110 3609 5182 loquatur.

1963 5199 2107 5255 Cum
2138 5198 2287 5253 enim
2313 5199 2513 5268 justus
2532 5214 2599 5253 ex
2630 5200 2742 5254 ﬁde
2770 5200 3112 5271 vivat(Rom.
3136 5218 3175 5266 1,
3210 5202 3321 5267 t7);
3358 5201 3609 5270 ﬁnisque

1964 5286 2233 5359 praecepti
2261 5286 2337 5342 sit
2367 5286 2621 5342 charitas
2652 5288 2721 5342 de
2752 5289 2922 5343 corde
2955 5306 3118 5359 puro,
3152 5293 3210 5342 et
3254 5287 3611 5343 conscientia

1965 5378 2133 5448 bona,
2166 5380 2222 5431 et
2251 5376 2363 5431 ﬁde
2399 5394 2510 5431 non
2543 5376 2675 5431 ﬁcta
2704 5378 2750 5446 (Ι
2776 5378 2905 5431 Tim.
2940 5394 2978 5447 1,
2997 5378 3091 5448 5);
3126 5380 3519 5449 maneantque
3537 5377 3607 5431 ad

1966 5465 2331 5521 formandam
2356 5466 2375 5499 ²
2416 5466 2593 5520 vitam
2644 5463 2901 5519 ﬁdelium
2937 5465 3046 5520 tria
3079 5465 3218 5533 haec,
3254 5465 3418 5533 ﬁdes,
3454 5482 3608 5537 spes,

2031 5578 2045 5611 ι
2077 5572 2192 5623 Am.
2223 5571 2307 5619 Er.
2342 5574 2393 5619 et
2422 5570 2638 5633 quidam
2671 5570 2812 5629 Mss,
2844 5570 3129 5620 dilectione.

2031 5638 2051 5670 ³
2078 5638 2155 5685 lta
2176 5635 2298 5699 Mss.
2329 5633 2395 5682 At
2420 5635 2534 5683 Am.
2568 5638 2621 5682 et
2649 5635 2750 5693 En,
2781 5633 2853 5682 ad
2894 5634 3325 5699 conﬁrmandam.
3360 5636 3507 5698 Lov.,
3535 5634 3606 5683 ad

1962 5695 2375 5764 informandum.
