4052 6184
329 440 444 500 387

327 570 580 626 charitas
610 573 655 639 (Ι
690 572 808 626 Cor.
833 588 954 639 x111,
985 572 1069 639 13)
1104 588 1116 625 :

322 766 436 804 non
452 749 668 804 habet?
691 748 794 813 Qui
818 748 972 802 enim
999 748 1154 802 aliud
1171 749 1370 817 credit,
1390 750 1547 804 aliud
1571 754 1786 821 sperat,
1809 750 1965 806 aliud

319 842 498 909 amat,
523 854 758 893 necesse
779 842 867 892 est
887 843 950 892 ut
971 836 1139 892 aliter
1154 838 1415 893 vivat.Et
1433 839 1481 893 si
1508 856 1651 894 usus
1677 855 1962 910 quarum-

318 928 452 982 dam
476 943 669 981 rerum
694 925 905 981 similis
929 927 1334 981 videturnobis
1356 945 1483 983 esse
1506 945 1639 983 cum
1654 928 1958 997 Gentibus,

317 1016 466 1072 sicut
496 1016 608 1071 cibi
641 1022 696 1071 et
725 1021 917 1087 potus,
941 1021 1244 1082 tectorum,
1270 1017 1767 1086 vestimentorum,
1802 1018 1955 1074 lava-

313 1122 545 1160 crorum
568 1123 580 1172 ;
608 1110 663 1160 et
685 1106 781 1176 qui
803 1123 869 1160 ex
901 1105 1113 1160 nostris
1136 1105 1502 1177 conjugalem
1521 1106 1695 1161 vitam
1722 1112 1953 1179 gerunt,

310 1211 558 1249 uxorum
590 1195 988 1249 ducendarum
1019 1199 1071 1248 et
1122 1194 1546 1262 habendarum,
1584 1196 1835 1251 ﬁliorum
1867 1196 1952 1267 gi-

304 1284 693 1356 gnendorum,
719 1284 1186 1347 nutriendorum,
1208 1284 1734 1340 haereditandorum
1753 1302 1764 1339 ε
1784 1284 1953 1358 longe

303 1377 497 1428 tamen
516 1371 786 1426 aliterbis
801 1374 970 1427 rebus
987 1372 1295 1444 utitur,qui
1311 1373 1569 1428 adalium
1586 1375 1759 1429 ﬁnem
1776 1392 1949 1430 usum

302 1477 503 1517 earum
536 1461 708 1515 refert
734 1478 746 1528 ;
778 1467 833 1515 et
863 1460 1030 1516 aliter
1059 1462 1156 1531 qui
1191 1477 1257 1516 ex
1287 1461 1376 1516 his
1409 1467 1520 1518 Deo
1552 1463 1769 1533 gratias
1805 1464 1944 1535 agit,

300 1549 368 1604 de
404 1568 514 1621 quo
549 1567 723 1622 prava
753 1553 807 1604 et
833 1549 977 1605 falsa
1008 1567 1120 1604 non
1153 1551 1353 1606 credit.
1381 1551 1543 1607 Sicut
1565 1552 1798 1607 enimin
1821 1553 1945 1623 ipso

299 1655 490 1694 errore
539 1646 748 1706 vestro,
784 1656 914 1693 cum
946 1656 1009 1694 eo
1059 1657 1206 1710 pane
1237 1641 1553 1695 vescamini
1588 1658 1700 1713 quo
1753 1641 1944 1696 czsteri

298 1727 585 1796 homines,
608 1733 663 1782 et
687 1728 970 1784 fructibus
994 1727 1197 1783 vivatis
1218 1734 1273 1782 et
1294 1730 1567 1795 fontibus,
1591 1730 1725 1784 lana
1748 1735 1801 1784 et
1823 1731 1941 1786 lino

297 1817 568 1872 similiter
598 1823 747 1872 texto
782 1817 1158 1880 amiciamini,
1182 1835 1281 1871 nec
1315 1819 1370 1872 in
1405 1819 1707 1874 histamen
1743 1837 1938 1890 parem

295 1907 508 1960 ducitis
535 1907 734 1972 vitam,
758 1924 871 1960 non
901 1906 1057 1959 aliud
1085 1907 1432 1971 edendo,aut
1455 1908 1937 1974 bibendo,autin-

292 1996 543 2065 duendo,
561 1997 658 2050 sed
693 1995 848 2049 aliud
875 1995 1176 2050 sentiendo
1199 2001 1253 2050 et
1276 1996 1582 2061 credendo,
1598 2002 1652 2051 et
1669 1999 1736 2051 ad
1755 1998 1933 2052 alium

292 2084 466 2138 ﬁnem
492 2085 603 2139 ista
626 2085 821 2138 omnia
843 2084 1162 2150 referendo,
1190 2085 1360 2139 ﬁnem
1386 2085 1605 2139 scilicet
1635 2087 1807 2140 vestri
1841 2105 1934 2141 er-

289 2173 436 2227 roris
457 2179 630 2244 atque
653 2172 960 2228 vanitatis:
988 2173 1066 2226 ita
1085 2190 1189 2227 nos
1213 2178 1265 2227 et
1291 2172 1346 2226 in
1373 2173 1463 2228 his
1483 2177 1538 2228 et
1559 2174 1615 2227 in
1639 2173 1790 2245 aliis,
1808 2193 1932 2246 quas

287 2260 558 2316 similiter
587 2260 900 2323 sumimus,
925 2277 1037 2315 non
1070 2260 1341 2316 similiter
1370 2278 1502 2316 cum
1535 2261 1817 2318 Gentibus
1849 2263 1932 2318 vi-

288 2351 498 2420 vimus,
520 2350 750 2404 easdem
787 2366 876 2404 res
897 2367 1007 2404 non
1033 2350 1102 2404 ad
1121 2351 1391 2405 eumdem
1416 2351 1590 2405 ﬁnem
1611 2351 1928 2424 referendo,

288 2440 381 2494 sed
403 2439 474 2492 ad
499 2439 673 2493 ﬁnem
697 2438 940 2509 legitimi
965 2439 1259 2509 divinique
1282 2440 1568 2510 praecepti,
1586 2440 1929 2516 charitatem

287 2528 357 2582 de
379 2528 550 2582 corde
574 2544 737 2598 puro,
764 2533 818 2581 et
846 2527 1201 2582 conscientia
1225 2528 1396 2596 bona,
1423 2532 1477 2582 et
1498 2528 1610 2582 ﬁde
1636 2546 1746 2584 non
1773 2530 1925 2599 ﬁcta,

282 2617 535 2686 aquibus
557 2616 795 2688 quidam
820 2617 1446 2685 aberrantes,conversi
1470 2621 1606 2671 sunt
1624 2618 1680 2671 in
1706 2618 1926 2674 vanilo-

283 2705 505 2776 quium.
533 2709 595 2759 In
622 2721 735 2776 quo
760 2721 897 2759 sane
921 2704 1310 2776 principatum
1331 2705 1923 2774 tenetis,nonintuen-

277 2799 384 2859 tes,
409 2811 519 2848 non
545 2793 978 2848 considerantes
1001 2794 1059 2847 in
1092 2793 1311 2848 eisdem
1336 2793 1620 2850 habendis
1653 2796 1922 2866 agendis-

280 2901 390 2953 que
423 2885 593 2938 rebus
617 2888 844 2937 tantum
880 2884 950 2937 ad
983 2883 1269 2938 diversam
1300 2883 1478 2937 vitam
1509 2883 1717 2952 valere,
1752 2885 1799 2938 si
1834 2886 1921 2939 di-

278 2989 444 3028 versa
468 2974 542 3028 sit
570 2974 728 3041 ﬁdes,
755 2977 817 3025 ut
838 2989 969 3026 cum
1002 2973 1292 3027 auditores
1313 2973 1486 3027 vestri
1509 2978 1565 3028 et
1588 2990 1792 3028 uxores
1817 2975 1918 3030 ha-

278 3063 475 3125 beant,
499 3067 554 3116 et
577 3061 727 3116 ﬁlios
750 3061 1016 3131 quamvis
1040 3061 1199 3115 inviti
1222 3061 1567 3132 suscipiant,
1591 3063 1793 3134 eisque
1818 3081 1916 3134 pa-

275 3151 549 3205 trimonia
569 3155 883 3221 congerant
903 3149 987 3204 vel
1011 3149 1364 3219 custodiant,
1389 3168 1560 3205 carne
1590 3160 1915 3222 vescantur,

269 3238 469 3293 vinum
495 3239 716 3307 bibant,
741 3238 950 3304 lavent,
968 3243 1209 3309 metant,
1224 3239 1599 3306 vindemient,
1617 3242 1915 3311 negotian-

272 3327 642 3397 tur,honores
664 3327 927 3398 publicos
943 3327 1676 3391 administrent,vobiscum
1703 3347 1800 3384 eos
1825 3334 1911 3385 ta-

269 3434 548 3484 men,non
563 3435 691 3471 cum
718 3416 998 3472 Gentibus
1012 3417 1522 3487 computetis,cum
1543 3418 1693 3473 facta
1709 3435 1909 3474 eorum

269 3506 556 3562 Gentibus
597 3506 902 3561 videantur
935 3505 1219 3561 similiora
1269 3522 1439 3577 quam
1469 3507 1650 3562 vobis.
1679 3507 1823 3562 Nam
1856 3513 1912 3564 et

1090 439 1402 499 CONTRA
1444 440 1821 504 FAUSTUM
1865 441 2390 516 MANICHIEUM,
2439 444 2504 506 S.
2548 443 2977 507 AUGUSTINI

1154 573 1307 627 unde
1338 573 1461 627 ﬁeri
1494 577 1683 644 potest
1713 579 1778 628 ut
1803 591 1969 645 pares

324 678 458 715 cum
483 659 676 730 aliquo
701 677 891 714 mores
915 659 1251 731 babeat,qui
1276 661 1660 715 hmctriacum
1687 660 1785 717 illo
1808 663 1970 733 paria

3347 56 3376 88 ⁸..
3411 65 3430 82 υ.
3457 56 3486 70 ἱ.
3499 56 3516 80 “.
3537 56 3857 88 ’χῖ-ἧι

3618 443 3739 505 388

2082 578 2471 646 quorumdam
2491 577 2959 632 factaGentilium
2979 593 3112 631 cum
3128 576 3314 648 magis
3326 576 3488 632 vobis
3502 579 3739 650 propin-

2079 671 2279 737 quent,
2306 684 2481 738 quam
2517 667 2867 738 quibusdam
2904 666 3284 721 Auditoribus
3316 667 3554 733 vestris;
3583 684 3731 721 non-

2078 755 2223 808 nulli
2254 755 2468 827 quippe
2499 756 2555 810 in
2591 755 2890 827 sacrilegis
2933 755 3113 810 sacris
3145 755 3267 810 suis
3298 760 3353 810 et
3386 774 3417 810 a
3443 756 3575 810 vino
3607 760 3662 810 et
3693 773 3729 811 a

2076 843 2350 899 carnibus
2379 850 2436 899 et
2465 862 2499 899 a
2529 845 2841 900 concubitu
2872 848 3201 914 temperant
3230 862 3242 912 ;
3273 843 3464 915 potius
3487 844 3727 899 Audito-

2070 948 2162 986 res
2193 937 2412 988 vestros
2446 933 2534 988 his
2567 933 2841 988 omnibus
2865 938 3112 998 utentes,
3139 936 3194 986 et
3225 933 3281 986 in
3315 950 3380 987 eo
3410 933 3576 987 vobis
3599 933 3718 988 dis-

2067 1021 2312 1090 similes,
2345 1021 2403 1076 in
2442 1022 2746 1077 Manichaei
2778 1038 2950 1094 grege
2982 1022 3328 1090 numeratis,
3363 1039 3539 1093 quam
3573 1023 3718 1077 istos

2065 1111 2261 1164 eadem
2299 1127 2428 1182 quze
2476 1111 2664 1166 facitis
2709 1111 2990 1165 facientes
3028 1128 3040 1165 :
3077 1110 3388 1182 potiusque
3437 1111 3719 1166 feminam

2065 1198 2260 1268 qumin
2293 1200 2672 1256 Manichaaum
2700 1198 3281 1266 crediderit,vestram
3303 1199 3714 1266 dicitis,etiam

2063 1288 2405 1358 parientem,
2442 1307 2618 1360 quam
2649 1288 2929 1360 Sibyllam
2979 1305 3083 1343 nec
3115 1288 3319 1342 saltem
3370 1289 3713 1346 nubentem.

2059 1377 2131 1430 At
2160 1377 2314 1431 enim
2347 1378 2515 1432 multi
2539 1378 2857 1434 Christiani
2887 1376 3155 1432 catholici
3177 1380 3476 1443 vocantur,
3498 1383 3554 1432 et
3575 1382 3719 1433 sunt

2059 1464 2328 1536 adulteri,
2361 1472 2646 1538 raptores,
2668 1467 2846 1532 avari,
2879 1465 3115 1530 ebriosi,
3142 1470 3198 1521 et
3230 1466 3516 1537 quidquid
3550 1465 3711 1521 aliud

2058 1569 2211 1608 sanae
2243 1556 2515 1610 doctrinae
2561 1555 2951 1612 adversatur?
2996 1554 3142 1621 Quid
3178 1561 3371 1610 autem
3406 1554 3556 1610 inter
3585 1572 3711 1626 vos,

2054 1642 2112 1696 in
2141 1647 2260 1698 tam
2292 1643 2497 1716 exiguo
2523 1663 2588 1700 ac
2623 1663 2768 1716 pene
2805 1643 2964 1699 nullo
2996 1661 3234 1699 numero
3267 1648 3476 1711 vestro,
3512 1661 3708 1701 nonne

2054 1731 2314 1802 plerique
2337 1739 2472 1787 sunt
2496 1733 2721 1803 tales,et
2745 1735 2982 1804 quidam
3017 1733 3072 1788 in
3101 1733 3346 1804 Paganis
3372 1737 3388 1768 ¹
3414 1750 3527 1787 non
3561 1743 3704 1790 sunt

2053 1820 2195 1875 tales
2219 1823 2245 1875 γ
2272 1821 2423 1875 Num
2450 1821 2576 1876 ideo
2610 1822 2891 1893 Paganos,
2917 1823 3014 1891 qui
3048 1822 3193 1876 tales
3224 1839 3334 1876 non
3369 1827 3526 1890 sunt,
3551 1823 3704 1876 dici-

2052 1909 2128 1964 tis
2160 1910 2433 1964 meliores
2459 1911 2622 1964 vobis
2644 1911 2670 1964 ?
2701 1917 2841 1965 Cum
2867 1914 3061 1964 tamen
3099 1915 3332 1982 propter
3363 1910 3707 1982 sacrilegam

2047 1998 2362 2053 vanitatem
2387 2004 2552 2053 secta;
2581 2005 2781 2053 vestrae
2806 1999 2980 2054 etiam
3016 2003 3116 2070 qui
3142 1999 3200 2053 in
3233 2001 3396 2056 vobis
3419 2000 3561 2055 tales
3586 2017 3701 2056 non

2049 2094 2206 2151 sunt,
2243 2088 2491 2159 Paganis
2522 2088 2694 2142 etiam
2752 2088 2968 2143 talibus
2999 2088 3314 2144 deteriores
3358 2090 3497 2143 sint.
3534 2089 3700 2146 Unde

2046 2176 2423 2230 manifestum
2455 2181 2563 2241 est,
2598 2193 2710 2231 non
2743 2177 2870 2231 ideo
2903 2177 3166 2248 derogari
3199 2194 3352 2232 sanae
3395 2179 3696 2247 doctrina,

2045 2281 2171 2336 qua
2221 2264 2345 2319 sola
2391 2264 2675 2319 catholica
2725 2270 2830 2334 est,
2872 2265 3010 2336 quia
3060 2264 3225 2319 multi
3278 2266 3405 2335 ejus
3456 2267 3694 2323 nomine

2042 2355 2262 2408 censeri
2294 2355 2516 2420 volunt,
2551 2360 2607 2409 et
2637 2370 2739 2426 per
2781 2354 2941 2409 illam
2975 2354 3170 2409 sanari
3203 2354 3426 2409 nolunt.
3462 2359 3691 2428 Agnos-

2040 2443 2222 2497 cenda
2252 2447 2339 2497 est
2369 2443 2522 2497 enim
2558 2443 2821 2514 paucitas
2854 2442 2973 2513 illa,
3008 2460 3184 2515 quam
3226 2444 3504 2499 Dominus
3537 2464 3690 2517 pras-

2037 2531 2206 2601 cipue
2254 2531 2627 2585 commendat
2677 2532 2730 2585 in
2776 2532 2995 2603 ingenti
3049 2536 3221 2603 atque
3271 2532 3688 2589 innumerabili

2037 2619 2412 2673 multitudine
2447 2625 2562 2674 toto
2595 2620 2732 2674 orbe
2765 2620 2978 2675 diffusa
3017 2621 3229 2692 (Matth.
3263 2638 3355 2688 xx,
3390 2624 3475 2692 16)
3509 2641 3520 2677 :
3556 2640 3684 2694 quae

2036 2712 2232 2762 tamen
2283 2709 2545 2779 paucitas
2595 2715 2930 2763 sanctorum
2967 2717 3141 2780 atque
3193 2709 3472 2775 ﬁdelium,
3520 2713 3676 2782 quod

2033 2813 2184 2868 saepe
2221 2799 2754 2852 commendandum
2796 2804 2902 2866 est,
2936 2803 3213 2869 tanquam
3265 2816 3582 2871 granorum
3617 2802 3676 2856 in

2031 2887 2464 2957 comparatione
2514 2886 2908 2941 multitudinis
2941 2887 3258 2956 palearum,
3292 2890 3552 2960 paucitas
3586 2891 3675 2944 di-

2029 2974 2180 3028 citur
2204 2993 2216 3041 ;
2255 2991 2425 3045 perse
2447 2979 2640 3030 autem
2661 2976 2848 3047 ipsam
2878 2981 3099 3030 tantam
3123 2994 3377 3031 massam
3398 2977 3678 3034 frumenti

2027 3061 2182 3127 facit,
2214 3072 2273 3117 ut
2304 3080 2508 3118 omnes
2526 3065 2734 3134 probos
2764 3069 2820 3119 et
2837 3066 3109 3134 reprobos
3133 3072 3376 3131 vestros,
3397 3083 3546 3138 quos
3575 3085 3676 3138 pa-

2027 3151 2162 3205 riter
2222 3151 2432 3206 veritas
2483 3153 2770 3222 reprobat,
2805 3153 3243 3224 incomparabili
3297 3154 3675 3213 multitudine

2023 3244 2276 3310 superet.
2313 3240 2451 3296 Ecce
2483 3257 2594 3295 non
2630 3258 2836 3296 sumus
2863 3241 3133 3296 Gentium
3168 3242 3445 3309 schisma,
3478 3262 3510 3299 a
3532 3245 3672 3316 qui-

2022 3330 2131 3384 bus
2164 3329 2484 3400 plurimum
2537 3331 2825 3385 distamus
2879 3331 2936 3384 in
2991 3331 3244 3386 melius:
3284 3333 3381 3387 sed
3420 3349 3524 3388 nec
3571 3349 3674 3389 vos

2022 3419 2130 3474 hoc
2152 3419 2312 3482 estis,
2349 3419 2485 3490 quia
2516 3419 2836 3490 plurimum
2866 3420 2936 3474 ab
2964 3420 3048 3474 eis
3081 3419 3314 3475 distatis
3346 3420 3406 3475 in
3439 3422 3630 3493 pejus.

2083 3520 2098 3552 1
2135 3517 2192 3565 In
2224 3517 2402 3566 Multis
2431 3518 2574 3572 Mss.,
2604 3520 2652 3566 et
2675 3517 2906 3581 plerique
2934 3519 2988 3566 in
3013 3519 3254 3581 Paganis.

1123 3739 1501 3833 LIBER
1567 3740 2246 3837 VIGESIMUS
2327 3741 2819 3836 PRIMUS.

334 3997 566 4054 CAPUT
590 3997 900 4051 PRIMUM.
917 4029 982 4037 ——
997 3997 1254 4052 FAUSTUS
1269 3997 1436 4052 dixit:
1456 3997 1615 4053 Unus
1628 3999 1780 4054 Deus
1795 4005 1903 4068 est,

260 4102 331 4140 an
352 4084 502 4139 duo?
515 4084 692 4139 Plane
707 4087 1185 4148 unus.Quomodo
1199 4102 1332 4156 ergo
1345 4102 1443 4139 vos
1458 4086 1603 4141 duos
1617 4087 1907 4143 asseritis?

254 4173 568 4244 Nunquam
602 4174 657 4227 in
692 4174 906 4229 nostris
935 4174 1169 4245 quidem
1203 4174 1623 4230 assertionibus
1652 4177 1902 4231 duorum

260 4263 500 4318 deorum
531 4263 795 4316 auditum
813 4267 901 4317 est
917 4279 1148 4317 nomen.
1171 4264 1280 4317 Sed
1303 4268 1360 4316 tu
1395 4264 1549 4317 unde
1580 4264 1688 4318 hoc
1710 4265 1900 4336 suspi-

258 4351 428 4416 caris,
463 4351 630 4422 cupio
663 4352 828 4406 scire.
875 4351 1020 4416 Quia
1049 4351 1332 4406 bonorum
1366 4357 1422 4406 et
1455 4351 1740 4406 malorum
1785 4353 1899 4408 duo

256 4439 541 4510 principia
571 4440 820 4495 traditis.
855 4440 954 4495 Est
985 4440 1218 4510 quidem
1260 4441 1418 4511 quod
1453 4440 1566 4494 duo
1615 4440 1899 4512 principia

256 4530 623 4596 conﬁtemur,
657 4530 756 4584 sed
790 4547 972 4584 unum
999 4546 1065 4584 ex
1095 4528 1187 4585 his
1217 4530 1397 4585 Deum
1430 4545 1726 4595 vocamus,
1754 4529 1895 4586 alte-

252 4633 382 4671 rum
406 4616 584 4689 Hylen
620 4635 631 4671 :
667 4623 786 4685 aut,
815 4623 876 4672 ut
903 4619 1292 4674 communiter
1307 4619 1594 4674 etusitate
1624 4619 1894 4688 dixerim,

249 4706 594 4760 daemonem.
632 4708 789 4772 Quod
833 4707 882 4760 si
912 4711 974 4761 tu
1024 4707 1132 4761 hoc
1165 4712 1335 4779 putas
1377 4708 1524 4762 duos
1565 4707 1894 4777 signiﬁcare

250 4794 408 4861 deos,
431 4794 646 4865 poteris
677 4799 731 4849 et
762 4794 985 4849 medico
1009 4795 1343 4866 disputante
1360 4797 1429 4850 de
1461 4795 1796 4851 inﬁrmitate
1813 4801 1895 4851 at-

251 4899 363 4953 que
397 4883 665 4948 sanitate,
700 4885 846 4937 duas
869 4885 1099 4938 easdem
1123 4888 1326 4954 putare
1347 4885 1659 4949 sanitates;
1681 4891 1891 4940 etcum

250 4972 381 5042 quis
405 4972 621 5026 bonum
642 4971 907 5025 nominat
924 4977 978 5025 et
996 4972 1303 5039 malum,tu
1324 4972 1539 5044 poteris
1561 4974 1761 5028 eadem
1778 4974 1890 5029 duo

247 5068 452 5133 putare
485 5062 672 5128 bona;
705 5065 761 5115 et
807 5060 1029 5131 copiam
1072 5061 1316 5115 audiens
1349 5067 1521 5132 atque
1549 5067 1888 5133 egestatem,

245 5151 390 5205 duas
423 5151 656 5205 easdem
695 5149 926 5221 putabis
966 5149 1180 5220 copias.
1217 5151 1377 5214 Quod
1409 5150 1457 5205 si
1491 5156 1547 5204 et
1576 5151 1644 5205 de
1675 5150 1803 5206 albo
1835 5155 1892 5207 et

247 5239 409 5309 nigro
443 5239 776 5310 disputante
809 5254 921 5304 me,
942 5243 998 5291 et
1026 5238 1234 5308 frigido
1265 5243 1320 5293 et
1350 5239 1625 5308 calido,et
1656 5239 1809 5294 dulci
1834 5243 1890 5294 et

246 5343 465 5396 amaro,
498 5329 657 5382 dicas
689 5327 828 5398 quia
876 5328 990 5381 duo
1020 5326 1170 5397 alba,
1204 5332 1261 5382 et
1291 5329 1405 5383 duo
1438 5328 1645 5396 calida,
1677 5333 1734 5383 et
1773 5330 1886 5383 duo

245 5414 436 5468 dulcia
468 5415 842 5480 ostenderim,
868 5432 1060 5470 nonne
1082 5416 1370 5471 videberis
1402 5417 1612 5471 mentis
1633 5417 1823 5488 impos
1849 5418 1884 5484 ‘,

245 5508 301 5557 et
325 5505 540 5556 cerebri
566 5505 806 5559 minime
827 5505 992 5560 sani?
1015 5506 1106 5560 Sic
1130 5511 1339 5560 etcum
1358 5505 1472 5559 duo
1491 5505 1776 5576 principia
1792 5507 1889 5561 do-

247 5608 369 5658 ceo,
403 5591 583 5646 Deum
618 5601 673 5646 et
721 5593 925 5661 Hylen,
959 5611 1071 5648 non
1106 5593 1317 5648 idcirco
1349 5593 1526 5648 videri
1551 5594 1674 5664 jam
1706 5593 1886 5649 debeo

309 5780 324 5814 ί
359 5779 474 5829 Am.
497 5777 582 5825 Er.
618 5778 672 5825 et
702 5774 905 5840 aliquot
935 5779 1076 5840 Mss.,
1102 5779 1372 5844 incompos.

2018 4000 2119 4055 tibi
2149 4002 2295 4056 duos
2327 4002 2630 4056 ostenbere
2648 4001 2805 4055 deos.
2825 4002 2907 4055 An
2932 4001 3069 4072 quia
3091 4002 3205 4056 vim
3229 4017 3462 4056 omnem
3483 4001 3664 4058 male-

2016 4089 2182 4143 ﬁcam
2221 4089 2371 4162 Hylze
2402 4090 2798 4160 assignamus,
2830 4096 2884 4143 et
2916 4090 3233 4143 beneﬁcam
3268 4089 3400 4157 Deo,
3427 4097 3490 4144 ut
3521 4108 3660 4145 con-

2014 4179 2190 4248 gruit,
2215 4177 2427 4233 idcirco
2447 4177 2592 4232 nihil
2612 4178 2890 4232 interesse
2914 4182 3107 4247 putas,
3134 4195 3204 4232 an
3227 4184 3542 4250 utrumque
3564 4195 3662 4234 eo-

2012 4280 2141 4318 rum
2173 4281 2446 4318 vocemus
2471 4270 2651 4320 Deum
2676 4264 2702 4318 ‘2
2733 4264 2892 4327 Quod
2927 4265 2974 4319 si
3008 4267 3086 4319 ita
3105 4273 3212 4332 est,
3234 4266 3448 4336 poteris
3479 4273 3535 4321 et
3565 4282 3660 4322 ve-

2011 4368 2227 4407 nenum
2244 4354 2487 4408 audiens
2510 4360 2566 4408 et
2588 4353 2936 4418 antidotum,
2959 4353 3102 4407 nihil
3131 4353 3408 4410 interesse
3432 4360 3663 4425 putare,

2009 4458 2080 4495 an
2115 4446 2430 4512 utrumque
2447 4447 2685 4496 vocetur
2709 4442 3057 4510 antidotum,
3075 4444 3214 4513 quia
3233 4449 3545 4513 utrumque
3564 4459 3660 4499 ρος

2009 4547 2134 4584 rum
2169 4531 2282 4584 vim
2336 4548 2502 4586 suam
2552 4532 2784 4599 habeat,
2817 4537 3133 4602 utrumque
3164 4537 3297 4602 agat
3344 4533 3564 4602 aliquid
3597 4537 3657 4589 et

2005 4625 2276 4690 operetur
2307 4636 2318 4672 :
2355 4636 2578 4675 necnon
2620 4626 2675 4675 et
2707 4623 3000 4675 medicum
3032 4621 3277 4676 audiens
3311 4638 3376 4676 ac
3406 4639 3657 4678 venena-

2004 4707 2180 4774 rium,
2208 4713 2485 4780 utrosque
2505 4709 2738 4764 vocabis
2757 4710 3115 4765 medicoszet
3137 4710 3367 4779 justum
3405 4712 3654 4767 audiens

2005 4799 2178 4866 atque
2211 4797 2517 4867 injustum,
2538 4797 2753 4867 poteris
2782 4802 3054 4867 utrosque
3076 4799 3656 4870 vocarejustos,quia

2003 4889 2248 4956 uterque
2277 4902 2476 4940 eorum
2510 4885 2728 4956 aliquid
2763 4892 2917 4956 agat.
2943 4888 3103 4951 Quod
3129 4887 3176 4942 si
3204 4888 3308 4942 hoc
3331 4888 3515 4943 lac-ere
3549 4889 3652 4944 ab-

2001 4974 2246 5027 surdum
2264 4979 2372 5039 est,
2395 4979 2615 5044 quanto
2639 4974 2953 5029 absurdius
2967 4975 3146 5030 Deum
3166 4976 3412 5048 etHylen
3437 4976 3654 5034 idcirco

2001 5061 2147 5116 duos
2182 5067 2385 5128 putare
2415 5063 2571 5130 deos,
2607 5063 2744 5133 quia
2773 5079 2974 5118 eorum
3000 5065 3244 5135 quisque
3275 5065 3490 5136 aliquid
3516 5081 3653 5137 ope-

2001 5155 2161 5204 retur
2183 5150 2209 5204 ?
2240 5152 2600 5221 Quapropter
2621 5151 2818 5222 inepta
2842 5153 2959 5206 haec
2981 5157 3037 5206 et
3067 5152 3285 5208 viribus
3310 5154 3456 5208 satis
3481 5155 3655 5211 ell‘eta

2001 5239 2426 5309 argumentatio
2450 5245 2556 5305 est,
2585 5245 2647 5294 ut
2670 5241 2806 5310 quia
2825 5241 2894 5294 de
2915 5257 2973 5294 re
2999 5241 3140 5295 mihi
3159 5242 3509 5312 respondere
3537 5260 3652 5298 non

1999 5329 2206 5397 possis,
2224 5329 2292 5383 de
2314 5328 2455 5384 solis
2475 5330 2812 5384 nominibus
2830 5329 3045 5385 centies
3066 5330 3525 5386 invidiam.Nam
3549 5349 3656 5388 nec

1998 5416 2449 5481 difﬁteor,etiam
2467 5418 2758 5472 interdum
2776 5435 2880 5472 nos
2895 5420 3198 5474 adversam
3217 5425 3485 5475 naturam
3506 5438 3654 5477 nun-

1997 5521 2210 5577 cupare
2234 5507 2536 5574 deum,sed
2563 5524 2674 5561 non
2691 5507 2799 5561 hoc
2822 5508 3142 5562 secundum
3169 5513 3429 5564 nostram
3448 5511 3649 5578 ﬁdem,

1997 5585 2970 5668 verumjuxtaupraesumptumjam
2995 5598 3052 5651 in
3085 5615 3214 5653 eam
3239 5615 3447 5654 nomen
3475 5599 3652 5656 acul-

1996 5684 2222 5738 toribus
2248 5686 2500 5755 suis,qui
2526 5702 2654 5741 eam
2680 5685 3649 5757 imprudenterexistimantdeum:

1996 5774 2494 5844 quemadmodum
2516 5779 2574 5830 et
2593 5774 3315 5850 Apostolus,Deus,inquit,
3335 5777 3534 5835 δεῖσυιί
3549 5777 3655 5837 lm-
