  <div class='ocr_page' id='page_1' title='image "/cluster/home/n/w/nwhite01/storage/ocr_20150623/42/hvd.32044096580642/208.png"; bbox 0 0 4052 6184; ppageno 0'>
   <div class='ocr_carea' id='block_1_1' title="bbox 204 252 319 324">
    <p class='ocr_par' dir='ltr' id='par_1_1' title="bbox 204 252 319 324">
     <span class='ocr_line' id='line_1_1' title="bbox 204 252 319 324; baseline -0.009 0"><span class='ocrx_word' id='word_1_1' title='bbox 204 252 319 324; x_wconf 77' lang='lat'>405</span> 
     </span>
    </p>
   </div>
   <div class='ocr_carea' id='block_1_2' title="bbox 204 391 1877 465">
    <p class='ocr_par' dir='ltr' id='par_1_2' title="bbox 204 391 1877 465">
     <span class='ocr_line' id='line_1_2' title="bbox 204 391 1877 465; baseline -0.003 -15"><span class='ocrx_word' id='word_1_2' title='bbox 204 399 481 451; x_wconf 68' lang='lat' dir='ltr'>aeternam</span> <span class='ocrx_word' id='word_1_3' title='bbox 501 395 965 465; x_wconf 81' lang='lat' dir='ltr'>beatitudinem,</span> <span class='ocrx_word' id='word_1_4' title='bbox 992 401 1048 452; x_wconf 89' lang='lat' dir='ltr'>et</span> <span class='ocrx_word' id='word_1_5' title='bbox 1071 414 1138 451; x_wconf 87' lang='lat' dir='ltr'>ex</span> <span class='ocrx_word' id='word_1_6' title='bbox 1165 396 1269 451; x_wconf 90' lang='lat' dir='ltr'>hac</span> <span class='ocrx_word' id='word_1_7' title='bbox 1294 396 1551 451; x_wconf 84' lang='lat' dir='ltr'>abundat</span> <span class='ocrx_word' id='word_1_8' title='bbox 1573 393 1642 448; x_wconf 92' lang='lat' dir='ltr'>ad</span> <span class='ocrx_word' id='word_1_9' title='bbox 1667 391 1877 447; x_wconf 81' lang='lat' dir='ltr'>facien-</span> 
     </span>
    </p>
   </div>
   <div class='ocr_carea' id='block_1_3' title="bbox 203 482 1873 546">
    <p class='ocr_par' dir='ltr' id='par_1_3' title="bbox 203 482 1873 546">
     <span class='ocr_line' id='line_1_3' title="bbox 203 482 1873 546; baseline -0.003 -7"><span class='ocrx_word' id='word_1_10' title='bbox 203 485 310 539; x_wconf 89' lang='lat' dir='ltr'>dos</span> <span class='ocrx_word' id='word_1_11' title='bbox 340 486 574 540; x_wconf 88' lang='lat' dir='ltr'>beatos:</span> <span class='ocrx_word' id='word_1_12' title='bbox 597 486 680 540; x_wconf 87' lang='lat' dir='ltr'>ita</span> <span class='ocrx_word' id='word_1_13' title='bbox 711 485 822 543; x_wconf 87' lang='lat' dir='ltr'>sibi</span> <span class='ocrx_word' id='word_1_14' title='bbox 858 485 1076 540; x_wconf 83' lang='lat' dir='ltr'>sufﬁcit</span> <span class='ocrx_word' id='word_1_15' title='bbox 1099 485 1169 539; x_wconf 92' lang='lat' dir='ltr'>ad</span> <span class='ocrx_word' id='word_1_16' title='bbox 1203 491 1474 540; x_wconf 79' lang='lat' dir='ltr'>aeternam</span> <span class='ocrx_word' id='word_1_17' title='bbox 1496 482 1708 546; x_wconf 85' lang='lat' dir='ltr'>lucem,</span> <span class='ocrx_word' id='word_1_18' title='bbox 1733 485 1788 536; x_wconf 92' lang='lat' dir='ltr'>et</span> <span class='ocrx_word' id='word_1_19' title='bbox 1804 496 1873 535; x_wconf 86' lang='lat' dir='ltr'>ex</span> 
     </span>
    </p>
   </div>
   <div class='ocr_carea' id='block_1_4' title="bbox 202 570 1865 629">
    <p class='ocr_par' dir='ltr' id='par_1_4' title="bbox 202 570 1865 629">
     <span class='ocr_line' id='line_1_4' title="bbox 202 570 1865 629; baseline -0.003 0"><span class='ocrx_word' id='word_1_20' title='bbox 202 573 312 629; x_wconf 87' lang='lat' dir='ltr'>hac</span> <span class='ocrx_word' id='word_1_21' title='bbox 338 574 602 629; x_wconf 86' lang='lat' dir='ltr'>abundat</span> <span class='ocrx_word' id='word_1_22' title='bbox 634 574 704 629; x_wconf 90' lang='lat' dir='ltr'>ad</span> <span class='ocrx_word' id='word_1_23' title='bbox 738 573 1035 629; x_wconf 87' lang='lat' dir='ltr'>faciendos</span> <span class='ocrx_word' id='word_1_24' title='bbox 1066 573 1430 629; x_wconf 90' lang='lat' dir='ltr'>illuminatos</span> <span class='ocrx_word' id='word_1_25' title='bbox 1462 591 1475 628; x_wconf 90' lang='lat'><strong>:</strong></span> <span class='ocrx_word' id='word_1_26' title='bbox 1511 571 1732 626; x_wconf 78' lang='lat' dir='ltr'>nullius</span> <span class='ocrx_word' id='word_1_27' title='bbox 1762 570 1865 625; x_wconf 88' lang='lat' dir='ltr'>bo-</span> 
     </span>
    </p>
   </div>
   <div class='ocr_carea' id='block_1_5' title="bbox 206 660 1869 735">
    <p class='ocr_par' dir='ltr' id='par_1_5' title="bbox 206 660 1869 735">
     <span class='ocr_line' id='line_1_5' title="bbox 206 660 1869 735; baseline -0.002 -18"><span class='ocrx_word' id='word_1_28' title='bbox 206 679 350 717; x_wconf 89' lang='lat' dir='ltr'>num</span> <span class='ocrx_word' id='word_1_29' title='bbox 384 664 650 735; x_wconf 84' lang='lat' dir='ltr'>cupiens,</span> <span class='ocrx_word' id='word_1_30' title='bbox 687 679 821 718; x_wconf 92' lang='lat' dir='ltr'>cum</span> <span class='ocrx_word' id='word_1_31' title='bbox 852 663 979 734; x_wconf 89' lang='lat' dir='ltr'>ipso</span> <span class='ocrx_word' id='word_1_32' title='bbox 1000 663 1230 718; x_wconf 81' lang='lat' dir='ltr'>fruatur</span> <span class='ocrx_word' id='word_1_33' title='bbox 1250 662 1442 719; x_wconf 91' lang='lat' dir='ltr'>omnis</span> <span class='ocrx_word' id='word_1_34' title='bbox 1460 660 1729 717; x_wconf 83' lang='lat' dir='ltr'>voluntas</span> <span class='ocrx_word' id='word_1_35' title='bbox 1760 660 1869 715; x_wconf 88' lang='lat' dir='ltr'>b0-</span> 
     </span>
    </p>
   </div>
   <div class='ocr_carea' id='block_1_6' title="bbox 201 751 1870 823">
    <p class='ocr_par' dir='ltr' id='par_1_6' title="bbox 201 751 1870 823">
     <span class='ocr_line' id='line_1_6' title="bbox 201 751 1870 823; baseline -0.004 -15"><span class='ocrx_word' id='word_1_36' title='bbox 201 770 279 808; x_wconf 89' lang='lat' dir='ltr'>na</span> <span class='ocrx_word' id='word_1_37' title='bbox 304 770 317 819; x_wconf 90' lang='lat'>;</span> <span class='ocrx_word' id='word_1_38' title='bbox 354 751 575 808; x_wconf 85' lang='lat' dir='ltr'>nullius</span> <span class='ocrx_word' id='word_1_39' title='bbox 600 751 823 807; x_wconf 90' lang='lat' dir='ltr'>malum</span> <span class='ocrx_word' id='word_1_40' title='bbox 842 752 1079 823; x_wconf 87' lang='lat' dir='ltr'>timens,</span> <span class='ocrx_word' id='word_1_41' title='bbox 1097 770 1231 807; x_wconf 89' lang='lat' dir='ltr'>cum</span> <span class='ocrx_word' id='word_1_42' title='bbox 1262 752 1389 823; x_wconf 89' lang='lat' dir='ltr'>ipso</span> <span class='ocrx_word' id='word_1_43' title='bbox 1411 752 1714 807; x_wconf 85' lang='lat' dir='ltr'>deseratur</span> <span class='ocrx_word' id='word_1_44' title='bbox 1735 764 1870 804; x_wconf 91' lang='lat' dir='ltr'>om-</span> 
     </span>
    </p>
   </div>
   <div class='ocr_carea' id='block_1_7' title="bbox 198 838 1865 913">
    <p class='ocr_par' dir='ltr' id='par_1_7' title="bbox 198 838 1865 913">
     <span class='ocr_line' id='line_1_7' title="bbox 198 838 1865 913; baseline -0.004 -16"><span class='ocrx_word' id='word_1_45' title='bbox 198 841 293 897; x_wconf 88' lang='lat' dir='ltr'>nis</span> <span class='ocrx_word' id='word_1_46' title='bbox 325 841 598 896; x_wconf 84' lang='lat' dir='ltr'>voluntas</span> <span class='ocrx_word' id='word_1_47' title='bbox 654 840 811 897; x_wconf 88' lang='lat' dir='ltr'>mala</span> <span class='ocrx_word' id='word_1_48' title='bbox 843 858 855 896; x_wconf 92' lang='lat'><strong>:</strong></span> <span class='ocrx_word' id='word_1_49' title='bbox 891 842 1026 913; x_wconf 90' lang='lat' dir='ltr'>quia</span> <span class='ocrx_word' id='word_1_50' title='bbox 1076 858 1182 897; x_wconf 90' lang='lat' dir='ltr'>nec</span> <span class='ocrx_word' id='word_1_51' title='bbox 1214 846 1388 913; x_wconf 85' lang='lat' dir='ltr'>auget</span> <span class='ocrx_word' id='word_1_52' title='bbox 1418 857 1576 905; x_wconf 89' lang='lat' dir='ltr'>eum,</span> <span class='ocrx_word' id='word_1_53' title='bbox 1608 838 1709 910; x_wconf 90' lang='lat' dir='ltr'>qui</span> <span class='ocrx_word' id='word_1_54' title='bbox 1738 839 1865 906; x_wconf 70' lang='lat' dir='ltr'>ejus</span> 
     </span>
    </p>
   </div>
   <div class='ocr_carea' id='block_1_8' title="bbox 197 926 1857 1002">
    <p class='ocr_par' dir='ltr' id='par_1_8' title="bbox 197 926 1857 1002">
     <span class='ocr_line' id='line_1_8' title="bbox 197 926 1857 1002; baseline -0.004 -16"><span class='ocrx_word' id='word_1_55' title='bbox 197 932 354 986; x_wconf 89' lang='lat' dir='ltr'>dono</span> <span class='ocrx_word' id='word_1_56' title='bbox 386 932 593 985; x_wconf 82' lang='lat' dir='ltr'>beatus</span> <span class='ocrx_word' id='word_1_57' title='bbox 625 938 711 986; x_wconf 84' lang='lat' dir='ltr'>est</span> <span class='ocrx_word' id='word_1_58' title='bbox 740 948 754 998; x_wconf 90' lang='lat'><strong>;</strong></span> <span class='ocrx_word' id='word_1_59' title='bbox 796 947 902 986; x_wconf 88' lang='lat' dir='ltr'>nec</span> <span class='ocrx_word' id='word_1_60' title='bbox 937 936 1107 987; x_wconf 80' lang='lat' dir='ltr'>terret</span> <span class='ocrx_word' id='word_1_61' title='bbox 1137 948 1294 997; x_wconf 88' lang='lat' dir='ltr'>eum,</span> <span class='ocrx_word' id='word_1_62' title='bbox 1327 931 1429 1002; x_wconf 91' lang='lat' dir='ltr'>qui</span> <span class='ocrx_word' id='word_1_63' title='bbox 1482 930 1610 1000; x_wconf 86' lang='lat' dir='ltr'>ejus</span> <span class='ocrx_word' id='word_1_64' title='bbox 1632 926 1857 999; x_wconf 86' lang='lat' dir='ltr'>judicio</span> 
     </span>
    </p>
   </div>
   <div class='ocr_carea' id='block_1_9' title="bbox 196 1016 1851 1089">
    <p class='ocr_par' dir='ltr' id='par_1_9' title="bbox 196 1016 1851 1089">
     <span class='ocr_line' id='line_1_9' title="bbox 196 1016 1851 1089; baseline -0.002 -14"><span class='ocrx_word' id='word_1_65' title='bbox 196 1020 381 1075; x_wconf 88' lang='lat' dir='ltr'>miser</span> <span class='ocrx_word' id='word_1_66' title='bbox 425 1025 535 1075; x_wconf 88' lang='lat' dir='ltr'>est.</span> <span class='ocrx_word' id='word_1_67' title='bbox 588 1019 789 1075; x_wconf 86' lang='lat' dir='ltr'>Talem</span> <span class='ocrx_word' id='word_1_68' title='bbox 842 1025 1043 1089; x_wconf 92' lang='lat' dir='ltr'>Deum,</span> <span class='ocrx_word' id='word_1_69' title='bbox 1080 1020 1407 1087; x_wconf 71' lang='lat' dir='ltr'>Manichaai,</span> <span class='ocrx_word' id='word_1_70' title='bbox 1456 1036 1570 1073; x_wconf 93' lang='lat' dir='ltr'>non</span> <span class='ocrx_word' id='word_1_71' title='bbox 1622 1016 1851 1085; x_wconf 75' lang='lat' dir='ltr'>colitis;</span> 
     </span>
    </p>
   </div>
   <div class='ocr_carea' id='block_1_10' title="bbox 193 1108 1860 1181">
    <p class='ocr_par' dir='ltr' id='par_1_10' title="bbox 193 1108 1860 1181">
     <span class='ocr_line' id='line_1_10' title="bbox 193 1108 1860 1181; baseline -0.002 -17"><span class='ocrx_word' id='word_1_72' title='bbox 193 1109 370 1181; x_wconf 87' lang='lat' dir='ltr'>longe</span> <span class='ocrx_word' id='word_1_73' title='bbox 400 1109 475 1164; x_wconf 92' lang='lat' dir='ltr'>ab</span> <span class='ocrx_word' id='word_1_74' title='bbox 505 1108 608 1165; x_wconf 92' lang='lat' dir='ltr'>illo</span> <span class='ocrx_word' id='word_1_75' title='bbox 656 1108 793 1164; x_wconf 85' lang='lat' dir='ltr'>facti</span> <span class='ocrx_word' id='word_1_76' title='bbox 825 1110 988 1181; x_wconf 87' lang='lat' dir='ltr'>estis,</span> <span class='ocrx_word' id='word_1_77' title='bbox 1020 1111 1159 1165; x_wconf 90' lang='lat' dir='ltr'>dum</span> <span class='ocrx_word' id='word_1_78' title='bbox 1206 1109 1621 1181; x_wconf 88' lang='lat' dir='ltr'>phantasmata</span> <span class='ocrx_word' id='word_1_79' title='bbox 1666 1110 1860 1162; x_wconf 88' lang='lat' dir='ltr'>vestra</span> 
     </span>
    </p>
   </div>
   <div class='ocr_carea' id='block_1_11' title="bbox 193 1195 1855 1270">
    <p class='ocr_par' dir='ltr' id='par_1_11' title="bbox 193 1195 1855 1270">
     <span class='ocr_line' id='line_1_11' title="bbox 193 1195 1855 1270; baseline -0.003 -16"><span class='ocrx_word' id='word_1_80' title='bbox 193 1198 530 1263; x_wconf 86' lang='lat' dir='ltr'>sectamini,</span> <span class='ocrx_word' id='word_1_81' title='bbox 566 1215 698 1270; x_wconf 74' lang='lat' dir='ltr'>quas</span> <span class='ocrx_word' id='word_1_82' title='bbox 728 1215 828 1253; x_wconf 93' lang='lat' dir='ltr'>cor</span> <span class='ocrx_word' id='word_1_83' title='bbox 854 1203 1115 1255; x_wconf 87' lang='lat' dir='ltr'>vestrum</span> <span class='ocrx_word' id='word_1_84' title='bbox 1165 1215 1381 1254; x_wconf 89' lang='lat' dir='ltr'>vanum</span> <span class='ocrx_word' id='word_1_85' title='bbox 1416 1203 1472 1254; x_wconf 90' lang='lat' dir='ltr'>et</span> <span class='ocrx_word' id='word_1_86' title='bbox 1498 1214 1735 1269; x_wconf 85' lang='lat' dir='ltr'>vagum,</span> <span class='ocrx_word' id='word_1_87' title='bbox 1764 1195 1855 1250; x_wconf 82' lang='lat' dir='ltr'>lu-</span> 
     </span>
    </p>
   </div>
   <div class='ocr_carea' id='block_1_12' title="bbox 192 1284 1857 1361">
    <p class='ocr_par' dir='ltr' id='par_1_12' title="bbox 192 1284 1857 1361">
     <span class='ocr_line' id='line_1_12' title="bbox 192 1284 1857 1361; baseline -0.002 -18"><span class='ocrx_word' id='word_1_88' title='bbox 192 1303 320 1343; x_wconf 91' lang='lat' dir='ltr'>cem</span> <span class='ocrx_word' id='word_1_89' title='bbox 356 1288 534 1343; x_wconf 86' lang='lat' dir='ltr'>istam</span> <span class='ocrx_word' id='word_1_90' title='bbox 580 1287 902 1343; x_wconf 69' lang='lat' dir='ltr'>cmlestium</span> <span class='ocrx_word' id='word_1_91' title='bbox 936 1305 1248 1361; x_wconf 89' lang='lat' dir='ltr'>corporum</span> <span class='ocrx_word' id='word_1_92' title='bbox 1300 1304 1401 1359; x_wconf 89' lang='lat' dir='ltr'>per</span> <span class='ocrx_word' id='word_1_93' title='bbox 1430 1286 1627 1342; x_wconf 88' lang='lat' dir='ltr'>carnis</span> <span class='ocrx_word' id='word_1_94' title='bbox 1657 1284 1857 1340; x_wconf 91' lang='lat' dir='ltr'>oculos</span> 
     </span>
    </p>
   </div>
   <div class='ocr_carea' id='block_1_13' title="bbox 193 1375 1859 1449">
    <p class='ocr_par' dir='ltr' id='par_1_13' title="bbox 193 1375 1859 1449">
     <span class='ocr_line' id='line_1_13' title="bbox 193 1375 1859 1449; baseline -0.001 -18"><span class='ocrx_word' id='word_1_95' title='bbox 193 1375 675 1444; x_wconf 87' lang='lat' dir='ltr'>hauriens,vobis</span> <span class='ocrx_word' id='word_1_96' title='bbox 697 1376 1006 1449; x_wconf 88' lang='lat' dir='ltr'>multiplici</span> <span class='ocrx_word' id='word_1_97' title='bbox 1032 1376 1259 1432; x_wconf 82' lang='lat' dir='ltr'>ﬁctione</span> <span class='ocrx_word' id='word_1_98' title='bbox 1282 1375 1544 1431; x_wconf 86' lang='lat' dir='ltr'>dilatavit</span> <span class='ocrx_word' id='word_1_99' title='bbox 1567 1379 1739 1446; x_wconf 87' lang='lat' dir='ltr'>atque</span> <span class='ocrx_word' id='word_1_100' title='bbox 1762 1390 1859 1429; x_wconf 90' lang='lat' dir='ltr'>va-</span> 
     </span>
    </p>
   </div>
   <div class='ocr_carea' id='block_1_14' title="bbox 192 1464 1855 1539">
    <p class='ocr_par' dir='ltr' id='par_1_14' title="bbox 192 1464 1855 1539">
     <span class='ocr_line' id='line_1_14' title="bbox 192 1464 1855 1539; baseline -0.001 -20"><span class='ocrx_word' id='word_1_101' title='bbox 192 1466 387 1521; x_wconf 85' lang='lat' dir='ltr'>riavit.</span> <span class='ocrx_word' id='word_1_102' title='bbox 434 1466 558 1520; x_wconf 86' lang='lat' dir='ltr'>Lux</span> <span class='ocrx_word' id='word_1_103' title='bbox 603 1466 736 1536; x_wconf 89' lang='lat' dir='ltr'>ista,</span> <span class='ocrx_word' id='word_1_104' title='bbox 789 1466 1059 1539; x_wconf 85' lang='lat' dir='ltr'>quamvis</span> <span class='ocrx_word' id='word_1_105' title='bbox 1106 1474 1160 1522; x_wconf 91' lang='lat' dir='ltr'>et</span> <span class='ocrx_word' id='word_1_106' title='bbox 1206 1467 1396 1539; x_wconf 86' lang='lat' dir='ltr'>ipsam</span> <span class='ocrx_word' id='word_1_107' title='bbox 1432 1467 1586 1521; x_wconf 86' lang='lat' dir='ltr'>Deus</span> <span class='ocrx_word' id='word_1_108' title='bbox 1633 1464 1855 1531; x_wconf 89' lang='lat' dir='ltr'>fecerit,</span> 
     </span>
    </p>
   </div>
   <div class='ocr_carea' id='block_1_15' title="bbox 194 1553 1852 1626">
    <p class='ocr_par' dir='ltr' id='par_1_15' title="bbox 194 1553 1852 1626">
     <span class='ocr_line' id='line_1_15' title="bbox 194 1553 1852 1626; baseline -0.001 -17"><span class='ocrx_word' id='word_1_109' title='bbox 194 1554 369 1626; x_wconf 86' lang='lat' dir='ltr'>longe</span> <span class='ocrx_word' id='word_1_110' title='bbox 397 1553 881 1626; x_wconf 88' lang='lat' dir='ltr'>incomparabilis</span> <span class='ocrx_word' id='word_1_111' title='bbox 898 1559 986 1611; x_wconf 89' lang='lat' dir='ltr'>est</span> <span class='ocrx_word' id='word_1_112' title='bbox 1006 1556 1181 1611; x_wconf 89' lang='lat' dir='ltr'>etiam</span> <span class='ocrx_word' id='word_1_113' title='bbox 1216 1554 1295 1610; x_wconf 85' lang='lat' dir='ltr'>illi</span> <span class='ocrx_word' id='word_1_114' title='bbox 1320 1555 1456 1622; x_wconf 91' lang='lat' dir='ltr'>luci,</span> <span class='ocrx_word' id='word_1_115' title='bbox 1487 1570 1665 1626; x_wconf 91' lang='lat' dir='ltr'>quam</span> <span class='ocrx_word' id='word_1_116' title='bbox 1700 1554 1852 1620; x_wconf 85' lang='lat' dir='ltr'>fecit,</span> 
     </span>
    </p>
   </div>
   <div class='ocr_carea' id='block_1_16' title="bbox 194 1642 1855 1717">
    <p class='ocr_par' dir='ltr' id='par_1_16' title="bbox 194 1642 1855 1717">
     <span class='ocr_line' id='line_1_16' title="bbox 194 1642 1855 1717; baseline -0.001 -19"><span class='ocrx_word' id='word_1_117' title='bbox 194 1643 353 1699; x_wconf 89' lang='lat' dir='ltr'>Deus</span> <span class='ocrx_word' id='word_1_118' title='bbox 382 1644 441 1698; x_wconf 89' lang='lat' dir='ltr'>in</span> <span class='ocrx_word' id='word_1_119' title='bbox 465 1645 764 1700; x_wconf 84' lang='lat' dir='ltr'>mentibus</span> <span class='ocrx_word' id='word_1_120' title='bbox 787 1644 1204 1717; x_wconf 87' lang='lat' dir='ltr'>piorum,quas</span> <span class='ocrx_word' id='word_1_121' title='bbox 1237 1662 1270 1699; x_wconf 92' lang='lat' dir='ltr'>a</span> <span class='ocrx_word' id='word_1_122' title='bbox 1300 1643 1557 1699; x_wconf 87' lang='lat' dir='ltr'>tenebris</span> <span class='ocrx_word' id='word_1_123' title='bbox 1576 1642 1855 1709; x_wconf 86' lang='lat' dir='ltr'>luciﬁcat,</span> 
     </span>
    </p>
   </div>
   <div class='ocr_carea' id='block_1_17' title="bbox 192 1731 1855 1805">
    <p class='ocr_par' dir='ltr' id='par_1_17' title="bbox 192 1731 1855 1805">
     <span class='ocr_line' id='line_1_17' title="bbox 192 1731 1855 1805; baseline -0.002 -17"><span class='ocrx_word' id='word_1_124' title='bbox 192 1732 351 1788; x_wconf 84' lang='lat' dir='ltr'>sicut</span> <span class='ocrx_word' id='word_1_125' title='bbox 381 1733 453 1787; x_wconf 88' lang='lat' dir='ltr'>ab</span> <span class='ocrx_word' id='word_1_126' title='bbox 478 1732 778 1804; x_wconf 90' lang='lat' dir='ltr'>impietate</span> <span class='ocrx_word' id='word_1_127' title='bbox 800 1732 1082 1804; x_wconf 77' lang='lat' dir='ltr'>iustiﬁcat</span> <span class='ocrx_word' id='word_1_128' title='bbox 1104 1751 1117 1789; x_wconf 89' lang='lat'><strong>:</strong></span> <span class='ocrx_word' id='word_1_129' title='bbox 1143 1738 1363 1805; x_wconf 90' lang='lat' dir='ltr'>quanto</span> <span class='ocrx_word' id='word_1_130' title='bbox 1383 1733 1570 1804; x_wconf 91' lang='lat' dir='ltr'>magis</span> <span class='ocrx_word' id='word_1_131' title='bbox 1592 1731 1673 1786; x_wconf 92' lang='lat' dir='ltr'>illi</span> <span class='ocrx_word' id='word_1_132' title='bbox 1698 1731 1855 1785; x_wconf 89' lang='lat' dir='ltr'>inac-</span> 
     </span>
    </p>
   </div>
   <div class='ocr_carea' id='block_1_18' title="bbox 189 1820 1855 1893">
    <p class='ocr_par' dir='ltr' id='par_1_18' title="bbox 189 1820 1855 1893">
     <span class='ocr_line' id='line_1_18' title="bbox 189 1820 1855 1893; baseline -0.002 -16"><span class='ocrx_word' id='word_1_133' title='bbox 189 1821 473 1892; x_wconf 87' lang='lat' dir='ltr'>cessibili,</span> <span class='ocrx_word' id='word_1_134' title='bbox 508 1838 634 1893; x_wconf 77' lang='lat' dir='ltr'>quae</span> <span class='ocrx_word' id='word_1_135' title='bbox 670 1822 785 1877; x_wconf 88' lang='lat' dir='ltr'>ista</span> <span class='ocrx_word' id='word_1_136' title='bbox 814 1823 1013 1878; x_wconf 91' lang='lat' dir='ltr'>omnia</span> <span class='ocrx_word' id='word_1_137' title='bbox 1042 1823 1232 1879; x_wconf 83' lang='lat' dir='ltr'>facit?</span> <span class='ocrx_word' id='word_1_138' title='bbox 1260 1823 1374 1878; x_wconf 90' lang='lat' dir='ltr'>Nec</span> <span class='ocrx_word' id='word_1_139' title='bbox 1398 1820 1673 1877; x_wconf 90' lang='lat' dir='ltr'>omnibus</span> <span class='ocrx_word' id='word_1_140' title='bbox 1695 1820 1855 1875; x_wconf 64' lang='lat' dir='ltr'>inac«</span> 
     </span>
    </p>
   </div>
   <div class='ocr_carea' id='block_1_19' title="bbox 189 1910 1859 1983">
    <p class='ocr_par' dir='ltr' id='par_1_19' title="bbox 189 1910 1859 1983">
     <span class='ocr_line' id='line_1_19' title="bbox 189 1910 1859 1983; baseline -0.002 -16"><span class='ocrx_word' id='word_1_141' title='bbox 189 1910 483 1967; x_wconf 83' lang='lat' dir='ltr'>cessibilis</span> <span class='ocrx_word' id='word_1_142' title='bbox 504 1916 595 1967; x_wconf 91' lang='lat' dir='ltr'>est</span> <span class='ocrx_word' id='word_1_143' title='bbox 622 1930 636 1968; x_wconf 86' lang='lat'>:</span> <span class='ocrx_word' id='word_1_144' title='bbox 659 1913 820 1967; x_wconf 89' lang='lat' dir='ltr'>Beati</span> <span class='ocrx_word' id='word_1_145' title='bbox 846 1911 1001 1967; x_wconf 89' lang='lat' dir='ltr'>enim</span> <span class='ocrx_word' id='word_1_146' title='bbox 1028 1912 1434 1978; x_wconf 86' lang='lat' dir='ltr'>mundicordes,</span> <span class='ocrx_word' id='word_1_147' title='bbox 1459 1912 1730 1983; x_wconf 86' lang='lat' dir='ltr'>quoniam</span> <span class='ocrx_word' id='word_1_148' title='bbox 1750 1911 1859 1981; x_wconf 91' lang='lat' dir='ltr'>ipsi</span> 
     </span>
    </p>
   </div>
   <div class='ocr_carea' id='block_1_20' title="bbox 193 2001 1859 2073">
    <p class='ocr_par' dir='ltr' id='par_1_20' title="bbox 193 2001 1859 2073">
     <span class='ocr_line' id='line_1_20' title="bbox 193 2001 1859 2073; baseline -0.001 -17"><span class='ocrx_word' id='word_1_149' title='bbox 193 2001 370 2056; x_wconf 85' lang='lat' dir='ltr'>Deum</span> <span class='ocrx_word' id='word_1_150' title='bbox 394 2001 659 2057; x_wconf 76' lang='lat' dir='ltr'>videbunt</span> <span class='ocrx_word' id='word_1_151' title='bbox 689 2002 914 2073; x_wconf 78' lang='lat' dir='ltr'>(Matth.</span> <span class='ocrx_word' id='word_1_152' title='bbox 949 2020 1005 2071; x_wconf 91' lang='lat' dir='ltr'>v,</span> <span class='ocrx_word' id='word_1_153' title='bbox 1038 2003 1114 2073; x_wconf 91' lang='lat'>8).</span> <span class='ocrx_word' id='word_1_154' title='bbox 1165 2003 1303 2057; x_wconf 89' lang='lat' dir='ltr'>Deus</span> <span class='ocrx_word' id='word_1_155' title='bbox 1334 2006 1527 2056; x_wconf 89' lang='lat' dir='ltr'>autem</span> <span class='ocrx_word' id='word_1_156' title='bbox 1555 2002 1656 2055; x_wconf 85' lang='lat' dir='ltr'>lux</span> <span class='ocrx_word' id='word_1_157' title='bbox 1684 2007 1779 2069; x_wconf 86' lang='lat' dir='ltr'>est,</span> <span class='ocrx_word' id='word_1_158' title='bbox 1808 2001 1859 2054; x_wconf 86' lang='lat' dir='ltr'>et</span> 
     </span>
    </p>
   </div>
   <div class='ocr_carea' id='block_1_21' title="bbox 192 2090 1859 2163">
    <p class='ocr_par' dir='ltr' id='par_1_21' title="bbox 192 2090 1859 2163">
     <span class='ocr_line' id='line_1_21' title="bbox 192 2090 1859 2163; baseline -0.001 -18"><span class='ocrx_word' id='word_1_159' title='bbox 192 2092 437 2145; x_wconf 68' lang='lat' dir='ltr'>tenebrz</span> <span class='ocrx_word' id='word_1_160' title='bbox 470 2092 531 2145; x_wconf 88' lang='lat' dir='ltr'>in</span> <span class='ocrx_word' id='word_1_161' title='bbox 553 2107 613 2146; x_wconf 88' lang='lat' dir='ltr'>eo</span> <span class='ocrx_word' id='word_1_162' title='bbox 630 2106 735 2147; x_wconf 86' lang='lat' dir='ltr'>non</span> <span class='ocrx_word' id='word_1_163' title='bbox 753 2099 879 2147; x_wconf 86' lang='lat' dir='ltr'>sunt</span> <span class='ocrx_word' id='word_1_164' title='bbox 908 2091 1077 2148; x_wconf 67' lang='lat' dir='ltr'>ultae:</span> <span class='ocrx_word' id='word_1_165' title='bbox 1096 2090 1261 2163; x_wconf 89' lang='lat' dir='ltr'>impii</span> <span class='ocrx_word' id='word_1_166' title='bbox 1286 2107 1418 2146; x_wconf 87' lang='lat' dir='ltr'>vero</span> <span class='ocrx_word' id='word_1_167' title='bbox 1439 2106 1555 2145; x_wconf 91' lang='lat' dir='ltr'>non</span> <span class='ocrx_word' id='word_1_168' title='bbox 1579 2090 1859 2145; x_wconf 87' lang='lat' dir='ltr'>videbunt</span> 
     </span>
    </p>
   </div>
   <div class='ocr_carea' id='block_1_22' title="bbox 191 2178 1856 2251">
    <p class='ocr_par' dir='ltr' id='par_1_22' title="bbox 191 2178 1856 2251">
     <span class='ocr_line' id='line_1_22' title="bbox 191 2178 1856 2251; baseline -0.001 -17"><span class='ocrx_word' id='word_1_169' title='bbox 191 2178 421 2247; x_wconf 90' lang='lat' dir='ltr'>lumen,</span> <span class='ocrx_word' id='word_1_170' title='bbox 456 2180 611 2235; x_wconf 89' lang='lat' dir='ltr'>sicut</span> <span class='ocrx_word' id='word_1_171' title='bbox 642 2180 783 2236; x_wconf 89' lang='lat' dir='ltr'>dicit</span> <span class='ocrx_word' id='word_1_172' title='bbox 824 2180 1003 2236; x_wconf 86' lang='lat' dir='ltr'>Isaias</span> <span class='ocrx_word' id='word_1_173' title='bbox 1030 2181 1186 2251; x_wconf 87' lang='lat' dir='ltr'>(Isai.</span> <span class='ocrx_word' id='word_1_174' title='bbox 1222 2198 1332 2247; x_wconf 83' lang='lat' dir='ltr'>LIX,</span> <span class='ocrx_word' id='word_1_175' title='bbox 1376 2181 1432 2247; x_wconf 87' lang='lat'>9,</span> <span class='ocrx_word' id='word_1_176' title='bbox 1476 2181 1583 2251; x_wconf 89' lang='grc'>10).</span> <span class='ocrx_word' id='word_1_177' title='bbox 1615 2178 1856 2233; x_wconf 90' lang='lat' dir='ltr'>Talibus</span> 
     </span>
    </p>
   </div>
   <div class='ocr_carea' id='block_1_23' title="bbox 193 2268 1859 2341">
    <p class='ocr_par' dir='ltr' id='par_1_23' title="bbox 193 2268 1859 2341">
     <span class='ocr_line' id='line_1_23' title="bbox 193 2268 1859 2341; baseline -0.001 -16"><span class='ocrx_word' id='word_1_178' title='bbox 193 2285 341 2341; x_wconf 82' lang='lat' dir='ltr'>ergo</span> <span class='ocrx_word' id='word_1_179' title='bbox 372 2274 461 2324; x_wconf 87' lang='lat' dir='ltr'>est</span> <span class='ocrx_word' id='word_1_180' title='bbox 487 2269 912 2325; x_wconf 89' lang='lat' dir='ltr'>inaccessibilis</span> <span class='ocrx_word' id='word_1_181' title='bbox 931 2269 1033 2325; x_wconf 89' lang='lat' dir='ltr'>illa</span> <span class='ocrx_word' id='word_1_182' title='bbox 1063 2268 1291 2325; x_wconf 84' lang='lat' dir='ltr'>luciﬁca</span> <span class='ocrx_word' id='word_1_183' title='bbox 1319 2270 1444 2335; x_wconf 86' lang='lat' dir='ltr'>lux,</span> <span class='ocrx_word' id='word_1_184' title='bbox 1463 2285 1593 2340; x_wconf 63' lang='lat' dir='ltr'>quas</span> <span class='ocrx_word' id='word_1_185' title='bbox 1620 2284 1735 2323; x_wconf 91' lang='lat' dir='ltr'>non</span> <span class='ocrx_word' id='word_1_186' title='bbox 1763 2285 1859 2323; x_wconf 90' lang='lat' dir='ltr'>so-</span> 
     </span>
    </p>
   </div>
   <div class='ocr_carea' id='block_1_24' title="bbox 194 2356 1856 2429">
    <p class='ocr_par' dir='ltr' id='par_1_24' title="bbox 194 2356 1856 2429">
     <span class='ocr_line' id='line_1_24' title="bbox 194 2356 1856 2429; baseline -0.001 -17"><span class='ocrx_word' id='word_1_187' title='bbox 194 2356 330 2413; x_wconf 89' lang='lat' dir='ltr'>lum</span> <span class='ocrx_word' id='word_1_188' title='bbox 370 2357 528 2413; x_wconf 90' lang='lat' dir='ltr'>illam</span> <span class='ocrx_word' id='word_1_189' title='bbox 562 2357 931 2429; x_wconf 88' lang='lat' dir='ltr'>spiritualem</span> <span class='ocrx_word' id='word_1_190' title='bbox 962 2358 1151 2415; x_wconf 90' lang='lat' dir='ltr'>lucem</span> <span class='ocrx_word' id='word_1_191' title='bbox 1183 2358 1244 2414; x_wconf 91' lang='lat' dir='ltr'>in</span> <span class='ocrx_word' id='word_1_192' title='bbox 1274 2363 1613 2413; x_wconf 90' lang='lat' dir='ltr'>sanctorum</span> <span class='ocrx_word' id='word_1_193' title='bbox 1644 2357 1856 2413; x_wconf 88' lang='lat' dir='ltr'>menti-</span> 
     </span>
    </p>
   </div>
   <div class='ocr_carea' id='block_1_25' title="bbox 195 2446 1856 2520">
    <p class='ocr_par' dir='ltr' id='par_1_25' title="bbox 195 2446 1856 2520">
     <span class='ocr_line' id='line_1_25' title="bbox 195 2446 1856 2520; baseline -0.001 -17"><span class='ocrx_word' id='word_1_194' title='bbox 195 2447 343 2513; x_wconf 89' lang='lat' dir='ltr'>bus,</span> <span class='ocrx_word' id='word_1_195' title='bbox 365 2447 462 2503; x_wconf 88' lang='lat' dir='ltr'>sed</span> <span class='ocrx_word' id='word_1_196' title='bbox 490 2447 667 2502; x_wconf 89' lang='lat' dir='ltr'>etiam</span> <span class='ocrx_word' id='word_1_197' title='bbox 686 2446 861 2503; x_wconf 89' lang='lat' dir='ltr'>istam</span> <span class='ocrx_word' id='word_1_198' title='bbox 885 2447 1241 2520; x_wconf 89' lang='lat' dir='ltr'>corporalem</span> <span class='ocrx_word' id='word_1_199' title='bbox 1268 2448 1427 2502; x_wconf 83' lang='lat' dir='ltr'>fecit:</span> <span class='ocrx_word' id='word_1_200' title='bbox 1447 2464 1561 2503; x_wconf 90' lang='lat' dir='ltr'>non</span> <span class='ocrx_word' id='word_1_201' title='bbox 1583 2447 1655 2502; x_wconf 90' lang='lat' dir='ltr'>ad</span> <span class='ocrx_word' id='word_1_202' title='bbox 1677 2462 1856 2518; x_wconf 89' lang='lat' dir='ltr'>quam</span> 
     </span>
    </p>
   </div>
   <div class='ocr_carea' id='block_1_26' title="bbox 193 2535 1856 2609">
    <p class='ocr_par' dir='ltr' id='par_1_26' title="bbox 193 2535 1856 2609">
     <span class='ocr_line' id='line_1_26' title="bbox 193 2535 1856 2609; baseline 0.001 -18"><span class='ocrx_word' id='word_1_203' title='bbox 193 2536 513 2609; x_wconf 84' lang='lat' dir='ltr'>prohibeat</span> <span class='ocrx_word' id='word_1_204' title='bbox 543 2537 816 2593; x_wconf 88' lang='lat' dir='ltr'>accedere</span> <span class='ocrx_word' id='word_1_205' title='bbox 850 2537 1053 2603; x_wconf 88' lang='lat' dir='ltr'>malos,</span> <span class='ocrx_word' id='word_1_206' title='bbox 1082 2538 1182 2592; x_wconf 90' lang='lat' dir='ltr'>sed</span> <span class='ocrx_word' id='word_1_207' title='bbox 1214 2553 1391 2609; x_wconf 90' lang='lat' dir='ltr'>quam</span> <span class='ocrx_word' id='word_1_208' title='bbox 1424 2538 1561 2593; x_wconf 87' lang='lat' dir='ltr'>facit</span> <span class='ocrx_word' id='word_1_209' title='bbox 1589 2535 1725 2592; x_wconf 90' lang='lat' dir='ltr'>oriri</span> <span class='ocrx_word' id='word_1_210' title='bbox 1759 2552 1856 2592; x_wconf 90' lang='lat' dir='ltr'>su-</span> 
     </span>
    </p>
   </div>
   <div class='ocr_carea' id='block_1_27' title="bbox 193 2626 1295 2698">
    <p class='ocr_par' dir='ltr' id='par_1_27' title="bbox 193 2626 1295 2698">
     <span class='ocr_line' id='line_1_27' title="bbox 193 2626 1295 2698; baseline 0.002 -17"><span class='ocrx_word' id='word_1_211' title='bbox 193 2642 307 2698; x_wconf 84' lang='lat' dir='ltr'>per</span> <span class='ocrx_word' id='word_1_212' title='bbox 340 2626 522 2681; x_wconf 90' lang='lat' dir='ltr'>bonos</span> <span class='ocrx_word' id='word_1_213' title='bbox 553 2630 611 2681; x_wconf 91' lang='lat' dir='ltr'>et</span> <span class='ocrx_word' id='word_1_214' title='bbox 643 2626 828 2682; x_wconf 91' lang='lat' dir='ltr'>malos</span> <span class='ocrx_word' id='word_1_215' title='bbox 860 2626 1066 2698; x_wconf 77' lang='lat' dir='ltr'>(Matth.</span> <span class='ocrx_word' id='word_1_216' title='bbox 1097 2642 1153 2692; x_wconf 90' lang='lat' dir='ltr'>v,</span> <span class='ocrx_word' id='word_1_217' title='bbox 1186 2627 1295 2697; x_wconf 84' lang='grc'>45).</span> 
     </span>
    </p>
   </div>
   <div class='ocr_carea' id='block_1_28' title="bbox 263 2714 1861 2787">
    <p class='ocr_par' dir='ltr' id='par_1_28' title="bbox 263 2714 1861 2787">
     <span class='ocr_line' id='line_1_28' title="bbox 263 2714 1861 2787; baseline 0.001 -18"><span class='ocrx_word' id='word_1_218' title='bbox 263 2714 507 2770; x_wconf 83' lang='lat' dir='ltr'>CAPUT</span> <span class='ocrx_word' id='word_1_219' title='bbox 534 2715 827 2770; x_wconf 84' lang='lat' dir='ltr'>X.-—Cum</span> <span class='ocrx_word' id='word_1_220' title='bbox 850 2731 985 2787; x_wconf 89' lang='lat' dir='ltr'>ergo</span> <span class='ocrx_word' id='word_1_221' title='bbox 1007 2720 1203 2771; x_wconf 89' lang='lat' dir='ltr'>essent</span> <span class='ocrx_word' id='word_1_222' title='bbox 1225 2716 1476 2771; x_wconf 67' lang='lat' dir='ltr'>tenebras</span> <span class='ocrx_word' id='word_1_223' title='bbox 1497 2731 1675 2785; x_wconf 89' lang='lat' dir='ltr'>super</span> <span class='ocrx_word' id='word_1_224' title='bbox 1695 2714 1861 2787; x_wconf 81' lang='lat' dir='ltr'>abys-</span> 
     </span>
    </p>
   </div>
   <div class='ocr_carea' id='block_1_29' title="bbox 188 2803 1859 2877">
    <p class='ocr_par' dir='ltr' id='par_1_29' title="bbox 188 2803 1859 2877">
     <span class='ocr_line' id='line_1_29' title="bbox 188 2803 1859 2877; baseline -0.001 -18"><span class='ocrx_word' id='word_1_225' title='bbox 188 2821 369 2870; x_wconf 87' lang='lat' dir='ltr'>sum,</span> <span class='ocrx_word' id='word_1_226' title='bbox 395 2804 489 2860; x_wconf 88' lang='lat' dir='ltr'>ille</span> <span class='ocrx_word' id='word_1_227' title='bbox 521 2803 621 2877; x_wconf 92' lang='lat' dir='ltr'>qui</span> <span class='ocrx_word' id='word_1_228' title='bbox 655 2808 779 2860; x_wconf 90' lang='lat' dir='ltr'>erat</span> <span class='ocrx_word' id='word_1_229' title='bbox 810 2804 929 2876; x_wconf 87' lang='lat' dir='ltr'>lux,</span> <span class='ocrx_word' id='word_1_230' title='bbox 964 2803 1126 2873; x_wconf 90' lang='lat' dir='ltr'>dixit,</span> <span class='ocrx_word' id='word_1_231' title='bbox 1158 2806 1282 2860; x_wconf 80' lang='lat' dir='ltr'>Fiat</span> <span class='ocrx_word' id='word_1_232' title='bbox 1313 2806 1430 2860; x_wconf 85' lang='lat' dir='ltr'>tux.</span> <span class='ocrx_word' id='word_1_233' title='bbox 1474 2804 1607 2868; x_wconf 64' lang='lat' dir='ltr'>Qua;</span> <span class='ocrx_word' id='word_1_234' title='bbox 1639 2803 1739 2858; x_wconf 82' lang='lat' dir='ltr'>lux</span> <span class='ocrx_word' id='word_1_235' title='bbox 1771 2803 1859 2858; x_wconf 89' lang='lat' dir='ltr'>lu-</span> 
     </span>
    </p>
   </div>
   <div class='ocr_carea' id='block_1_30' title="bbox 186 2892 1861 2965">
    <p class='ocr_par' dir='ltr' id='par_1_30' title="bbox 186 2892 1861 2965">
     <span class='ocr_line' id='line_1_30' title="bbox 186 2892 1861 2965; baseline 0 -18"><span class='ocrx_word' id='word_1_236' title='bbox 186 2908 333 2948; x_wconf 85' lang='lat' dir='ltr'>cem</span> <span class='ocrx_word' id='word_1_237' title='bbox 372 2894 583 2961; x_wconf 83' lang='lat' dir='ltr'>fecerit,</span> <span class='ocrx_word' id='word_1_238' title='bbox 610 2894 991 2949; x_wconf 86' lang='lat' dir='ltr'>manifestum</span> <span class='ocrx_word' id='word_1_239' title='bbox 1017 2898 1141 2962; x_wconf 89' lang='lat' dir='ltr'>est;</span> <span class='ocrx_word' id='word_1_240' title='bbox 1173 2892 1480 2949; x_wconf 85' lang='lat' dir='ltr'>manifeste</span> <span class='ocrx_word' id='word_1_241' title='bbox 1512 2893 1668 2948; x_wconf 91' lang='lat' dir='ltr'>enim</span> <span class='ocrx_word' id='word_1_242' title='bbox 1700 2892 1861 2965; x_wconf 90' lang='lat' dir='ltr'>posi-</span> 
     </span>
    </p>
   </div>
   <div class='ocr_carea' id='block_1_31' title="bbox 184 2982 1862 3054">
    <p class='ocr_par' dir='ltr' id='par_1_31' title="bbox 184 2982 1862 3054">
     <span class='ocr_line' id='line_1_31' title="bbox 184 2982 1862 3054; baseline 0 -17"><span class='ocrx_word' id='word_1_243' title='bbox 184 2987 332 3037; x_wconf 87' lang='lat' dir='ltr'>tum</span> <span class='ocrx_word' id='word_1_244' title='bbox 361 2985 462 3047; x_wconf 88' lang='lat' dir='ltr'>est,</span> <span class='ocrx_word' id='word_1_245' title='bbox 494 2983 646 3037; x_wconf 90' lang='lat' dir='ltr'>Dixit</span> <span class='ocrx_word' id='word_1_246' title='bbox 673 2984 858 3038; x_wconf 82' lang='lat' dir='ltr'>Deus:</span> <span class='ocrx_word' id='word_1_247' title='bbox 881 2999 1056 3054; x_wconf 90' lang='lat' dir='ltr'>quam</span> <span class='ocrx_word' id='word_1_248' title='bbox 1075 2987 1269 3039; x_wconf 88' lang='lat' dir='ltr'>tamen</span> <span class='ocrx_word' id='word_1_249' title='bbox 1290 2983 1484 3038; x_wconf 86' lang='lat' dir='ltr'>lucem</span> <span class='ocrx_word' id='word_1_250' title='bbox 1509 2982 1725 3051; x_wconf 80' lang='lat' dir='ltr'>fecerit,</span> <span class='ocrx_word' id='word_1_251' title='bbox 1747 3000 1862 3039; x_wconf 91' lang='lat' dir='ltr'>non</span> 
     </span>
    </p>
   </div>
   <div class='ocr_carea' id='block_1_32' title="bbox 184 3071 1896 3144">
    <p class='ocr_par' dir='ltr' id='par_1_32' title="bbox 184 3071 1896 3144">
     <span class='ocr_line' id='line_1_32' title="bbox 184 3071 1896 3144; baseline 0.001 -18"><span class='ocrx_word' id='word_1_252' title='bbox 184 3071 274 3126; x_wconf 78' lang='lat' dir='ltr'>ita</span> <span class='ocrx_word' id='word_1_253' title='bbox 303 3071 691 3127; x_wconf 86' lang='lat' dir='ltr'>manifestum</span> <span class='ocrx_word' id='word_1_254' title='bbox 712 3076 818 3127; x_wconf 91' lang='lat' dir='ltr'>est.</span> <span class='ocrx_word' id='word_1_255' title='bbox 838 3071 1042 3129; x_wconf 89' lang='lat' dir='ltr'>Utrum</span> <span class='ocrx_word' id='word_1_256' title='bbox 1064 3072 1221 3128; x_wconf 90' lang='lat' dir='ltr'>enim</span> <span class='ocrx_word' id='word_1_257' title='bbox 1243 3072 1404 3127; x_wconf 90' lang='lat' dir='ltr'>illam</span> <span class='ocrx_word' id='word_1_258' title='bbox 1430 3089 1556 3144; x_wconf 70' lang='lat' dir='ltr'>quas</span> <span class='ocrx_word' id='word_1_259' title='bbox 1577 3072 1636 3127; x_wconf 94' lang='lat' dir='ltr'>in</span> <span class='ocrx_word' id='word_1_260' title='bbox 1662 3072 1896 3127; x_wconf 90' lang='lat' dir='ltr'>menti-.</span> 
     </span>
    </p>
   </div>
   <div class='ocr_carea' id='block_1_33' title="bbox 189 3158 1863 3233">
    <p class='ocr_par' dir='ltr' id='par_1_33' title="bbox 189 3158 1863 3233">
     <span class='ocr_line' id='line_1_33' title="bbox 189 3158 1863 3233; baseline 0.001 -18"><span class='ocrx_word' id='word_1_261' title='bbox 189 3161 321 3215; x_wconf 87' lang='lat' dir='ltr'>bus</span> <span class='ocrx_word' id='word_1_262' title='bbox 348 3158 700 3232; x_wconf 78' lang='lat' dir='ltr'>Angelorum</span> <span class='ocrx_word' id='word_1_263' title='bbox 725 3165 832 3231; x_wconf 89' lang='lat' dir='ltr'>est,</span> <span class='ocrx_word' id='word_1_264' title='bbox 858 3160 918 3216; x_wconf 87' lang='lat' dir='ltr'>id</span> <span class='ocrx_word' id='word_1_265' title='bbox 940 3166 1052 3231; x_wconf 86' lang='lat' dir='ltr'>est,</span> <span class='ocrx_word' id='word_1_266' title='bbox 1075 3161 1236 3233; x_wconf 89' lang='lat' dir='ltr'>ipsos</span> <span class='ocrx_word' id='word_1_267' title='bbox 1257 3166 1397 3217; x_wconf 85' lang='lat' dir='ltr'>tunc</span> <span class='ocrx_word' id='word_1_268' title='bbox 1416 3161 1658 3233; x_wconf 87' lang='lat' dir='ltr'>spiritus</span> <span class='ocrx_word' id='word_1_269' title='bbox 1684 3160 1863 3217; x_wconf 91' lang='lat' dir='ltr'>ratio-</span> 
     </span>
    </p>
   </div>
   <div class='ocr_carea' id='block_1_34' title="bbox 189 3248 1861 3322">
    <p class='ocr_par' dir='ltr' id='par_1_34' title="bbox 189 3248 1861 3322">
     <span class='ocr_line' id='line_1_34' title="bbox 189 3248 1861 3322; baseline 0 -17"><span class='ocrx_word' id='word_1_270' title='bbox 189 3248 375 3305; x_wconf 88' lang='lat' dir='ltr'>nales</span> <span class='ocrx_word' id='word_1_271' title='bbox 396 3249 549 3305; x_wconf 89' lang='lat' dir='ltr'>Deus</span> <span class='ocrx_word' id='word_1_272' title='bbox 571 3250 792 3317; x_wconf 90' lang='lat' dir='ltr'>fecerit,</span> <span class='ocrx_word' id='word_1_273' title='bbox 818 3268 890 3305; x_wconf 88' lang='lat' dir='ltr'>an</span> <span class='ocrx_word' id='word_1_274' title='bbox 916 3250 1275 3322; x_wconf 83' lang='lat' dir='ltr'>corporalem</span> <span class='ocrx_word' id='word_1_275' title='bbox 1304 3251 1621 3322; x_wconf 90' lang='lat' dir='ltr'>quamdam</span> <span class='ocrx_word' id='word_1_276' title='bbox 1649 3250 1861 3319; x_wconf 90' lang='lat' dir='ltr'>lucem,</span> 
     </span>
    </p>
   </div>
   <div class='ocr_carea' id='block_1_35' title="bbox 190 3339 1865 3412">
    <p class='ocr_par' dir='ltr' id='par_1_35' title="bbox 190 3339 1865 3412">
     <span class='ocr_line' id='line_1_35' title="bbox 190 3339 1865 3412; baseline 0 -17"><span class='ocrx_word' id='word_1_277' title='bbox 190 3342 497 3395; x_wconf 86' lang='lat' dir='ltr'>remotam</span> <span class='ocrx_word' id='word_1_278' title='bbox 526 3339 700 3394; x_wconf 87' lang='lat' dir='ltr'>etiam</span> <span class='ocrx_word' id='word_1_279' title='bbox 728 3339 799 3394; x_wconf 90' lang='lat' dir='ltr'>ab</span> <span class='ocrx_word' id='word_1_280' title='bbox 827 3340 1159 3412; x_wconf 89' lang='lat' dir='ltr'>aspectibus</span> <span class='ocrx_word' id='word_1_281' title='bbox 1186 3342 1400 3395; x_wconf 90' lang='lat' dir='ltr'>nostris</span> <span class='ocrx_word' id='word_1_282' title='bbox 1427 3341 1484 3395; x_wconf 93' lang='lat' dir='ltr'>iu</span> <span class='ocrx_word' id='word_1_283' title='bbox 1508 3339 1865 3396; x_wconf 88' lang='lat' dir='ltr'>sublimibus</span> 
     </span>
    </p>
   </div>
   <div class='ocr_carea' id='block_1_36' title="bbox 189 3428 1863 3499">
    <p class='ocr_par' dir='ltr' id='par_1_36' title="bbox 189 3428 1863 3499">
     <span class='ocr_line' id='line_1_36' title="bbox 189 3428 1863 3499; baseline -0.001 -15"><span class='ocrx_word' id='word_1_284' title='bbox 189 3428 305 3499; x_wconf 88' lang='lat' dir='ltr'>buj</span> <span class='ocrx_word' id='word_1_285' title='bbox 322 3444 391 3482; x_wconf 87' lang='lat' dir='ltr'>us</span> <span class='ocrx_word' id='word_1_286' title='bbox 423 3428 628 3483; x_wconf 90' lang='lat' dir='ltr'>mundi</span> <span class='ocrx_word' id='word_1_287' title='bbox 654 3428 815 3495; x_wconf 91' lang='lat' dir='ltr'>locis,</span> <span class='ocrx_word' id='word_1_288' title='bbox 848 3428 1001 3484; x_wconf 89' lang='lat' dir='ltr'>inter</span> <span class='ocrx_word' id='word_1_289' title='bbox 1031 3430 1326 3485; x_wconf 89' lang='lat' dir='ltr'>studiosos</span> <span class='ocrx_word' id='word_1_290' title='bbox 1356 3429 1684 3484; x_wconf 90' lang='lat' dir='ltr'>divinarum</span> <span class='ocrx_word' id='word_1_291' title='bbox 1711 3429 1863 3485; x_wconf 90' lang='lat' dir='ltr'>Scri-</span> 
     </span>
    </p>
   </div>
   <div class='ocr_carea' id='block_1_37' title="bbox 192 3517 1867 3591">
    <p class='ocr_par' dir='ltr' id='par_1_37' title="bbox 192 3517 1867 3591">
     <span class='ocr_line' id='line_1_37' title="bbox 192 3517 1867 3591; baseline 0.001 -20"><span class='ocrx_word' id='word_1_292' title='bbox 192 3523 519 3591; x_wconf 84' lang='lat' dir='ltr'>pturarum</span> <span class='ocrx_word' id='word_1_293' title='bbox 551 3517 917 3573; x_wconf 89' lang='lat' dir='ltr'>concorditer</span> <span class='ocrx_word' id='word_1_294' title='bbox 946 3518 1301 3590; x_wconf 85' lang='lat' dir='ltr'>disputatur.</span> <span class='ocrx_word' id='word_1_295' title='bbox 1336 3522 1552 3584; x_wconf 88' lang='lat' dir='ltr'>Quarto</span> <span class='ocrx_word' id='word_1_296' title='bbox 1580 3519 1735 3574; x_wconf 91' lang='lat' dir='ltr'>enim</span> <span class='ocrx_word' id='word_1_297' title='bbox 1774 3518 1867 3573; x_wconf 92' lang='lat' dir='ltr'>die</span> 
     </span>
    </p>
   </div>
   <div class='ocr_carea' id='block_1_38' title="bbox 193 3605 1864 3677">
    <p class='ocr_par' dir='ltr' id='par_1_38' title="bbox 193 3605 1864 3677">
     <span class='ocr_line' id='line_1_38' title="bbox 193 3605 1864 3677; baseline 0 -15"><span class='ocrx_word' id='word_1_298' title='bbox 193 3606 354 3663; x_wconf 82' lang='lat' dir='ltr'>fecit</span> <span class='ocrx_word' id='word_1_299' title='bbox 406 3605 517 3661; x_wconf 91' lang='lat' dir='ltr'>ista</span> <span class='ocrx_word' id='word_1_300' title='bbox 559 3606 876 3677; x_wconf 76' lang='lat' dir='ltr'>conspicua</span> <span class='ocrx_word' id='word_1_301' title='bbox 914 3606 1041 3662; x_wconf 66' lang='grc' dir='ltr'>θωὶὶ</span> <span class='ocrx_word' id='word_1_302' title='bbox 1089 3607 1421 3663; x_wconf 89' lang='lat' dir='ltr'>luminaria.</span> <span class='ocrx_word' id='word_1_303' title='bbox 1476 3609 1609 3673; x_wconf 71' lang='lat' dir='ltr'>Qum</span> <span class='ocrx_word' id='word_1_304' title='bbox 1661 3624 1864 3662; x_wconf 88' lang='lat' dir='ltr'>rursus</span> 
     </span>
    </p>
   </div>
   <div class='ocr_carea' id='block_1_39' title="bbox 195 3695 1865 3767">
    <p class='ocr_par' dir='ltr' id='par_1_39' title="bbox 195 3695 1865 3767">
     <span class='ocr_line' id='line_1_39' title="bbox 195 3695 1865 3767; baseline 0 -17"><span class='ocrx_word' id='word_1_305' title='bbox 195 3701 416 3751; x_wconf 85' lang='lat' dir='ltr'>utrum</span> <span class='ocrx_word' id='word_1_306' title='bbox 437 3695 609 3751; x_wconf 88' lang='lat' dir='ltr'>simul</span> <span class='ocrx_word' id='word_1_307' title='bbox 634 3712 767 3751; x_wconf 89' lang='lat' dir='ltr'>cum</span> <span class='ocrx_word' id='word_1_308' title='bbox 800 3713 907 3751; x_wconf 91' lang='lat' dir='ltr'>sua</span> <span class='ocrx_word' id='word_1_309' title='bbox 929 3695 1059 3752; x_wconf 89' lang='lat' dir='ltr'>luce</span> <span class='ocrx_word' id='word_1_310' title='bbox 1089 3697 1241 3751; x_wconf 87' lang='lat' dir='ltr'>facta</span> <span class='ocrx_word' id='word_1_311' title='bbox 1263 3697 1400 3764; x_wconf 86' lang='lat' dir='ltr'>sint,</span> <span class='ocrx_word' id='word_1_312' title='bbox 1420 3714 1492 3752; x_wconf 87' lang='lat' dir='ltr'>an</span> <span class='ocrx_word' id='word_1_313' title='bbox 1516 3713 1581 3752; x_wconf 86' lang='lat' dir='ltr'>ex</span> <span class='ocrx_word' id='word_1_314' title='bbox 1615 3696 1717 3752; x_wconf 91' lang='lat' dir='ltr'>illa</span> <span class='ocrx_word' id='word_1_315' title='bbox 1738 3713 1865 3767; x_wconf 82' lang='lat' dir='ltr'>quae</span> 
     </span>
    </p>
   </div>
   <div class='ocr_carea' id='block_1_40' title="bbox 188 3785 1864 3857">
    <p class='ocr_par' dir='ltr' id='par_1_40' title="bbox 188 3785 1864 3857">
     <span class='ocr_line' id='line_1_40' title="bbox 188 3785 1864 3857; baseline -0.001 -16"><span class='ocrx_word' id='word_1_316' title='bbox 188 3786 334 3857; x_wconf 84' lang='lat' dir='ltr'>jam</span> <span class='ocrx_word' id='word_1_317' title='bbox 370 3785 515 3839; x_wconf 84' lang='lat' dir='ltr'>facta</span> <span class='ocrx_word' id='word_1_318' title='bbox 544 3788 686 3852; x_wconf 88' lang='lat' dir='ltr'>erat,</span> <span class='ocrx_word' id='word_1_319' title='bbox 721 3786 975 3857; x_wconf 89' lang='lat' dir='ltr'>quodam</span> <span class='ocrx_word' id='word_1_320' title='bbox 1007 3787 1180 3842; x_wconf 91' lang='lat' dir='ltr'>modo</span> <span class='ocrx_word' id='word_1_321' title='bbox 1211 3803 1456 3842; x_wconf 88' lang='lat' dir='ltr'>accensa</span> <span class='ocrx_word' id='word_1_322' title='bbox 1488 3787 1621 3855; x_wconf 91' lang='lat' dir='ltr'>siat,</span> <span class='ocrx_word' id='word_1_323' title='bbox 1657 3785 1864 3841; x_wconf 88' lang='lat' dir='ltr'>simili-</span> 
     </span>
    </p>
   </div>
   <div class='ocr_carea' id='block_1_41' title="bbox 194 3874 1863 3947">
    <p class='ocr_par' dir='ltr' id='par_1_41' title="bbox 194 3874 1863 3947">
     <span class='ocr_line' id='line_1_41' title="bbox 194 3874 1863 3947; baseline 0.001 -17"><span class='ocrx_word' id='word_1_324' title='bbox 194 3880 297 3930; x_wconf 87' lang='lat' dir='ltr'>ter</span> <span class='ocrx_word' id='word_1_325' title='bbox 335 3874 635 3945; x_wconf 74' lang='lat' dir='ltr'>quaeritur.</span> <span class='ocrx_word' id='word_1_326' title='bbox 669 3875 950 3940; x_wconf 64' lang='lat' dir='ltr'>Quaelibet</span> <span class='ocrx_word' id='word_1_327' title='bbox 980 3893 1120 3932; x_wconf 89' lang='lat' dir='ltr'>sane</span> <span class='ocrx_word' id='word_1_328' title='bbox 1151 3875 1249 3931; x_wconf 93' lang='lat' dir='ltr'>lux</span> <span class='ocrx_word' id='word_1_329' title='bbox 1292 3876 1447 3932; x_wconf 85' lang='lat' dir='ltr'>facta</span> <span class='ocrx_word' id='word_1_330' title='bbox 1475 3877 1571 3944; x_wconf 90' lang='lat' dir='ltr'>sit,</span> <span class='ocrx_word' id='word_1_331' title='bbox 1606 3876 1863 3947; x_wconf 91' lang='lat' dir='ltr'>quando,</span> 
     </span>
    </p>
   </div>
   <div class='ocr_carea' id='block_1_42' title="bbox 195 3963 1862 4036">
    <p class='ocr_par' dir='ltr' id='par_1_42' title="bbox 195 3963 1862 4036">
     <span class='ocr_line' id='line_1_42' title="bbox 195 3963 1862 4036; baseline -0.001 -18"><span class='ocrx_word' id='word_1_332' title='bbox 195 3978 352 4019; x_wconf 85' lang='lat' dir='ltr'>cum</span> <span class='ocrx_word' id='word_1_333' title='bbox 398 3967 593 4018; x_wconf 89' lang='lat' dir='ltr'>essent</span> <span class='ocrx_word' id='word_1_334' title='bbox 640 3963 891 4019; x_wconf 74' lang='lat' dir='ltr'>tenebrae</span> <span class='ocrx_word' id='word_1_335' title='bbox 942 3979 1120 4035; x_wconf 89' lang='lat' dir='ltr'>super</span> <span class='ocrx_word' id='word_1_336' title='bbox 1169 3964 1470 4036; x_wconf 84' lang='lat' dir='ltr'>abyssum,</span> <span class='ocrx_word' id='word_1_337' title='bbox 1516 3964 1658 4019; x_wconf 88' lang='lat' dir='ltr'>dixit</span> <span class='ocrx_word' id='word_1_338' title='bbox 1703 3964 1862 4032; x_wconf 86' lang='lat' dir='ltr'>Deus,</span> 
     </span>
    </p>
   </div>
   <div class='ocr_carea' id='block_1_43' title="bbox 192 4051 1866 4114">
    <p class='ocr_par' dir='ltr' id='par_1_43' title="bbox 192 4051 1866 4114">
     <span class='ocr_line' id='line_1_43' title="bbox 192 4051 1866 4114; baseline 0.001 -5"><span class='ocrx_word' id='word_1_339' title='bbox 192 4055 333 4109; x_wconf 75' lang='lat' dir='ltr'>Fiat</span> <span class='ocrx_word' id='word_1_340' title='bbox 356 4052 474 4105; x_wconf 88' lang='lat' dir='ltr'>Lux</span> <span class='ocrx_word' id='word_1_341' title='bbox 492 4068 512 4114; x_wconf 90' lang='lat'><em>;</em></span> <span class='ocrx_word' id='word_1_342' title='bbox 542 4057 795 4107; x_wconf 89' lang='lat' dir='ltr'>creatam</span> <span class='ocrx_word' id='word_1_343' title='bbox 816 4057 1011 4107; x_wconf 90' lang='lat' dir='ltr'>tamen</span> <span class='ocrx_word' id='word_1_344' title='bbox 1034 4051 1225 4108; x_wconf 90' lang='lat' dir='ltr'>lucem</span> <span class='ocrx_word' id='word_1_345' title='bbox 1244 4070 1277 4108; x_wconf 92' lang='lat' dir='ltr'>a</span> <span class='ocrx_word' id='word_1_346' title='bbox 1299 4053 1575 4108; x_wconf 88' lang='lat' dir='ltr'>creatrice</span> <span class='ocrx_word' id='word_1_347' title='bbox 1603 4052 1731 4110; x_wconf 91' lang='lat' dir='ltr'>luce</span> <span class='ocrx_word' id='word_1_348' title='bbox 1754 4054 1866 4110; x_wconf 85' lang='lat' dir='ltr'>fac-</span> 
     </span>
    </p>
   </div>
   <div class='ocr_carea' id='block_1_44' title="bbox 193 4140 1866 4217">
    <p class='ocr_par' dir='ltr' id='par_1_44' title="bbox 193 4140 1866 4217">
     <span class='ocr_line' id='line_1_44' title="bbox 193 4140 1866 4217; baseline 0.001 -19"><span class='ocrx_word' id='word_1_349' title='bbox 193 4148 338 4198; x_wconf 80' lang='lat' dir='ltr'>tam</span> <span class='ocrx_word' id='word_1_350' title='bbox 366 4156 493 4196; x_wconf 90' lang='lat' dir='ltr'>esse</span> <span class='ocrx_word' id='word_1_351' title='bbox 522 4158 636 4196; x_wconf 92' lang='lat' dir='ltr'>non</span> <span class='ocrx_word' id='word_1_352' title='bbox 669 4140 921 4213; x_wconf 87' lang='lat' dir='ltr'>dubitat,</span> <span class='ocrx_word' id='word_1_353' title='bbox 944 4142 1212 4214; x_wconf 90' lang='lat' dir='ltr'>quisquis</span> <span class='ocrx_word' id='word_1_354' title='bbox 1237 4148 1473 4199; x_wconf 87' lang='lat' dir='ltr'>sanctas</span> <span class='ocrx_word' id='word_1_355' title='bbox 1506 4142 1751 4200; x_wconf 84' lang='lat' dir='ltr'>Litteras</span> <span class='ocrx_word' id='word_1_356' title='bbox 1775 4143 1866 4217; x_wconf 88' lang='lat' dir='ltr'>pie</span> 
     </span>
    </p>
   </div>
   <div class='ocr_carea' id='block_1_45' title="bbox 196 4230 1273 4304">
    <p class='ocr_par' dir='ltr' id='par_1_45' title="bbox 196 4230 1273 4304">
     <span class='ocr_line' id='line_1_45' title="bbox 196 4230 1273 4304; baseline 0 -17"><span class='ocrx_word' id='word_1_357' title='bbox 196 4230 461 4304; x_wconf 84' lang='lat' dir='ltr'>legendo</span> <span class='ocrx_word' id='word_1_358' title='bbox 492 4230 559 4285; x_wconf 83' lang='lat' dir='ltr'>ﬁt</span> <span class='ocrx_word' id='word_1_359' title='bbox 588 4230 802 4303; x_wconf 88' lang='lat' dir='ltr'>dignus</span> <span class='ocrx_word' id='word_1_360' title='bbox 832 4231 930 4302; x_wconf 90' lang='lat' dir='ltr'>qui</span> <span class='ocrx_word' id='word_1_361' title='bbox 966 4230 1273 4304; x_wconf 84' lang='lat' dir='ltr'>intelligat.</span> 
     </span>
    </p>
   </div>
   <div class='ocr_carea' id='block_1_46' title="bbox 279 4319 1865 4393">
    <p class='ocr_par' dir='ltr' id='par_1_46' title="bbox 279 4319 1865 4393">
     <span class='ocr_line' id='line_1_46' title="bbox 279 4319 1865 4393; baseline 0.003 -19"><span class='ocrx_word' id='word_1_362' title='bbox 279 4320 523 4375; x_wconf 81' lang='lat' dir='ltr'>CAPUT</span> <span class='ocrx_word' id='word_1_363' title='bbox 552 4319 642 4375; x_wconf 92' lang='grc' dir='ltr'>ΧΙ.</span> <span class='ocrx_word' id='word_1_364' title='bbox 675 4350 745 4362; x_wconf 74' lang='grc' dir='ltr'>-ο</span> <span class='ocrx_word' id='word_1_365' title='bbox 773 4319 887 4375; x_wconf 91' lang='lat' dir='ltr'>Nec</span> <span class='ocrx_word' id='word_1_366' title='bbox 916 4320 1044 4376; x_wconf 90' lang='lat' dir='ltr'>ideo</span> <span class='ocrx_word' id='word_1_367' title='bbox 1069 4321 1364 4393; x_wconf 90' lang='lat' dir='ltr'>putandus</span> <span class='ocrx_word' id='word_1_368' title='bbox 1395 4325 1485 4377; x_wconf 90' lang='lat' dir='ltr'>est</span> <span class='ocrx_word' id='word_1_369' title='bbox 1518 4323 1865 4388; x_wconf 84' lang='lat' dir='ltr'>Deus,ante-</span> 
     </span>
    </p>
   </div>
   <div class='ocr_carea' id='block_1_47' title="bbox 201 4407 1867 4483">
    <p class='ocr_par' dir='ltr' id='par_1_47' title="bbox 201 4407 1867 4483">
     <span class='ocr_line' id='line_1_47' title="bbox 201 4407 1867 4483; baseline 0.001 -18"><span class='ocrx_word' id='word_1_370' title='bbox 201 4425 397 4483; x_wconf 84' lang='lat' dir='ltr'>quam</span> <span class='ocrx_word' id='word_1_371' title='bbox 440 4409 651 4464; x_wconf 80' lang='lat' dir='ltr'>taceret</span> <span class='ocrx_word' id='word_1_372' title='bbox 700 4407 913 4476; x_wconf 91' lang='lat' dir='ltr'>lucem,</span> <span class='ocrx_word' id='word_1_373' title='bbox 946 4408 1005 4463; x_wconf 94' lang='lat' dir='ltr'>in</span> <span class='ocrx_word' id='word_1_374' title='bbox 1054 4409 1309 4465; x_wconf 89' lang='lat' dir='ltr'>tenebris</span> <span class='ocrx_word' id='word_1_375' title='bbox 1358 4410 1674 4476; x_wconf 86' lang='lat' dir='ltr'>habitasse,</span> <span class='ocrx_word' id='word_1_376' title='bbox 1729 4412 1867 4482; x_wconf 88' lang='lat' dir='ltr'>quia</span> 
     </span>
    </p>
   </div>
   <div class='ocr_carea' id='block_1_48' title="bbox 201 4499 1861 4572">
    <p class='ocr_par' dir='ltr' id='par_1_48' title="bbox 201 4499 1861 4572">
     <span class='ocr_line' id='line_1_48' title="bbox 201 4499 1861 4572; baseline -0.002 -16"><span class='ocrx_word' id='word_1_377' title='bbox 201 4500 469 4571; x_wconf 80' lang='lat' dir='ltr'>Spiritus</span> <span class='ocrx_word' id='word_1_378' title='bbox 500 4499 598 4553; x_wconf 86' lang='lat' dir='ltr'>Dei</span> <span class='ocrx_word' id='word_1_379' title='bbox 643 4500 1094 4570; x_wconf 81' lang='lat' dir='ltr'>superferebatur</span> <span class='ocrx_word' id='word_1_380' title='bbox 1119 4514 1284 4570; x_wconf 86' lang='lat' dir='ltr'>super</span> <span class='ocrx_word' id='word_1_381' title='bbox 1323 4515 1495 4569; x_wconf 82' lang='lat' dir='ltr'>aquas</span> <span class='ocrx_word' id='word_1_382' title='bbox 1525 4499 1677 4570; x_wconf 87' lang='lat' dir='ltr'>(Gen.</span> <span class='ocrx_word' id='word_1_383' title='bbox 1711 4518 1750 4568; x_wconf 79' lang='grc' dir='ltr'>ι,</span> <span class='ocrx_word' id='word_1_384' title='bbox 1782 4500 1861 4572; x_wconf 85' lang='grc'>2),</span> 
     </span>
    </p>
   </div>
   <div class='ocr_carea' id='block_1_49' title="bbox 204 4586 1861 4662">
    <p class='ocr_par' dir='ltr' id='par_1_49' title="bbox 204 4586 1861 4662">
     <span class='ocr_line' id='line_1_49' title="bbox 204 4586 1861 4662; baseline 0.001 -18"><span class='ocrx_word' id='word_1_385' title='bbox 204 4604 354 4644; x_wconf 85' lang='lat' dir='ltr'>cum</span> <span class='ocrx_word' id='word_1_386' title='bbox 369 4586 709 4660; x_wconf 69' lang='lat' dir='ltr'>praedictum</span> <span class='ocrx_word' id='word_1_387' title='bbox 726 4588 1210 4654; x_wconf 74' lang='lat' dir='ltr'>fuisset,Tenebra,°</span> <span class='ocrx_word' id='word_1_388' title='bbox 1227 4596 1391 4644; x_wconf 83' lang='lat' dir='ltr'>erant</span> <span class='ocrx_word' id='word_1_389' title='bbox 1404 4605 1567 4660; x_wconf 84' lang='lat' dir='ltr'>super</span> <span class='ocrx_word' id='word_1_390' title='bbox 1585 4589 1861 4662; x_wconf 79' lang='lat' dir='ltr'>abyssum.</span> 
     </span>
    </p>
   </div>
   <div class='ocr_carea' id='block_1_50' title="bbox 202 4676 1864 4750">
    <p class='ocr_par' dir='ltr' id='par_1_50' title="bbox 202 4676 1864 4750">
     <span class='ocr_line' id='line_1_50' title="bbox 202 4676 1864 4750; baseline 0 -16"><span class='ocrx_word' id='word_1_391' title='bbox 202 4679 478 4748; x_wconf 74' lang='lat' dir='ltr'>Abyssus</span> <span class='ocrx_word' id='word_1_392' title='bbox 498 4693 751 4749; x_wconf 88' lang='lat' dir='ltr'>namque</span> <span class='ocrx_word' id='word_1_393' title='bbox 768 4682 856 4733; x_wconf 91' lang='lat' dir='ltr'>est</span> <span class='ocrx_word' id='word_1_394' title='bbox 872 4694 1157 4750; x_wconf 89' lang='lat' dir='ltr'>aquarum</span> <span class='ocrx_word' id='word_1_395' title='bbox 1175 4676 1600 4734; x_wconf 65' lang='lat' dir='ltr'>inaestimabilis</span> <span class='ocrx_word' id='word_1_396' title='bbox 1620 4680 1864 4750; x_wconf 83' lang='lat' dir='ltr'>profun—</span> 
     </span>
    </p>
   </div>
   <div class='ocr_carea' id='block_1_51' title="bbox 204 4764 1866 4839">
    <p class='ocr_par' dir='ltr' id='par_1_51' title="bbox 204 4764 1866 4839">
     <span class='ocr_line' id='line_1_51' title="bbox 204 4764 1866 4839; baseline 0 -18"><span class='ocrx_word' id='word_1_397' title='bbox 204 4768 395 4821; x_wconf 85' lang='lat' dir='ltr'>ditas.</span> <span class='ocrx_word' id='word_1_398' title='bbox 420 4764 581 4821; x_wconf 91' lang='lat' dir='ltr'>Unde</span> <span class='ocrx_word' id='word_1_399' title='bbox 597 4771 786 4838; x_wconf 88' lang='lat' dir='ltr'>potest</span> <span class='ocrx_word' id='word_1_400' title='bbox 802 4783 1100 4822; x_wconf 89' lang='lat' dir='ltr'>occurrere</span> <span class='ocrx_word' id='word_1_401' title='bbox 1116 4766 1336 4821; x_wconf 88' lang='lat' dir='ltr'>carnali</span> <span class='ocrx_word' id='word_1_402' title='bbox 1353 4767 1696 4839; x_wconf 69' lang='lat' dir='ltr'>prudentiae,</span> <span class='ocrx_word' id='word_1_403' title='bbox 1710 4766 1866 4822; x_wconf 90' lang='lat' dir='ltr'>velut</span> 
     </span>
    </p>
   </div>
   <div class='ocr_carea' id='block_1_52' title="bbox 200 4855 1867 4929">
    <p class='ocr_par' dir='ltr' id='par_1_52' title="bbox 200 4855 1867 4929">
     <span class='ocr_line' id='line_1_52' title="bbox 200 4855 1867 4929; baseline 0.001 -18"><span class='ocrx_word' id='word_1_404' title='bbox 200 4856 268 4911; x_wconf 90' lang='lat' dir='ltr'>in</span> <span class='ocrx_word' id='word_1_405' title='bbox 308 4855 381 4909; x_wconf 89' lang='lat' dir='ltr'>iis</span> <span class='ocrx_word' id='word_1_406' title='bbox 432 4855 708 4923; x_wconf 89' lang='lat' dir='ltr'>tenebris,</span> <span class='ocrx_word' id='word_1_407' title='bbox 737 4872 863 4928; x_wconf 72' lang='lat' dir='ltr'>quae</span> <span class='ocrx_word' id='word_1_408' title='bbox 912 4860 1074 4911; x_wconf 88' lang='lat' dir='ltr'>erant</span> <span class='ocrx_word' id='word_1_409' title='bbox 1107 4873 1283 4927; x_wconf 93' lang='lat' dir='ltr'>super</span> <span class='ocrx_word' id='word_1_410' title='bbox 1312 4857 1611 4929; x_wconf 78' lang='lat' dir='ltr'>abyssum,</span> <span class='ocrx_word' id='word_1_411' title='bbox 1646 4856 1867 4912; x_wconf 89' lang='lat' dir='ltr'>habita-</span> 
     </span>
    </p>
   </div>
   <div class='ocr_carea' id='block_1_53' title="bbox 200 4942 1868 5018">
    <p class='ocr_par' dir='ltr' id='par_1_53' title="bbox 200 4942 1868 5018">
     <span class='ocr_line' id='line_1_53' title="bbox 200 4942 1868 5018; baseline 0.002 -19"><span class='ocrx_word' id='word_1_412' title='bbox 200 4942 363 5000; x_wconf 80' lang='lat' dir='ltr'>verit</span> <span class='ocrx_word' id='word_1_413' title='bbox 386 4944 641 5017; x_wconf 87' lang='lat' dir='ltr'>Spiritus</span> <span class='ocrx_word' id='word_1_414' title='bbox 659 4945 854 5012; x_wconf 91' lang='lat' dir='ltr'>Dei,de</span> <span class='ocrx_word' id='word_1_415' title='bbox 876 4961 989 5016; x_wconf 93' lang='lat' dir='ltr'>quo</span> <span class='ocrx_word' id='word_1_416' title='bbox 1016 4945 1238 5001; x_wconf 88' lang='lat' dir='ltr'>dictum</span> <span class='ocrx_word' id='word_1_417' title='bbox 1257 4950 1365 5014; x_wconf 88' lang='lat' dir='ltr'>est,</span> <span class='ocrx_word' id='word_1_418' title='bbox 1388 4946 1687 5002; x_wconf 82' lang='lat' dir='ltr'>Ferebatur</span> <span class='ocrx_word' id='word_1_419' title='bbox 1705 4963 1868 5018; x_wconf 75' lang='lat' dir='ltr'>super</span> 
     </span>
    </p>
   </div>
   <div class='ocr_carea' id='block_1_54' title="bbox 202 5032 1865 5107">
    <p class='ocr_par' dir='ltr' id='par_1_54' title="bbox 202 5032 1865 5107">
     <span class='ocr_line' id='line_1_54' title="bbox 202 5032 1865 5107; baseline 0.001 -17"><span class='ocrx_word' id='word_1_420' title='bbox 202 5051 425 5105; x_wconf 79' lang='lat' dir='ltr'>aquas;</span> <span class='ocrx_word' id='word_1_421' title='bbox 449 5050 564 5089; x_wconf 91' lang='lat' dir='ltr'>non</span> <span class='ocrx_word' id='word_1_422' title='bbox 587 5032 932 5106; x_wconf 83' lang='lat' dir='ltr'>intelligenti</span> <span class='ocrx_word' id='word_1_423' title='bbox 956 5034 1453 5107; x_wconf 88' lang='lat' dir='ltr'>quemadmodum</span> <span class='ocrx_word' id='word_1_424' title='bbox 1480 5035 1578 5091; x_wconf 85' lang='lat' dir='ltr'>lux</span> <span class='ocrx_word' id='word_1_425' title='bbox 1596 5035 1787 5091; x_wconf 89' lang='lat' dir='ltr'>luceat</span> <span class='ocrx_word' id='word_1_426' title='bbox 1805 5035 1865 5090; x_wconf 91' lang='lat' dir='ltr'>in</span> 
     </span>
    </p>
   </div>
   <div class='ocr_carea' id='block_1_55' title="bbox 203 5121 1861 5197">
    <p class='ocr_par' dir='ltr' id='par_1_55' title="bbox 203 5121 1861 5197">
     <span class='ocr_line' id='line_1_55' title="bbox 203 5121 1861 5197; baseline 0.002 -18"><span class='ocrx_word' id='word_1_427' title='bbox 203 5121 497 5191; x_wconf 83' lang='lat' dir='ltr'>tenebris,</span> <span class='ocrx_word' id='word_1_428' title='bbox 519 5127 579 5178; x_wconf 90' lang='lat' dir='ltr'>et</span> <span class='ocrx_word' id='word_1_429' title='bbox 599 5123 853 5179; x_wconf 68' lang='lat' dir='ltr'>tenebras</span> <span class='ocrx_word' id='word_1_430' title='bbox 877 5139 1003 5179; x_wconf 92' lang='lat' dir='ltr'>eam</span> <span class='ocrx_word' id='word_1_431' title='bbox 1028 5140 1142 5179; x_wconf 88' lang='lat' dir='ltr'>non</span> <span class='ocrx_word' id='word_1_432' title='bbox 1166 5124 1664 5196; x_wconf 89' lang='lat' dir='ltr'>comprehendant</span> <span class='ocrx_word' id='word_1_433' title='bbox 1686 5125 1861 5197; x_wconf 83' lang='lat' dir='ltr'>(Joan.</span> 
     </span>
    </p>
   </div>
   <div class='ocr_carea' id='block_1_56' title="bbox 207 5211 1863 5285">
    <p class='ocr_par' dir='ltr' id='par_1_56' title="bbox 207 5211 1863 5285">
     <span class='ocr_line' id='line_1_56' title="bbox 207 5211 1863 5285; baseline 0.001 -16"><span class='ocrx_word' id='word_1_434' title='bbox 207 5229 251 5279; x_wconf 79' lang='grc' dir='ltr'>ι,</span> <span class='ocrx_word' id='word_1_435' title='bbox 286 5211 367 5282; x_wconf 88' lang='lat'>5),</span> <span class='ocrx_word' id='word_1_436' title='bbox 401 5211 515 5267; x_wconf 87' lang='lat' dir='ltr'>nisi</span> <span class='ocrx_word' id='word_1_437' title='bbox 549 5227 651 5284; x_wconf 90' lang='lat' dir='ltr'>per</span> <span class='ocrx_word' id='word_1_438' title='bbox 680 5212 780 5267; x_wconf 92' lang='lat' dir='ltr'>Dei</span> <span class='ocrx_word' id='word_1_439' title='bbox 811 5212 1053 5268; x_wconf 90' lang='lat' dir='ltr'>verbum</span> <span class='ocrx_word' id='word_1_440' title='bbox 1086 5213 1229 5268; x_wconf 82' lang='lat' dir='ltr'>fiant</span> <span class='ocrx_word' id='word_1_441' title='bbox 1256 5212 1375 5285; x_wconf 89' lang='lat' dir='ltr'>lux,</span> <span class='ocrx_word' id='word_1_442' title='bbox 1399 5216 1455 5269; x_wconf 90' lang='lat' dir='ltr'>et</span> <span class='ocrx_word' id='word_1_443' title='bbox 1492 5214 1722 5270; x_wconf 78' lang='lat' dir='ltr'>dicatur</span> <span class='ocrx_word' id='word_1_444' title='bbox 1759 5213 1863 5284; x_wconf 88' lang='lat' dir='ltr'>eis,</span> 
     </span>
    </p>
   </div>
   <div class='ocr_carea' id='block_1_57' title="bbox 205 5300 1867 5372">
    <p class='ocr_par' dir='ltr' id='par_1_57' title="bbox 205 5300 1867 5372">
     <span class='ocr_line' id='line_1_57' title="bbox 205 5300 1867 5372; baseline 0.003 -15"><span class='ocrx_word' id='word_1_445' title='bbox 205 5302 418 5357; x_wconf 79' lang='lat' dir='ltr'>Fuistis</span> <span class='ocrx_word' id='word_1_446' title='bbox 446 5300 747 5372; x_wconf 79' lang='lat' dir='ltr'>aliquando</span> <span class='ocrx_word' id='word_1_447' title='bbox 769 5304 1045 5369; x_wconf 70' lang='lat' dir='ltr'>tenebrae;</span> <span class='ocrx_word' id='word_1_448' title='bbox 1073 5318 1224 5357; x_wconf 85' lang='lat' dir='ltr'>nunc</span> <span class='ocrx_word' id='word_1_449' title='bbox 1243 5311 1422 5359; x_wconf 87' lang='lat' dir='ltr'>autem</span> <span class='ocrx_word' id='word_1_450' title='bbox 1443 5304 1542 5359; x_wconf 82' lang='lat' dir='ltr'>lux</span> <span class='ocrx_word' id='word_1_451' title='bbox 1561 5306 1622 5358; x_wconf 84' lang='lat' dir='ltr'>in</span> <span class='ocrx_word' id='word_1_452' title='bbox 1641 5306 1867 5362; x_wconf 82' lang='lat' dir='ltr'>Domino</span> 
     </span>
    </p>
   </div>
   <div class='ocr_carea' id='block_1_58' title="bbox 208 5390 1868 5465">
    <p class='ocr_par' dir='ltr' id='par_1_58' title="bbox 208 5390 1868 5465">
     <span class='ocr_line' id='line_1_58' title="bbox 208 5390 1868 5465; baseline 0.002 -19"><span class='ocrx_word' id='word_1_453' title='bbox 208 5390 434 5462; x_wconf 78' lang='lat' dir='ltr'>(Ephes.</span> <span class='ocrx_word' id='word_1_454' title='bbox 467 5408 524 5458; x_wconf 88' lang='lat' dir='ltr'>v,</span> <span class='ocrx_word' id='word_1_455' title='bbox 558 5390 634 5462; x_wconf 92' lang='lat'>8).</span> <span class='ocrx_word' id='word_1_456' title='bbox 669 5391 832 5456; x_wconf 84' lang='lat' dir='ltr'>Quod</span> <span class='ocrx_word' id='word_1_457' title='bbox 866 5392 914 5447; x_wconf 89' lang='lat' dir='ltr'>si</span> <span class='ocrx_word' id='word_1_458' title='bbox 942 5390 1259 5447; x_wconf 89' lang='lat' dir='ltr'>rationales</span> <span class='ocrx_word' id='word_1_459' title='bbox 1281 5397 1505 5447; x_wconf 90' lang='lat' dir='ltr'>mentes</span> <span class='ocrx_word' id='word_1_460' title='bbox 1533 5409 1633 5465; x_wconf 89' lang='lat' dir='ltr'>per</span> <span class='ocrx_word' id='word_1_461' title='bbox 1662 5392 1868 5449; x_wconf 90' lang='lat' dir='ltr'>volun-</span> 
     </span>
    </p>
   </div>
   <div class='ocr_carea' id='block_1_59' title="bbox 210 5479 1870 5554">
    <p class='ocr_par' dir='ltr' id='par_1_59' title="bbox 210 5479 1870 5554">
     <span class='ocr_line' id='line_1_59' title="bbox 210 5479 1870 5554; baseline 0.004 -20"><span class='ocrx_word' id='word_1_462' title='bbox 210 5484 396 5535; x_wconf 79' lang='lat' dir='ltr'>tatem</span> <span class='ocrx_word' id='word_1_463' title='bbox 428 5479 677 5551; x_wconf 90' lang='lat' dir='ltr'>impiam</span> <span class='ocrx_word' id='word_1_464' title='bbox 708 5480 1027 5537; x_wconf 62' lang='lat' dir='ltr'>tenebrosae</span> <span class='ocrx_word' id='word_1_465' title='bbox 1058 5480 1247 5538; x_wconf 91' lang='lat' dir='ltr'>lucem</span> <span class='ocrx_word' id='word_1_466' title='bbox 1279 5481 1579 5554; x_wconf 68' lang='lat' dir='ltr'>sapientiae</span> <span class='ocrx_word' id='word_1_467' title='bbox 1604 5483 1703 5540; x_wconf 89' lang='lat' dir='ltr'>Dei</span> <span class='ocrx_word' id='word_1_468' title='bbox 1734 5501 1870 5541; x_wconf 88' lang='lat' dir='ltr'>nus-</span> 
     </span>
    </p>
   </div>
   <div class='ocr_carea' id='block_1_60' title="bbox 213 5569 1868 5647">
    <p class='ocr_par' dir='ltr' id='par_1_60' title="bbox 213 5569 1868 5647">
     <span class='ocr_line' id='line_1_60' title="bbox 213 5569 1868 5647; baseline 0.004 -23"><span class='ocrx_word' id='word_1_469' title='bbox 213 5585 395 5643; x_wconf 86' lang='lat' dir='ltr'>quam</span> <span class='ocrx_word' id='word_1_470' title='bbox 422 5569 727 5627; x_wconf 86' lang='lat' dir='ltr'>absentem</span> <span class='ocrx_word' id='word_1_471' title='bbox 757 5570 1249 5644; x_wconf 87' lang='lat' dir='ltr'>comprehendere</span> <span class='ocrx_word' id='word_1_472' title='bbox 1273 5588 1389 5629; x_wconf 89' lang='lat' dir='ltr'>non</span> <span class='ocrx_word' id='word_1_473' title='bbox 1420 5578 1687 5647; x_wconf 89' lang='lat' dir='ltr'>possunt,</span> <span class='ocrx_word' id='word_1_474' title='bbox 1711 5575 1868 5647; x_wconf 90' lang='lat' dir='ltr'>quod</span> 
     </span>
    </p>
   </div>
   <div class='ocr_carea' id='block_1_61' title="bbox 216 5660 1868 5736">
    <p class='ocr_par' dir='ltr' id='par_1_61' title="bbox 216 5660 1868 5736">
     <span class='ocr_line' id='line_1_61' title="bbox 216 5660 1868 5736; baseline 0.004 -17"><span class='ocrx_word' id='word_1_475' title='bbox 216 5660 297 5719; x_wconf 86' lang='lat' dir='ltr'>ab</span> <span class='ocrx_word' id='word_1_476' title='bbox 325 5675 394 5720; x_wconf 79' lang='lat' dir='ltr'>ea</span> <span class='ocrx_word' id='word_1_477' title='bbox 423 5660 598 5735; x_wconf 80' lang='lat' dir='ltr'>longe</span> <span class='ocrx_word' id='word_1_478' title='bbox 621 5660 741 5722; x_wconf 86' lang='lat' dir='ltr'>sint</span> <span class='ocrx_word' id='word_1_479' title='bbox 768 5662 999 5733; x_wconf 79' lang='lat' dir='ltr'>aﬂ‘ectu,</span> <span class='ocrx_word' id='word_1_480' title='bbox 1031 5680 1148 5722; x_wconf 85' lang='lat' dir='ltr'>non</span> <span class='ocrx_word' id='word_1_481' title='bbox 1177 5661 1343 5734; x_wconf 89' lang='lat' dir='ltr'>loco;</span> <span class='ocrx_word' id='word_1_482' title='bbox 1395 5663 1537 5736; x_wconf 87' lang='lat' dir='ltr'>quid</span> <span class='ocrx_word' id='word_1_483' title='bbox 1567 5664 1786 5724; x_wconf 87' lang='lat' dir='ltr'>mirum</span> <span class='ocrx_word' id='word_1_484' title='bbox 1819 5666 1868 5725; x_wconf 87' lang='lat' dir='ltr'>si</span> 
     </span>
    </p>
   </div>
   <div class='ocr_carea' id='block_1_62' title="bbox 1334 259 2526 322">
    <p class='ocr_par' dir='ltr' id='par_1_62' title="bbox 1334 259 2526 322">
     <span class='ocr_line' id='line_1_62' title="bbox 1334 259 2526 322; baseline -0.004 0"><span class='ocrx_word' id='word_1_485' title='bbox 1334 263 1572 322; x_wconf 82' lang='lat' dir='ltr'>LIBER</span> <span class='ocrx_word' id='word_1_486' title='bbox 1618 259 2041 321; x_wconf 85' lang='lat' dir='ltr'>VIGESIMUS</span> <span class='ocrx_word' id='word_1_487' title='bbox 2089 260 2526 321; x_wconf 77' lang='lat' dir='ltr'>SECUNDUS.</span> 
     </span>
    </p>
   </div>
   <div class='ocr_carea' id='block_1_63' title="bbox 3523 255 3643 313">
    <p class='ocr_par' dir='ltr' id='par_1_63' title="bbox 3523 255 3643 313">
     <span class='ocr_line' id='line_1_63' title="bbox 3523 255 3643 313; baseline 0 0"><span class='ocrx_word' id='word_1_488' title='bbox 3523 255 3643 313; x_wconf 79' lang='lat'>406</span> 
     </span>
    </p>
   </div>
   <div class='ocr_carea' id='block_1_64' title="bbox 1987 392 3635 465">
    <p class='ocr_par' dir='ltr' id='par_1_64' title="bbox 1987 392 3635 465">
     <span class='ocr_line' id='line_1_64' title="bbox 1987 392 3635 465; baseline -0.001 -17"><span class='ocrx_word' id='word_1_489' title='bbox 1987 392 2468 465; x_wconf 88' lang='lat' dir='ltr'>SpiritusDei,qui</span> <span class='ocrx_word' id='word_1_490' title='bbox 2493 394 3156 465; x_wconf 89' lang='lat' dir='ltr'>superferebatursuper</span> <span class='ocrx_word' id='word_1_491' title='bbox 3172 394 3635 464; x_wconf 85' lang='lat' dir='ltr'>aquas,superfe-</span> 
     </span>
    </p>
   </div>
   <div class='ocr_carea' id='block_1_65' title="bbox 1982 482 3635 556">
    <p class='ocr_par' dir='ltr' id='par_1_65' title="bbox 1982 482 3635 556">
     <span class='ocr_line' id='line_1_65' title="bbox 1982 482 3635 556; baseline 0.001 -20"><span class='ocrx_word' id='word_1_492' title='bbox 1982 482 2216 537; x_wconf 88' lang='lat' dir='ltr'>rebatur</span> <span class='ocrx_word' id='word_1_493' title='bbox 2228 484 2400 538; x_wconf 85' lang='lat' dir='ltr'>etiam</span> <span class='ocrx_word' id='word_1_494' title='bbox 2418 501 2482 538; x_wconf 90' lang='lat' dir='ltr'>su</span> <span class='ocrx_word' id='word_1_495' title='bbox 2494 501 2593 555; x_wconf 90' lang='lat' dir='ltr'>per</span> <span class='ocrx_word' id='word_1_496' title='bbox 2608 500 2893 556; x_wconf 85' lang='lat' dir='ltr'>aquarum</span> <span class='ocrx_word' id='word_1_497' title='bbox 2914 482 3635 555; x_wconf 86' lang='lat' dir='ltr'>tenebras,incomparabi-</span> 
     </span>
    </p>
   </div>
   <div class='ocr_carea' id='block_1_66' title="bbox 1980 568 3634 642">
    <p class='ocr_par' dir='ltr' id='par_1_66' title="bbox 1980 568 3634 642">
     <span class='ocr_line' id='line_1_66' title="bbox 1980 568 3634 642; baseline 0.003 -19"><span class='ocrx_word' id='word_1_498' title='bbox 1980 568 2020 623; x_wconf 92' lang='lat' dir='ltr'>li</span> <span class='ocrx_word' id='word_1_499' title='bbox 2054 569 2290 641; x_wconf 90' lang='lat' dir='ltr'>quidem</span> <span class='ocrx_word' id='word_1_500' title='bbox 2322 570 2771 642; x_wconf 72' lang='lat' dir='ltr'>longinquitate,</span> <span class='ocrx_word' id='word_1_501' title='bbox 2802 572 2903 627; x_wconf 88' lang='lat' dir='ltr'>sed</span> <span class='ocrx_word' id='word_1_502' title='bbox 2938 571 3302 642; x_wconf 68' lang='lat' dir='ltr'>substantiae,</span> <span class='ocrx_word' id='word_1_503' title='bbox 3338 588 3451 627; x_wconf 91' lang='lat' dir='ltr'>non</span> <span class='ocrx_word' id='word_1_504' title='bbox 3479 572 3634 628; x_wconf 92' lang='lat' dir='ltr'>loco-</span> 
     </span>
    </p>
   </div>
   <div class='ocr_carea' id='block_1_67' title="bbox 1981 659 2163 713">
    <p class='ocr_par' dir='ltr' id='par_1_67' title="bbox 1981 659 2163 713">
     <span class='ocr_line' id='line_1_67' title="bbox 1981 659 2163 713; baseline 0.005 -1"><span class='ocrx_word' id='word_1_505' title='bbox 1981 676 2111 713; x_wconf 91' lang='lat' dir='ltr'>rum</span> <span class='ocrx_word' id='word_1_506' title='bbox 2136 659 2163 713; x_wconf 88' lang='lat'><strong>?</strong></span> 
     </span>
    </p>
   </div>
   <div class='ocr_carea' id='block_1_68' title="bbox 2053 748 3705 822">
    <p class='ocr_par' dir='ltr' id='par_1_68' title="bbox 2053 748 3705 822">
     <span class='ocr_line' id='line_1_68' title="bbox 2053 748 3705 822; baseline 0.002 -19"><span class='ocrx_word' id='word_1_507' title='bbox 2053 748 2284 803; x_wconf 84' lang='lat' dir='ltr'>CAPUT</span> <span class='ocrx_word' id='word_1_508' title='bbox 2317 749 2444 806; x_wconf 85' lang='lat' dir='ltr'>XII.</span> <span class='ocrx_word' id='word_1_509' title='bbox 2475 781 2543 789; x_wconf 93' lang='lat'>—</span> <span class='ocrx_word' id='word_1_510' title='bbox 2573 750 2702 804; x_wconf 90' lang='lat' dir='ltr'>Scio</span> <span class='ocrx_word' id='word_1_511' title='bbox 2752 750 2989 821; x_wconf 90' lang='lat' dir='ltr'>quidem</span> <span class='ocrx_word' id='word_1_512' title='bbox 3042 751 3170 807; x_wconf 91' lang='lat' dir='ltr'>istis</span> <span class='ocrx_word' id='word_1_513' title='bbox 3222 767 3398 822; x_wconf 89' lang='lat' dir='ltr'>quam</span> <span class='ocrx_word' id='word_1_514' title='bbox 3435 753 3631 809; x_wconf 88' lang='lat' dir='ltr'>surdis</span> <span class='ocrx_word' id='word_1_515' title='bbox 3700 756 3705 761; x_wconf 73' lang='grc'><em>”</em></span> 
     </span>
    </p>
   </div>
   <div class='ocr_carea' id='block_1_69' title="bbox 1982 836 3628 912">
    <p class='ocr_par' dir='ltr' id='par_1_69' title="bbox 1982 836 3628 912">
     <span class='ocr_line' id='line_1_69' title="bbox 1982 836 3628 912; baseline 0.002 -21"><span class='ocrx_word' id='word_1_516' title='bbox 1982 836 2100 892; x_wconf 68' lang='lat' dir='ltr'>haec</span> <span class='ocrx_word' id='word_1_517' title='bbox 2133 842 2362 892; x_wconf 85' lang='lat' dir='ltr'>cantem</span> <span class='ocrx_word' id='word_1_518' title='bbox 2400 856 2412 892; x_wconf 92' lang='lat'><strong>:</strong></span> <span class='ocrx_word' id='word_1_519' title='bbox 2446 854 2551 893; x_wconf 90' lang='lat' dir='ltr'>nec</span> <span class='ocrx_word' id='word_1_520' title='bbox 2581 843 2778 893; x_wconf 88' lang='lat' dir='ltr'>tamen</span> <span class='ocrx_word' id='word_1_521' title='bbox 2811 840 3055 911; x_wconf 89' lang='lat' dir='ltr'>despero</span> <span class='ocrx_word' id='word_1_522' title='bbox 3085 841 3240 912; x_wconf 92' lang='lat' dir='ltr'>quod</span> <span class='ocrx_word' id='word_1_523' title='bbox 3275 841 3482 895; x_wconf 89' lang='lat' dir='ltr'>cantici</span> <span class='ocrx_word' id='word_1_524' title='bbox 3514 842 3628 896; x_wconf 91' lang='lat' dir='ltr'>mei</span> 
     </span>
    </p>
   </div>
   <div class='ocr_carea' id='block_1_70' title="bbox 1969 927 3627 1002">
    <p class='ocr_par' dir='ltr' id='par_1_70' title="bbox 1969 927 3627 1002">
     <span class='ocr_line' id='line_1_70' title="bbox 1969 927 3627 1002; baseline 0.004 -22"><span class='ocrx_word' id='word_1_525' title='bbox 1969 927 2182 982; x_wconf 89' lang='lat' dir='ltr'>veritas</span> <span class='ocrx_word' id='word_1_526' title='bbox 2212 928 2519 983; x_wconf 89' lang='lat' dir='ltr'>inventura</span> <span class='ocrx_word' id='word_1_527' title='bbox 2550 929 2627 984; x_wconf 90' lang='lat' dir='ltr'>sit</span> <span class='ocrx_word' id='word_1_528' title='bbox 2674 945 2875 984; x_wconf 90' lang='lat' dir='ltr'>aurem</span> <span class='ocrx_word' id='word_1_529' title='bbox 2908 947 3098 996; x_wconf 90' lang='lat' dir='ltr'>suam,</span> <span class='ocrx_word' id='word_1_530' title='bbox 3133 947 3308 1002; x_wconf 90' lang='lat' dir='ltr'>quam</span> <span class='ocrx_word' id='word_1_531' title='bbox 3341 931 3627 986; x_wconf 89' lang='lat' dir='ltr'>Dominus</span> 
     </span>
    </p>
   </div>
   <div class='ocr_carea' id='block_1_71' title="bbox 1968 1016 3624 1089">
    <p class='ocr_par' dir='ltr' id='par_1_71' title="bbox 1968 1016 3624 1089">
     <span class='ocr_line' id='line_1_71' title="bbox 1968 1016 3624 1089; baseline 0.002 -18"><span class='ocrx_word' id='word_1_532' title='bbox 1968 1016 2282 1087; x_wconf 90' lang='lat' dir='ltr'>aperuerit,</span> <span class='ocrx_word' id='word_1_533' title='bbox 2316 1033 2349 1071; x_wconf 91' lang='lat' dir='ltr'>a</span> <span class='ocrx_word' id='word_1_534' title='bbox 2378 1033 2493 1088; x_wconf 91' lang='lat' dir='ltr'>quo</span> <span class='ocrx_word' id='word_1_535' title='bbox 2525 1023 2664 1073; x_wconf 90' lang='lat' dir='ltr'>sunt</span> <span class='ocrx_word' id='word_1_536' title='bbox 2694 1034 2829 1073; x_wconf 85' lang='lat' dir='ltr'>vera</span> <span class='ocrx_word' id='word_1_537' title='bbox 2874 1035 3005 1089; x_wconf 65' lang='lat' dir='ltr'>quae</span> <span class='ocrx_word' id='word_1_538' title='bbox 3036 1018 3307 1074; x_wconf 86' lang='lat' dir='ltr'>dicimus.</span> <span class='ocrx_word' id='word_1_539' title='bbox 3344 1020 3491 1075; x_wconf 90' lang='lat' dir='ltr'>Istos</span> <span class='ocrx_word' id='word_1_540' title='bbox 3520 1037 3624 1075; x_wconf 87' lang='lat' dir='ltr'>au-</span> 
     </span>
    </p>
   </div>
   <div class='ocr_carea' id='block_1_72' title="bbox 1964 1104 3620 1179">
    <p class='ocr_par' dir='ltr' id='par_1_72' title="bbox 1964 1104 3620 1179">
     <span class='ocr_line' id='line_1_72' title="bbox 1964 1104 3620 1179; baseline 0.001 -18"><span class='ocrx_word' id='word_1_541' title='bbox 1964 1110 2106 1172; x_wconf 87' lang='lat' dir='ltr'>tem,</span> <span class='ocrx_word' id='word_1_542' title='bbox 2140 1104 2344 1178; x_wconf 89' lang='lat' dir='ltr'>quales</span> <span class='ocrx_word' id='word_1_543' title='bbox 2380 1105 2710 1161; x_wconf 87' lang='lat' dir='ltr'>divinarum</span> <span class='ocrx_word' id='word_1_544' title='bbox 2744 1107 3181 1177; x_wconf 90' lang='lat' dir='ltr'>Scripturarum</span> <span class='ocrx_word' id='word_1_545' title='bbox 3204 1108 3435 1178; x_wconf 87' lang='lat' dir='ltr'>judices</span> <span class='ocrx_word' id='word_1_546' title='bbox 3465 1108 3620 1179; x_wconf 84' lang='lat' dir='ltr'>pati-</span> 
     </span>
    </p>
   </div>
   <div class='ocr_carea' id='block_1_73' title="bbox 1966 1194 3621 1269">
    <p class='ocr_par' dir='ltr' id='par_1_73' title="bbox 1966 1194 3621 1269">
     <span class='ocr_line' id='line_1_73' title="bbox 1966 1194 3621 1269; baseline 0.003 -21"><span class='ocrx_word' id='word_1_547' title='bbox 1966 1195 2343 1266; x_wconf 81' lang='lat' dir='ltr'>mur,quibus</span> <span class='ocrx_word' id='word_1_548' title='bbox 2366 1194 2540 1250; x_wconf 90' lang='lat' dir='ltr'>etiam</span> <span class='ocrx_word' id='word_1_549' title='bbox 2566 1195 2833 1267; x_wconf 90' lang='lat' dir='ltr'>displicet</span> <span class='ocrx_word' id='word_1_550' title='bbox 2845 1196 2995 1266; x_wconf 91' lang='lat' dir='ltr'>quod</span> <span class='ocrx_word' id='word_1_551' title='bbox 3010 1195 3123 1251; x_wconf 91' lang='lat' dir='ltr'>Deo</span> <span class='ocrx_word' id='word_1_552' title='bbox 3146 1195 3470 1268; x_wconf 84' lang='lat' dir='ltr'>placuerint</span> <span class='ocrx_word' id='word_1_553' title='bbox 3490 1214 3621 1269; x_wconf 87' lang='lat' dir='ltr'>ope-</span> 
     </span>
    </p>
   </div>
   <div class='ocr_carea' id='block_1_74' title="bbox 1965 1284 3615 1357">
    <p class='ocr_par' dir='ltr' id='par_1_74' title="bbox 1965 1284 3615 1357">
     <span class='ocr_line' id='line_1_74' title="bbox 1965 1284 3615 1357; baseline 0.003 -19"><span class='ocrx_word' id='word_1_554' title='bbox 1965 1300 2029 1338; x_wconf 91' lang='lat' dir='ltr'>ra</span> <span class='ocrx_word' id='word_1_555' title='bbox 2059 1301 2188 1349; x_wconf 89' lang='lat' dir='ltr'>sua,</span> <span class='ocrx_word' id='word_1_556' title='bbox 2221 1301 2395 1355; x_wconf 89' lang='lat' dir='ltr'>quem</span> <span class='ocrx_word' id='word_1_557' title='bbox 2436 1289 2719 1357; x_wconf 90' lang='lat' dir='ltr'>tanquam</span> <span class='ocrx_word' id='word_1_558' title='bbox 2766 1284 3065 1341; x_wconf 90' lang='lat' dir='ltr'>insolitam</span> <span class='ocrx_word' id='word_1_559' title='bbox 3113 1286 3303 1341; x_wconf 92' lang='lat' dir='ltr'>lucem</span> <span class='ocrx_word' id='word_1_560' title='bbox 3338 1286 3615 1343; x_wconf 87' lang='lat' dir='ltr'>miratum</span> 
     </span>
    </p>
   </div>
   <div class='ocr_carea' id='block_1_75' title="bbox 1964 1374 3615 1446">
    <p class='ocr_par' dir='ltr' id='par_1_75' title="bbox 1964 1374 3615 1446">
     <span class='ocr_line' id='line_1_75' title="bbox 1964 1374 3615 1446; baseline 0.002 -18"><span class='ocrx_word' id='word_1_561' title='bbox 1964 1389 2093 1429; x_wconf 89' lang='lat' dir='ltr'>esse</span> <span class='ocrx_word' id='word_1_562' title='bbox 2123 1374 2574 1446; x_wconf 89' lang='lat' dir='ltr'>reprehendunt,</span> <span class='ocrx_word' id='word_1_563' title='bbox 2604 1374 2741 1445; x_wconf 89' lang='lat' dir='ltr'>quia</span> <span class='ocrx_word' id='word_1_564' title='bbox 2771 1374 3056 1446; x_wconf 87' lang='lat' dir='ltr'>scriptum</span> <span class='ocrx_word' id='word_1_565' title='bbox 3089 1378 3197 1446; x_wconf 90' lang='lat' dir='ltr'>est,</span> <span class='ocrx_word' id='word_1_566' title='bbox 3221 1377 3285 1430; x_wconf 90' lang='lat' dir='ltr'>Et</span> <span class='ocrx_word' id='word_1_567' title='bbox 3312 1376 3453 1431; x_wconf 85' lang='lat' dir='ltr'>vidit</span> <span class='ocrx_word' id='word_1_568' title='bbox 3477 1377 3615 1431; x_wconf 83' lang='lat' dir='ltr'>Deus</span> 
     </span>
    </p>
   </div>
   <div class='ocr_carea' id='block_1_76' title="bbox 1965 1464 3616 1537">
    <p class='ocr_par' dir='ltr' id='par_1_76' title="bbox 1965 1464 3616 1537">
     <span class='ocr_line' id='line_1_76' title="bbox 1965 1464 3616 1537; baseline 0.002 -19"><span class='ocrx_word' id='word_1_569' title='bbox 1965 1464 2140 1518; x_wconf 83' lang='lat' dir='ltr'>lucem</span> <span class='ocrx_word' id='word_1_570' title='bbox 2171 1466 2303 1535; x_wconf 86' lang='lat' dir='ltr'>quia</span> <span class='ocrx_word' id='word_1_571' title='bbox 2324 1465 2463 1519; x_wconf 86' lang='lat' dir='ltr'>bona</span> <span class='ocrx_word' id='word_1_572' title='bbox 2482 1468 2559 1519; x_wconf 88' lang='lat' dir='ltr'>est</span> <span class='ocrx_word' id='word_1_573' title='bbox 2579 1464 2733 1536; x_wconf 84' lang='lat' dir='ltr'>(Gen.</span> <span class='ocrx_word' id='word_1_574' title='bbox 2762 1482 2801 1529; x_wconf 83' lang='lat'>1,</span> <span class='ocrx_word' id='word_1_575' title='bbox 2826 1466 2880 1536; x_wconf 82' lang='grc'>4)</span> <span class='ocrx_word' id='word_1_576' title='bbox 2901 1464 3239 1535; x_wconf 81' lang='lat' dir='ltr'>?Approbat</span> <span class='ocrx_word' id='word_1_577' title='bbox 3263 1464 3416 1519; x_wconf 91' lang='lat' dir='ltr'>enim</span> <span class='ocrx_word' id='word_1_578' title='bbox 3442 1482 3616 1537; x_wconf 87' lang='lat' dir='ltr'>opera</span> 
     </span>
    </p>
   </div>
   <div class='ocr_carea' id='block_1_77' title="bbox 1964 1552 3616 1625">
    <p class='ocr_par' dir='ltr' id='par_1_77' title="bbox 1964 1552 3616 1625">
     <span class='ocr_line' id='line_1_77' title="bbox 1964 1552 3616 1625; baseline 0.001 -17"><span class='ocrx_word' id='word_1_579' title='bbox 1964 1570 2091 1624; x_wconf 90' lang='lat' dir='ltr'>sua,</span> <span class='ocrx_word' id='word_1_580' title='bbox 2111 1554 2250 1623; x_wconf 91' lang='lat' dir='ltr'>quia</span> <span class='ocrx_word' id='word_1_581' title='bbox 2280 1553 2512 1624; x_wconf 87' lang='lat' dir='ltr'>placent</span> <span class='ocrx_word' id='word_1_582' title='bbox 2533 1553 2582 1608; x_wconf 91' lang='lat' dir='ltr'>ei</span> <span class='ocrx_word' id='word_1_583' title='bbox 2615 1570 2739 1625; x_wconf 59' lang='lat' dir='ltr'>qua</span> <span class='ocrx_word' id='word_1_584' title='bbox 2764 1554 2917 1621; x_wconf 82' lang='lat' dir='ltr'>fecit,</span> <span class='ocrx_word' id='word_1_585' title='bbox 2939 1558 2996 1609; x_wconf 90' lang='lat' dir='ltr'>et</span> <span class='ocrx_word' id='word_1_586' title='bbox 3024 1553 3132 1609; x_wconf 90' lang='lat' dir='ltr'>hoc</span> <span class='ocrx_word' id='word_1_587' title='bbox 3154 1558 3244 1609; x_wconf 87' lang='lat' dir='ltr'>est</span> <span class='ocrx_word' id='word_1_588' title='bbox 3264 1552 3455 1609; x_wconf 89' lang='lat' dir='ltr'>videre</span> <span class='ocrx_word' id='word_1_589' title='bbox 3476 1555 3616 1625; x_wconf 86' lang='lat' dir='ltr'>quia</span> 
     </span>
    </p>
   </div>
   <div class='ocr_carea' id='block_1_78' title="bbox 1963 1642 3614 1714">
    <p class='ocr_par' dir='ltr' id='par_1_78' title="bbox 1963 1642 3614 1714">
     <span class='ocr_line' id='line_1_78' title="bbox 1963 1642 3614 1714; baseline 0.001 -18"><span class='ocrx_word' id='word_1_590' title='bbox 1963 1642 2119 1696; x_wconf 91' lang='lat' dir='ltr'>bona</span> <span class='ocrx_word' id='word_1_591' title='bbox 2140 1642 2505 1714; x_wconf 89' lang='lat' dir='ltr'>sunt.Neque</span> <span class='ocrx_word' id='word_1_592' title='bbox 2526 1642 2681 1697; x_wconf 91' lang='lat' dir='ltr'>enim</span> <span class='ocrx_word' id='word_1_593' title='bbox 2706 1642 2920 1714; x_wconf 91' lang='lat' dir='ltr'>aliquid</span> <span class='ocrx_word' id='word_1_594' title='bbox 2938 1643 3154 1697; x_wconf 91' lang='lat' dir='ltr'>invitus</span> <span class='ocrx_word' id='word_1_595' title='bbox 3168 1642 3355 1698; x_wconf 87' lang='lat' dir='ltr'>facere</span> <span class='ocrx_word' id='word_1_596' title='bbox 3367 1644 3614 1714; x_wconf 83' lang='lat' dir='ltr'>cogitur,</span> 
     </span>
    </p>
   </div>
   <div class='ocr_carea' id='block_1_79' title="bbox 1965 1732 3615 1804">
    <p class='ocr_par' dir='ltr' id='par_1_79' title="bbox 1965 1732 3615 1804">
     <span class='ocr_line' id='line_1_79' title="bbox 1965 1732 3615 1804; baseline 0.002 -19"><span class='ocrx_word' id='word_1_597' title='bbox 1965 1732 2199 1801; x_wconf 82' lang='lat' dir='ltr'>utquod</span> <span class='ocrx_word' id='word_1_598' title='bbox 2218 1732 2265 1786; x_wconf 92' lang='lat' dir='ltr'>ei</span> <span class='ocrx_word' id='word_1_599' title='bbox 2283 1749 2395 1787; x_wconf 89' lang='lat' dir='ltr'>non</span> <span class='ocrx_word' id='word_1_600' title='bbox 2412 1732 2815 1803; x_wconf 82' lang='lat' dir='ltr'>placetiaciat;</span> <span class='ocrx_word' id='word_1_601' title='bbox 2840 1736 2941 1787; x_wconf 88' lang='lat' dir='ltr'>aut</span> <span class='ocrx_word' id='word_1_602' title='bbox 2964 1732 3023 1786; x_wconf 92' lang='lat' dir='ltr'>in</span> <span class='ocrx_word' id='word_1_603' title='bbox 3039 1732 3258 1804; x_wconf 88' lang='lat' dir='ltr'>aliquid</span> <span class='ocrx_word' id='word_1_604' title='bbox 3282 1733 3615 1789; x_wconf 82' lang='lat' dir='ltr'>iaciendum</span> 
     </span>
    </p>
   </div>
   <div class='ocr_carea' id='block_1_80' title="bbox 1964 1819 3616 1892">
    <p class='ocr_par' dir='ltr' id='par_1_80' title="bbox 1964 1819 3616 1892">
     <span class='ocr_line' id='line_1_80' title="bbox 1964 1819 3616 1892; baseline 0.002 -18"><span class='ocrx_word' id='word_1_605' title='bbox 1964 1819 2308 1891; x_wconf 90' lang='lat' dir='ltr'>imprudens</span> <span class='ocrx_word' id='word_1_606' title='bbox 2331 1821 2641 1889; x_wconf 90' lang='lat' dir='ltr'>labitur,ut</span> <span class='ocrx_word' id='word_1_607' title='bbox 2662 1822 2879 1876; x_wconf 82' lang='lat' dir='ltr'>factum</span> <span class='ocrx_word' id='word_1_608' title='bbox 2898 1838 3024 1876; x_wconf 90' lang='lat' dir='ltr'>esse</span> <span class='ocrx_word' id='word_1_609' title='bbox 3046 1820 3495 1892; x_wconf 88' lang='lat' dir='ltr'>displiceat.Cur</span> <span class='ocrx_word' id='word_1_610' title='bbox 3510 1839 3616 1878; x_wconf 88' lang='lat' dir='ltr'>au-</span> 
     </span>
    </p>
   </div>
   <div class='ocr_carea' id='block_1_81' title="bbox 1963 1909 3615 1983">
    <p class='ocr_par' dir='ltr' id='par_1_81' title="bbox 1963 1909 3615 1983">
     <span class='ocr_line' id='line_1_81' title="bbox 1963 1909 3615 1983; baseline 0.002 -20"><span class='ocrx_word' id='word_1_611' title='bbox 1963 1912 2079 1963; x_wconf 90' lang='lat' dir='ltr'>tem</span> <span class='ocrx_word' id='word_1_612' title='bbox 2104 1909 2233 1964; x_wconf 88' lang='lat' dir='ltr'>istis</span> <span class='ocrx_word' id='word_1_613' title='bbox 2252 1927 2366 1965; x_wconf 92' lang='lat' dir='ltr'>non</span> <span class='ocrx_word' id='word_1_614' title='bbox 2388 1910 2873 1982; x_wconf 87' lang='lat' dir='ltr'>displiceat,quod</span> <span class='ocrx_word' id='word_1_615' title='bbox 2891 1910 3045 1966; x_wconf 88' lang='lat' dir='ltr'>Deus</span> <span class='ocrx_word' id='word_1_616' title='bbox 3058 1915 3255 1966; x_wconf 90' lang='lat' dir='ltr'>noster</span> <span class='ocrx_word' id='word_1_617' title='bbox 3275 1928 3423 1983; x_wconf 85' lang='lat' dir='ltr'>opus</span> <span class='ocrx_word' id='word_1_618' title='bbox 3441 1928 3615 1967; x_wconf 90' lang='lat' dir='ltr'>suum</span> 
     </span>
    </p>
   </div>
   <div class='ocr_carea' id='block_1_82' title="bbox 1963 1998 3613 2072">
    <p class='ocr_par' dir='ltr' id='par_1_82' title="bbox 1963 1998 3613 2072">
     <span class='ocr_line' id='line_1_82' title="bbox 1963 1998 3613 2072; baseline 0.002 -19"><span class='ocrx_word' id='word_1_619' title='bbox 1963 1998 2128 2065; x_wconf 88' lang='lat' dir='ltr'>vidit,</span> <span class='ocrx_word' id='word_1_620' title='bbox 2157 1998 2295 2071; x_wconf 89' lang='lat' dir='ltr'>quia</span> <span class='ocrx_word' id='word_1_621' title='bbox 2324 2000 2542 2055; x_wconf 89' lang='lat' dir='ltr'>bonum</span> <span class='ocrx_word' id='word_1_622' title='bbox 2570 2004 2692 2068; x_wconf 91' lang='lat' dir='ltr'>est;</span> <span class='ocrx_word' id='word_1_623' title='bbox 2730 2000 3206 2072; x_wconf 89' lang='lat' dir='ltr'>quandoquidem</span> <span class='ocrx_word' id='word_1_624' title='bbox 3238 2001 3382 2056; x_wconf 89' lang='lat' dir='ltr'>deus</span> <span class='ocrx_word' id='word_1_625' title='bbox 3411 2016 3613 2056; x_wconf 88' lang='lat' dir='ltr'>eorum</span> 
     </span>
    </p>
   </div>
   <div class='ocr_carea' id='block_1_83' title="bbox 1965 2088 3618 2159">
    <p class='ocr_par' dir='ltr' id='par_1_83' title="bbox 1965 2088 3618 2159">
     <span class='ocr_line' id='line_1_83' title="bbox 1965 2088 3618 2159; baseline 0.002 -17"><span class='ocrx_word' id='word_1_626' title='bbox 1965 2103 2099 2142; x_wconf 90' lang='lat' dir='ltr'>cum</span> <span class='ocrx_word' id='word_1_627' title='bbox 2124 2088 2390 2144; x_wconf 89' lang='lat' dir='ltr'>membra</span> <span class='ocrx_word' id='word_1_628' title='bbox 2419 2105 2527 2144; x_wconf 89' lang='lat' dir='ltr'>sua</span> <span class='ocrx_word' id='word_1_629' title='bbox 2558 2089 2762 2144; x_wconf 90' lang='lat' dir='ltr'>mersit</span> <span class='ocrx_word' id='word_1_630' title='bbox 2792 2090 2849 2143; x_wconf 91' lang='lat' dir='ltr'>in</span> <span class='ocrx_word' id='word_1_631' title='bbox 2876 2089 3168 2159; x_wconf 89' lang='lat' dir='ltr'>tenebras,</span> <span class='ocrx_word' id='word_1_632' title='bbox 3188 2088 3382 2144; x_wconf 86' lang='lat' dir='ltr'>velum</span> <span class='ocrx_word' id='word_1_633' title='bbox 3413 2095 3618 2145; x_wconf 90' lang='lat' dir='ltr'>contra</span> 
     </span>
    </p>
   </div>
   <div class='ocr_carea' id='block_1_84' title="bbox 1966 2177 3614 2250">
    <p class='ocr_par' dir='ltr' id='par_1_84' title="bbox 1966 2177 3614 2250">
     <span class='ocr_line' id='line_1_84' title="bbox 1966 2177 3614 2250; baseline 0.002 -18"><span class='ocrx_word' id='word_1_634' title='bbox 1966 2193 2028 2232; x_wconf 90' lang='lat' dir='ltr'>se</span> <span class='ocrx_word' id='word_1_635' title='bbox 2059 2177 2300 2248; x_wconf 84' lang='lat' dir='ltr'>posuit?</span> <span class='ocrx_word' id='word_1_636' title='bbox 2333 2177 2458 2235; x_wconf 84' lang='lat' dir='ltr'>Non</span> <span class='ocrx_word' id='word_1_637' title='bbox 2492 2178 2648 2233; x_wconf 90' lang='lat' dir='ltr'>enim</span> <span class='ocrx_word' id='word_1_638' title='bbox 2681 2178 2836 2250; x_wconf 92' lang='lat' dir='ltr'>quod</span> <span class='ocrx_word' id='word_1_639' title='bbox 2870 2178 3002 2233; x_wconf 86' lang='lat' dir='ltr'>fecit</span> <span class='ocrx_word' id='word_1_640' title='bbox 3031 2178 3196 2245; x_wconf 91' lang='lat' dir='ltr'>vidit,</span> <span class='ocrx_word' id='word_1_641' title='bbox 3224 2177 3363 2250; x_wconf 90' lang='lat' dir='ltr'>quia</span> <span class='ocrx_word' id='word_1_642' title='bbox 3392 2179 3614 2235; x_wconf 90' lang='lat' dir='ltr'>bonum</span> 
     </span>
    </p>
   </div>
   <div class='ocr_carea' id='block_1_85' title="bbox 1963 2266 3257 2340">
    <p class='ocr_par' dir='ltr' id='par_1_85' title="bbox 1963 2266 3257 2340">
     <span class='ocr_line' id='line_1_85' title="bbox 1963 2266 3257 2340; baseline -0.001 -18"><span class='ocrx_word' id='word_1_643' title='bbox 1963 2270 2053 2322; x_wconf 90' lang='lat' dir='ltr'>est</span> <span class='ocrx_word' id='word_1_644' title='bbox 2086 2284 2098 2321; x_wconf 87' lang='lat'><strong>:</strong></span> <span class='ocrx_word' id='word_1_645' title='bbox 2134 2266 2235 2321; x_wconf 91' lang='lat' dir='ltr'>sed</span> <span class='ocrx_word' id='word_1_646' title='bbox 2272 2267 2455 2322; x_wconf 89' lang='lat' dir='ltr'>noluit</span> <span class='ocrx_word' id='word_1_647' title='bbox 2479 2267 2696 2338; x_wconf 88' lang='lat' dir='ltr'>videre,</span> <span class='ocrx_word' id='word_1_648' title='bbox 2729 2267 2870 2340; x_wconf 88' lang='lat' dir='ltr'>quia</span> <span class='ocrx_word' id='word_1_649' title='bbox 2896 2266 3119 2324; x_wconf 88' lang='lat' dir='ltr'>malum</span> <span class='ocrx_word' id='word_1_650' title='bbox 3147 2271 3257 2323; x_wconf 88' lang='lat' dir='ltr'>est.</span> 
     </span>
    </p>
   </div>
   <div class='ocr_carea' id='block_1_86' title="bbox 2036 2356 3618 2414">
    <p class='ocr_par' dir='ltr' id='par_1_86' title="bbox 2036 2356 3618 2414">
     <span class='ocr_line' id='line_1_86' title="bbox 2036 2356 3618 2414; baseline 0.003 -4"><span class='ocrx_word' id='word_1_651' title='bbox 2036 2356 2266 2413; x_wconf 89' lang='lat' dir='ltr'>CAPUT</span> <span class='ocrx_word' id='word_1_652' title='bbox 2296 2357 2446 2412; x_wconf 85' lang='lat' dir='ltr'>XIII.</span> <span class='ocrx_word' id='word_1_653' title='bbox 2472 2388 2538 2398; x_wconf 94' lang='lat'><strong><em>—</em></strong></span> <span class='ocrx_word' id='word_1_654' title='bbox 2568 2357 2838 2413; x_wconf 87' lang='lat' dir='ltr'>Miratum</span> <span class='ocrx_word' id='word_1_655' title='bbox 2864 2373 3003 2414; x_wconf 89' lang='lat' dir='ltr'>sane</span> <span class='ocrx_word' id='word_1_656' title='bbox 3026 2358 3276 2414; x_wconf 88' lang='lat' dir='ltr'>Faustus</span> <span class='ocrx_word' id='word_1_657' title='bbox 3298 2357 3483 2414; x_wconf 86' lang='lat' dir='ltr'>Deum</span> <span class='ocrx_word' id='word_1_658' title='bbox 3511 2374 3618 2414; x_wconf 90' lang='lat' dir='ltr'>no-</span> 
     </span>
    </p>
   </div>
   <div class='ocr_carea' id='block_1_87' title="bbox 1964 2445 3626 2519">
    <p class='ocr_par' dir='ltr' id='par_1_87' title="bbox 1964 2445 3626 2519">
     <span class='ocr_line' id='line_1_87' title="bbox 1964 2445 3626 2519; baseline 0.003 -21"><span class='ocrx_word' id='word_1_659' title='bbox 1964 2448 2153 2499; x_wconf 88' lang='lat' dir='ltr'>strum</span> <span class='ocrx_word' id='word_1_660' title='bbox 2176 2445 2341 2513; x_wconf 87' lang='lat' dir='ltr'>dixit,</span> <span class='ocrx_word' id='word_1_661' title='bbox 2365 2447 2517 2517; x_wconf 92' lang='lat' dir='ltr'>quod</span> <span class='ocrx_word' id='word_1_662' title='bbox 2542 2447 2825 2519; x_wconf 88' lang='lat' dir='ltr'>scriptum</span> <span class='ocrx_word' id='word_1_663' title='bbox 2850 2463 2965 2502; x_wconf 92' lang='lat' dir='ltr'>non</span> <span class='ocrx_word' id='word_1_664' title='bbox 2988 2450 3079 2503; x_wconf 91' lang='lat' dir='ltr'>est</span> <span class='ocrx_word' id='word_1_665' title='bbox 3102 2463 3115 2502; x_wconf 88' lang='lat'><strong>:</strong></span> <span class='ocrx_word' id='word_1_666' title='bbox 3142 2463 3247 2503; x_wconf 90' lang='lat' dir='ltr'>nec</span> <span class='ocrx_word' id='word_1_667' title='bbox 3268 2447 3510 2503; x_wconf 90' lang='lat' dir='ltr'>omnino</span> <span class='ocrx_word' id='word_1_668' title='bbox 3532 2451 3626 2503; x_wconf 88' lang='lat' dir='ltr'>est</span> 
     </span>
    </p>
   </div>
   <div class='ocr_carea' id='block_1_88' title="bbox 1966 2536 3623 2607">
    <p class='ocr_par' dir='ltr' id='par_1_88' title="bbox 1966 2536 3623 2607">
     <span class='ocr_line' id='line_1_88' title="bbox 1966 2536 3623 2607; baseline 0.002 -18"><span class='ocrx_word' id='word_1_669' title='bbox 1966 2550 2334 2607; x_wconf 89' lang='lat' dir='ltr'>consequens</span> <span class='ocrx_word' id='word_1_670' title='bbox 2364 2539 2430 2591; x_wconf 93' lang='lat' dir='ltr'>ut</span> <span class='ocrx_word' id='word_1_671' title='bbox 2477 2552 2611 2592; x_wconf 91' lang='lat' dir='ltr'>cum</span> <span class='ocrx_word' id='word_1_672' title='bbox 2643 2536 2857 2607; x_wconf 90' lang='lat' dir='ltr'>aliquis</span> <span class='ocrx_word' id='word_1_673' title='bbox 2884 2536 3032 2592; x_wconf 88' lang='lat' dir='ltr'>vidit</span> <span class='ocrx_word' id='word_1_674' title='bbox 3077 2537 3218 2607; x_wconf 88' lang='lat' dir='ltr'>quia</span> <span class='ocrx_word' id='word_1_675' title='bbox 3246 2537 3468 2593; x_wconf 90' lang='lat' dir='ltr'>bonum</span> <span class='ocrx_word' id='word_1_676' title='bbox 3508 2542 3623 2600; x_wconf 81' lang='lat' dir='ltr'>est,</span> 
     </span>
    </p>
   </div>
   <div class='ocr_carea' id='block_1_89' title="bbox 1967 2625 3619 2684">
    <p class='ocr_par' dir='ltr' id='par_1_89' title="bbox 1967 2625 3619 2684">
     <span class='ocr_line' id='line_1_89' title="bbox 1967 2625 3619 2684; baseline 0.003 -5"><span class='ocrx_word' id='word_1_677' title='bbox 1967 2625 2141 2680; x_wconf 88' lang='lat' dir='ltr'>etiam</span> <span class='ocrx_word' id='word_1_678' title='bbox 2185 2625 2434 2681; x_wconf 84' lang='lat' dir='ltr'>miratus</span> <span class='ocrx_word' id='word_1_679' title='bbox 2476 2626 2723 2681; x_wconf 89' lang='lat' dir='ltr'>dicatur.</span> <span class='ocrx_word' id='word_1_680' title='bbox 2758 2626 2941 2682; x_wconf 80' lang='lat' dir='ltr'>Multa</span> <span class='ocrx_word' id='word_1_681' title='bbox 2969 2625 3127 2682; x_wconf 91' lang='lat' dir='ltr'>enim</span> <span class='ocrx_word' id='word_1_682' title='bbox 3157 2627 3312 2683; x_wconf 89' lang='lat' dir='ltr'>bona</span> <span class='ocrx_word' id='word_1_683' title='bbox 3354 2628 3619 2684; x_wconf 90' lang='lat' dir='ltr'>videntes</span> 
     </span>
    </p>
   </div>
   <div class='ocr_carea' id='block_1_90' title="bbox 1968 2714 3617 2789">
    <p class='ocr_par' dir='ltr' id='par_1_90' title="bbox 1968 2714 3617 2789">
     <span class='ocr_line' id='line_1_90' title="bbox 1968 2714 3617 2789; baseline 0.002 -21"><span class='ocrx_word' id='word_1_684' title='bbox 1968 2730 2083 2769; x_wconf 90' lang='lat' dir='ltr'>non</span> <span class='ocrx_word' id='word_1_685' title='bbox 2119 2714 2423 2784; x_wconf 85' lang='lat' dir='ltr'>miramur,</span> <span class='ocrx_word' id='word_1_686' title='bbox 2446 2720 2729 2786; x_wconf 87' lang='lat' dir='ltr'>tanquam</span> <span class='ocrx_word' id='word_1_687' title='bbox 2762 2720 2968 2788; x_wconf 59' lang='lat' dir='ltr'>praeter</span> <span class='ocrx_word' id='word_1_688' title='bbox 2995 2717 3329 2789; x_wconf 88' lang='lat' dir='ltr'>opinionem</span> <span class='ocrx_word' id='word_1_689' title='bbox 3353 2718 3432 2773; x_wconf 83' lang='lat' dir='ltr'>ita</span> <span class='ocrx_word' id='word_1_690' title='bbox 3460 2717 3617 2789; x_wconf 81' lang='lat' dir='ltr'>sint;</span> 
     </span>
    </p>
   </div>
   <div class='ocr_carea' id='block_1_91' title="bbox 1970 2804 3619 2878">
    <p class='ocr_par' dir='ltr' id='par_1_91' title="bbox 1970 2804 3619 2878">
     <span class='ocr_line' id='line_1_91' title="bbox 1970 2804 3619 2878; baseline 0.003 -20"><span class='ocrx_word' id='word_1_691' title='bbox 1970 2804 2070 2858; x_wconf 88' lang='lat' dir='ltr'>sed</span> <span class='ocrx_word' id='word_1_692' title='bbox 2093 2804 2501 2859; x_wconf 86' lang='lat' dir='ltr'>tantummodo</span> <span class='ocrx_word' id='word_1_693' title='bbox 2532 2805 2946 2877; x_wconf 79' lang='lat' dir='ltr'>approbemus,</span> <span class='ocrx_word' id='word_1_694' title='bbox 2971 2807 3126 2878; x_wconf 90' lang='lat' dir='ltr'>quod</span> <span class='ocrx_word' id='word_1_695' title='bbox 3151 2807 3233 2862; x_wconf 91' lang='lat' dir='ltr'>ita</span> <span class='ocrx_word' id='word_1_696' title='bbox 3252 2823 3382 2863; x_wconf 91' lang='lat' dir='ltr'>esse</span> <span class='ocrx_word' id='word_1_697' title='bbox 3402 2807 3619 2863; x_wconf 88' lang='lat' dir='ltr'>debue-</span> 
     </span>
    </p>
   </div>
   <div class='ocr_carea' id='block_1_92' title="bbox 1971 2892 3619 2962">
    <p class='ocr_par' dir='ltr' id='par_1_92' title="bbox 1971 2892 3619 2962">
     <span class='ocr_line' id='line_1_92' title="bbox 1971 2892 3619 2962; baseline 0.004 -16"><span class='ocrx_word' id='word_1_698' title='bbox 1971 2892 2111 2951; x_wconf 83' lang='lat' dir='ltr'>rint.</span> <span class='ocrx_word' id='word_1_699' title='bbox 2146 2892 2564 2949; x_wconf 86' lang='lat' dir='ltr'>Verumtamen</span> <span class='ocrx_word' id='word_1_700' title='bbox 2600 2895 2966 2950; x_wconf 88' lang='lat' dir='ltr'>ostendimus</span> <span class='ocrx_word' id='word_1_701' title='bbox 3007 2895 3111 2962; x_wconf 90' lang='lat' dir='ltr'>eis,</span> <span class='ocrx_word' id='word_1_702' title='bbox 3155 2914 3270 2952; x_wconf 91' lang='lat' dir='ltr'>non</span> <span class='ocrx_word' id='word_1_703' title='bbox 3319 2896 3378 2951; x_wconf 92' lang='lat' dir='ltr'>in</span> <span class='ocrx_word' id='word_1_704' title='bbox 3414 2896 3619 2953; x_wconf 87' lang='lat' dir='ltr'>Vetere</span> 
     </span>
    </p>
   </div>
   <div class='ocr_carea' id='block_1_93' title="bbox 1972 2981 3621 3049">
    <p class='ocr_par' dir='ltr' id='par_1_93' title="bbox 1972 2981 3621 3049">
     <span class='ocr_line' id='line_1_93' title="bbox 1972 2981 3621 3049; baseline 0.002 -12"><span class='ocrx_word' id='word_1_705' title='bbox 1972 2983 2349 3037; x_wconf 88' lang='lat' dir='ltr'>Testamento</span> <span class='ocrx_word' id='word_1_706' title='bbox 2377 2982 2470 3037; x_wconf 93' lang='lat' dir='ltr'>cui</span> <span class='ocrx_word' id='word_1_707' title='bbox 2498 2981 2787 3039; x_wconf 90' lang='lat' dir='ltr'>malitiose</span> <span class='ocrx_word' id='word_1_708' title='bbox 2808 2983 3261 3049; x_wconf 88' lang='lat' dir='ltr'>calumniantur,</span> <span class='ocrx_word' id='word_1_709' title='bbox 3288 2986 3388 3041; x_wconf 89' lang='lat' dir='ltr'>sed</span> <span class='ocrx_word' id='word_1_710' title='bbox 3422 2985 3480 3039; x_wconf 90' lang='lat' dir='ltr'>in</span> <span class='ocrx_word' id='word_1_711' title='bbox 3513 2986 3621 3040; x_wconf 91' lang='lat' dir='ltr'>No-</span> 
     </span>
    </p>
   </div>
   <div class='ocr_carea' id='block_1_94' title="bbox 1971 3070 3622 3143">
    <p class='ocr_par' dir='ltr' id='par_1_94' title="bbox 1971 3070 3622 3143">
     <span class='ocr_line' id='line_1_94' title="bbox 1971 3070 3622 3143; baseline 0.002 -18"><span class='ocrx_word' id='word_1_712' title='bbox 1971 3085 2039 3125; x_wconf 87' lang='lat' dir='ltr'>vo</span> <span class='ocrx_word' id='word_1_713' title='bbox 2072 3070 2224 3141; x_wconf 90' lang='lat' dir='ltr'>quod</span> <span class='ocrx_word' id='word_1_714' title='bbox 2258 3074 2321 3124; x_wconf 91' lang='lat' dir='ltr'>ut</span> <span class='ocrx_word' id='word_1_715' title='bbox 2352 3070 2654 3141; x_wconf 89' lang='lat' dir='ltr'>imperitos</span> <span class='ocrx_word' id='word_1_716' title='bbox 2698 3070 2902 3127; x_wconf 88' lang='lat' dir='ltr'>fallant</span> <span class='ocrx_word' id='word_1_717' title='bbox 2933 3071 3245 3143; x_wconf 89' lang='lat' dir='ltr'>accipiunt,</span> <span class='ocrx_word' id='word_1_718' title='bbox 3278 3072 3463 3127; x_wconf 90' lang='lat' dir='ltr'>Deum</span> <span class='ocrx_word' id='word_1_719' title='bbox 3494 3089 3622 3129; x_wconf 85' lang='lat' dir='ltr'>esse</span> 
     </span>
    </p>
   </div>
   <div class='ocr_carea' id='block_1_95' title="bbox 1974 3159 3620 3229">
    <p class='ocr_par' dir='ltr' id='par_1_95' title="bbox 1974 3159 3620 3229">
     <span class='ocr_line' id='line_1_95' title="bbox 1974 3159 3620 3229; baseline 0.002 -15"><span class='ocrx_word' id='word_1_720' title='bbox 1974 3159 2277 3215; x_wconf 87' lang='lat' dir='ltr'>miratum.</span> <span class='ocrx_word' id='word_1_721' title='bbox 2301 3160 2600 3215; x_wconf 89' lang='lat' dir='ltr'>Christum</span> <span class='ocrx_word' id='word_1_722' title='bbox 2625 3160 2782 3215; x_wconf 89' lang='lat' dir='ltr'>enim</span> <span class='ocrx_word' id='word_1_723' title='bbox 2805 3160 3065 3217; x_wconf 88' lang='lat' dir='ltr'>fatentur</span> <span class='ocrx_word' id='word_1_724' title='bbox 3080 3161 3361 3229; x_wconf 90' lang='lat' dir='ltr'>Deum,et</span> <span class='ocrx_word' id='word_1_725' title='bbox 3387 3162 3539 3218; x_wconf 89' lang='lat' dir='ltr'>hanc</span> <span class='ocrx_word' id='word_1_726' title='bbox 3559 3162 3620 3218; x_wconf 91' lang='lat' dir='ltr'>in</span> 
     </span>
    </p>
   </div>
   <div class='ocr_carea' id='block_1_96' title="bbox 1974 3247 3623 3324">
    <p class='ocr_par' dir='ltr' id='par_1_96' title="bbox 1974 3247 3623 3324">
     <span class='ocr_line' id='line_1_96' title="bbox 1974 3247 3623 3324; baseline 0.002 -21"><span class='ocrx_word' id='word_1_727' title='bbox 1974 3247 2179 3321; x_wconf 86' lang='lat' dir='ltr'>laqueo</span> <span class='ocrx_word' id='word_1_728' title='bbox 2210 3266 2317 3304; x_wconf 91' lang='lat' dir='ltr'>suo</span> <span class='ocrx_word' id='word_1_729' title='bbox 2351 3249 2509 3305; x_wconf 88' lang='lat' dir='ltr'>velut</span> <span class='ocrx_word' id='word_1_730' title='bbox 2548 3266 2743 3305; x_wconf 89' lang='lat' dir='ltr'>escam</span> <span class='ocrx_word' id='word_1_731' title='bbox 2788 3249 3190 3306; x_wconf 90' lang='lat' dir='ltr'>dulcissimam</span> <span class='ocrx_word' id='word_1_732' title='bbox 3226 3255 3470 3323; x_wconf 89' lang='lat' dir='ltr'>ponunt,</span> <span class='ocrx_word' id='word_1_733' title='bbox 3505 3268 3623 3324; x_wconf 89' lang='lat' dir='ltr'>qua</span> 
     </span>
    </p>
   </div>
   <div class='ocr_carea' id='block_1_97' title="bbox 1975 3337 3623 3413">
    <p class='ocr_par' dir='ltr' id='par_1_97' title="bbox 1975 3337 3623 3413">
     <span class='ocr_line' id='line_1_97' title="bbox 1975 3337 3623 3413; baseline 0.002 -22"><span class='ocrx_word' id='word_1_734' title='bbox 1975 3337 2203 3394; x_wconf 86' lang='lat' dir='ltr'>Christo</span> <span class='ocrx_word' id='word_1_735' title='bbox 2228 3339 2456 3395; x_wconf 88' lang='lat' dir='ltr'>deditos</span> <span class='ocrx_word' id='word_1_736' title='bbox 2486 3341 2736 3411; x_wconf 91' lang='lat' dir='ltr'>capiant.</span> <span class='ocrx_word' id='word_1_737' title='bbox 2767 3341 2918 3395; x_wconf 92' lang='lat' dir='ltr'>Deus</span> <span class='ocrx_word' id='word_1_738' title='bbox 2944 3356 3079 3413; x_wconf 89' lang='lat' dir='ltr'>ergo</span> <span class='ocrx_word' id='word_1_739' title='bbox 3113 3341 3360 3397; x_wconf 86' lang='lat' dir='ltr'>miratus</span> <span class='ocrx_word' id='word_1_740' title='bbox 3391 3349 3474 3397; x_wconf 85' lang='lat' dir='ltr'>est</span> <span class='ocrx_word' id='word_1_741' title='bbox 3499 3359 3512 3397; x_wconf 88' lang='lat'><strong>:</strong></span> <span class='ocrx_word' id='word_1_742' title='bbox 3538 3342 3623 3397; x_wconf 92' lang='lat' dir='ltr'>sic</span> 
     </span>
    </p>
   </div>
   <div class='ocr_carea' id='block_1_98' title="bbox 1974 3427 3627 3501">
    <p class='ocr_par' dir='ltr' id='par_1_98' title="bbox 1974 3427 3627 3501">
     <span class='ocr_line' id='line_1_98' title="bbox 1974 3427 3627 3501; baseline 0.001 -18"><span class='ocrx_word' id='word_1_743' title='bbox 1974 3427 2130 3483; x_wconf 88' lang='lat' dir='ltr'>enim</span> <span class='ocrx_word' id='word_1_744' title='bbox 2164 3428 2445 3499; x_wconf 90' lang='lat' dir='ltr'>scriptum</span> <span class='ocrx_word' id='word_1_745' title='bbox 2498 3433 2586 3483; x_wconf 89' lang='lat' dir='ltr'>est</span> <span class='ocrx_word' id='word_1_746' title='bbox 2616 3428 2679 3483; x_wconf 90' lang='lat' dir='ltr'>in</span> <span class='ocrx_word' id='word_1_747' title='bbox 2726 3429 3056 3499; x_wconf 84' lang='lat' dir='ltr'>Evangelio,</span> <span class='ocrx_word' id='word_1_748' title='bbox 3091 3430 3246 3501; x_wconf 91' lang='lat' dir='ltr'>quod</span> <span class='ocrx_word' id='word_1_749' title='bbox 3281 3430 3482 3485; x_wconf 90' lang='lat' dir='ltr'>audita</span> <span class='ocrx_word' id='word_1_750' title='bbox 3513 3430 3627 3485; x_wconf 85' lang='lat' dir='ltr'>fide</span> 
     </span>
    </p>
   </div>
   <div class='ocr_carea' id='block_1_99' title="bbox 1975 3517 3628 3590">
    <p class='ocr_par' dir='ltr' id='par_1_99' title="bbox 1975 3517 3628 3590">
     <span class='ocr_line' id='line_1_99' title="bbox 1975 3517 3628 3590; baseline 0.002 -20"><span class='ocrx_word' id='word_1_751' title='bbox 1975 3517 2282 3584; x_wconf 84' lang='lat' dir='ltr'>cujusdam</span> <span class='ocrx_word' id='word_1_752' title='bbox 2307 3517 2680 3572; x_wconf 88' lang='lat' dir='ltr'>Centurionis</span> <span class='ocrx_word' id='word_1_753' title='bbox 2718 3519 2955 3572; x_wconf 79' lang='lat' dir='ltr'>miratus</span> <span class='ocrx_word' id='word_1_754' title='bbox 3001 3522 3098 3585; x_wconf 86' lang='lat' dir='ltr'>est,</span> <span class='ocrx_word' id='word_1_755' title='bbox 3130 3522 3182 3573; x_wconf 90' lang='lat' dir='ltr'>et</span> <span class='ocrx_word' id='word_1_756' title='bbox 3209 3521 3291 3574; x_wconf 86' lang='lat' dir='ltr'>ait</span> <span class='ocrx_word' id='word_1_757' title='bbox 3341 3520 3628 3590; x_wconf 85' lang='lat' dir='ltr'>discipulis</span> 
     </span>
    </p>
   </div>
   <div class='ocr_carea' id='block_1_100' title="bbox 1972 3606 3625 3677">
    <p class='ocr_par' dir='ltr' id='par_1_100' title="bbox 1972 3606 3625 3677">
     <span class='ocr_line' id='line_1_100' title="bbox 1972 3606 3625 3677; baseline 0.002 -18"><span class='ocrx_word' id='word_1_758' title='bbox 1972 3606 2108 3671; x_wconf 84' lang='lat' dir='ltr'>suis,</span> <span class='ocrx_word' id='word_1_759' title='bbox 2134 3607 2300 3661; x_wconf 84' lang='lat' dir='ltr'>Amen</span> <span class='ocrx_word' id='word_1_760' title='bbox 2329 3607 2450 3662; x_wconf 83' lang='lat' dir='ltr'>dico</span> <span class='ocrx_word' id='word_1_761' title='bbox 2480 3607 2651 3671; x_wconf 86' lang='lat' dir='ltr'>vobis,</span> <span class='ocrx_word' id='word_1_762' title='bbox 2673 3622 2783 3661; x_wconf 83' lang='lat' dir='ltr'>non</span> <span class='ocrx_word' id='word_1_763' title='bbox 2811 3607 2999 3661; x_wconf 83' lang='lat' dir='ltr'>inveni</span> <span class='ocrx_word' id='word_1_764' title='bbox 3023 3613 3237 3662; x_wconf 80' lang='lat' dir='ltr'>tantam</span> <span class='ocrx_word' id='word_1_765' title='bbox 3268 3608 3433 3677; x_wconf 80' lang='lat' dir='ltr'>ﬁdem</span> <span class='ocrx_word' id='word_1_766' title='bbox 3457 3610 3518 3663; x_wconf 82' lang='lat' dir='ltr'>in</span> <span class='ocrx_word' id='word_1_767' title='bbox 3547 3609 3625 3663; x_wconf 83' lang='lat' dir='ltr'>Is-</span> 
     </span>
    </p>
   </div>
   <div class='ocr_carea' id='block_1_101' title="bbox 1974 3695 3622 3768">
    <p class='ocr_par' dir='ltr' id='par_1_101' title="bbox 1974 3695 3622 3768">
     <span class='ocr_line' id='line_1_101' title="bbox 1974 3695 3622 3768; baseline 0.001 -18"><span class='ocrx_word' id='word_1_768' title='bbox 1974 3696 2089 3750; x_wconf 85' lang='lat' dir='ltr'>rael</span> <span class='ocrx_word' id='word_1_769' title='bbox 2120 3695 2342 3764; x_wconf 84' lang='lat' dir='ltr'>(Matth.</span> <span class='ocrx_word' id='word_1_770' title='bbox 2378 3712 2501 3765; x_wconf 84' lang='lat' dir='ltr'>vm,</span> <span class='ocrx_word' id='word_1_771' title='bbox 2527 3696 2633 3764; x_wconf 91' lang='grc'>10).</span> <span class='ocrx_word' id='word_1_772' title='bbox 2678 3696 2820 3752; x_wconf 87' lang='lat' dir='ltr'>Ecce</span> <span class='ocrx_word' id='word_1_773' title='bbox 2850 3713 2956 3751; x_wconf 89' lang='lat' dir='ltr'>nos</span> <span class='ocrx_word' id='word_1_774' title='bbox 2986 3701 3050 3751; x_wconf 86' lang='lat' dir='ltr'>ut</span> <span class='ocrx_word' id='word_1_775' title='bbox 3080 3696 3402 3767; x_wconf 83' lang='lat' dir='ltr'>potuimus,</span> <span class='ocrx_word' id='word_1_776' title='bbox 3442 3713 3622 3768; x_wconf 84' lang='lat' dir='ltr'>expo-</span> 
     </span>
    </p>
   </div>
   <div class='ocr_carea' id='block_1_102' title="bbox 1973 3785 3620 3857">
    <p class='ocr_par' dir='ltr' id='par_1_102' title="bbox 1973 3785 3620 3857">
     <span class='ocr_line' id='line_1_102' title="bbox 1973 3785 3620 3857; baseline 0.001 -17"><span class='ocrx_word' id='word_1_777' title='bbox 1973 3785 2223 3851; x_wconf 90' lang='lat' dir='ltr'>suimus,</span> <span class='ocrx_word' id='word_1_778' title='bbox 2244 3785 2384 3840; x_wconf 86' lang='lat' dir='ltr'>Vidit</span> <span class='ocrx_word' id='word_1_779' title='bbox 2413 3787 2550 3841; x_wconf 85' lang='lat' dir='ltr'>Deus</span> <span class='ocrx_word' id='word_1_780' title='bbox 2577 3786 2711 3857; x_wconf 87' lang='lat' dir='ltr'>quia</span> <span class='ocrx_word' id='word_1_781' title='bbox 2742 3786 2939 3840; x_wconf 82' lang='lat' dir='ltr'>bonum</span> <span class='ocrx_word' id='word_1_782' title='bbox 2962 3791 3078 3853; x_wconf 80' lang='lat' dir='ltr'>est;</span> <span class='ocrx_word' id='word_1_783' title='bbox 3098 3790 3155 3841; x_wconf 89' lang='lat' dir='ltr'>et</span> <span class='ocrx_word' id='word_1_784' title='bbox 3170 3785 3381 3841; x_wconf 91' lang='lat' dir='ltr'>melius</span> <span class='ocrx_word' id='word_1_785' title='bbox 3413 3786 3620 3842; x_wconf 89' lang='lat' dir='ltr'>fortas-</span> 
     </span>
    </p>
   </div>
   <div class='ocr_carea' id='block_1_103' title="bbox 1973 3874 3621 3947">
    <p class='ocr_par' dir='ltr' id='par_1_103' title="bbox 1973 3874 3621 3947">
     <span class='ocr_line' id='line_1_103' title="bbox 1973 3874 3621 3947; baseline 0.002 -18"><span class='ocrx_word' id='word_1_786' title='bbox 1973 3874 2056 3929; x_wconf 90' lang='lat' dir='ltr'>sis</span> <span class='ocrx_word' id='word_1_787' title='bbox 2087 3878 2386 3946; x_wconf 87' lang='lat' dir='ltr'>exponunt</span> <span class='ocrx_word' id='word_1_788' title='bbox 2416 3874 2528 3930; x_wconf 86' lang='lat' dir='ltr'>ista</span> <span class='ocrx_word' id='word_1_789' title='bbox 2559 3874 2826 3931; x_wconf 89' lang='lat' dir='ltr'>meliores</span> <span class='ocrx_word' id='word_1_790' title='bbox 2861 3893 2875 3931; x_wconf 88' lang='lat'><strong>:</strong></span> <span class='ocrx_word' id='word_1_791' title='bbox 2908 3880 3201 3947; x_wconf 83' lang='lat' dir='ltr'>exponant</span> <span class='ocrx_word' id='word_1_792' title='bbox 3228 3879 3284 3930; x_wconf 91' lang='lat' dir='ltr'>et</span> <span class='ocrx_word' id='word_1_793' title='bbox 3312 3875 3409 3931; x_wconf 91' lang='lat' dir='ltr'>isti</span> <span class='ocrx_word' id='word_1_794' title='bbox 3440 3892 3621 3947; x_wconf 85' lang='lat' dir='ltr'>quare</span> 
     </span>
    </p>
   </div>
   <div class='ocr_carea' id='block_1_104' title="bbox 1973 3964 3621 4037">
    <p class='ocr_par' dir='ltr' id='par_1_104' title="bbox 1973 3964 3621 4037">
     <span class='ocr_line' id='line_1_104' title="bbox 1973 3964 3621 4037; baseline 0.001 -18"><span class='ocrx_word' id='word_1_795' title='bbox 1973 3964 2053 4019; x_wconf 90' lang='lat' dir='ltr'>sit</span> <span class='ocrx_word' id='word_1_796' title='bbox 2083 3964 2327 4020; x_wconf 89' lang='lat' dir='ltr'>miratus</span> <span class='ocrx_word' id='word_1_797' title='bbox 2356 3965 2550 4034; x_wconf 86' lang='lat' dir='ltr'>Jesus,</span> <span class='ocrx_word' id='word_1_798' title='bbox 2584 3965 2739 4037; x_wconf 91' lang='lat' dir='ltr'>quod</span> <span class='ocrx_word' id='word_1_799' title='bbox 2788 3969 3107 4037; x_wconf 88' lang='lat' dir='ltr'>antequam</span> <span class='ocrx_word' id='word_1_800' title='bbox 3139 3965 3323 4030; x_wconf 84' lang='lat' dir='ltr'>fieret,</span> <span class='ocrx_word' id='word_1_801' title='bbox 3356 3966 3621 4037; x_wconf 75' lang='lat' dir='ltr'>prmscie-</span> 
     </span>
    </p>
   </div>
   <div class='ocr_carea' id='block_1_105' title="bbox 1973 4052 3623 4126">
    <p class='ocr_par' dir='ltr' id='par_1_105' title="bbox 1973 4052 3623 4126">
     <span class='ocr_line' id='line_1_105' title="bbox 1973 4052 3623 4126; baseline 0.001 -18"><span class='ocrx_word' id='word_1_802' title='bbox 1973 4052 2113 4120; x_wconf 89' lang='lat' dir='ltr'>bat;</span> <span class='ocrx_word' id='word_1_803' title='bbox 2156 4058 2214 4109; x_wconf 87' lang='lat' dir='ltr'>et</span> <span class='ocrx_word' id='word_1_804' title='bbox 2244 4058 2557 4125; x_wconf 90' lang='lat' dir='ltr'>antequam</span> <span class='ocrx_word' id='word_1_805' title='bbox 2607 4054 2854 4119; x_wconf 88' lang='lat' dir='ltr'>audiret,</span> <span class='ocrx_word' id='word_1_806' title='bbox 2888 4054 3090 4126; x_wconf 91' lang='lat' dir='ltr'>utique</span> <span class='ocrx_word' id='word_1_807' title='bbox 3140 4058 3396 4110; x_wconf 89' lang='lat' dir='ltr'>noverat.</span> <span class='ocrx_word' id='word_1_808' title='bbox 3430 4054 3623 4118; x_wconf 87' lang='lat' dir='ltr'>Quan-</span> 
     </span>
    </p>
   </div>
   <div class='ocr_carea' id='block_1_106' title="bbox 1974 4143 3626 4216">
    <p class='ocr_par' dir='ltr' id='par_1_106' title="bbox 1974 4143 3626 4216">
     <span class='ocr_line' id='line_1_106' title="bbox 1974 4143 3626 4216; baseline 0.001 -19"><span class='ocrx_word' id='word_1_809' title='bbox 1974 4159 2151 4214; x_wconf 90' lang='lat' dir='ltr'>quam</span> <span class='ocrx_word' id='word_1_810' title='bbox 2203 4143 2360 4198; x_wconf 89' lang='lat' dir='ltr'>enim</span> <span class='ocrx_word' id='word_1_811' title='bbox 2407 4143 2728 4216; x_wconf 90' lang='lat' dir='ltr'>plurimum</span> <span class='ocrx_word' id='word_1_812' title='bbox 2769 4144 3022 4211; x_wconf 88' lang='lat' dir='ltr'>intersit,</span> <span class='ocrx_word' id='word_1_813' title='bbox 3054 4147 3253 4200; x_wconf 90' lang='lat' dir='ltr'>utrum</span> <span class='ocrx_word' id='word_1_814' title='bbox 3296 4144 3489 4199; x_wconf 88' lang='lat' dir='ltr'>videat</span> <span class='ocrx_word' id='word_1_815' title='bbox 3519 4143 3626 4199; x_wconf 89' lang='lat' dir='ltr'>ali-</span> 
     </span>
    </p>
   </div>
   <div class='ocr_carea' id='block_1_107' title="bbox 1974 4231 3623 4304">
    <p class='ocr_par' dir='ltr' id='par_1_107' title="bbox 1974 4231 3623 4304">
     <span class='ocr_line' id='line_1_107' title="bbox 1974 4231 3623 4304; baseline 0.001 -17"><span class='ocrx_word' id='word_1_816' title='bbox 1974 4231 2106 4304; x_wconf 90' lang='lat' dir='ltr'>quis</span> <span class='ocrx_word' id='word_1_817' title='bbox 2139 4232 2277 4304; x_wconf 90' lang='lat' dir='ltr'>quia</span> <span class='ocrx_word' id='word_1_818' title='bbox 2305 4233 2525 4289; x_wconf 90' lang='lat' dir='ltr'>bonum</span> <span class='ocrx_word' id='word_1_819' title='bbox 2545 4238 2652 4299; x_wconf 88' lang='lat' dir='ltr'>est,</span> <span class='ocrx_word' id='word_1_820' title='bbox 2678 4251 2750 4289; x_wconf 89' lang='lat' dir='ltr'>an</span> <span class='ocrx_word' id='word_1_821' title='bbox 2781 4233 2959 4289; x_wconf 87' lang='lat' dir='ltr'>etiam</span> <span class='ocrx_word' id='word_1_822' title='bbox 2990 4232 3236 4289; x_wconf 90' lang='lat' dir='ltr'>miretur</span> <span class='ocrx_word' id='word_1_823' title='bbox 3266 4247 3279 4287; x_wconf 87' lang='lat'><strong>:</strong></span> <span class='ocrx_word' id='word_1_824' title='bbox 3316 4232 3374 4287; x_wconf 91' lang='lat' dir='ltr'>in</span> <span class='ocrx_word' id='word_1_825' title='bbox 3403 4232 3513 4288; x_wconf 91' lang='lat' dir='ltr'>hoc</span> <span class='ocrx_word' id='word_1_826' title='bbox 3534 4236 3623 4288; x_wconf 88' lang='lat' dir='ltr'>ta-</span> 
     </span>
    </p>
   </div>
   <div class='ocr_carea' id='block_1_108' title="bbox 1975 4320 3622 4393">
    <p class='ocr_par' dir='ltr' id='par_1_108' title="bbox 1975 4320 3622 4393">
     <span class='ocr_line' id='line_1_108' title="bbox 1975 4320 3622 4393; baseline 0 -17"><span class='ocrx_word' id='word_1_827' title='bbox 1975 4337 2107 4377; x_wconf 91' lang='lat' dir='ltr'>men</span> <span class='ocrx_word' id='word_1_828' title='bbox 2140 4325 2229 4376; x_wconf 89' lang='lat' dir='ltr'>est</span> <span class='ocrx_word' id='word_1_829' title='bbox 2258 4322 2541 4378; x_wconf 90' lang='lat' dir='ltr'>nonnulla</span> <span class='ocrx_word' id='word_1_830' title='bbox 2571 4322 2915 4390; x_wconf 90' lang='lat' dir='ltr'>similitudo,</span> <span class='ocrx_word' id='word_1_831' title='bbox 2958 4322 3096 4393; x_wconf 91' lang='lat' dir='ltr'>quia</span> <span class='ocrx_word' id='word_1_832' title='bbox 3124 4322 3297 4377; x_wconf 88' lang='lat' dir='ltr'>etiam</span> <span class='ocrx_word' id='word_1_833' title='bbox 3328 4320 3499 4376; x_wconf 88' lang='lat' dir='ltr'>Jesus</span> <span class='ocrx_word' id='word_1_834' title='bbox 3532 4320 3622 4376; x_wconf 91' lang='lat' dir='ltr'>lu-</span> 
     </span>
    </p>
   </div>
   <div class='ocr_carea' id='block_1_109' title="bbox 1975 4409 3620 4482">
    <p class='ocr_par' dir='ltr' id='par_1_109' title="bbox 1975 4409 3620 4482">
     <span class='ocr_line' id='line_1_109' title="bbox 1975 4409 3620 4482; baseline -0.001 -16"><span class='ocrx_word' id='word_1_835' title='bbox 1975 4426 2099 4466; x_wconf 90' lang='lat' dir='ltr'>cem</span> <span class='ocrx_word' id='word_1_836' title='bbox 2131 4411 2264 4465; x_wconf 86' lang='lat' dir='ltr'>ﬁdei</span> <span class='ocrx_word' id='word_1_837' title='bbox 2290 4412 2533 4466; x_wconf 90' lang='lat' dir='ltr'>miratus</span> <span class='ocrx_word' id='word_1_838' title='bbox 2571 4414 2681 4478; x_wconf 90' lang='lat' dir='ltr'>est,</span> <span class='ocrx_word' id='word_1_839' title='bbox 2714 4427 2891 4482; x_wconf 89' lang='lat' dir='ltr'>quam</span> <span class='ocrx_word' id='word_1_840' title='bbox 2924 4410 2981 4465; x_wconf 92' lang='lat' dir='ltr'>iu</span> <span class='ocrx_word' id='word_1_841' title='bbox 3016 4411 3186 4465; x_wconf 84' lang='lat' dir='ltr'>corde</span> <span class='ocrx_word' id='word_1_842' title='bbox 3216 4409 3376 4465; x_wconf 90' lang='lat' dir='ltr'>illius</span> <span class='ocrx_word' id='word_1_843' title='bbox 3408 4409 3620 4465; x_wconf 91' lang='lat' dir='ltr'>Centu-</span> 
     </span>
    </p>
   </div>
   <div class='ocr_carea' id='block_1_110' title="bbox 1972 4498 3620 4572">
    <p class='ocr_par' dir='ltr' id='par_1_110' title="bbox 1972 4498 3620 4572">
     <span class='ocr_line' id='line_1_110' title="bbox 1972 4498 3620 4572; baseline -0.001 -17"><span class='ocrx_word' id='word_1_844' title='bbox 1972 4499 2156 4556; x_wconf 89' lang='lat' dir='ltr'>rionis</span> <span class='ocrx_word' id='word_1_845' title='bbox 2186 4499 2311 4571; x_wconf 90' lang='lat' dir='ltr'>ipse</span> <span class='ocrx_word' id='word_1_846' title='bbox 2354 4501 2586 4571; x_wconf 88' lang='lat' dir='ltr'>fecerat,</span> <span class='ocrx_word' id='word_1_847' title='bbox 2619 4500 2720 4572; x_wconf 93' lang='lat' dir='ltr'>qui</span> <span class='ocrx_word' id='word_1_848' title='bbox 2751 4516 2953 4555; x_wconf 90' lang='lat' dir='ltr'>verum</span> <span class='ocrx_word' id='word_1_849' title='bbox 2985 4504 3074 4555; x_wconf 89' lang='lat' dir='ltr'>est</span> <span class='ocrx_word' id='word_1_850' title='bbox 3104 4499 3324 4568; x_wconf 91' lang='lat' dir='ltr'>lumen,</span> <span class='ocrx_word' id='word_1_851' title='bbox 3359 4500 3516 4572; x_wconf 90' lang='lat' dir='ltr'>quod</span> <span class='ocrx_word' id='word_1_852' title='bbox 3544 4498 3620 4554; x_wconf 89' lang='lat' dir='ltr'>il-</span> 
     </span>
    </p>
   </div>
   <div class='ocr_carea' id='block_1_111' title="bbox 1972 4588 3621 4645">
    <p class='ocr_par' dir='ltr' id='par_1_111' title="bbox 1972 4588 3621 4645">
     <span class='ocr_line' id='line_1_111' title="bbox 1972 4588 3621 4645; baseline 0 -1"><span class='ocrx_word' id='word_1_853' title='bbox 1972 4588 2223 4645; x_wconf 89' lang='lat' dir='ltr'>luminat</span> <span class='ocrx_word' id='word_1_854' title='bbox 2243 4606 2476 4645; x_wconf 91' lang='lat' dir='ltr'>omnem</span> <span class='ocrx_word' id='word_1_855' title='bbox 2497 4590 2795 4645; x_wconf 89' lang='lat' dir='ltr'>hominem</span> <span class='ocrx_word' id='word_1_856' title='bbox 2818 4589 3145 4645; x_wconf 87' lang='lat' dir='ltr'>venientem</span> <span class='ocrx_word' id='word_1_857' title='bbox 3176 4588 3237 4645; x_wconf 90' lang='lat' dir='ltr'>in</span> <span class='ocrx_word' id='word_1_858' title='bbox 3270 4588 3428 4645; x_wconf 90' lang='lat' dir='ltr'>hunc</span> <span class='ocrx_word' id='word_1_859' title='bbox 3448 4606 3621 4645; x_wconf 87' lang='lat' dir='ltr'>mun-</span> 
     </span>
    </p>
   </div>
   <div class='ocr_carea' id='block_1_112' title="bbox 1972 4678 2525 4751">
    <p class='ocr_par' dir='ltr' id='par_1_112' title="bbox 1972 4678 2525 4751">
     <span class='ocr_line' id='line_1_112' title="bbox 1972 4678 2525 4751; baseline 0 -18"><span class='ocrx_word' id='word_1_860' title='bbox 1972 4678 2111 4733; x_wconf 93' lang='lat' dir='ltr'>dum</span> <span class='ocrx_word' id='word_1_861' title='bbox 2141 4678 2319 4751; x_wconf 88' lang='lat' dir='ltr'>(Joan.</span> <span class='ocrx_word' id='word_1_862' title='bbox 2353 4696 2392 4747; x_wconf 86' lang='lat'>1,</span> <span class='ocrx_word' id='word_1_863' title='bbox 2424 4678 2525 4751; x_wconf 83' lang='lat'>9)?</span> 
     </span>
    </p>
   </div>
   <div class='ocr_carea' id='block_1_113' title="bbox 2044 4767 3622 4841">
    <p class='ocr_par' dir='ltr' id='par_1_113' title="bbox 2044 4767 3622 4841">
     <span class='ocr_line' id='line_1_113' title="bbox 2044 4767 3622 4841; baseline 0.001 -18"><span class='ocrx_word' id='word_1_864' title='bbox 2044 4768 2278 4824; x_wconf 87' lang='lat' dir='ltr'>CAPUT</span> <span class='ocrx_word' id='word_1_865' title='bbox 2309 4768 2455 4826; x_wconf 84' lang='lat' dir='ltr'>XIV.</span> <span class='ocrx_word' id='word_1_866' title='bbox 2478 4799 2547 4809; x_wconf 87' lang='lat'><strong>—</strong></span> <span class='ocrx_word' id='word_1_867' title='bbox 2570 4771 2749 4835; x_wconf 92' lang='lat' dir='ltr'>Quem</span> <span class='ocrx_word' id='word_1_868' title='bbox 2774 4772 2970 4841; x_wconf 89' lang='lat' dir='ltr'>posset</span> <span class='ocrx_word' id='word_1_869' title='bbox 2990 4772 3144 4825; x_wconf 90' lang='lat' dir='ltr'>certe</span> <span class='ocrx_word' id='word_1_870' title='bbox 3166 4768 3380 4841; x_wconf 80' lang='lat' dir='ltr'>aliquis</span> <span class='ocrx_word' id='word_1_871' title='bbox 3403 4767 3622 4840; x_wconf 82' lang='lat' dir='ltr'>impius</span> 
     </span>
    </p>
   </div>
   <div class='ocr_carea' id='block_1_114' title="bbox 1974 4855 3618 4931">
    <p class='ocr_par' dir='ltr' id='par_1_114' title="bbox 1974 4855 3618 4931">
     <span class='ocr_line' id='line_1_114' title="bbox 1974 4855 3618 4931; baseline -0.001 -18"><span class='ocrx_word' id='word_1_872' title='bbox 1974 4874 2239 4930; x_wconf 88' lang='lat' dir='ltr'>paganus</span> <span class='ocrx_word' id='word_1_873' title='bbox 2254 4858 2334 4914; x_wconf 89' lang='lat' dir='ltr'>ita</span> <span class='ocrx_word' id='word_1_874' title='bbox 2347 4856 2693 4914; x_wconf 91' lang='lat' dir='ltr'>calumniari</span> <span class='ocrx_word' id='word_1_875' title='bbox 2714 4863 2771 4915; x_wconf 91' lang='lat' dir='ltr'>et</span> <span class='ocrx_word' id='word_1_876' title='bbox 2782 4858 3202 4931; x_wconf 89' lang='lat' dir='ltr'>reprehendere</span> <span class='ocrx_word' id='word_1_877' title='bbox 3216 4858 3274 4913; x_wconf 91' lang='lat' dir='ltr'>in</span> <span class='ocrx_word' id='word_1_878' title='bbox 3290 4855 3618 4929; x_wconf 87' lang='lat' dir='ltr'>Evangelio,</span> 
     </span>
    </p>
   </div>
   <div class='ocr_carea' id='block_1_115' title="bbox 1974 4946 3624 5021">
    <p class='ocr_par' dir='ltr' id='par_1_115' title="bbox 1974 4946 3624 5021">
     <span class='ocr_line' id='line_1_115' title="bbox 1974 4946 3624 5021; baseline -0.001 -18"><span class='ocrx_word' id='word_1_879' title='bbox 1974 4948 2127 5003; x_wconf 90' lang='lat' dir='ltr'>sicut</span> <span class='ocrx_word' id='word_1_880' title='bbox 2155 4948 2339 5003; x_wconf 91' lang='lat' dir='ltr'>Deum</span> <span class='ocrx_word' id='word_1_881' title='bbox 2378 4948 2630 5004; x_wconf 88' lang='lat' dir='ltr'>Faustus</span> <span class='ocrx_word' id='word_1_882' title='bbox 2662 4949 2720 5003; x_wconf 90' lang='lat' dir='ltr'>in</span> <span class='ocrx_word' id='word_1_883' title='bbox 2752 4948 3363 5021; x_wconf 38' lang='lat' dir='ltr'>vetera-Testamento.</span> <span class='ocrx_word' id='word_1_884' title='bbox 3397 4946 3624 5003; x_wconf 89' lang='lat' dir='ltr'>Diceret</span> 
     </span>
    </p>
   </div>
   <div class='ocr_carea' id='block_1_116' title="bbox 1974 5033 3623 5111">
    <p class='ocr_par' dir='ltr' id='par_1_116' title="bbox 1974 5033 3623 5111">
     <span class='ocr_line' id='line_1_116' title="bbox 1974 5033 3623 5111; baseline -0.002 -20"><span class='ocrx_word' id='word_1_885' title='bbox 1974 5036 2130 5091; x_wconf 89' lang='lat' dir='ltr'>enim</span> <span class='ocrx_word' id='word_1_886' title='bbox 2149 5040 2206 5093; x_wconf 88' lang='lat' dir='ltr'>et</span> <span class='ocrx_word' id='word_1_887' title='bbox 2222 5035 2319 5093; x_wconf 92' lang='lat' dir='ltr'>ille</span> <span class='ocrx_word' id='word_1_888' title='bbox 2337 5037 2728 5109; x_wconf 88' lang='lat' dir='ltr'>improvidum</span> <span class='ocrx_word' id='word_1_889' title='bbox 2753 5037 3197 5111; x_wconf 86' lang='lat' dir='ltr'>Christum,non</span> <span class='ocrx_word' id='word_1_890' title='bbox 3220 5035 3409 5091; x_wconf 88' lang='lat' dir='ltr'>solum</span> <span class='ocrx_word' id='word_1_891' title='bbox 3431 5051 3497 5090; x_wconf 82' lang='lat' dir='ltr'>ex</span> <span class='ocrx_word' id='word_1_892' title='bbox 3513 5033 3623 5089; x_wconf 89' lang='lat' dir='ltr'>hoe</span> 
     </span>
    </p>
   </div>
   <div class='ocr_carea' id='block_1_117' title="bbox 1976 5122 3621 5198">
    <p class='ocr_par' dir='ltr' id='par_1_117' title="bbox 1976 5122 3621 5198">
     <span class='ocr_line' id='line_1_117' title="bbox 1976 5122 3621 5198; baseline -0.002 -18"><span class='ocrx_word' id='word_1_893' title='bbox 1976 5126 2130 5198; x_wconf 94' lang='lat' dir='ltr'>quod</span> <span class='ocrx_word' id='word_1_894' title='bbox 2161 5126 2409 5182; x_wconf 90' lang='lat' dir='ltr'>miratus</span> <span class='ocrx_word' id='word_1_895' title='bbox 2441 5130 2530 5183; x_wconf 90' lang='lat' dir='ltr'>est</span> <span class='ocrx_word' id='word_1_896' title='bbox 2558 5126 2923 5183; x_wconf 89' lang='lat' dir='ltr'>Centurionis</span> <span class='ocrx_word' id='word_1_897' title='bbox 2956 5127 3129 5181; x_wconf 80' lang='lat' dir='ltr'>fidem</span> <span class='ocrx_word' id='word_1_898' title='bbox 3156 5143 3170 5193; x_wconf 90' lang='lat'><strong>;</strong></span> <span class='ocrx_word' id='word_1_899' title='bbox 3210 5140 3410 5179; x_wconf 88' lang='lat' dir='ltr'>verum</span> <span class='ocrx_word' id='word_1_900' title='bbox 3443 5122 3621 5177; x_wconf 90' lang='lat' dir='ltr'>etiam</span> 
     </span>
    </p>
   </div>
   <div class='ocr_carea' id='block_1_118' title="bbox 1976 5210 3624 5289">
    <p class='ocr_par' dir='ltr' id='par_1_118' title="bbox 1976 5210 3624 5289">
     <span class='ocr_line' id='line_1_118' title="bbox 1976 5210 3624 5289; baseline -0.002 -18"><span class='ocrx_word' id='word_1_901' title='bbox 1976 5216 2129 5287; x_wconf 91' lang='lat' dir='ltr'>quod</span> <span class='ocrx_word' id='word_1_902' title='bbox 2143 5219 2175 5271; x_wconf 88' lang='lat' dir='ltr'><strong>J</strong></span> <span class='ocrx_word' id='word_1_903' title='bbox 2180 5216 2358 5272; x_wconf 92' lang='lat' dir='ltr'>udam</span> <span class='ocrx_word' id='word_1_904' title='bbox 2383 5215 2535 5272; x_wconf 91' lang='lat' dir='ltr'>inter</span> <span class='ocrx_word' id='word_1_905' title='bbox 2547 5216 2867 5289; x_wconf 90' lang='lat' dir='ltr'>discipulos</span> <span class='ocrx_word' id='word_1_906' title='bbox 2881 5214 3178 5287; x_wconf 88' lang='lat' dir='ltr'>elegit,qui</span> <span class='ocrx_word' id='word_1_907' title='bbox 3204 5212 3480 5267; x_wconf 84' lang='lat' dir='ltr'>mandata</span> <span class='ocrx_word' id='word_1_908' title='bbox 3495 5210 3624 5283; x_wconf 87' lang='lat' dir='ltr'>ejus</span> 
     </span>
    </p>
   </div>
   <div class='ocr_carea' id='block_1_119' title="bbox 1976 5299 3626 5378">
    <p class='ocr_par' dir='ltr' id='par_1_119' title="bbox 1976 5299 3626 5378">
     <span class='ocr_line' id='line_1_119' title="bbox 1976 5299 3626 5378; baseline -0.002 -17"><span class='ocrx_word' id='word_1_909' title='bbox 1976 5322 2091 5361; x_wconf 91' lang='lat' dir='ltr'>non</span> <span class='ocrx_word' id='word_1_910' title='bbox 2121 5310 2248 5361; x_wconf 89' lang='lat' dir='ltr'>erat</span> <span class='ocrx_word' id='word_1_911' title='bbox 2294 5310 2631 5362; x_wconf 88' lang='lat' dir='ltr'>servaturus</span> <span class='ocrx_word' id='word_1_912' title='bbox 2664 5306 2761 5378; x_wconf 89' lang='lat' dir='ltr'>(Id.</span> <span class='ocrx_word' id='word_1_913' title='bbox 2795 5324 2872 5375; x_wconf 82' lang='lat' dir='ltr'>v1,</span> <span class='ocrx_word' id='word_1_914' title='bbox 2902 5306 2995 5376; x_wconf 85' lang='grc'>71)</span> <span class='ocrx_word' id='word_1_915' title='bbox 3030 5320 3043 5360; x_wconf 92' lang='lat'>:</span> <span class='ocrx_word' id='word_1_916' title='bbox 3078 5302 3227 5359; x_wconf 88' lang='lat' dir='ltr'>sicut</span> <span class='ocrx_word' id='word_1_917' title='bbox 3250 5299 3626 5373; x_wconf 64' lang='lat' dir='ltr'>reprehendit</span> 
     </span>
    </p>
   </div>
   <div class='ocr_carea' id='block_1_120' title="bbox 1976 5389 3625 5469">
    <p class='ocr_par' dir='ltr' id='par_1_120' title="bbox 1976 5389 3625 5469">
     <span class='ocr_line' id='line_1_120' title="bbox 1976 5389 3625 5469; baseline -0.004 -19"><span class='ocrx_word' id='word_1_918' title='bbox 1976 5395 2221 5463; x_wconf 88' lang='lat' dir='ltr'>iste,cur</span> <span class='ocrx_word' id='word_1_919' title='bbox 2241 5402 2590 5469; x_wconf 88' lang='lat' dir='ltr'>praeceptum</span> <span class='ocrx_word' id='word_1_920' title='bbox 2615 5396 2674 5452; x_wconf 91' lang='lat' dir='ltr'>in</span> <span class='ocrx_word' id='word_1_921' title='bbox 2696 5394 2965 5468; x_wconf 89' lang='lat' dir='ltr'>paradiso</span> <span class='ocrx_word' id='word_1_922' title='bbox 2980 5394 3180 5448; x_wconf 88' lang='lat' dir='ltr'>datum</span> <span class='ocrx_word' id='word_1_923' title='bbox 3206 5390 3380 5446; x_wconf 87' lang='lat' dir='ltr'>fuerit</span> <span class='ocrx_word' id='word_1_924' title='bbox 3397 5389 3625 5446; x_wconf 89' lang='lat' dir='ltr'>homini</span> 
     </span>
    </p>
   </div>
   <div class='ocr_carea' id='block_1_121' title="bbox 1978 5478 3619 5563">
    <p class='ocr_par' dir='ltr' id='par_1_121' title="bbox 1978 5478 3619 5563">
     <span class='ocr_line' id='line_1_121' title="bbox 1978 5478 3619 5563; baseline -0.003 -22"><span class='ocrx_word' id='word_1_925' title='bbox 1978 5502 2093 5541; x_wconf 90' lang='lat' dir='ltr'>non</span> <span class='ocrx_word' id='word_1_926' title='bbox 2116 5486 2339 5541; x_wconf 90' lang='lat' dir='ltr'>facturo</span> <span class='ocrx_word' id='word_1_927' title='bbox 2362 5486 2513 5557; x_wconf 84' lang='lat' dir='ltr'>(Gen.</span> <span class='ocrx_word' id='word_1_928' title='bbox 2541 5484 2712 5556; x_wconf 52' lang='lat'>11,46,</span> <span class='ocrx_word' id='word_1_929' title='bbox 2739 5484 2825 5552; x_wconf 85' lang='grc'>17,</span> <span class='ocrx_word' id='word_1_930' title='bbox 2857 5491 2910 5539; x_wconf 85' lang='lat' dir='ltr'>et</span> <span class='ocrx_word' id='word_1_931' title='bbox 2928 5498 3012 5548; x_wconf 88' lang='lat' dir='ltr'>III,</span> <span class='ocrx_word' id='word_1_932' title='bbox 3034 5482 3111 5553; x_wconf 89' lang='lat'>6).</span> <span class='ocrx_word' id='word_1_933' title='bbox 3143 5478 3619 5563; x_wconf 83' lang='lat' dir='ltr'>Culparetetiam</span> 
     </span>
    </p>
   </div>
   <div class='ocr_carea' id='block_1_122' title="bbox 1976 5568 3621 5648">
    <p class='ocr_par' dir='ltr' id='par_1_122' title="bbox 1976 5568 3621 5648">
     <span class='ocr_line' id='line_1_122' title="bbox 1976 5568 3621 5648; baseline -0.005 -16"><span class='ocrx_word' id='word_1_934' title='bbox 1976 5575 2145 5643; x_wconf 91' lang='lat' dir='ltr'>illud,</span> <span class='ocrx_word' id='word_1_935' title='bbox 2179 5575 2334 5648; x_wconf 92' lang='lat' dir='ltr'>quod</span> <span class='ocrx_word' id='word_1_936' title='bbox 2384 5575 2532 5631; x_wconf 88' lang='lat' dir='ltr'>scire</span> <span class='ocrx_word' id='word_1_937' title='bbox 2579 5590 2693 5630; x_wconf 90' lang='lat' dir='ltr'>non</span> <span class='ocrx_word' id='word_1_938' title='bbox 2726 5570 2978 5645; x_wconf 89' lang='lat' dir='ltr'>potuerit</span> <span class='ocrx_word' id='word_1_939' title='bbox 3004 5570 3133 5643; x_wconf 90' lang='lat' dir='ltr'>quis</span> <span class='ocrx_word' id='word_1_940' title='bbox 3181 5585 3315 5626; x_wconf 89' lang='lat' dir='ltr'>eum</span> <span class='ocrx_word' id='word_1_941' title='bbox 3346 5568 3621 5642; x_wconf 89' lang='lat' dir='ltr'>tetigerit,</span> 
     </span>
    </p>
   </div>
   <div class='ocr_carea' id='block_1_123' title="bbox 1978 5661 3624 5740">
    <p class='ocr_par' dir='ltr' id='par_1_123' title="bbox 1978 5661 3624 5740">
     <span class='ocr_line' id='line_1_123' title="bbox 1978 5661 3624 5740; baseline -0.003 -16"><span class='ocrx_word' id='word_1_942' title='bbox 1978 5666 2213 5740; x_wconf 88' lang='lat' dir='ltr'>quando</span> <span class='ocrx_word' id='word_1_943' title='bbox 2224 5664 2417 5739; x_wconf 87' lang='lat' dir='ltr'>tetigit</span> <span class='ocrx_word' id='word_1_944' title='bbox 2432 5663 2723 5721; x_wconf 84' lang='lat' dir='ltr'>ﬁmbriam</span> <span class='ocrx_word' id='word_1_945' title='bbox 2743 5661 3080 5720; x_wconf 86' lang='lat' dir='ltr'>vestimenti</span> <span class='ocrx_word' id='word_1_946' title='bbox 3098 5661 3382 5736; x_wconf 77' lang='lat' dir='ltr'>ejus,quaa</span> <span class='ocrx_word' id='word_1_947' title='bbox 3403 5662 3624 5720; x_wconf 83' lang='lat' dir='ltr'>ﬂuxum</span> 
     </span>
    </p>
   </div>
  </div>
