4000 6178
427 355 542 414 407
1191 351 1502 409 CONTRA
1551 345 1923 409 FAUSTUM
1970 344 2499 419 MANICHIEUM,
2550 350 2616 408 S.
2662 350 3096 411 AUGUSTINI

429 482 733 557 sanguinis
765 483 1092 554 patiebatur
1125 499 1136 537 :
1171 481 1321 536 sicut
1352 481 1460 536 iste
1491 479 1746 552 culpavit
1770 479 1952 535 Deum
1976 494 2074 532 ne-

432 574 609 631 scisse
631 573 729 627 ubi
755 572 1357 635 lateretAdam,Credo
1382 571 1518 643 quia
1532 568 1954 637 dixerit,Adam,
1982 567 2076 622 ubi

431 679 484 720 es
513 662 664 735 (Gen.
699 679 784 729 III,
817 661 871 731 9)
899 665 919 715 Ρ
950 661 1102 715 sicut
1132 661 1277 714 dixit
1301 661 1588 726 Christus,
1622 661 1752 727 Quis
1785 676 1871 713 me
1904 657 2078 727 teligit

433 753 583 825 (Luc.
609 767 731 817 VIII,
758 751 946 821 44-45)
969 750 996 804 ‘l
1025 750 1246 805 Diceret
1275 756 1332 805 et
1364 750 1626 805 invidum
1653 766 1717 803 ac
1750 749 2077 815 timentem,

435 859 504 897 ne
518 843 564 896 si
590 841 875 895 intrarent
896 839 1151 911 quinque
1171 840 1293 894 alia
1308 841 1559 911 virgines
1585 839 1643 892 in
1665 855 1908 909 regnum
1930 838 2080 908 ejus,

431 930 683 986 viverent
705 929 762 983 in
788 934 1096 996 aeternum;
1124 934 1324 984 contra
1353 947 1496 999 quas
1523 929 1602 982 ita
1634 927 1860 992 clausit,
1892 930 2082 980 utnec

434 1019 1232 1090 miserabiliterpulsantibus
1247 1019 1495 1090 aperiret
1509 1019 1713 1087 (Matth.
1738 1017 1898 1085 xxv,1
1912 1016 2080 1086 1,12),

431 1109 588 1165 velut
610 1108 954 1164 obliviscens
979 1108 1130 1178 quod
1160 1109 1281 1178 ipse
1316 1108 1678 1179 promiserat,
1706 1105 1927 1170 dicens,
1955 1105 2082 1160 Pul-

432 1204 546 1255 sate
574 1209 625 1254 et
658 1199 937 1270 aperietur
965 1198 1112 1251 vobis
1146 1198 1244 1265 (Id.
1270 1214 1366 1266 vn,
1399 1198 1453 1265 7)
1489 1212 1500 1252 :
1538 1196 1686 1252 sicut
1714 1195 1822 1249 iste
1855 1193 2084 1247 invidiae

435 1288 782 1358 timorisque
802 1287 1367 1358 arguitDeum,quod
1384 1287 1450 1339 ad
1477 1285 1653 1339 vitam
1681 1290 1954 1337 mternam
1972 1299 2082 1335 non

435 1378 746 1450 pecudum,
779 1377 879 1432 sed
911 1374 1216 1431 hominum
1250 1374 1572 1445 sanguinis,
1619 1375 1754 1442 quia
1785 1372 1949 1436 dixit,
1985 1372 2089 1438 Qui

435 1467 746 1534 perdiderit
764 1467 1011 1519 animum
1031 1481 1187 1519 suam
1203 1467 1420 1535 propter
1438 1479 1539 1531 me,
1555 1464 1613 1516 in
1633 1463 1800 1516 vitam
1821 1463 2086 1516 ceternam

3691 366 3795 426 408

2187 479 2343 550 quod
2367 496 2471 535 nec
2483 480 2667 552 justis
2685 482 3228 554 parcat,emendans
3247 501 3343 541 eos
3353 486 3613 546 varietate
3626 494 3794 551 tribu-

2188 565 2495 637 lationum,
2521 587 2655 625 cum
2685 571 2756 627 de
2777 571 2886 628 hac
2908 576 3105 644 aperte
3122 574 3198 628 sit
3217 574 3454 647 dictum,
3482 580 3550 633 Et
3577 582 3802 653 sijustus

2188 658 2286 712 vix
2301 658 2483 714 salvus
2506 662 2612 715 erit
2632 663 2657 713 .9
2684 663 2808 716 Non
2830 661 3022 717 solum
3041 663 3197 718 enim
3218 663 3274 717 in
3292 662 3477 720 Vetere
3494 667 3803 730 Testamen-

2191 748 2249 802 to
2280 747 2565 818 scriptum
2600 753 2709 818 est,
2752 750 2918 817 Quem
2959 752 3110 806 enim
3151 751 3332 822 diligit
3381 753 3535 823 Deus,
3563 761 3805 830 corripit;

2189 835 2432 908 ﬂagellat
2461 842 2642 892 autem
2669 855 2891 894 omnem
2917 841 3098 911 ﬁlium
3129 857 3288 911 quem
3319 844 3506 913 recipit
3534 846 3704 912 (Prov.
3734 867 3806 919 ui,

2195 925 2284 997 12)
2314 944 2327 994 ;
2360 929 2436 995 et,
2471 927 2531 982 Si
2573 927 2714 982 bona
2755 931 3102 1000 percepimus
3131 929 3196 985 de
3223 947 3391 986 manu
3421 933 3649 1002 Domini,
3679 939 3811 994 mala

2195 1031 2364 1086 quare
2407 1034 2519 1071 non
2561 1019 2928 1074 sustineamus
2959 1018 3093 1091 (Job.
3128 1036 3190 1088 II,
3247 1020 3334 1091 10)
3360 1023 3382 1075 Ρ
3409 1022 3504 1077 sed
3553 1024 3718 1080 etiam
3761 1027 3812 1082 in

2193 1103 2373 1173 Novo,
2394 1106 2502 1178 Ego
2521 1123 2682 1178 quem
2711 1124 2853 1177 amo,
2877 1125 3047 1180 arguo
3075 1112 3127 1164 et
3153 1110 3362 1182 castigo
3385 1111 3559 1182 (Apoc.
3591 1129 3670 1184 III,
3701 1116 3810 1184 19);

2195 1197 2253 1248 et
2284 1192 2453 1263 illud,
2483 1195 2546 1251 Si
2572 1198 2721 1252 enim
2750 1213 2847 1254 nos
2879 1199 3021 1269 ipsos
3061 1197 3514 1269 diiudicaremus,
3544 1217 3577 1255 a
3613 1203 3813 1259 Domzno

2194 1298 2301 1339 non
2307 1284 2693 1356 judicaremur
2709 1303 2862 1342 :cum
2873 1286 3185 1356 iudicamur
3205 1296 3450 1354 autem,a
3474 1289 3688 1347 Domino
3707 1309 3814 1349 cor-

2196 1374 2454 1444 ripimur,
2478 1390 2546 1429 ne
2564 1390 2692 1431 cum
2706 1376 2913 1430 mundo
2937 1375 3266 1432 damnemur
3286 1377 3333 1448 (1
3359 1376 3480 1432 Cor.
3515 1395 3594 1446 XI,
3615 1379 3702 1446 31,
3719 1382 3816 1453 32).

2195 1462 2305 1518 Sed
2336 1466 2532 1519 tamen
2563 1465 2609 1520 si
2636 1480 2900 1537 paganus
2923 1465 2982 1520 in
3012 1465 3167 1521 Novo
3194 1466 3565 1522 Testamento
3596 1467 3723 1524 talia
3745 1487 3818 1525 re-

440 1559 680 1612 inveniet
711 1571 826 1609 eam
853 1554 950 1621 (Id.
976 1573 1032 1622 x,
1057 1554 1145 1625 39)
1179 1571 1190 1608 :
1221 1554 1372 1608 sicut
1404 1552 1509 1607 iste
1534 1552 1603 1605 de
1636 1549 1937 1604 sacriﬁciis
1963 1550 2089 1603 ani-

443 1644 703 1713 malium,
747 1643 960 1714 quibus
1009 1644 1211 1714 ﬁguris
1247 1642 1693 1713 promittebatur
1736 1639 2087 1694 sacriﬁcium

443 1734 771 1806 sanguinis,
799 1750 913 1803 quo
938 1733 1217 1802 redempti
1251 1748 1479 1797 sumus,
1509 1730 1691 1784 voluit
1722 1727 2087 1783 calumniari.

443 1823 740 1895 Reprehen
751 1823 905 1876 deret
922 1827 976 1876 et
990 1823 1294 1881 zelantem,
1312 1821 1451 1891 quia
1470 1837 1601 1874 cum
1620 1822 1877 1874 ementes
1892 1822 1948 1872 et
1965 1835 2093 1870 ven-

440 1914 643 1968 dentes
667 1913 736 1967 de
758 1911 972 1982 templo
999 1910 1341 1983 flagellando
1364 1910 1654 1981 ejecisset,
1672 1924 2091 1963 commemora-

438 2003 518 2058 vit
541 2002 907 2072 Evangclista
931 2002 998 2054 de
1023 2000 1119 2054 illo
1135 2016 1261 2054 esse
1277 2002 1583 2070 scriptum,
1599 1998 1765 2053 Zelus
1787 1999 1966 2052 donas
1985 2003 2097 2050 tum

440 2091 668 2149 comedit
689 2107 773 2146 me
801 2090 977 2160 (Joan.
1007 2106 1068 2155 II,
1095 2090 1275 2157 15-17)
1311 2107 1322 2144 :
1360 2089 1510 2144 sicut
1540 2089 1648 2143 iste
1681 2087 1975 2142 accusavit
2004 2102 2094 2140 ze-

443 2181 660 2237 lantem
696 2181 896 2245 Deum,
923 2179 1077 2249 quod
1109 2178 1239 2232 aliis
1273 2178 1587 2233 sacriﬁcari
1620 2177 1916 2232 vetuisset.
1944 2177 2100 2230 Dice-

445 2274 535 2328 ret
557 2270 905 2324 irascentem
930 2268 987 2322 in
1013 2285 1150 2322 suos
1174 2273 1230 2322 et
1251 2268 1308 2321 in
1330 2267 1549 2321 alienos
1570 2285 1580 2320 :
1599 2266 1654 2320 in
1681 2284 1817 2320 suos
1838 2266 2096 2336 quidem,

450 2360 586 2431 quia
616 2358 778 2424 dixit,
811 2358 1006 2412 Servus
1051 2359 1146 2427 qui
1175 2359 1271 2411 scit
1304 2357 1643 2411 voluntatem
1675 2355 1882 2410 domini
1912 2357 2019 2419 sui,
2053 2359 2103 2408 et

450 2465 560 2504 non
589 2449 734 2518 facit
759 2447 944 2516 digna,
966 2448 1150 2517 plagis
1176 2447 1449 2516 vapulabit
1471 2446 1661 2499 multis
1687 2448 1701 2479 ¹
1728 2444 2100 2515 (Luc.x11,/i7);

454 2537 514 2592 in
548 2537 768 2591 alienos
795 2535 1157 2605 autem,quia
1179 2534 1414 2600 dixit,Si
1434 2536 1555 2604 quis
1582 2550 1664 2588 vos
1688 2551 1798 2586 non
1822 2534 2105 2601 receperit,

464 2626 699 2683 excutile
724 2624 843 2679 illis
870 2627 1149 2696 pulverem
1177 2623 1241 2677 de
1267 2625 1653 2677 calceamentis
1682 2624 1874 2677 vestris
1901 2640 1918 2676 :
1950 2638 2107 2676 amen

467 2717 587 2772 dico
613 2716 778 2779 vobis,
804 2716 935 2786 quia
952 2715 1294 2769 tolerabilius
1315 2716 1420 2767 erit
1441 2713 1687 2767 Sodoma)
1707 2714 1759 2766 in
1786 2712 1872 2765 die
1885 2711 2108 2781 judicii,

465 2822 629 2877 quam
660 2805 746 2858 illi
775 2805 985 2859 civitati
1015 2802 1400 2871 (Malth.x,1~1,
1442 2803 1524 2869 15)
1559 2820 1570 2856 :
1606 2802 1758 2856 sicut
1790 2801 1898 2856 iste
1916 2799 2112 2855 crimi-

466 2900 640 2952 natur
669 2893 1016 2948 irascentem
1072 2894 1270 2960 l)eum,
1301 2908 1451 2946 nunc
1485 2892 1542 2944 in
1593 2890 1832 2956 alienos,
1869 2907 2021 2944 nunc
2052 2890 2114 2945 in

465 3001 625 3054 suos,
646 2999 793 3053 quos
814 2987 1091 3053 utrosque
1115 2981 1421 3051 Apostolus
1435 2984 1875 3043 commemorat,
1892 2978 2110 3046 dicens,

467 3074 798 3141 Quicumque
819 3073 966 3125 enim
995 3073 1114 3124 sine
1131 3073 1270 3140 Lege
1289 3078 1670 3140 peccaverunt,
1693 3071 1810 3123 sine
1833 3074 1965 3138 Lege
1984 3087 2114 3139 per.

467 3163 663 3221 ibunt;
694 3169 744 3215 et
773 3162 1095 3230 quicumque
1128 3161 1185 3212 in
1216 3161 1350 3226 Lege
1377 3162 1758 3227 peccaverunt,
1791 3174 1889 3228 per
1921 3160 2115 3227 Legem

456 3249 869 3321 jutlicabuntur
897 3250 1068 3315 (Rom.
1105 3265 1164 3316 II,
1201 3249 1304 3316 12).
1328 3248 1552 3301 Diceret
1573 3252 1628 3301 et
1653 3248 2040 3300 trueidantem
2060 3250 2116 3300 et

471 3338 864 3394 etlundentem
893 3335 1210 3390 multorum
1236 3336 1584 3407 sanguinem
1609 3337 1678 3390 ob
1711 3336 1856 3390 levia
1881 3336 2115 3406 quidem

469 3426 554 3483 vel
582 3425 741 3481 nulla
754 3425 1084 3480 commissa.
1101 3430 1237 3478 Leve
1260 3425 1469 3495 quippe
1486 3430 1586 3478 aut
1602 3424 1827 3478 nullum
1853 3424 2118 3479 commis-

473 3534 604 3572 sum
640 3532 864 3587 pagano
905 3514 1216 3579 videretur,
1249 3512 1333 3568 vel
1369 3531 1482 3569 non
1515 3514 1723 3568 habere
1756 3514 1812 3568 in
1860 3514 2117 3568 convivio

473 3606 807 3678 nuptiarum
838 3609 1054 3659 vestem
1076 3603 1670 3675 nuptialem,propter
1701 3605 1853 3674 quod
1880 3608 1992 3657 Rex
2019 3620 2118 3657 no-

475 3701 594 3753 ster
625 3695 682 3749 in
707 3693 1210 3765 Evangeliojussit
1229 3692 1525 3746 hominem
1559 3692 1753 3763 ligatis
1779 3693 2048 3746 manibus
2067 3695 2121 3745 et

475 3785 720 3858 pedibus
754 3784 952 3854 projici
993 3785 1047 3837 in
1092 3785 1361 3837 tenebras
1392 3782 1706 3837 exteriores
1733 3782 1946 3851 (Matth.
1984 3797 2118 3852 xxn,

475 3875 702 3944 11-13);
737 3872 822 3926 vel
850 3872 997 3926 nolle
1021 3889 1196 3943 super
1214 3889 1272 3926 se
1296 3871 1588 3925 Christum
1612 3888 1869 3941 regnare,
1887 3875 2123 3942 propter

475 3963 627 4035 quod
664 3966 966 4032 peccatum
999 3961 1097 4027 ait,
1119 3961 1244 4015 Illos
1275 3964 1460 4014 autem
1489 3962 1589 4030 qui
1605 3961 1901 4014 noluerunt
1930 3977 2014 4014 me
2046 3977 2122 4015 re-

473 4068 650 4126 gnare
678 4050 1100 4116 sibi,adducite,
1119 4054 1171 4102 et
1202 4050 1490 4116 interﬁcite
1511 4066 1691 4104 coram
1726 4067 1806 4104 me
1829 4051 1978 4118 (Luc.
2005 4067 2118 4115 Xix,

473 4143 598 4210 27):
625 4138 898 4194 sicutiste
921 4139 1407 4192 accusavitDeum
1433 4137 1488 4190 in
1512 4138 1715 4192 Vetere
1729 4139 2120 4204 Testamento,

478 4228 578 4301 qui
608 4229 659 4282 ei
693 4227 853 4282 visus
884 4231 972 4281 est
1020 4231 1254 4297 prepter
1284 4225 1429 4279 levia
1475 4226 1562 4279 vel
1596 4226 1757 4281 nulla
1783 4227 2119 4292 commissa,

477 4317 783 4373 hominum
804 4315 987 4370 millia
1002 4315 1449 4369 trueidare.Jam
1464 4331 1595 4369 vero
1611 4314 1752 4368 illud
1771 4315 1923 4386 quod
1940 4332 2126 4384 repre-

478 4407 683 4462 hendit
704 4406 970 4469 Faustus,
1008 4405 1326 4458 minantem
1365 4410 1541 4457 Deum
1574 4408 1882 4458 venturum
1917 4422 1978 4458 se
2000 4421 2127 4458 esse

482 4513 613 4551 cum
630 4494 965 4566 gladio,quo
982 4511 1091 4549 non
1112 4495 1802 4564 parceret,necjusto,nec
1817 4493 2124 4564 peccatori,

481 4584 773 4654 quomodo
788 4599 1048 4653 paganus
1063 4581 1158 4636 ille
1175 4581 1888 4652 reprehenderet,audiens
1903 4587 2129 4654 aposto-

483 4672 604 4726 lum
630 4671 874 4725 Paulum
901 4672 1088 4725 dicere
1113 4672 1180 4725 de
1209 4676 1315 4726 Deo
1342 4676 1556 4737 nostro,
1581 4673 1722 4739 Quia
1745 4672 1886 4726 l'ilio
1907 4675 2127 4743 proprio

482 4778 588 4816 non
609 4763 862 4832 pepercit,
887 4760 978 4814 sed
998 4777 1092 4830 pro
1115 4762 1266 4814 nobis
1289 4762 1539 4814 omnibus
1563 4762 1791 4816 tradidit
1808 4778 1929 4816 eum
1953 4765 2124 4828 (Rom.
2183 4771 2186 4775 ’

481 4850 971 4920 vm,32):audiens
986 4855 1040 4904 et
1058 4850 1452 4918 Petrum,cum
1469 4851 1536 4904 de
1553 4851 1781 4921 magnis
1798 4851 2127 4906 tribulatio-

482 4939 657 4995 nibus
671 4943 1002 4994 sanctorum
1021 4939 1584 4993 etinterfectionibus
1600 4939 2029 5012 loqueretur,ad
2049 4946 2127 4996 t0-

479 5030 785 5086 lerandum
801 5029 1202 5084 exhortantem
1217 5029 1818 5100 etdicentem,Tempus
1832 5034 1905 5085 est
1923 5031 2130 5101 utjudi-

479 5122 624 5175 cium
639 5121 867 5190 incipiat
886 5136 917 5172 a
935 5118 1089 5172 domo
1109 5119 1366 5172 Domini:
1389 5123 1437 5173 el
1458 5120 1508 5172 si
1528 5121 1757 5172 initium
1777 5137 1807 5173 a
1821 5120 2129 5189 nobis,qua-

482 5210 548 5264 lis
578 5211 707 5279 ﬁnis
727 5210 833 5264 erit
864 5209 943 5263 eis
974 5209 1190 5279 quinoa
1213 5207 1440 5262 credunt
1463 5208 1680 5261 Domini
1702 5207 2039 5278 Evangelio?
2062 5213 2129 5264 Et

480 5300 529 5351 si
549 5301 730 5367 justus
756 5298 972 5368 quidem
997 5300 1088 5352 vix
1108 5298 1289 5351 salvus
1317 5299 1443 5366 erit,
1466 5300 1714 5368 peccator
1732 5302 1782 5351 et
1808 5299 2011 5367 impius
2040 5299 2131 5353 ubi

477 5389 746 5455 parebunt
769 5391 809 5457 (1
835 5389 979 5442 Petr.
1007 5405 1082 5457 Iv,
1111 5388 1194 5453 17,
1223 5387 1508 5455 18)‘lQuid
1523 5387 1910 5457 enimjustius
1927 5387 2126 5455 Unico,

485 5473 577 5527 cui
607 5478 800 5530 tamen
835 5477 998 5532 Pater
1029 5494 1143 5532 non
1180 5476 1435 5549 pepercit
1461 5480 1482 5532 Ρ
1513 5480 1578 5530 Et
1608 5477 1748 5547 quid
1782 5476 2127 5548 evidentius,

552 5744 566 5778 ί
605 5740 784 5790 Plures
815 5743 954 5801 Mss,
987 5747 1036 5792 et
1067 5746 1195 5808 facit
1227 5746 1385 5809 digna
1419 5745 1607 5810 plagis,
1639 5745 1900 5810 vapulabit
1948 5748 2130 5799 multa.

2198 1551 2602 1624 prehenderet,
2619 1553 2815 1624 qualia
2838 1553 2938 1609 isti
2960 1554 3395 1627 reprehendunt
3416 1554 3822 1623 inVetere,non-

2201 1657 2272 1696 ne
2288 1644 2344 1696 et
2362 1641 2472 1712 ipsi
2490 1657 2557 1697 ea
2580 1643 2942 1699 defendenda
2966 1643 3380 1716 susciperent?
3409 1645 3565 1710 Quod
3591 1646 3637 1701 si
3659 1646 3824 1703 facere

2200 1734 2585 1802 possent,qua
2601 1731 2835 1787 tandem
2852 1732 3120 1788 vecordia
3137 1732 3228 1788 hic
3247 1732 3387 1788 talia
3398 1733 3824 1804 reprehendunt,

2203 1817 2400 1892 qualia
2419 1819 2499 1874 ibi
2525 1820 2895 1878 defendunt?
2915 1821 2976 1878 Si
3007 1827 3202 1878 autem
3229 1839 3345 1878 non
3375 1828 3631 1894 possent,
3657 1840 3752 1879 cur
3773 1826 3822 1879 in

2206 1925 2321 1964 uno
2354 1913 2607 1979 tantum,
2634 1927 2701 1966 ac
2733 1927 2848 1967 non
2871 1910 3066 1982 potius
3094 1911 3155 1966 in
3186 1915 3434 1984 utroque
3457 1912 3824 1981 Testamento,

2206 1997 2360 2069 quod
2395 2015 2511 2054 non
2543 1997 3006 2072 intelligentibus
3037 1999 3232 2072 impiis
3265 2017 3511 2072 pravum
3540 2000 3827 2069 videretur,

2205 2087 2353 2142 idem
2390 2104 2505 2143 non
2535 2087 3037 2160 intelligentibus‘
3072 2088 3186 2161 piis
3217 2093 3466 2156 rectum,
3498 2090 3596 2146 sed
3637 2094 3831 2146 tectum

2209 2175 2366 2232 credi
2399 2181 2664 2248 oportere
2691 2177 3067 2234 concedunt?

2281 2265 2517 2321 CAPUT
2540 2266 2652 2322 XV.
2675 2299 2745 2307 —
2769 2269 2848 2323 An
2871 2268 3036 2338 forte,
3061 2284 3192 2340 quas
3213 2268 3284 2324 de
3307 2272 3469 2324 Novo
3491 2268 3838 2324 Testamento

2212 2353 2430 2410 similia
2454 2355 2830 2427 protulimus,
2848 2357 2978 2429 ipsa
2993 2374 3226 2430 quoque
3253 2358 3482 2413 audent
3504 2358 3690 2414 dicere
3719 2357 3844 2413 falsa

2214 2460 2342 2501 esse
2371 2448 2546 2516 atque
2577 2460 2866 2517 perversa,
2891 2446 3192 2520 privilegio
3220 2446 3319 2502 illo
3345 2464 3460 2503 suo
3485 2447 3774 2517 diabolico,
3797 2451 3850 2501 ut

2215 2533 2496 2606 quidquid
2517 2534 2678 2590 estin
2690 2535 3001 2607 Evangelia
3022 2535 3111 2592 vel
3134 2535 3420 2608 Epistolis
3438 2536 3850 2608 canonicis,quo

2219 2623 2480 2694 adjuvari
2511 2621 2781 2680 haeresim
2811 2642 2980 2682 suam
3012 2629 3238 2698 putent,
3263 2624 3318 2681 id
3354 2643 3490 2682 esse
3510 2643 3544 2682 a
3572 2625 3788 2683 Christo
3805 2629 3852 2678 et

2219 2710 2511 2784 Apostolis
2541 2713 2764 2770 dictum
2786 2718 3022 2771 teneant
3037 2719 3211 2787 atque
3229 2715 3559 2784 suadeant;
3592 2712 3852 2786 quidquid

2221 2805 2418 2858 autem
2450 2817 2518 2857 ex
2547 2800 2757 2858 iisdem
2806 2803 3108 2859 codicibus
3139 2805 3430 2860 adversus
3459 2821 3557 2860 eos
3597 2801 3852 2869 senuerit,

2223 2889 2558 2947 immissum
2583 2891 2653 2948 ab
2673 2891 3238 2958 infalsatoribus,ore
3260 2893 3595 2966 impudenti
3617 2909 3681 2948 ac
3701 2890 3856 2948 sacri-

2223 2979 2352 3052 lego
2385 2997 2499 3036 non
2533 2981 2801 3037 dubitent
2821 2982 3052 3038 dicere?
3081 2983 3185 3038 Cui
3211 2983 3400 3038 furori
3424 2999 3648 3052 eorum,
3679 2984 3858 3036 aucto-

2225 3067 2453 3124 ritatem
2485 3070 2746 3125 omnium
2800 3069 3086 3126 librorum
3118 3071 3497 3144 exstinguere
3543 3074 3712 3144 atque
3740 3069 3858 3124 abo-

2226 3156 2344 3212 lere
2374 3158 2628 3224 conanti,
2670 3160 2794 3228 jam
2847 3176 3044 3232 supra,
3078 3165 3374 3230 quantum
3407 3160 3662 3233 suscepti
3692 3157 3860 3231 operis

2227 3245 2372 3302 ratio
2404 3246 2594 3303 sinere
2625 3247 2948 3316 videbatur,
2983 3265 3099 3304 non
3130 3265 3318 3321 pauca
3351 3249 3653 3322 respondi.

2296 3335 2525 3392 CAPUT
2556 3340 2705 3390 XVI.
2730 3368 2796 3376 —
2819 3336 3144 3394 Nuncillud
3164 3339 3558 3408 admoneo,ut
3575 3354 3706 3394 cum
3723 3336 3861 3393 insa-

2228 3441 2333 3481 nas
2355 3430 2411 3480 et
2427 3424 2738 3497 sacrilegas
2763 3426 2991 3482 fabulas
3013 3444 3152 3482 suas
3165 3424 3865 3500 christianinominispal-

2227 3513 2305 3570 lio
2336 3513 2946 3598 velarepontendant,
2980 3516 3217 3573 videant
3244 3522 3476 3586 tamen,
3509 3520 3727 3591 quanto
3770 3515 3868 3571 ista

2229 3607 2431 3660 contra
2459 3603 2790 3675 Scripturas
2822 3603 3174 3661 christianas
3205 3605 3537 3678 disputant,
3571 3623 3686 3662 non
3717 3623 3749 3660 a
3775 3621 3868 3660 no-

2228 3692 2320 3748 bis
2351 3696 2551 3748 contra
2581 3693 2844 3766 Paganos
2878 3697 3130 3763 tantum,
3164 3696 3263 3750 sed
3316 3696 3505 3752 etiam
3535 3701 3735 3752 contra
3761 3692 3870 3750 Ma-

2229 3782 2502 3851 nichzeos,
2537 3783 2836 3839 veritatem
2865 3783 3131 3839 codicum
3162 3783 3503 3840 divinorum
3535 3780 3868 3840 Testamenti

2231 3870 2536 3944 utriusque
2567 3871 2819 3927 defendi.
2841 3873 2904 3927 Et
2931 3872 3045 3928 ista
3071 3872 3330 3944 quidem,
3350 3890 3484 3946 quas
3517 3875 3691 3930 modo
3711 3876 3870 3928 Faus-

2228 3963 2326 4017 tus
2355 3960 2512 4016 velut
2549 3961 2792 4032 indigna
2819 3961 2934 4017 Deo
2966 3961 3038 4017 de
3062 3961 3299 4031 nostris
3325 3962 3632 4019 veteribus
3662 3959 3872 4018 Litteris

2230 4048 2288 4105 in
2323 4065 2592 4105 sermone
2621 4067 2729 4105 suo
2751 4050 3186 4122 posuit,contra
3209 4055 3524 4123 Paganum
3555 4056 3612 4107 et
3641 4051 3698 4106 in
3718 4064 3871 4105 evan-

2231 4136 2414 4210 gelico
2443 4137 2529 4193 vel
2555 4137 2871 4209 apostolico
2902 4154 3172 4194 sermone
3191 4138 3332 4195 talia
3369 4139 3875 4211 reprehendentem

2233 4225 2315 4281 ita
2343 4227 2586 4282 fortasse
2617 4226 3011 4297 defenderem,
3037 4231 3102 4284 ut
3128 4227 3291 4300 paria
3319 4228 3396 4284 de
3429 4228 3768 4284 auctoribus
3795 4240 3875 4280 eo-

2234 4330 2389 4382 rum,
2421 4315 2572 4370 sicut
2617 4313 2836 4371 Paulus
2878 4320 3082 4372 noster
3117 4316 3270 4388 apud
3319 4317 3718 4373 Athenienses
3764 4312 3880 4370 fecit

2233 4403 2371 4473 (Act.
2419 4419 2556 4471 xvu,
2605 4404 2719 4474 28),
2767 4420 3308 4461 commemorarem.
3357 4405 3694 4462 Invenirem
3740 4401 3877 4460 enim

2236 4491 2481 4547 fortasse
2512 4495 2570 4547 et
2599 4491 2657 4546 in
2689 4491 2904 4549 litteris
2950 4509 3174 4560 eorum,
3208 4493 3397 4548 Deum
3439 4493 3647 4550 mundi
3678 4494 3880 4548 creato-

2235 4597 2358 4637 rem
2387 4597 2454 4636 ac
2486 4580 2914 4650 fabricatorem,
2947 4587 3005 4638 et
3036 4581 3182 4638 lucis
3215 4581 3401 4653 hujus
3454 4583 3880 4643 institutorem;

2236 4670 2338 4742 qui
2368 4674 2564 4726 tamen
2597 4675 2912 4744 antequam
2945 4688 3073 4727 eam
3103 4671 3400 4740 conderet,
3430 4688 3553 4728 non
3575 4671 3805 4744 jacebat
3833 4667 3882 4720 in

2233 4760 2492 4815 tenebris
2513 4764 2599 4815 :et
2627 4775 2694 4816 ex
2727 4777 2896 4833 opere
2928 4777 3034 4816 suo
3065 4761 3314 4833 perfecto
3346 4761 3580 4816 elatum
3613 4777 3741 4817 esse
3761 4773 3886 4829 gau-

2237 4848 2372 4917 dio;
2405 4850 2560 4920 quod
2593 4854 2746 4904 certe
2777 4849 3030 4922 amplius
3074 4854 3184 4918 est,
3219 4866 3423 4921 quam,
3458 4850 3610 4906 Vidit
3639 4851 3768 4924 quia
3810 4845 3887 4901 bo-

2235 4954 2373 4992 num
2403 4946 2479 4994 est
2508 4956 2527 4994 :
2560 4942 2616 4995 et
2647 4937 2794 5011 legis
2824 4936 3296 5010 latorem,quam
3330 4939 3380 4995 si
3416 4939 3602 4996 homo
3633 4949 3887 5010 sequere-

2235 5029 2335 5082 tur
2353 5028 2397 5096 9,
2431 5044 2538 5083 suo
2583 5027 2733 5084 bono
2785 5028 3035 5094 faceret;
3088 5029 3138 5083 si
3187 5033 3382 5083 autem
3437 5031 3764 5100 sperneret,
3794 5036 3887 5079 suo

2238 5115 2412 5173 male.
2465 5115 2645 5181 Quem
2702 5133 2817 5173 non
2871 5117 2998 5172 ideo
3051 5117 3308 5172 dicerent
3360 5116 3651 5189 ignarum
3700 5110 3888 5176 futuri,

2239 5205 2378 5277 quia
2405 5211 2461 5263 et
2505 5207 2716 5263 futuris
2767 5205 3274 5280 contemptoribus
3325 5204 3525 5278 legem
3558 5205 3741 5262 dedit.
3771 5203 3890 5259 Jam

2238 5311 2371 5352 vero
2423 5295 2552 5352 ideo
2609 5295 3025 5368 improvidum,
3069 5295 3223 5368 quod
3275 5293 3507 5366 aliquid
3563 5293 3892 5363 interroget,

2237 5399 2342 5440 nec
2389 5384 2689 5442 hominem
2737 5384 3020 5455 dicerent,
3071 5383 3132 5440 in
3181 5401 3438 5456 quorum
3491 5383 3669 5440 libris
3722 5378 3893 5438 multa

2240 5490 2354 5530 non
2386 5475 2458 5530 ob
2509 5473 2667 5531 aliud
2715 5475 3173 5548 interrogantur,
3207 5473 3320 5531 nisi
3368 5476 3440 5528 ut
3473 5473 3605 5530 suis
3658 5471 3894 5546 quisque

2302 5623 2319 5658 ί
2350 5619 2509 5680 Editi,
2520 5618 2655 5669 idem
2672 5617 3098 5683 intelligentibus;
3129 5617 3328 5683 omissa
3346 5618 3598 5683 negante
3618 5609 3891 5683 par-tigillis.

2301 5685 2323 5720 ³
2348 5684 2453 5742 En,
2488 5672 2635 5748 quem
2661 5683 2720 5748 si
2750 5672 2899 5730 homo
2929 5672 3242 5746 sequeretur.
3285 5672 3486 5735 Helius
3532 5672 3718 5732 elateri
3761 5672 3890 5731 ωπί.

2239 5761 2393 5814 quam
2413 5760 2434 5810 ,'
2465 5744 2679 5806 scilicet,
2708 5744 2900 5809 legem.
