4000 6178
245 273 337 332 413

243 401 475 463 colimus,
499 397 597 468 qui
621 415 774 453 unus
796 401 852 452 et
871 414 1041 452 verus
1064 402 1152 452 est
1177 419 1190 468 ;
1222 397 1322 453 sed
1350 397 1582 468 qualem
1615 415 1723 452 nos
1747 415 1848 453 co-

243 493 337 548 lere
356 487 554 553 dicitis,
583 487 682 557 qui
705 487 912 541 vestris
935 486 1019 541 vel
1042 486 1356 543 calumniis
1379 486 1460 540 vel
1494 487 1846 558 suspicionis

243 583 333 636 bus
355 579 510 631 ﬁctus
530 580 647 631 est:
670 593 862 631 nonne
883 576 1056 631 etiam
1074 576 1182 632 iste
1201 576 1499 631 meliorem
1517 576 1654 630 colit
1671 594 1850 648 quam

242 668 360 724 vos?
376 666 566 728 Qumso
590 665 770 733 enim,
794 665 1072 720 advertite
1094 671 1150 720 et
1172 665 1631 737 qualescumque
1653 666 1851 722 oculos

243 755 462 830 aperite:
491 769 683 824 neque
712 754 866 808 enim
899 770 1048 825 opus
1080 758 1168 809 est
1201 771 1411 826 magno
1461 755 1731 810 acumine
1759 756 1853 810 in-

240 844 387 920 genii,
405 847 466 897 ut
482 842 592 898 hoc
606 843 760 914 quod
775 843 990 911 dicam,
1003 845 1252 916 perspici
1269 843 1478 914 possit;
1497 861 1701 900 omnes
1716 862 1852 917 pru-

242 937 413 991 dentes
442 932 964 1003 imprudentesque
998 933 1262 1004 appello:
1298 934 1514 1000 audite,
1552 933 1851 1002 advertite,

231 1025 482 1098 judicate.
507 1021 736 1085 Quanto
760 1020 916 1077 enim
941 1021 1153 1076 melius
1177 1023 1320 1078 deus
1339 1026 1526 1077 vester
1542 1038 1608 1078 ex
1626 1023 1852 1077 aeterni-

237 1119 336 1169 tate
353 1115 616 1166 versatus
635 1115 789 1166 esset
807 1112 862 1166 in
882 1111 1162 1178 tenebris,
1184 1127 1360 1182 quam
1379 1115 1721 1167 coaeternam
1743 1113 1855 1168 sibi

234 1209 279 1260 et
298 1205 593 1273 cognatam
625 1199 816 1255 lucem
851 1200 1152 1255 mersisset
1183 1199 1242 1254 in
1274 1200 1547 1255 tenebras
1570 1201 1597 1254 ?
1628 1202 1854 1265 Quanto

235 1290 416 1347 melius
438 1294 701 1345 exortam
727 1289 838 1344 sibi
862 1306 1071 1344 novam
1090 1289 1278 1345 lucem
1299 1290 1368 1344 ad
1390 1290 1676 1361 fugandas
1695 1293 1853 1345 tene-

231 1382 346 1436 bras
374 1379 624 1434 miratus
654 1378 941 1446 laudaret,
975 1394 1150 1450 quam
1180 1378 1471 1433 irruentes
1495 1379 1608 1433 sibi
1631 1383 1855 1435 veteres

231 1470 478 1525 tenebras
514 1469 627 1524 nisi
685 1486 794 1524 sua
848 1468 972 1523 luce
1022 1469 1458 1539 contenebrata,
1492 1468 1706 1524 evitare
1739 1487 1854 1524 non

230 1557 442 1631 posset?
468 1558 701 1623 Infelix,
726 1558 774 1613 si
800 1558 1175 1630 perturbatus
1202 1575 1214 1626 ;
1240 1557 1516 1624 crudelis,
1539 1558 1589 1612 si
1613 1575 1857 1615 securus

230 1650 320 1703 hoc
343 1646 494 1702 fecit.
523 1647 728 1702 Melius
752 1646 910 1701 enim
935 1652 1088 1701 certe
1111 1663 1140 1701 a
1166 1663 1225 1701 se
1251 1647 1461 1701 factam
1486 1646 1673 1701 lucem
1697 1647 1855 1702 vide-

231 1743 316 1805 ret,
338 1748 390 1791 et
411 1737 734 1790 miraretur
755 1736 970 1790 bonam
988 1738 1027 1802 ι,
1055 1751 1228 1806 quam
1248 1752 1282 1789 a
1299 1751 1358 1790 se
1375 1735 1626 1805 genitam
1645 1737 1858 1790 faceret

229 1825 415 1880 malam
449 1841 463 1880 :
491 1841 621 1895 quae
645 1824 729 1879 sic
755 1825 826 1879 ab
851 1841 916 1880 eo
941 1824 1152 1894 repulit
1173 1824 1443 1879 tenebras
1475 1824 1765 1892 inimicas,
1792 1828 1858 1880 ut

228 1917 267 1970 ei
289 1914 438 1968 ﬁeret
466 1913 733 1969 inimica.
764 1918 883 1968 Hoc
905 1913 1061 1968 enim
1087 1911 1268 1984 culpa
1289 1913 1678 1986 imputabitur
1697 1915 1858 1968 dam-

225 2002 413 2058 nandis
429 2001 492 2056 in
522 2001 693 2075 globo
713 2001 827 2057 illis
847 2001 1133 2072 reliquiis,
1157 2002 1311 2073 quod
1331 2018 1524 2057 errare
1541 2020 1603 2058 se
1623 2004 1857 2075 apriore

225 2092 393 2147 lucida
411 2109 530 2146 sua
548 2096 755 2146 natura
773 2108 957 2162 passae
974 2095 1133 2159 sunt,
1157 2091 1475 2147 etinimicze
1496 2091 1703 2146 lumini
1721 2110 1856 2148 san-

221 2187 295 2236 cto
317 2181 714 2236 exstiterunt:
768 2181 923 2251 quod
978 2184 1292 2251 antequam
1342 2181 1425 2236 eis
1452 2182 1756 2250 accideret,
1791 2199 1859 2237 ex

222 2269 556 2334 eternitate,
581 2269 629 2324 si
651 2269 990 2324 nesciebant
1019 2269 1129 2323 hoc
1161 2269 1272 2323 sibi
1304 2269 1588 2337 futurum,
1613 2274 1858 2326 aeternas

216 2357 554 2430 ignorantiae
586 2358 856 2413 tenebras
882 2375 894 2426 ;
919 2357 969 2413 si
991 2362 1187 2412 autem
1211 2356 1492 2426 sciebant,
1516 2363 1763 2414 aeternas
1785 2359 1857 2414 ti-

219 2448 379 2502 moris
404 2448 687 2503 tenebras
710 2448 1099 2518 patiebantur.
1125 2447 1268 2503 Ecce
1293 2464 1425 2503 vere
1447 2465 1582 2518 pars
1603 2454 1658 2504 et
1679 2450 1856 2504 subs-

217 2537 385 2593 tantia
413 2537 510 2592 dei
548 2537 724 2592 vestri
755 2536 813 2591 in
846 2537 970 2592 suis
1000 2536 1255 2592 tenebris
1288 2554 1354 2592 ex
1382 2538 1703 2593 aeternitate
1731 2554 1854 2593 ver-

215 2632 327 2681 sata
356 2631 486 2681 est:
530 2641 637 2680 nec
670 2631 870 2697 postea
913 2626 1100 2681 lucem
1133 2643 1340 2680 novam
1374 2627 1584 2681 mirata
1613 2631 1720 2695 est,
1755 2629 1855 2683 sed

216 2715 344 2771 alias
367 2717 650 2772 tenebras
674 2714 949 2784 alienas”,
971 2732 1117 2786 quas
1135 2715 1640 2786 sempertimebat,
1661 2717 1855 2772 incur-

211 2805 292 2860 rit.
324 2806 506 2860 Porro
539 2805 664 2876 ipse
697 2811 867 2874 Deus,
904 2806 1073 2875 cujus
1104 2804 1204 2859 illa
1244 2821 1378 2875 pars
1409 2810 1555 2872 erat,
1586 2806 1635 2860 si
1667 2807 1855 2861 eidem

210 2895 344 2964 parti
380 2910 507 2948 suae
562 2893 825 2946 futurum
876 2897 1105 2947 tantum
1157 2892 1378 2948 malum
1411 2894 1652 2959 tinebat,
1680 2895 1857 2950 etiam

206 2982 388 3052 ipsum
415 2986 856 3052 occupaverant
877 2982 1107 3038 timoris
1132 2983 1381 3037 tenebrm
1411 3001 1423 3038 :
1452 2983 1499 3037 si
1523 2987 1714 3039 autem
1749 2984 1858 3040 hoc

207 3071 462 3125 futurum
493 3071 818 3138 nesciebat,
843 3070 1182 3142 ignorantiae
1204 3072 1460 3126 tenebris
1492 3074 1816 3128 caecabatur
1841 3085 1874 3129 :'

200 3159 243 3216 si
265 3165 464 3216 autem
491 3161 610 3215 hoc
629 3160 778 3231 parti
803 3177 919 3215 suae
940 3161 1202 3215 futurum
1221 3160 1460 3226 sciebat,
1477 3165 1534 3216 et
1551 3178 1665 3216 non
1688 3162 1855 3217 time-

202 3248 309 3317 bat,
337 3252 583 3321 pejores
606 3254 746 3305 sunt
776 3251 1023 3304 tenebrae
1056 3253 1228 3303 tanta:
1261 3250 1644 3316 crudelitatis,
1678 3268 1854 3323 quam

196 3338 274 3394 vel
297 3338 657 3412 ignorantiae
676 3339 759 3393 vel
776 3339 1006 3394 timoris
1026 3355 1038 3392 :
1061 3355 1248 3409 neque
1265 3339 1420 3394 enim
1440 3339 1692 3396 habebat
1710 3344 1855 3397 deus

195 3435 374 3484 vester
397 3429 572 3500 quod
598 3429 655 3482 in
680 3429 808 3499 ipsa
829 3445 1022 3495 carne,
1059 3445 1235 3500 quam
1266 3445 1381 3482 non
1414 3445 1448 3483 a
1479 3433 1612 3499 Deo,
1646 3431 1743 3484 sed
1779 3431 1850 3486 ab

194 3516 324 3589 Hyle
343 3518 580 3573 factam
599 3517 1040 3573 dementissime
1056 3518 1309 3583 creditis,
1336 3517 1421 3572 sic
1443 3517 1646 3573 laudat
1666 3524 1851 3590 Apos-

192 3606 357 3672 tolus,
379 3608 444 3662 Si
456 3609 689 3678 patitur
705 3623 881 3661 unum
901 3607 1220 3673 membrum,
1241 3609 1652 3678 compatiuntur
1665 3611 1852 3664 omnia

191 3697 429 3752 membra
453 3699 509 3763 (Ι
542 3697 670 3750 Cor.
695 3712 797 3760 x11,
817 3696 927 3766 26).
951 3696 1056 3750 Sed
1082 3712 1193 3750 non
1217 3697 1599 3752 accusamus8
1629 3714 1641 3752 :
1676 3714 1850 3767 praes-

188 3785 393 3855 ciebat,
449 3785 734 3850 timebat,
767 3785 1017 3854 dolebat,
1051 3786 1151 3840 sed
1187 3785 1325 3856 quid
1358 3787 1570 3841 faceret
1599 3804 1714 3842 non
1746 3788 1847 3842 ha-

187 3873 368 3930 bebat.
400 3875 471 3930 In
496 3874 600 3929 his
618 3891 754 3945 ergo
774 3891 889 3929 suae
909 3875 1155 3930 miseriae
1169 3876 1426 3930 tenebris
1448 3893 1516 3930 ex
1529 3875 1851 3932 aeternitate

189 3971 458 4020 versatus
495 3968 632 4019 est:
668 3980 773 4019 nec
831 3968 1032 4035 postea
1091 3981 1297 4021 novam
1358 3964 1568 4032 lucem,
1621 3982 1746 4036 qua:
1777 3967 1849 4021 ab

181 4051 270 4107 illo
300 4055 626 4118 tenebras,
661 4053 906 4125 fugaret,
940 4053 1185 4109 miratus
1217 4058 1342 4120 est;
1377 4055 1476 4108 sed
1511 4055 1657 4110 alias
1687 4060 1846 4111 tene-

1318 265 1552 325 LlBER
1593 267 2015 330 VIGESIMUS
2067 271 2499 331 SECUNDUS.

3491 274 3610 330 414

1969 399 2155 456 vietus
2177 403 2442 472 etjussus
2460 419 2592 457 cum
2609 403 2832 459 minore
2845 404 3141 475 pugnavit.
3157 403 3382 466 Quanto
3397 403 3568 459 meliu
3581 422 3606 459 s

1963 491 2212 545 nesciret
2229 492 2382 562 quod
2402 493 2472 547 ab
2491 494 2617 562 ejus
2639 494 2781 548 facie
2802 494 3045 564 fugisset
3062 494 3260 558 Adam,
3279 509 3453 563 quam
3480 494 3607 565 ipse

1961 578 2147 650 primo
2173 597 2205 634 a
2235 580 2378 636 facie
2406 583 2562 636 durae
2596 600 2659 637 ac
2692 583 2828 637 dirae
2861 582 3246 652 necessitatis,
3271 586 3327 636 et
3350 588 3550 653 postea
3573 602 3606 638 a

1960 668 2105 723 facie
2135 669 2373 724 diversae
2404 675 2575 741 atque
2607 673 2859 726 adversae
2890 672 3077 741 gentis
3099 688 3214 742 quo
3243 672 3464 744 fugeret
3486 690 3600 728 non

1961 757 2247 812 haberet?
2274 759 2514 822 Quando
2551 759 2757 814 melius
2781 765 3000 814 naturae
3024 761 3298 815 humanae
3320 760 3603 815 invideret

1959 847 2137 901 vitam
2161 849 2412 910 beatam,
2429 865 2604 920 quam
2621 854 2888 903 naturam
2909 850 3164 904 divinam
3180 849 3410 904 daretin
3431 849 3607 904 mise-

1963 936 2860 1009 riamzdesideraretsanguinem
2877 943 2931 993 et
2944 939 3172 1010 adipem
3189 939 3606 994 sacrificiorum

1963 1025 2178 1098 potius,
2214 1043 2389 1096 quam
2439 1026 2563 1096 ipse
2605 1027 2776 1082 toties
2808 1028 2981 1081 etiam
3030 1028 3200 1082 idolis
3234 1033 3605 1092 mactaretur,

1963 1114 2186 1169 mixtus
2211 1113 2367 1185 adipi
2388 1117 2443 1168 et
2463 1114 2737 1185 sanguini
2768 1114 3030 1168 omnium
3053 1114 3456 1181 victimarum;
3484 1131 3608 1185 per-

1963 1203 2302 1258 turbaretur
2323 1202 2465 1272 zelo,
2490 1203 2540 1258 si
2566 1202 2666 1257 illa
2689 1202 2975 1258 sacrificia
2993 1207 3049 1257 et
3067 1201 3178 1257 diis
3196 1202 3323 1257 aliis
3343 1203 3617 1258 offerren-

1963 1296 2080 1357 tur,
2105 1292 2297 1363 potius
2319 1308 2496 1363 quam
2520 1293 2646 1364 ipse
2669 1292 2904 1363 ligatus,
2926 1309 3038 1346 non
3059 1290 3244 1346 solum
3265 1291 3320 1344 in
3340 1291 3611 1345 omnibus

1964 1380 2310 1448 fructibus‘,
2342 1397 2545 1435 verum
2578 1380 2755 1435 etiam
2787 1381 2845 1434 in
2878 1380 3152 1435 omnibus
3184 1379 3479 1444 carnibus,
3515 1397 3614 1450 per

1965 1486 2169 1525 omnes
2190 1487 2342 1538 aras,
2363 1471 2638 1525 omnibus
2657 1469 3018 1525 daemonibus
3038 1469 3610 1532 oll‘erretur?Quanto

1965 1559 2178 1614 melius
2201 1559 2288 1614 vel
2308 1559 2567 1614 humana
2582 1559 2980 1631 indignatione
2999 1562 3326 1613 commotus
3346 1575 3408 1612 ac
3424 1559 3609 1612 turbi-

1965 1650 2077 1704 dus
2099 1648 2476 1718 peccantibus
2500 1652 2556 1702 et
2581 1648 2704 1702 suis
2731 1651 2786 1702 et
2809 1648 3012 1702 alienis
3037 1648 3407 1711 irasceretur,
3436 1663 3611 1717 quam

1965 1736 2091 1808 ipse
2106 1754 2216 1792 non
2233 1737 2424 1791 solum
2439 1737 2497 1790 in
2514 1737 2807 1806 omnibus,
2825 1736 3235 1806 irascentibus,
3251 1737 3351 1790 sed
3367 1735 3540 1790 etiam
3555 1735 3613 1790 in

1965 1825 2240 1881 omnibus
2271 1825 2980 1894 timentibusturbaretur,
3013 1826 3068 1879 in
3087 1825 3460 1896 peccantibus
3488 1842 3612 1880 0m-

1965 1914 2139 1969 nibus
2154 1914 2652 1985 coinquinaretur,
2681 1914 2736 1967 in
2762 1914 3052 1969 damnatis
3076 1915 3351 1969 omnibus
3375 1915 3612 1984 punire-

1963 2003 2303 2074 tur;ubique
2317 2003 2530 2075 ligatus
2544 2003 2720 2059 exilla
2733 2021 2839 2059 sua
2853 2008 3218 2075 parte,quam
3233 2005 3303 2058 ad
3318 2004 3431 2058 tale
3446 2005 3616 2058 dede-

1972 2109 2075 2148 cus
2095 2093 2461 2147 innocentem
2484 2091 2608 2162 ipse
2627 2093 2942 2157 damnavit,
2965 2098 3027 2147 ut
3045 2108 3145 2163 per
3176 2091 3334 2146 illam
3361 2092 3616 2146 vinceret

1965 2182 2119 2252 quod
2139 2181 2403 2244 timebat;
2427 2180 2601 2235 etiam
2617 2180 2741 2251 ipse
2754 2181 2863 2234 sub
2878 2185 2994 2235 tam
3010 2179 3251 2235 exitiosa
3265 2180 3611 2235 necessitate

1966 2270 2302 2335 damnatus,
2321 2275 2385 2324 ut
2400 2270 2450 2324 ei
2470 2271 2745 2324 damnata
2760 2286 2895 2340 pars
2913 2270 3039 2340 ejus
3058 2273 3253 2341 posset
3287 2269 3609 2340 ignoscere,

1964 2357 2013 2413 si
2037 2359 2311 2429 cumjam
2337 2358 2515 2413 miser
2537 2358 2634 2425 sit,
2657 2357 2744 2412 vel
2767 2358 3010 2413 humilis
3027 2358 3396 2413 esset?Nunc
3411 2363 3606 2412 autem

1964 2448 2098 2518 quis
2125 2449 2269 2503 ferat
2291 2447 2634 2516 reprehendi
2659 2465 2692 2501 a
2712 2448 2875 2502 vobis
2902 2447 3085 2502 Deum
3109 2447 3455 2502 irascentem
3481 2447 3607 2502 suis

1963 2535 2285 2605 alienisque
2335 2536 2731 2607 peccantibus,
2784 2553 2917 2591 cum
2958 2537 3102 2591 deus
3151 2552 3326 2607 quem
3359 2536 3607 2608 fingitis,

1965 2626 2230 2679 membra
2243 2642 2369 2694 sua,
2387 2642 2513 2696 quae
2527 2631 2760 2680 coactus
2775 2625 3058 2697 coegitire
3075 2627 3129 2678 in
3147 2625 3340 2680 fauces
3360 2625 3601 2695 peccati,

1964 2719 2166 2785 postea
2187 2717 2426 2769 damnet
2448 2715 2506 2768 in
2535 2714 2705 2785 globo
2727 2715 2754 2768 ?
2784 2715 2945 2778 Quod
2978 2714 3216 2785 quidem
3250 2730 3381 2769 cum
3417 2714 3607 2782 faciet,

1965 2807 2030 2858 ut
2060 2803 2276 2868 dicitis,
2310 2803 2456 2858 iram
2491 2821 2606 2858 non
2639 2803 2897 2858 habebit.
2931 2805 3036 2858 Sed
3072 2804 3250 2857 miror
3279 2803 3330 2857 si
3361 2803 3607 2858 frontem

1963 2892 2203 2947 habebit
2233 2893 2532 2948 inferendo
2566 2893 2623 2947 in
2651 2910 2750 2948 eos
2784 2894 2950 2963 quasi
2976 2892 3312 2962 vindictam,
3338 2910 3371 2947 a
3394 2893 3610 2963 quibus

1964 2986 2158 3053 petere
2181 2982 2416 3036 deberet
2431 2983 2658 3036 veniam
2673 3025 2686 3048 ,
2705 2987 2760 3036 et
2776 2983 2964 3038 dicere
2982 3001 2993 3038 :
3013 2983 3282 3050 Obsecro,
3304 2982 3606 3054 ignoscite,

1965 3071 2230 3125 membra
2260 3087 2390 3126 mea
2420 3071 2598 3139 estis;
2633 3072 2868 3142 quando
2900 3088 3004 3143 ego
3047 3071 3105 3125 in
3150 3088 3249 3126 vos
3280 3071 3458 3138 istud,
3494 3071 3606 3127 nisi

1963 3159 2150 3214 victus
2174 3160 2538 3225 necessitate,
2562 3161 2746 3215 facere
2761 3162 3032 3232 possem?
3050 3161 3222 3216 Scitis
3236 3165 3290 3215 et
3307 3178 3430 3227 vos,
3451 3163 3604 3232 quod

1963 3252 2106 3304 tunc
2128 3251 2362 3319 quando
2384 3267 2485 3303 vos
2509 3249 2626 3304 huc
2653 3250 2809 3313 misi,
2835 3251 3161 3305 horrendus
3183 3250 3371 3305 hostis
3394 3267 3605 3322 erupe-

1965 3342 2091 3393 rat:
2118 3339 2272 3408 quod
2298 3342 2496 3392 autem
2522 3355 2676 3393 nunc
2704 3355 2804 3394 vos
2837 3339 2930 3394 hic
2960 3339 3140 3410 illigo,
3171 3338 3348 3394 timeo
3380 3356 3450 3394 ne
3481 3355 3608 3394 rur-

1964 3443 2067 3482 sus
2089 3431 2379 3498 erumpat.
2404 3427 2529 3481 Jam
2551 3432 2702 3482 certe
2724 3428 2899 3482 etiam
2932 3428 3076 3482 illud
3111 3428 3395 3494 fatemini,
3429 3428 3610 3485 multo

1963 3515 2176 3571 melius
2198 3531 2324 3570 esse
2346 3515 2651 3571 hominum
2667 3517 2851 3571 millia
2864 3518 2935 3571 ob
2953 3517 3172 3571 nullam
3188 3517 3272 3571 vel
3291 3517 3468 3572 levem
3485 3519 3606 3573 cul-

1961 3621 2096 3676 pam
2111 3604 2418 3675 temporali
2437 3611 2619 3659 morte
2639 3606 2980 3672 interficere,
2999 3623 3173 3677 quam
3196 3607 3456 3660 membra
3473 3623 3600 3674 sua,

1960 3695 2019 3750 id
2039 3698 2128 3748 est
2146 3694 2406 3748 membra
2423 3693 2543 3761 Dei,
2569 3694 2954 3748 substantiam
2976 3694 3098 3761 Dei,
3123 3699 3175 3748 et
3199 3694 3366 3765 plane
3389 3695 3599 3763 Deum,

1961 3783 2089 3838 etin
2117 3782 2334 3854 peccati
2352 3782 2684 3853 voraginem
2721 3784 2955 3851 tradere,
2992 3787 3046 3837 et
3079 3800 3258 3854 pinnae
3292 3783 3603 3853 sempiter-

1959 3889 2046 3926 nae
2079 3871 2444 3942 colligatione
2476 3873 2774 3928 damnare.
2809 3873 2863 3925 Si
2897 3872 3052 3928 enim
3085 3876 3240 3927 esset
3271 3871 3385 3926 illis
3417 3889 3600 3926 mem-

1956 3961 2080 4016 bris
2103 3961 2379 4031 peccandi
2400 3960 2485 4015 vel
2511 3979 2624 4015 non
2660 3963 2933 4033 peccandi
2966 3961 3216 4016 liberum
3247 3961 3552 4016 arbitrium
3585 3979 3595 4016 :

1958 4067 2295 4123 quanquam
2329 4051 2400 4104 de
2431 4051 2768 4105 substantia
2804 4051 2919 4117 Dei,
2955 4067 3077 4119 quae
3107 4067 3238 4105 vere
3269 4051 3599 4105 substantia

1954 4138 2053 4194 Dei
2081 4144 2188 4205 est,
2222 4156 2286 4194 ac
2318 4156 2418 4211 per
2449 4139 2558 4195 hoc
2589 4141 2827 4195 omnino
2850 4139 3368 4214 incommutabilis,
3393 4156 3595 4212 quem-

1955 4229 2275 4284 admodum
2309 4229 2415 4284 hoc
2464 4229 2713 4298 dicatur,
2768 4246 2882 4284 non
2911 4229 3222 4284 invenitur.
3256 4230 3409 4284 Deus
3440 4230 3594 4284 enim

1954 4319 2194 4373 omnino
2228 4335 2466 4390 peccare
2498 4335 2613 4374 non
2650 4323 2857 4390 potest,
2890 4319 3040 4373 sicut
3067 4335 3276 4390 negare
3307 4335 3368 4374 se
3400 4318 3596 4389 ipsum

1954 4425 2068 4462 non
2093 4412 2285 4479 potest
2307 4409 2378 4478 (ΙΙ
2406 4410 2538 4463 Tim.
2567 4426 2628 4475 ιι,
2660 4411 2744 4477 13)
2775 4426 2786 4462 :
2819 4409 2992 4464 homo
3025 4413 3214 4463 autem
3252 4413 3442 4480 potest
3467 4425 3596 4480 pec-

1953 4513 2103 4562 care,
2131 4502 2187 4552 et
2208 4497 2389 4551 Deum
2415 4513 2625 4569 negare
2648 4515 2660 4564 ;
2681 4499 2778 4552 sed
2808 4498 2854 4552 si
2883 4497 3045 4566 nolit,
3072 4514 3184 4552 non
3212 4498 3374 4553 facit:
3395 4497 3443 4552 si
3461 4514 3596 4569 ergo

1952 4585 2082 4640 istis
2106 4585 2384 4640 membris
2407 4586 2497 4639 dei
2522 4589 2716 4654 vestri,
2743 4586 2899 4641 velut
2915 4587 3122 4641 animae
3142 4586 3410 4641 humanae
3425 4603 3490 4640 ac
3508 4604 3596 4640 ra-

1951 4674 2176 4743 tionali,
2202 4680 2376 4743 esset,
2402 4679 2465 4729 ut
2487 4674 2623 4741 dixi,
2652 4675 2928 4746 peccandi
2960 4675 3046 4731 vel
3080 4692 3194 4730 non
3226 4676 3504 4746 peccandi
3525 4675 3595 4729 li-

1950 4764 2154 4818 berum
2178 4763 2494 4818 voluntatis
2515 4765 2846 4831 arbitrium,
2872 4768 3025 4820 recte
3057 4764 3304 4820 fortasse
3335 4782 3436 4836 pro
3466 4782 3593 4834 gra-

1948 4851 2118 4908 vibus
2151 4853 2496 4907 criminibus
2530 4852 2627 4908 illo
2656 4853 2808 4924 globi
2842 4853 3127 4926 supplicio
3161 4853 3586 4926 plecterentur:

1950 4959 2106 4997 nunc
2122 4946 2313 4996 autem
2340 4941 2669 4996 libertatem
2682 4942 2999 4997 voluntatis
3014 4942 3143 4998 illas
3165 4941 3475 5014 particulas
3493 4942 3592 4995 ha-

1949 5031 2171 5099 buisse,
2203 5031 2395 5085 dicere
2430 5047 2544 5085 non
2577 5031 2842 5101 potestis,
2876 5047 3055 5102 quam
3103 5036 3263 5086 totus
3296 5031 3437 5085 deus
3466 5029 3590 5100 ipse

1949 5137 2065 5175 non
2098 5119 2341 5174 habuit:
2376 5121 2515 5191 quia
2546 5121 2594 5175 si
2627 5137 2724 5176 eas
2761 5137 2874 5175 non
2907 5121 3161 5175 mitteret
3183 5121 3240 5174 in
3265 5124 3587 5190 peccatum,

1946 5212 2108 5265 totus
2121 5214 2257 5264 aten
2266 5209 2332 5264 eb
2341 5226 2531 5264 rarum
2539 5216 2708 5281 gente
2726 5227 3000 5281 pervasus
3015 5225 3248 5281 peccare
3262 5213 3583 5280 cogeretur:

1947 5300 2102 5370 quod
2126 5299 2173 5353 si
2198 5299 2322 5371 cogi
2348 5316 2460 5354 non
2485 5303 2746 5371 possent,
2773 5298 3044 5368 peccavit,
3071 5313 3198 5351 cum
3224 5313 3322 5350 eas
3345 5313 3408 5351 eo
3425 5296 3588 5351 misit

1947 5388 2046 5444 ubi
2068 5388 2192 5460 cogi
2219 5394 2494 5460 possent;
2521 5393 2578 5443 et
2597 5389 2727 5444 ideo
2753 5388 2937 5458 magis
2960 5389 3082 5456 ipse
3102 5385 3201 5439 illo
3223 5384 3377 5440 velut
3399 5385 3584 5457 parri-

1947 5475 3580 5550 cidaliculeodignus,quihocfecitliberoimperio,quam
3663 5527 3670 5534 .

177 4142 322 4209 bras,
360 4159 536 4215 quas
574 4158 804 4212 semper
851 4142 1070 4208 timuit,
1107 4159 1318 4215 magno
1362 4143 1515 4198 male
1549 4161 1667 4198 suae
1697 4143 1846 4200 lucis

179 4237 451 4302 expertus
483 4236 603 4287 est.
631 4233 856 4297 Quanto
885 4232 1115 4299 melius,
1140 4249 1252 4287 non
1274 4233 1463 4288 dicam
1489 4239 1845 4305 praeceptum

174 4320 328 4376 daret
348 4323 532 4378 sicut
561 4325 734 4384 Deus,
761 4321 862 4376 sed
888 4326 1240 4393 praeceptum
1259 4323 1546 4394 acciperet
1567 4323 1720 4378 sicut
1737 4324 1844 4379 ho-

177 4426 293 4477 mo;
317 4413 492 4482 quod
529 4412 689 4465 bono
713 4425 817 4464 suo
841 4411 1182 4477 custodiret,
1207 4411 1358 4466 malo
1383 4429 1487 4467 suo
1511 4417 1843 4468 contemne-

172 4503 270 4568 ret,
296 4501 358 4555 in
395 4505 674 4571 utroque
705 4503 899 4554 tamen
935 4504 1097 4554 motu
1128 4499 1308 4554 animi
1340 4499 1523 4556 libera
1545 4500 1845 4557 voluntate

173 4593 391 4644 uteretu
403 4607 457 4657 r,
486 4587 694 4660 potius
713 4604 888 4659 quam
903 4593 1105 4643 contra
1116 4588 1470 4644 voluntatem
1487 4590 1556 4643 ad
1572 4596 1842 4646 contene-

171 4675 469 4734 brandam
497 4677 700 4731 lucem
724 4693 888 4731 suam
915 4676 1236 4732 inevitabili
1261 4678 1605 4734 necessitate
1623 4697 1844 4750 preme~

170 4771 321 4822 retur
339 4767 369 4823 ‘I
399 4768 571 4824 Nam
593 4765 742 4820 illud
767 4765 947 4822 multo
970 4766 1171 4838 utique
1197 4765 1404 4822 melius
1424 4772 1595 4837 esset,
1617 4773 1680 4823 ut
1697 4787 1842 4840 prae-

166 4861 400 4928 ceptum
417 4858 609 4913 daret
622 4855 893 4912 humanae
908 4860 1126 4911 naturae
1139 4873 1317 4927 quam
1332 4863 1700 4928 peccaturam
1715 4876 1844 4916 esse

167 4946 443 5013 nesciret,
477 4961 672 5017 quam
694 4949 966 5000 naturam
991 4961 1161 5000 suam
1186 4945 1441 5001 divinam
1457 4947 1478 4980 ‘
1501 4947 1842 5003 necessitate

163 5048 404 5104 pressus
435 5051 701 5109 peccare
722 5033 1114 5106 compelleret.
1139 5034 1435 5108 Evigilate,
1460 5040 1514 5091 et
1539 5036 1710 5093 dicite
1735 5054 1841 5093 no-

162 5123 246 5179 bis
268 5125 602 5197 quomodo
627 5123 841 5179 vincit'5
858 5124 1151 5190 tenebras,
1176 5142 1348 5197 quem
1382 5127 1560 5182 vincit
1595 5128 1842 5184 necessi-

163 5215 264 5268 tas.
293 5216 436 5269 Haec
462 5215 608 5285 jam
643 5218 765 5269 erat
796 5214 951 5285 apud
985 5212 1150 5269 illum
1201 5213 1386 5270 hostis
1421 5218 1630 5287 major,
1661 5234 1694 5272 a
1726 5234 1842 5288 qua

213 5314 228 5344 ί
248 5311 524 5375 Aliquot
551 5311 682 5375 Mss.
705 5309 867 5375 lucem
889 5310 1062 5375 videns
1082 5311 1362 5360 miraretur
1384 5312 1584 5362 bonam.
1605 5314 1842 5364 Nonnul-

159 5371 206 5429 li,
235 5371 411 5421 [τιςεώ
449 5373 664 5421 videret
695 5372 919 5434 bonam;
949 5374 1163 5432 omisso,
1187 5379 1234 5423 et
1262 5377 1558 5427 miraretur.

215 5435 234 5500 ἓ
258 5435 396 5486 Sola
431 5436 574 5500 fere
600 5435 945 5500 editio_Lov.,
969 5436 1282 5500 alienasque.

211 5499 232 5532 ³
265 5501 480 5548 Plures
521 5498 673 5558 Msa,
696 5498 788 5546 sed
815 5513 916 5548 non
939 5498 1248 5549 accusemus.

187 5561 452 5674 ιδὲξίίξιὶο
494 5561 653 5620 Lov.,
686 5561 883 5611 divina.
919 5561 1217 5626 Castigatur
1243 5576 1308 5612 ex
1355 5563 1681 5616 editionibus
1725 5565 1839 5617 aliis

293 5638 319 5674 ε
357 5662 370 5674 .

161 5633 206 5671 ει
239 5633 370 5675 MSS.

209 5686 229 5721 ⁵
255 5688 504 5752 Aliquot
537 5684 668 5737 Mss.
697 5684 802 5739 hoc
823 5690 878 5740 et
917 5688 1162 5752 proximo
1192 5688 1327 5751 loco,
1358 5687 1495 5741 vicit.
2010 5694 2028 5731 ί
2058 5691 2174 5744 Am.
2206 5694 2259 5744 et
2284 5691 2369 5744 Er.
2400 5693 2453 5742 et
2477 5689 2661 5755 plures
2688 5688 2832 5751 ωε..
2859 5687 3123 5754 frugibus.
