4052 6184
128 5826 261 5911 “1|.

450 316 567 377 415
1213 322 1521 382 CONTRA
1572 319 1941 383 FAUSTUM
1989 317 2515 393 MANICHXEUM,
2564 316 2628 377 S.
2674 318 3099 379 AUGUSTINI
3711 329 3821 387 416

451 446 561 502 illae
577 466 701 520 quas
717 451 909 504 obtem
921 454 1173 521 perando
1188 452 1243 505 ill
1258 469 1323 507 uc
1344 454 1556 515 ierunt,
1577 452 1676 507 ubi
1697 456 1848 507 recte
1865 450 2096 505 vivendi

455 538 758 593 arbitrium
779 538 1023 594 liberum
1050 541 1447 611 perdiderunt.
1470 542 1528 597 Si
1548 547 1740 596 autem
1762 540 1831 595 ad
1852 556 2094 611 peccan-

455 626 596 679 dum
620 631 677 681 et
694 628 1065 698 ipseinvasus
1081 636 1253 700 atque
1268 646 1577 702 possessus
1597 629 1724 701 cogi
1745 634 1961 700 posset,
1983 627 2095 682 nisi

456 730 558 785 per
578 732 697 769 sua:
721 717 903 787 partis
926 718 1113 790 primo
1138 720 1447 791 ﬂagitium,
1472 719 1683 774 deinde
1715 716 2092 789 supplicium,

451 804 563 858 sibi
588 805 963 875 providisset,
996 808 1270 879 nullaque
1302 808 1412 863 fuit
1444 809 1501 861 in
1536 809 1642 863 deo
1672 812 1884 877 vestro,
1910 822 2014 861 nec
2035 806 2095 859 in

450 894 578 961 ejus
601 893 867 964 partibus
889 896 1073 952 libera
1089 898 1358 952 voluntas
1377 916 1389 963 ;
1406 914 1522 952 non
1540 914 1601 952 se
1617 896 2091 968 ﬁngatjudicem,

449 982 549 1036 sed
584 990 858 1054 agnoscat
890 1002 1053 1040 reum
1082 1007 1094 1055 ;
1132 1003 1236 1042 nec
1267 987 1405 1057 quia
1434 1003 1645 1057 passus
1680 991 1767 1040 est
1799 985 1954 1056 quod
1987 1000 2094 1038 no—

447 1068 626 1137 lebat,
651 1074 749 1128 sed
777 1075 912 1144 quia
935 1091 995 1130 se
1017 1075 1258 1131 simulat
1269 1076 1435 1146 justa
1453 1075 1791 1145 retribuere,
1807 1075 2091 1129 damnan-

451 1159 524 1213 do
548 1177 645 1216 eos
673 1177 820 1232 quos
846 1163 1003 1218 novit
1027 1162 1246 1218 malum
1270 1181 1473 1235 passos
1504 1180 1631 1219 esse
1664 1161 1876 1235 potius,
1911 1175 2088 1233 quam

451 1249 691 1304 fecisse:
722 1253 873 1322 quod
897 1253 967 1307 ad
993 1252 1099 1307 hoc
1119 1258 1345 1309 tantum
1363 1252 1624 1318 simulat,
1644 1269 1714 1307 ne
1732 1251 1915 1306 victus
1934 1251 2089 1304 inve-

454 1338 677 1404 niatur;
699 1342 866 1409 quasi
886 1341 1105 1413 aliquid
1130 1346 1310 1413 prosit
1330 1342 1502 1399 alicui
1522 1342 1756 1407 misero,
1774 1339 1823 1394 si
1841 1338 1975 1394 felix
1996 1340 2095 1394 aut

453 1426 789 1483 fortunatus
801 1436 1055 1485 vocetur.
1072 1431 1427 1503 Nempejam
1446 1438 1503 1487 et
1519 1432 1626 1487 hoc
1646 1430 1854 1487 melius
1874 1433 2017 1498 erat,
2032 1430 2097 1481 ut

451 1514 597 1571 deus
628 1521 813 1572 vester
843 1519 967 1574 sine
998 1519 1116 1576 ullo
1148 1522 1440 1592 aequitatis
1472 1521 1736 1576 examine
1756 1517 2095 1574 hominibus

449 1620 553 1658 nec
575 1605 750 1676 justis
774 1624 879 1663 nec
902 1610 1302 1679 peccatoribus
1324 1615 1587 1682 parceret
1608 1609 1785 1681 (quod
1809 1611 1867 1663 in
1900 1621 2092 1679 repre-

447 1691 726 1751 hensione
738 1696 837 1752 Dei
853 1699 1034 1752 nostri
1054 1700 1300 1755 Faustus
1315 1700 1460 1754 nihil
1474 1699 1807 1771 intelligens
1822 1697 2095 1753 ultimum

448 1784 691 1855 posuit),
718 1802 893 1855 quam
917 1788 975 1843 in
999 1791 1263 1845 membra
1285 1808 1394 1845 sua
1415 1791 1499 1846 sic
1521 1790 1773 1845 saeviret:
1801 1792 1866 1842 ut
1887 1801 2094 1858 parum

449 1871 524 1926 sit
548 1874 700 1944 quod
724 1890 791 1930 ea
811 1875 1237 1949 inexpiabiliter
1256 1880 1622 1935 venenanda‘
1649 1876 1919 1933 hostibus
1931 1875 2097 1930 obtu-

453 1959 540 2031 lit,
566 1962 679 2017 nisi
701 1964 875 2019 etiam
901 1965 1046 2021 falso
1069 1969 1313 2023 crimine
1337 1968 1668 2039 iniquitatis
1691 1970 1939 2021 accuset.
1961 1964 2094 2027 Qua:

452 2049 582 2105 ideo
606 2053 811 2109 merito
833 2054 974 2109 dicit
1004 2058 1254 2127 pendere
1285 2062 1404 2113 tam
1438 2058 1693 2113 immane
1725 2072 1790 2110 ac
1823 2056 1949 2111 sine
1982 2053 2095 2107 ﬁne

453 2140 829 2211 supplicium,
864 2146 1017 2215 quod
1052 2162 1245 2201 errare
1276 2164 1337 2202 se
1368 2165 1400 2202 a
1433 2148 1623 2220 priore
1649 2163 1757 2202 sua
1778 2145 1971 2200 lucida
1991 2159 2091 2199 na-

452 2234 581 2283 tura
596 2246 770 2300 passa
781 2234 1270 2298 sunt,etinimicia
1284 2236 1494 2291 lumini
1509 2241 1710 2291 sancto
1725 2234 2091 2290 exstiterunt.

455 2315 634 2384 Unde,
662 2320 772 2375 nisi
805 2322 963 2393 quia,
998 2328 1062 2377 ut
1091 2323 1214 2395 ipse
1244 2326 1405 2391 dicit,
1438 2326 1521 2381 ita
1551 2330 1718 2381 erant
1748 2325 2096 2378 inviscerata

453 2405 653 2475 prima:
679 2409 935 2464 aviditati
956 2411 1287 2483 principum
1309 2415 1705 2481 tenebrarum,
1728 2418 1792 2468 ut
1808 2411 2093 2484 originem

454 2510 623 2550 suam
675 2498 944 2564 recolere,
994 2518 1172 2573 seque
1199 2504 1271 2558 ab
1305 2503 1497 2560 hostili
1529 2508 1737 2558 natura
1767 2503 2095 2557 discernere

458 2599 571 2638 non
590 2584 887 2643 valerent?
901 2590 1047 2660 Ergo
1062 2591 1268 2645 animae
1284 2590 1625 2662 hujusmodi
1639 2591 1783 2646 nihil
1805 2588 1942 2645 mali
1956 2588 2093 2660 ipsis

456 2674 737 2742 fecerunt,
770 2679 869 2733 sed
904 2680 1241 2735 innocentes
1271 2685 1499 2737 tantum
1554 2682 1775 2736 malum
1809 2696 2094 2753 perpessae

457 2770 614 2819 sunt.
638 2766 760 2830 Quo
783 2766 1048 2837 faciente,
1072 2768 1185 2825 nisi
1207 2768 1306 2824 illo
1332 2771 1624 2841 primitus,
1660 2771 1759 2842 qui
1795 2776 1857 2826 ut
1887 2788 1921 2826 a
1951 2787 2013 2826 se
2034 2772 2094 2825 in

452 2856 683 2908 tantum
699 2853 920 2910 malum
939 2858 1945 2931 procederent,imperavit?Pejorem
1959 2876 2095 2931 ergo

452 2947 696 3011 experta:
719 2952 855 2998 sunt
878 2950 1122 3015 patrem,
1148 2963 1321 3017 quam
1350 2948 1595 3003 hostem.
1620 2949 1790 3004 Pater
1817 2950 1973 3005 enim
1998 2966 2094 3006 eas

455 3029 525 3084 ad
560 3035 782 3086 tantum
843 3032 1066 3088 malum
1120 3034 1319 3105 misit;
1356 3037 1541 3093 hostis
1586 3048 1782 3094 autem
1812 3043 2094 3110 tanquam

453 3118 674 3173 bonum
697 3123 996 3191 appetivit,
1030 3123 1271 3196 cupiens
1302 3127 1539 3195 perfrui,
1574 3144 1689 3183 non
1721 3145 1963 3185 nocere:
1998 3128 2097 3184 ille

458 3208 651 3263 sciens
674 3210 892 3275 nocuit,
917 3211 1013 3266 ille
1038 3214 1322 3269 nesciens.
1345 3216 1454 3271 Sed
1474 3218 1616 3272 deus
1636 3218 1905 3274 infirmus
1923 3223 2097 3289 atque

457 3295 627 3367 inops
651 3298 818 3354 aliter
839 3300 947 3355 sibi
972 3302 1274 3359 consulere
1296 3321 1407 3358 non
1436 3305 1683 3373 valebat,
1709 3308 1872 3379 prius
1896 3309 2095 3363 adver-

456 3401 557 3440 sus
585 3385 809 3442 hostem
843 3390 1199 3461 improbum,
1231 3398 1287 3447 et
1319 3398 1449 3464 post
1478 3396 1757 3451 adversus
1778 3397 2095 3453 inclusum.

454 3474 667 3531 Saltem
695 3480 967 3550 ergo'non
993 3488 1225 3537 accuset
1245 3499 1364 3549 eas,
1390 3500 1639 3555 quarum
1663 3486 1995 3543 obedientia
2011 3492 2099 3543 tu-

452 3569 547 3620 tus
570 3570 677 3632 est,
708 3584 955 3637 quarum
982 3575 1169 3625 morte
1192 3586 1433 3627 securus
1455 3579 1562 3629 est.
1585 3574 1642 3629 Si
1678 3575 1831 3630 enim
1864 3582 2101 3632 coactus

457 3659 546 3709 est
566 3655 836 3725 prwliari,
863 3660 1146 3730 numquid
1162 3665 1219 3715 et
1234 3660 1772 3719 calumniari?Nam
1792 3666 2026 3737 quando
2040 3683 2103 3722 se

461 3759 655 3800 errare
677 3763 709 3800 a
732 3748 921 3817 priore
943 3765 1052 3803 sua
1072 3748 1265 3805 lucida
1291 3756 1503 3806 natura
1533 3770 1715 3823 passae
1747 3760 1885 3809 sunt
1912 3760 1969 3811 et
1990 3756 2103 3810 ini-

464 3834 627 3889 micae
659 3834 868 3890 lumini
903 3842 1105 3893 sancto
1149 3839 1520 3907 exstiterunt,
1557 3843 1626 3897 ad
1661 3842 1768 3899 hoc
1800 3844 2000 3915 utique
2032 3844 2105 3899 ab

464 3921 631 3977 hoste
656 3930 865 3979 coactae
890 3931 1046 3992 sunt,
1072 3927 1163 3981 cui
1187 3928 1235 3983 si
1255 3930 1523 3986 resistere
1536 3949 1649 3987 non
1669 3933 1995 4005 valuerunt,
2013 3934 2103 3989 in—

468 4018 743 4068 nocentes
760 4015 1117 4070 damnantur
1134 4033 1148 4081 ;
1164 4017 1213 4071 si
1235 4023 1430 4073 autem
1450 4022 1892 4088 valuerunt,nec
1913 4023 2108 4079 voleu-

470 4106 628 4169 runt,
662 4102 801 4174 quid
834 4104 1024 4159 adhuc
1056 4110 1175 4160 tam
1227 4107 1486 4164 fabulose
1522 4110 1805 4169 inducitis
1836 4121 2107 4172 naturam

469 4190 632 4257 mali,
655 4207 788 4246 cum
814 4209 846 4247 a
870 4194 1104 4265 propria
1127 4195 1425 4252 voluntate
1448 4199 1524 4253 sit
1542 4200 1698 4269 origo
1719 4204 1936 4272 peccati
1952 4206 2109 4261 ?Hoc

469 4279 624 4336 enim
648 4286 798 4336 certe
829 4299 936 4337 sua
966 4282 1158 4355 culpa,
1192 4301 1304 4339 non
1340 4286 1389 4340 vi
1420 4288 1611 4342 aliena
1642 4289 1921 4359 fecerunt,
1954 4296 2109 4364 quod

470 4386 603 4425 cum
630 4377 865 4441 possent
884 4372 1038 4428 malo
1060 4373 1352 4440 resistere,
1378 4376 1707 4434 noluerunt.
1733 4381 1895 4444 Quod
1915 4383 2070 4438 enim
2088 4385 2109 4418 ²

472 4460 520 4513 si
553 4461 827 4528 facerent,
861 4462 1007 4517 bene
1038 4463 1328 4530 facerent;
1362 4465 1411 4521 si
1458 4471 1650 4522 autem
1684 4486 1799 4525 non
1832 4471 2106 4541 facerent,

470 4549 721 4620 graviter
751 4550 1202 4623 immaniterque
1234 4561 1574 4624 peccarent:
1612 4557 1659 4611 si
1693 4563 2023 4628 potuerunt,
2056 4566 2112 4617 et

470 4655 584 4691 non
619 4638 895 4703 fecerunt,
930 4640 1133 4711 utique
1162 4643 1496 4698 noluerunt.
1530 4644 1587 4699 Si
1615 4662 1749 4718 ergo
1774 4647 2107 4722 noluerunt,

464 4726 783 4783 ‘voluntatis
806 4727 1023 4782 crimen
1051 4734 1157 4799 est,
1187 4747 1299 4785 non
1326 4735 1713 4791 necessitatis.
1738 4739 1782 4791 A
1811 4738 2111 4795 voluntate

467 4815 649 4886 igitur
670 4816 902 4870 initium
928 4818 1146 4888 peccati
1173 4835 1186 4874 :
1220 4820 1375 4875 unde
1396 4828 1589 4877 autem
1614 4824 1843 4880 initium
1870 4830 2107 4900 peccati,

466 4904 857 4960 inde'initium
888 4906 1046 4970 mali,
1072 4906 1158 4961 vel
1209 4908 1454 4965 faciendi
1496 4915 1941 4983 contrajustum
1966 4935 2109 4988 prai-

467 5002 721 5065 ceptum,
756 4995 843 5051 vel
879 4996 1133 5067 patiendi
1182 5000 1504 5055 secundum
1540 5003 1770 5071 justum
1801 5005 2106 5074 iudicium.

470 5085 711 5139 Proinde
730 5084 893 5139 nulla
924 5103 1102 5141 causa
1117 5092 1207 5143 est
1229 5105 1333 5142 cur
1354 5096 1676 5160 quaerentes
1701 5095 1854 5149 unde
1878 5096 1955 5151 sit
1985 5114 2108 5153 ma-

464 5174 609 5240 lum,
624 5176 908 5231 irrueritis
925 5176 983 5231 in
1002 5177 1183 5246 hujus
1202 5179 1412 5243 erroris
1429 5184 1547 5234 tam
1564 5197 1845 5253 magnum
1860 5186 2105 5257 malum,

470 5269 534 5316 ut
554 5270 820 5320 naturam
846 5269 927 5320 tot
946 5265 1114 5320 bonis
1132 5266 1551 5335 abundantem,
1573 5276 1840 5327 naturam
1864 5275 2002 5329 mali
2020 5277 2125 5335 di-,

468 5352 671 5407 ceretis
690 5371 701 5419 ;
719 5354 843 5409 etin
864 5359 1074 5409 natura
1091 5355 1308 5410 summi
1328 5356 1462 5411 boni
1483 5362 1616 5413 ante
1628 5362 2107 5422 commixtionem

535 5596 553 5665 ξ
573 5595 793 5665 Yatican
798 5609 858 5643 us
877 5597 1060 5665 codex,
1084 5598 1221 5665 quod
1230 5613 1288 5648 ea
1313 5600 1364 5649 in
1386 5600 1675 5665 expiatione
1694 5604 1775 5652 sui
1789 5608 2104 5657 venenanda.

532 5658 554 5731 ξ
582 5658 641 5705 In
670 5657 903 5731 editione
932 5660 1057 5709 Lov.
1083 5657 1387 5731 feminum,
1418 5657 1568 5725 eiu'm,
1619 5669 1672 5718 et
1701 5680 1867 5731 prava
1890 5669 2108 5725 inducta

471 5722 550 5772 est
574 5731 767 5771 vocum
796 5722 1173 5784 interpunctio.

2208 452 2427 503 natura;
2444 448 2605 515 mali,
2621 449 2978 503 horrendum
2996 449 3357 505 necessitatis
3371 451 3586 507 malum
3599 470 3822 525 ponere-

2209 538 2302 594 tis.
2325 538 2397 592 Et
2417 537 2598 608 hujus
2620 537 2775 592 enim
2803 537 3019 592 erroris
3042 538 3220 593 vestri
3244 555 3415 594 causa
3445 541 3706 612 superbia
3726 550 3824 612 est,

2207 643 2382 698 quam
2408 643 2521 681 non
2550 626 2864 694 habebitis,
2900 627 2947 682 si
2983 625 3180 681 nolitis
3209 643 3222 681 :
3254 628 3347 682 sed
3375 645 3474 683 vos
3505 630 3639 684 dum
3669 632 3827 689 vultis

2206 714 2350 769 illud
2378 732 2492 786 quo
2514 714 2794 781 irruistis,
2819 731 3052 787 quoquo
3077 715 3250 771 modo
3267 716 3583 788 defendere,
3607 720 3828 777 aufertis

2205 803 2489 874 originem
2513 804 2737 875 peccati
2766 821 2799 859 a
2820 803 3142 859 voluntatis
3166 804 3427 873 arbitrio,
3461 810 3517 860 et
3544 807 3750 877 ponitis
3778 808 3830 863 in

2206 909 2350 947 vano
2374 896 2432 947 et
2452 892 2600 948 falsa
2622 892 2821 947 fabula
2839 897 3109 948 naturam
3137 892 3297 948 mali.
3325 895 3401 948 Ac
3424 910 3525 965 per
3545 894 3649 950 hoc
3668 903 3832 953 restat

2206 984 2271 1034 ut
2291 981 2498 1036 dicatis
2516 980 2689 1037 etiam
2710 981 2838 1037 illas
2853 982 3080 1037 animas
3096 983 3149 1037 in
3166 981 3429 1037 horribili
3442 981 3609 1054 globo
3624 988 3822 1040 aeterna

2205 1068 2333 1125 colli
2342 1070 2575 1142 gatione
2598 1071 2985 1141 damnandas,
3012 1087 3126 1125 non
3145 1070 3459 1138 voluntate,
3481 1071 3579 1126 sed
3598 1072 3833 1127 necessi-

2205 1161 2321 1213 tate
2334 1157 2602 1214 inimicas
2615 1158 2826 1215 lumini
2842 1163 3039 1216 sancto
3053 1160 3661 1231 exstitisse;talemque
3677 1160 3835 1216 deum

2205 1252 2462 1302 vestrum
2469 1248 2733 1319 judicem
2753 1249 3145 1317 constituatis,
3166 1248 3322 1319 apud
3336 1264 3510 1319 quem
3525 1248 3666 1303 nihil
3681 1250 3837 1321 prod-

2205 1351 2329 1392 esse
2349 1335 2587 1408 possitis
2608 1337 2713 1408 eis,
2747 1354 2996 1409 quarum
3023 1353 3287 1407 causam,
3320 1337 3716 1393 demonstrata
3744 1354 3832 1393 ne-
3909 1347 3917 1356 '

2204 1424 2476 1480 cessitate
2496 1426 2841 1494 defenditis;
2865 1431 2922 1481 et
2942 1424 3118 1481 talem
3141 1441 3361 1497 regem,
3385 1442 3550 1497 aquo
3571 1425 3831 1483 fratribus

2204 1513 2434 1580 vestris,
2458 1513 2597 1570 ﬁliis
2620 1520 2677 1570 et
2700 1514 2982 1570 membris
3016 1513 3197 1581 illius,
3232 1531 3483 1585 quorum
3515 1513 3835 1570 inimicitias

2205 1602 2483 1658 adversus
2505 1620 2606 1659 vos
2628 1608 2684 1659 et
2703 1603 2921 1675 ipsum,
2945 1620 3060 1658 non
3079 1602 3399 1670 voluntate,
3421 1603 3520 1658 sed
3540 1603 3836 1658 necessita-

2204 1696 2261 1746 te
2283 1692 2578 1748 exstitisse
2607 1692 2950 1764 perhibetis,
2974 1709 3079 1748 nec
3097 1691 3524 1764 indulgentiam
3546 1691 3839 1763 impetrare

2202 1780 2465 1836 valeatis.
2486 1782 2529 1837 Ο
2561 1782 3060 1836 immanissimam
3085 1780 3487 1835 crudelitatem
3514 1779 3526 1834 l
3558 1780 3667 1835 nisi
3698 1781 3836 1852 quod

2205 1870 2545 1925 convertitis
2556 1887 2655 1926 vos
2671 1871 2740 1926 ad
2754 1870 2943 1942 ipsius
2957 1870 3383 1937 defensionem,
3398 1874 3608 1924 uteum
3625 1885 3835 1941 quoque

2204 1957 2319 2013 ista
2335 1960 2489 2029 quod
2510 1959 2855 2014 necessitate
2875 1959 3050 2014 faciat
3072 1958 3384 2014 excusetis.
3411 1959 3471 2014 Si
3494 1974 3628 2029 ergo
3650 1975 3837 2030 posse-

2202 2047 2280 2102 tis
2297 2047 2555 2102 invenire
2574 2046 3115 2119 alterumjudicem,
3138 2047 3239 2118 qui
3256 2046 3404 2103 liber
3417 2045 3641 2102 vinculo
3656 2063 3836 2102 neces-

2203 2135 2393 2192 sitatis
2416 2137 2747 2192 moderator
2769 2137 3041 2192 existeret
3063 2136 3355 2209 aequitatis
3381 2162 3396 2204 ;
3423 2136 3601 2192 istum
3625 2141 3770 2192 certe
3788 2136 3838 2189 in

2204 2224 2304 2281 illo
2327 2224 2500 2299 globo
2524 2242 2637 2281 non
2655 2227 2982 2282 forinsecus
3005 2225 3231 2298 ﬁgeret,
3256 2226 3356 2282 sed
3382 2242 3517 2281 cum
3541 2225 3666 2297 ipso
3689 2224 3841 2280 terri-

2205 2312 2304 2369 bili
2324 2314 2489 2370 hoste
2516 2315 2674 2370 intus
2698 2315 3042 2371 includeret.
3064 2316 3181 2372 Cur
3203 2314 3361 2370 enim
3386 2332 3501 2371 non
3518 2316 3677 2385 juste
3696 2313 3841 2387 prior

2203 2404 2280 2459 sit
2305 2404 2373 2458 ad
2401 2421 2629 2475 poenam
2653 2404 3071 2472 damnationis,
3095 2404 3195 2476 qui
3220 2404 3382 2476 prior
3413 2408 3499 2460 est
3533 2405 3604 2459 ad
3639 2402 3843 2459 crimen

2205 2493 2569 2549 necessitatis
2592 2493 2619 2547 ?
2642 2496 2867 2559 Quanto
2891 2510 3027 2566 ergo
3050 2493 3262 2549 melius
3285 2491 3584 2565 eligeretis
3605 2492 3772 2547 deum
3790 2491 3841 2545 in

2204 2583 2638 2654 comparatione
2656 2583 2892 2654 pejoris,
2913 2600 3028 2638 non
3047 2581 3280 2654 qualem
3301 2581 3575 2652 colimus,
3596 2582 3693 2637 sed
3712 2597 3845 2653 qua-

2203 2670 2317 2726 lem
2342 2688 2447 2728 nos
2470 2671 2655 2727 colere
2675 2670 2761 2728 vel
2794 2672 3015 2745 fingitis
3047 2671 3135 2727 vel
3167 2672 3415 2743 putatis,
3447 2672 3548 2744 qui
3579 2670 3702 2727 sine
3731 2669 3841 2725 ullo

2204 2760 2494 2833 aequitatis
2515 2762 2798 2830 examine,
2823 2762 2949 2817 sine
2976 2761 3095 2817 ulla
3115 2760 3499 2817 distinctione
3529 2760 3843 2815 damnatio-

2204 2852 2297 2906 nis
2322 2854 2379 2905 et
2399 2850 2743 2922 disciplinae,
2768 2868 2881 2907 non
2902 2855 3161 2923 parceret
3178 2850 3363 2907 servis
3377 2851 3512 2907 suis
3529 2851 3845 2922 ‘,necjusto

2204 2956 2310 2995 nec
2340 2941 2648 3012 peccatori,
2686 2942 2879 3012 potius
2911 2957 3087 3011 quam
3117 2957 3228 2995 non
3264 2945 3535 3011 parceret
3579 2937 3847 2994 membris

2204 3028 2349 3099 suis,
2373 3028 2461 3085 vel
2484 3029 2918 3097 innocentibus,
2940 3029 2989 3085 si
3009 3029 3330 3085 necessitas
3348 3029 3580 3085 crimen
3600 3045 3712 3084 non
3732 3031 3815 3083 est
3835 3044 3847 3093 ;

2204 3116 2293 3174 vel
2315 3116 2395 3172 illi
2414 3118 2870 3190 obtemperando
2890 3117 3057 3174 factis
3074 3118 3451 3189 nocentibus,
3466 3120 3517 3174 si
3532 3122 3589 3174 et
3608 3114 3848 3174 necessi-

2203 3211 2294 3262 tas
2316 3207 2533 3262 crimen
2556 3211 2645 3263 est
2669 3225 2680 3262 :
2714 3212 2780 3263 ut
2803 3209 2873 3263 ab
2899 3208 3000 3263 illo
3020 3208 3079 3262 in
3102 3213 3384 3264 aeternum
3416 3209 3847 3273 damnarentur,

2205 3312 2339 3351 cum
2362 3312 2476 3367 quo
2499 3295 2586 3351 vel
2607 3295 2789 3351 simul
2822 3295 3062 3365 absolvi,
3098 3296 3148 3352 si
3179 3301 3311 3368 post
3334 3295 3644 3353 victoriam
3676 3293 3852 3366 respi-

2206 3383 2631 3451 raretlibertas,
2645 3384 2732 3440 vel
2747 3385 2923 3440 simul
2938 3384 3203 3440 damnari
3221 3385 3581 3453 debuerunt,
3598 3385 3648 3441 si
3660 3388 3715 3439 et
3731 3386 3853 3455 post

2204 3473 2528 3545 victoriam,
2562 3478 2792 3529 tantum
2827 3473 3031 3529 saltem
3066 3473 3281 3529 valeret
3312 3475 3630 3541 necesitas,
3662 3478 3725 3528 ut
3764 3470 3855 3527 ali-

2208 3563 2349 3635 quid
2383 3562 2596 3619 valeret
2626 3573 2681 3619 et
2710 3563 2973 3635 aequitas.
3006 3564 3167 3618 Sicut
3196 3566 3389 3618 autem
3422 3566 3623 3635 deum,
3658 3580 3770 3618 non
3790 3560 3850 3615 il-

2208 3652 2331 3708 lum
2358 3668 2561 3708 verum
2591 3657 2650 3708 et
2681 3669 2981 3709 summum
3020 3669 3192 3723 quem
3236 3651 3512 3721 colimus,
3547 3653 3650 3708 sed
3682 3651 3855 3707 alium

2211 3741 2406 3796 nescio
2454 3758 2628 3813 quem
2678 3742 2892 3798 falsum
2941 3740 3295 3814 conﬁngitis,
3330 3758 3508 3813 quem
3544 3757 3651 3797 nos
3680 3738 3857 3796 colere

2213 3829 2299 3886 vel
2330 3831 2696 3887 arbitramini
2728 3835 2813 3887 vel
2846 3830 3309 3899 calumniamini,
3334 3830 3439 3902 qui
3461 3835 3663 3887 tamen
3688 3829 3856 3885 etiam

2213 3919 2337 3989 ipse
2367 3919 2550 3975 multo
2582 3925 2673 3975 est
2697 3919 2905 3976 melior
2933 3921 3039 3975 deo
3071 3924 3260 3975 vestro
3292 3944 3306 3987 ;
3336 3920 3513 3975 ambo
3562 3919 3719 3975 enim
3753 3933 3861 3972 non

2217 4013 2375 4074 sunt,
2408 4013 2465 4064 et
2521 4026 2555 4063 a
2606 4010 2765 4065 vobis
2821 4010 2991 4066 ambo
3042 4008 3384 4081 ﬁnguntur:
3430 4010 3534 4065 sed
3571 4007 3863 4063 meliorem

2217 4097 2440 4170 ﬁngitis
2471 4113 2627 4165 eum,
2684 4114 2857 4169 quem
2910 4102 3192 4169 tanquam
3241 4102 3511 4153 nostrum
3559 4094 3863 4160 accusatis,

2218 4203 2392 4257 quam
2420 4203 2553 4242 eum
2587 4203 2761 4258 quem
2792 4191 3053 4242 vestrum
3085 4186 3363 4242 adoratis.

2288 4294 2523 4351 CAPUT
2553 4293 2747 4349 XXIII.
2770 4325 2839 4335 —-
2861 4293 2954 4350 Sic
2976 4298 3033 4349 et
3057 4293 3426 4349 Patriarchas
3456 4298 3518 4350 et
3550 4292 3869 4365 Prophetas

2218 4398 2333 4438 non
2356 4383 2503 4438 tales
2527 4383 2891 4455 vituperatis,
2913 4382 3118 4454 quales
3134 4382 3757 4449 honoranturanobis;
3774 4378 3868 4435 sed

2218 4471 2617 4541 qualesLibris
2630 4472 2847 4527 nostris
2861 4488 2976 4527 non
2990 4470 3301 4527 intellectis
3314 4470 3608 4527 malevola
3620 4469 3872 4526 vanitate

2218 4561 2647 4632 finxistis:quos
2662 4566 2855 4615 tamen
2870 4561 3047 4616 etiam
3064 4560 3440 4632 ipsosquales
3454 4560 3648 4616 fuisse
3667 4561 3864 4629 suspi-

2217 4650 2454 4719 camini,
2472 4668 2676 4721 parum
2692 4655 2781 4705 est
2794 4649 2842 4705 si
2854 4650 3043 4704 dicam
3059 4650 3265 4706 vestris
3279 4649 3489 4705 Electis
3504 4649 3869 4705 omniaMan-

2218 4738 2383 4794 ichaei
2397 4740 2676 4794 mandata
2687 4738 3076 4807 servantibus,
3096 4738 3209 4794 nisi
3225 4738 3401 4793 etiam
3416 4739 3731 4794 ostendam
3749 4737 3869 4808 ipso

2218 4828 2324 4883 deo
2340 4832 2528 4884 vestro
2541 4844 2670 4883 esse
2682 4827 3136 4899 meliores:quod
3151 4844 3266 4884 non
3280 4828 3595 4900 aggrediar
3606 4828 3875 4883 demons-

2217 4921 2393 4978 trare,
2420 4916 2530 4972 nisi
2552 4918 2719 4988 prius
2745 4921 2977 4972 sanctos
3010 4921 3202 4988 patres
3232 4922 3463 4972 nostros
3498 4915 3875 4972 Patriarchas

2218 5011 2275 5061 et
2293 5005 3184 5077 Prophetasacriminationibus
3198 5005 3425 5073 vestris,
3446 5006 3515 5062 ad
3516 5007 3773 5077 juvante
3787 5017 3876 5058 me

2218 5094 2802 5161 Domino,adversum
2818 5095 2993 5150 corda
3009 5093 3611 5166 carnalia,perspicua
3624 5092 3875 5149 ratione'

2216 5185 2801 5241 defendero.Etvobis
2818 5186 3493 5257 quidem,Manichai,sic
3514 5183 3877 5255 respondere

2216 5276 2532 5346 sufﬁceret,
2557 5276 2809 5332 utetiam
2826 5276 2965 5331 vitia
2984 5293 3108 5348 quae
3127 5276 3345 5349 putatis
3363 5278 3733 5344 nostrorum,
3748 5273 3875 5327 lau-

2214 5367 2387 5423 dibus
2410 5371 2736 5422 vestrorum
2761 5367 3154 5439 praeponenda
3176 5366 3517 5421 duceremus
3544 5380 3558 5430 ;
3587 5364 3875 5419 addentes

2215 5455 2287 5511 ad
2308 5454 2613 5511 cumulum
2630 5453 2994 5511 confusionis
3006 5458 3230 5520 vestrae,
3247 5456 3496 5510 utetiam
3510 5452 3664 5507 deus
3683 5455 3878 5506 vester

2276 5673 2298 5742 ξ
2326 5669 2445 5742 Am.
2592 5670 3217 5742 θῑ-ριεεηροη-εᾳνοεηρ.
3236 5667 3292 5718 in
3316 5666 3478 5721 cervi:
3502 5664 3635 5718 suis.

2276 5734 2299 5771 ³
2325 5732 2411 5784 Sic
2437 5731 2621 5796 plures
2645 5732 2791 5794 Msa,
2811 5731 2878 5785 At
2905 5731 3053 5794 editi,
3077 5731 3327 5785 oratione.
