4052 6184
213 358 316 415 425

272 486 503 543 CAPUT
532 485 767 542 XXXIX.
800 515 869 527 -ι
909 485 1056 541 Cum
1108 489 1303 541 autem
1336 485 1550 539 dicitur
1599 484 1668 538 de
1700 486 1859 553 patre

210 593 321 632 esse
353 591 614 631 sororem
639 576 853 631 Christi
887 574 1231 641 Ecclesiam,
1256 591 1370 629 non
1403 574 1471 627 de
1504 578 1708 639 matre,
1742 587 1855 625 non

208 672 437 721 terrena
459 664 853 736 generationis
868 680 995 735 quae
1010 663 1508 728 evacuabitur,sed
1535 660 1733 733 gratiae
1753 676 1858 715 cce-

207 754 359 811 lestis
388 770 517 825 quae
550 755 608 807 in
640 762 925 809 aeternum
962 753 1237 817 manebit,
1260 752 1527 823 cognatio
1558 766 1855 805 commen-

208 845 387 899 datur.
420 843 761 898 Secundum
784 859 960 913 quam
985 842 1232 914 gratiam
1255 858 1439 912 genus
1469 841 1711 896 mortale
1739 856 1853 894 non

207 933 439 997 erimus,
474 936 712 1002 accepta
746 935 1031 1002 potestate
1062 936 1123 985 ut
1148 931 1250 985 ﬁlii
1282 930 1383 985 Dei
1414 946 1687 985 vocemur
1705 932 1761 983 et
1782 928 1857 983 si-

207 1038 329 1076 mus
347 1020 393 1089 (Ι
410 1022 572 1076 Joan.
596 1037 682 1085 ιιι,
709 1019 782 1089 1).
807 1020 1007 1091 Neque
1030 1021 1186 1075 enim
1208 1019 1357 1075 hanc
1381 1019 1627 1091 gratiam
1657 1019 1728 1073 de
1751 1018 1859 1089 Sy-

208 1126 422 1181 nagoga
447 1114 637 1164 matre
660 1108 874 1164 Christi
898 1110 1221 1164 secundum
1247 1126 1503 1173 carnem,
1524 1109 1623 1164 sed
1648 1108 1717 1163 de
1746 1112 1858 1163 Deo

206 1203 361 1270 patre
384 1197 944 1270 percepimus.Hanc
957 1214 1090 1253 vero
1113 1197 1519 1269 cognationem
1534 1202 1847 1262 terrenam,

205 1287 410 1359 quaead
426 1292 674 1342 mortem
690 1286 1088 1358 temporaliter
1100 1290 1577 1360 generat,vocans
1600 1286 1659 1340 in
1684 1285 1855 1341 aliam

203 1379 375 1432 vitam
407 1377 507 1431 ubi
542 1376 745 1431 nullus
777 1376 1045 1445 moritur,
1071 1393 1282 1449 negare
1314 1392 1419 1431 nos
1450 1375 1719 1431 Christus
1750 1376 1854 1431 do-

206 1466 337 1536 cuit,
369 1482 489 1521 non
520 1464 708 1533 fateri,
734 1482 867 1521 cum
890 1465 1198 1537 discipulis
1229 1465 1341 1521 ait:
1369 1466 1445 1521 Ne
1473 1466 1620 1520 vobis
1653 1464 1857 1520 dicatis

204 1559 408 1627 patrem
426 1556 485 1609 in
504 1559 655 1610 terra
668 1571 690 1616 ;
713 1571 854 1609 unus
876 1558 1117 1610 estenim
1136 1557 1303 1610 Pater
1322 1563 1498 1610 vester
1510 1556 1607 1625 qui
1629 1556 1691 1609 in
1712 1554 1859 1609 caelis

207 1649 273 1699 es!
306 1644 518 1712 (Matth.
562 1661 724 1710 xxm,
754 1644 830 1714 9).
883 1644 1063 1713 Cujus
1097 1644 1175 1698 rei
1212 1644 1453 1713 praebuit
1498 1642 1856 1714 exemplum,

209 1734 437 1805 quando
467 1740 524 1788 et
556 1734 679 1803 ipse
710 1734 855 1787 dixit
889 1750 900 1788 :
937 1734 1070 1801 Quae
1096 1733 1239 1789 mihi
1267 1741 1461 1801 mater,
1495 1737 1589 1788 aut
1618 1734 1717 1804 qui
1739 1738 1856 1803 [ra-

210 1828 307 1879 tres
328 1828 353 1877 .9
378 1826 455 1877 Et
488 1824 785 1879 extendens
818 1840 1047 1877 manum
1080 1840 1246 1892 super
1275 1822 1599 1894 discipulos,
1621 1825 1698 1877 ait
1730 1840 1749 1877 :
1782 1823 1861 1877 Hi

209 1915 327 1964 sunt
344 1913 550 1980 fratres
572 1912 702 1965 mei.
720 1915 786 1964 Et
811 1928 879 1964 ne
902 1910 1216 1981 quisquam
1241 1910 1297 1964 in
1314 1910 1422 1964 hoc
1446 1908 1724 1965 vocabulo
1744 1914 1857 1964 ter-

210 2017 402 2055 renam
417 1999 824 2070 cognationem
848 1999 1513 2069 cogitaret,adjunxit,Et
1534 2000 1858 2068 quicumque

209 2090 391 2159 fecerit
410 2089 754 2143 voluntatem
780 2089 966 2141 Patris
990 2089 1120 2153 mei,
1145 2089 1257 2159 ipse
1278 2088 1420 2141 mihi
1437 2089 1633 2158 frater,
1659 2092 1708 2141 et
1738 2103 1857 2141 ma-

210 2182 302 2243 ter,
336 2181 390 2233 et
420 2193 575 2232 soror
599 2180 675 2232 est
702 2177 803 2246 (Id.
837 2193 938 2242 x11,
974 2177 1155 2247 48-50)
1180 2193 1192 2229 :
1214 2181 1494 2247 tanquam
1523 2175 1758 2239 diceret,
1780 2179 1859 2230 De

210 2271 315 2321 Deo
346 2270 511 2337 patre
542 2265 693 2320 hanc
723 2265 1126 2338 cognationem
1153 2264 1403 2336 appello,
1428 2281 1542 2320 non
1574 2265 1645 2319 de
1676 2264 1857 2335 Syna-

207 2371 349 2427 goga
381 2359 591 2409 matre.
623 2354 707 2408 Ad
739 2359 1015 2409 aeternam
1047 2354 1263 2425 quippe
1292 2354 1473 2408 vitam
1507 2371 1662 2409 nunc
1694 2369 1854 2423 voco,

210 2444 299 2498 ubi
331 2442 750 2498 immortaliter
776 2448 950 2498 natus
980 2459 1109 2497 sum
1142 2460 1158 2508 ;
1201 2459 1313 2519 non
1347 2442 1417 2497 ad
1450 2442 1855 2514 temporalem,

210 2533 360 2588 unde
385 2538 452 2587 ut
480 2549 747 2587 vocarem
782 2532 1044 2588 mortalis
1069 2532 1307 2588 effectus
1332 2548 1484 2587 sum.

270 2621 509 2677 CAPUT
540 2622 651 2677 XL.
677 2654 747 2662 -—
768 2622 929 2686 Quod
954 2637 1090 2693 ergo
1118 2620 1390 2685 Ecclesia,
1416 2622 1588 2691 cujus
1620 2636 1764 2675 uxor
1784 2620 1859 2675 sit

210 2709 539 2766 occultatur
568 2709 935 2781 alienigenis,
963 2711 1132 2779 cujus
1163 2715 1357 2765 autem
1384 2726 1548 2765 soror
1573 2726 1685 2764 non
1708 2714 1859 2764 tace-

209 2806 320 2868 tur,
357 2800 481 2854 haec
512 2798 745 2853 interim
778 2816 955 2854 causa
985 2798 1151 2855 facile
1194 2798 1465 2862 occurrit,
1499 2800 1637 2870 quia
1667 2798 1859 2854 occul-

212 2894 331 2943 tum
364 2894 429 2943 et
459 2887 702 2943 difﬁcile
724 2889 794 2943 ad
818 2887 1263 2959 intelligendum
1293 2892 1403 2952 est,
1426 2888 1719 2958 quomodo
1741 2887 1863 2941 ani-

213 2994 300 3031 ma
330 2977 604 3032 humana
630 2976 817 3031 Verbo
866 2976 968 3031 Dei
998 2975 1323 3047 copuletur,
1356 2976 1475 3030 sive
1523 2974 1859 3045 misceatur,

210 3068 322 3123 sive
355 3065 505 3139 quid
538 3064 748 3121 melius
770 3070 825 3121 et
856 3064 1050 3137 aptius
1074 3065 1187 3119 dici
1220 3068 1430 3136 potest,
1454 3080 1585 3119 cum
1611 3065 1687 3119 sit
1714 3064 1860 3119 illud

212 3161 380 3221 Deus,
417 3156 531 3210 ista
579 3161 861 3210 creatura.
896 3154 1228 3209 Secundum
1261 3154 1368 3209 hoc
1419 3154 1574 3209 enim
1608 3170 1863 3225 sponsus

207 3251 256 3299 et
282 3262 533 3317 sponsa,
566 3243 654 3299 vel
687 3244 776 3299 vir
820 3248 875 3299 et
909 3260 1072 3308 uxor,
1104 3243 1373 3298 Christus
1404 3247 1461 3297 et
1490 3242 1744 3298 Ecclesia
1776 3242 1862 3297 di-

206 3340 440 3389 cuntur.
478 3335 605 3398 Qua
648 3349 781 3388 vero
813 3332 1161 3403 cogitatione
1192 3332 1311 3386 sint
1361 3332 1566 3386 fratres
1597 3331 1864 3388 Christus

206 3427 255 3477 et
282 3438 501 3478 omnes
532 3422 743 3488 sancti,
766 3420 953 3492 gratia
983 3419 1197 3489 divina,
1219 3435 1331 3473 non
1358 3418 1863 3490 consanguinitate

204 3516 456 3577 terrena,
491 3510 601 3565 hoc
633 3512 742 3573 est,
775 3509 846 3563 de
878 3513 1061 3579 patre,
1096 3524 1212 3562 non
1245 3508 1316 3562 de
1348 3512 1558 3577 matre,
1589 3512 1645 3562 et
1673 3506 1866 3563 effabi-

207 3600 314 3656 lius
348 3600 596 3667 dicitur,
625 3603 681 3653 et
733 3597 1007 3669 capacius
1037 3597 1293 3652 auditur.
1329 3596 1475 3651 Nam
1526 3602 1584 3651 et
1624 3597 1776 3651 inter
1804 3612 1866 3651 se

207 3706 415 3745 omnes
446 3688 632 3743 sancti
681 3703 783 3758 per
813 3686 1078 3742 eamdem
1129 3685 1377 3756 gratiam
1429 3685 1638 3740 fratres
1686 3690 1863 3740 sunt:

212 3795 470 3850 sponsus
493 3781 688 3831 autem
710 3781 1055 3830 caeterorum
1089 3775 1348 3830 societati
1373 3775 1387 3808 ¹
1416 3775 1615 3829 nullus
1634 3774 1867 3829 illorum

213 3874 311 3923 est.
330 3867 589 3922 Proinde
603 3864 920 3934 Christum,
948 3864 1215 3936 quamvis
1238 3862 1869 3933 excellentissimaajus-

212 3958 346 4012 titias
371 3961 553 4024 atque
577 3954 1099 4026 sapicntiaa,tamen
1114 3953 1412 4008 hominem
1429 3952 1616 4007 multo
1640 3952 1870 4007 facilius

214 4052 265 4101 et
302 4045 627 4118 proclivius
673 4044 1009 4116 alienigenis
1040 4043 1432 4109 crediderunt,
1477 4059 1588 4097 non
1632 4042 1869 4113 quidem

214 4135 383 4201 falso,
418 4135 577 4205 quod
612 4134 787 4188 homo
815 4136 972 4187 esset
1005 4148 1017 4185 :
1054 4132 1153 4187 sed
1189 4132 1481 4202 quomodo
1509 4131 1685 4187 etiam
1718 4131 1871 4187 Deus

215 4230 362 4280 esset
404 4224 842 4295 ignoraverunt.
878 4220 1021 4275 Hinc
1044 4225 1101 4275 et
1129 4219 1410 4276 Jeremias
1443 4236 1455 4274 :
1487 4224 1554 4275 Et
1583 4221 1759 4286 homo,
1784 4220 1874 4274 in-

214 4314 354 4385 quit,
394 4316 495 4378 est,
527 4320 600 4379 et,
634 4313 728 4383 qui
777 4315 1028 4381 agnoseet
1073 4326 1203 4364 eum
1247 4311 1468 4381 (Jerem.
1498 4327 1634 4377 XVII,
1667 4309 1768 4379 9)?
1810 4310 1875 4364 Et

218 4401 373 4458 homo
406 4409 525 4462 est;
560 4405 699 4471 quia
722 4400 987 4472 proditur
1008 4400 1164 4472 quod
1197 4399 1374 4454 frater
1402 4403 1509 4455 est.
1533 4400 1597 4454 Et
1624 4403 1744 4471 quis
1773 4415 1875 4466 ag-

216 4496 399 4547 noscet
418 4506 545 4546 eum
567 4492 592 4541 ?
620 4488 759 4560 quia
790 4488 1117 4544 occultatur
1138 4488 1293 4559 quod
1326 4503 1583 4558 sponsus
1612 4493 1720 4542 est.
1746 4486 1877 4541 Haec

215 4580 283 4634 de
314 4584 487 4652 patre
517 4578 810 4633 Abraham
864 4578 1173 4634 adversum
1215 4576 1789 4647 impudentissimam
1822 4578 1879 4629 et

218 4667 727 4740 imperitissimam
750 4670 808 4722 et
830 4665 1428 4722 calumniosissimam
1454 4663 1649 4720 Fausti
1679 4680 1875 4720 vocem

219 4758 366 4813 satis
395 4757 555 4811 dicta
586 4756 723 4811 sint.

287 4845 527 4901 CAPUT
558 4845 697 4899 XLI.
730 4875 800 4887 —-
831 4844 975 4901 Loth
1011 4849 1203 4900 autem
1241 4844 1418 4899 frater
1446 4843 1573 4913 ejus
1595 4842 1798 4913 justus
1825 4844 1882 4897 et

221 4934 537 5006 hospitalis
560 4933 617 4988 in
634 4933 924 5001 Sodomis,
946 4939 1003 4989 et
1015 4934 1085 4989 ab
1106 4933 1265 4989 omni
1289 4932 1718 4988 Sodomitarum
1743 4946 1879 4987 con-

222 5023 614 5079 taminatione
666 5039 852 5094 purus
883 5027 1057 5093 atque
1109 5022 1356 5093 integer,
1389 5038 1458 5077 ex
1483 5020 1583 5075 illo
1616 5020 1881 5076 incendio

222 5114 383 5183 quod
414 5117 541 5168 erat
593 5110 920 5167 similitudo
970 5110 1151 5165 iuturi
1176 5110 1412 5181 judicii,
1444 5111 1656 5165 meruit
1686 5108 1882 5164 salvus

221 5202 506 5268 evadere;
541 5204 748 5273 typum
794 5210 1032 5272 gestans
1082 5198 1338 5270 corporis
1369 5198 1605 5269 Christi,
1638 5198 1790 5269 quod
1824 5198 1883 5253 in

220 5291 503 5345 omnibus
534 5290 755 5344 sanctis
779 5294 837 5344 et
867 5306 1024 5344 nunc
1047 5288 1198 5344 inter
1219 5287 1453 5359 iniquos
1478 5292 1653 5359 atque
1674 5286 1886 5358 impios

222 5380 424 5450 gemit,
456 5395 710 5450 quorum
766 5378 934 5434 factis
984 5395 1097 5433 non
1130 5378 1440 5443 consentit,
1471 5380 1529 5432 et
1574 5394 1605 5431 a
1637 5392 1885 5449 quorum

225 5482 355 5522 com
365 5468 643 5523 mixtione
660 5466 717 5522 in
732 5466 930 5523 saeculi
949 5467 1064 5523 ﬁne
1080 5464 1573 5530 1iberabitur,illis
1595 5465 1889 5522 damnatis

230 5640 310 5749 ut
344 5636 501 5701 Editi,
533 5640 837 5688 ceterorum
863 5638 1116 5688 societate.
1170 5637 1416 5687 Erratum
1447 5636 1797 5687 emendamus
1825 5650 1893 5687 ex

285 5713 364 5749 ss.

285 5713 364 5749 ιι.

552 5820 816 5883 Parnm.
861 5820 1043 5882 XLIl.

1321 352 1556 413 LIBElt
1600 347 2021 410 VIGESIMUS
2069 351 2499 417 SECUNDUS.

3494 363 3614 423 426

1976 483 2264 554 supplicio
2304 487 2455 557 ignis
2489 488 2709 543 aeterni.
2734 488 2895 544 Sicut
2924 492 3120 546 autem
3154 490 3310 547 aliud
3334 508 3521 565 genus
3549 495 3620 551 ho

1968 570 2195 626 minum
2230 571 2288 627 in
2324 574 2451 644 ejus
2484 593 2659 631 uxore
2690 579 3007 649 ﬁguratum
3034 584 3141 648 est,
3166 597 3367 635 eorum
3393 582 3618 638 scilicet

1968 661 2068 732 qui
2103 678 2204 731 per
2237 665 2484 733 gratiam
2541 666 2634 720 Dei
2666 668 2872 737 vocati,
2907 674 3058 723 retro
3112 670 3469 740 respiciunt;
3504 689 3617 727 non

1966 749 2119 804 sicut
2141 751 2380 820 Paulus,
2403 752 2501 822 qui
2528 769 2593 807 ea
2607 771 2732 825 qua:
2757 761 2908 810 retro
2924 758 3457 826 suntobliviscitur,
3482 760 3617 816 etin

1964 854 2030 892 ea
2062 855 2189 909 quae
2220 846 2355 895 ante
2387 846 2526 895 sunt
2555 844 2887 899 extenditur
2915 845 3182 917 (Philipp.
3216 865 3295 917 III,
3324 849 3430 918 13).
3456 848 3619 904 Unde

1969 934 2027 983 et
2052 927 2176 999 ipse
2210 929 2514 998 Dominus,
2538 932 2722 999 Nemo,
2748 933 2955 1004 inquit,
2974 937 3260 1007 imponens
3274 954 3501 992 manum
3520 954 3620 993 su-

1964 1032 2065 1088 per
2092 1027 2366 1085 aratrum,
2400 1026 2453 1074 et
2483 1023 2773 1097 respiciens
2793 1031 2959 1090 retro,
2978 1028 3137 1094 aptus
3165 1032 3242 1080 est
3270 1042 3441 1093 regno
3460 1027 3617 1083 caelo-

1968 1122 2096 1161 rum
2126 1108 2278 1178 (Luc.
2316 1125 2389 1178 1x,
2420 1109 2531 1181 62).
2567 1110 2680 1165 Nec
2729 1110 2873 1165 illud
2906 1112 3237 1184 exemplum
3274 1115 3475 1182 tacuit,
3506 1132 3618 1187 quo

1970 1211 2073 1250 nos
2086 1200 2367 1268 tanquam
2385 1198 2504 1255 sale
2519 1200 2997 1268 condiret,utnon
3014 1202 3159 1256 fatui
3174 1202 3617 1275 negligeremus,

1969 1285 2070 1339 sed
2104 1286 2426 1356 prudentes
2454 1304 2791 1345 caveremus
2812 1290 2921 1345 hoc
2952 1290 3196 1346 malum.
3229 1291 3393 1349 Unde
3415 1299 3470 1349 et
3499 1294 3619 1363 illa,

1967 1376 2032 1427 ut
2062 1372 2171 1428 hoc
2221 1375 2575 1444 admoneret,
2610 1377 2668 1432 in
2718 1382 2976 1433 statuam
3014 1379 3155 1435 salis
3205 1396 3483 1437 conversa
3512 1386 3621 1439 est.

1968 1461 2112 1517 Nam
2128 1479 2260 1519 cum
2280 1465 2615 1537 praeciperet
2629 1470 2764 1522 utse
2777 1467 3023 1538 quisque
3044 1470 3624 1540 perseverantissime

1970 1552 2329 1608 anteriorum
2352 1555 2675 1611 intentione
2689 1557 2760 1611 ab
2780 1555 2853 1612 iis
2870 1573 2995 1628 quae
3014 1562 3165 1613 retro
3188 1563 3329 1614 sunt
3350 1559 3620 1633 eriperet,

1971 1643 2315 1712 Mementote,
2366 1644 2578 1714 inquit.
2628 1648 2819 1700 uxoris
2857 1648 2992 1701 Loth
3041 1648 3141 1719 (Id.
3193 1665 3331 1715 xvn,
3365 1648 3477 1720 32).
3528 1648 3622 1705 Sic

1968 1730 2142 1784 etiam
2174 1730 2231 1785 in
2264 1732 2389 1803 ipso
2426 1733 2589 1799 Loth,
2611 1735 2846 1804 quando
2878 1752 3009 1790 cum
3029 1752 3094 1791 eo
3126 1736 3257 1791 ﬁlias
3289 1739 3619 1794 concubue-

1971 1825 2127 1883 runt,
2161 1837 2274 1875 non
2306 1820 2451 1876 illud
2486 1824 2639 1892 quod
2673 1840 2803 1878 cum
2833 1841 2866 1878 a
2898 1824 3167 1880 Sodomis
3196 1824 3480 1882 liberatus
3510 1830 3617 1896 est,

1968 1908 2067 1963 sed
2104 1908 2261 1964 aliud
2296 1910 2518 1981 aliquid
2554 1912 2870 1983 ﬁguratum
2897 1918 3004 1968 est.
3030 1914 3174 1969 Nam
3206 1914 3463 1971 tuncille
3495 1916 3621 1987 ipse

1970 1995 2113 2051 Loth
2139 1997 2351 2054 futurae
2378 1999 2545 2069 Legis
2562 2000 2791 2056 videtur
2804 2006 3063 2072 gestasse
3083 2019 3415 2075 personam,
3440 2020 3617 2075 quam

1968 2084 2209 2156 quidam
2242 2102 2310 2141 ex
2341 2086 2442 2141 illa
2471 2089 2753 2157 procreati
2798 2094 2855 2144 et
2897 2091 3008 2145 sub
3056 2092 3204 2162 Lege
3239 2092 3432 2163 positi,
3470 2092 3621 2149 male

1968 2172 2347 2246 intelligendo
2396 2178 2651 2248 quodam
2686 2178 2856 2233 modo
2907 2179 3200 2235 inebriant
3222 2182 3260 2246 ¹,
3293 2197 3473 2252 eaque
3505 2198 3620 2238 non

1966 2260 2226 2333 legitime
2275 2265 2490 2319 utendo
2542 2265 2908 2321 inﬁdelitatis
2958 2284 3134 2338 opera
3183 2268 3435 2340 pariunt.
3468 2270 3622 2327 Bona

1966 2355 2043 2406 est
2074 2351 2230 2405 enim
2262 2353 2393 2423 Lex,
2427 2354 2508 2408 ait
2535 2354 2871 2426 Apostolus,
2903 2357 2955 2410 si
2982 2358 3105 2427 quis
3135 2373 3199 2412 ea
3229 2358 3468 2429 legitime
3493 2362 3617 2414 ula-

1967 2447 2059 2495 tur
2086 2441 2134 2511 (I
2170 2442 2304 2496 Tim.
2337 2460 2374 2512 ι,
2405 2443 2482 2514 8).

2040 2529 2271 2587 CAPUT
2302 2530 2467 2587 XLII.
2498 2562 2565 2571 —-
2595 2532 2710 2588 Nec
2740 2532 2868 2589 ideo
2912 2538 3109 2591 tamen
3141 2536 3248 2592 hoc
3279 2536 3497 2592 factum
3528 2537 3616 2594 vel

1967 2619 2155 2689 ipsius
2189 2619 2326 2674 Loth
2360 2620 2450 2675 vel
2481 2622 2609 2691 ejus
2641 2621 2893 2677 ﬁliarum
2921 2624 3341 2694 justiﬁcamus,
3373 2626 3512 2698 quia
3533 2628 3618 2683 si-

1969 2708 2267 2779 gniﬁcavit
2288 2708 2508 2780 aliquid
2529 2711 2683 2781 quod
2708 2711 2964 2766 futuram
2984 2715 3368 2783 quorumdam
3389 2732 3615 2786 perver-

1969 2798 2201 2851 sitatem
2218 2798 2652 2867 prmnuntiaret.
2669 2798 2840 2854 Aliud
2854 2801 3005 2854 enim
3033 2801 3143 2855 ille:
3158 2806 3221 2857 ut
3242 2802 3349 2857 hoc
3362 2803 3621 2858 facerent

1970 2884 2366 2951 intenderunt,
2399 2883 2558 2941 aliud
2603 2888 2751 2942 Deus
2800 2888 2901 2958 qui
2933 2888 3041 2943 hoc
3073 2890 3195 2944 ﬁeri
3245 2890 3523 2960 permisit,
3557 2895 3623 2946 ut

1970 2974 2146 3029 etiam
2161 2974 2294 3029 inde
2308 2975 2529 3045 aliquid
2542 2976 2988 3043 demonstraret,
3012 2983 3283 3034 manente
3298 2986 3449 3035 recto
3456 2978 3623 3050 judi-

1971 3064 2060 3118 cio
2081 3080 2190 3118 suo
2208 3080 2384 3134 super
2400 3070 2706 3134 peccatum
2728 3064 3034 3121 hominum
3058 3071 3199 3122 tunc
3222 3069 3621 3139 praesentium,

1972 3156 2029 3207 et
2059 3151 2342 3223 vigilante
2374 3154 2737 3225 providentia
2760 3171 2866 3210 sua
2887 3172 2991 3227 pro
3023 3155 3448 3226 signiﬁcatione
3479 3156 3629 3213 futu-

1972 3242 2446 3298 rorum.Proinde
2469 3242 2611 3298 illud
2632 3243 2849 3299 factum
2876 3260 3011 3299 cum
3036 3244 3091 3298 in
3110 3250 3311 3300 sancta
3329 3245 3628 3318 Scriptura

1973 3334 2265 3398 narratur,
2301 3330 2607 3401 prophetia
2636 3338 2726 3387 est
2756 3348 2769 3387 :
2809 3349 2941 3387 cum
2991 3349 3123 3389 vero
3156 3334 3214 3388 in
3247 3333 3478 3389 illorum
3510 3336 3627 3390 vita

1974 3419 2074 3491 qui
2107 3420 2216 3475 hoc
2248 3420 2673 3476 commiserunt
2701 3421 3127 3489 consideratur,
3163 3424 3450 3495 ﬂagitium
3478 3427 3586 3479 est.

2045 3509 2279 3565 CAPUT
2310 3510 2505 3564 XLIII.
2531 3540 2598 3550 —
2620 3510 2733 3565 Nec
2760 3526 2964 3567 rursus
2993 3515 3156 3567 tanta
3178 3512 3627 3582 reprehensione

1975 3603 2151 3670 atque
2179 3599 2548 3654 accusatione
2597 3615 2689 3653 res
2721 3599 2897 3669 digna
2942 3604 3051 3669 est,
3086 3605 3363 3670 quantam
3406 3602 3460 3654 in
3495 3616 3623 3656 eam

1976 3687 2226 3742 Faustus
2248 3686 2525 3741 inimicus
2538 3691 2593 3741 et
2615 3703 2798 3759 caicus
2820 3688 3095 3743 evomuit.
3122 3688 3625 3744 Consuliturenim

1975 3774 2683 3831 eternalexillaordinem
2708 3775 3033 3831 naturalem
3048 3778 3626 3847 conservarijubens,

1977 3864 2304 3936 perturbari
2327 3869 2550 3929 vetans,
2574 3869 2631 3919 et
2662 3882 2775 3920 non
2801 3865 2878 3919 ita
2908 3865 2977 3921 de
2999 3864 3107 3921 hoc
3132 3866 3538 3936 factojudicat,
3564 3882 3630 3921 ac

1980 3953 2028 4008 si
2052 3952 2147 4008 ille
2170 3953 2228 4008 in
2255 3952 2405 4008 ﬁlias
2431 3954 2651 4008 nefaria
2676 3952 2918 4008 libidine
2940 3955 3309 4019 exarserit,ut
3329 3972 3529 4011 earum
3550 3955 3632 4009 in-

1979 4045 2198 4097 cestato
2218 4058 2457 4112 corpore
2479 4043 2789 4113 frueretur,
2807 4046 2910 4097 aut
2930 4060 3027 4098 eas
3042 4043 3282 4098 haberet
3295 4044 3634 4100 uxoreszsed

1981 4146 2086 4185 nec
2118 4131 2187 4185 de
2219 4128 2336 4184 illis
2361 4130 2610 4201 feminis,
2636 4148 2700 4185 ac
2733 4132 2780 4185 si
2812 4131 2870 4185 in
2895 4131 2985 4186 sui
3009 4132 3190 4203 patris
3213 4148 3447 4187 carnem
3472 4149 3634 4188 exse-

1982 4218 2185 4275 crabili
2209 4234 2405 4274 amore
2428 4218 2796 4290 ﬂagrassent.
2821 4220 2984 4275 Ratio
3016 4221 3228 4293 quippe
3249 4221 3494 4291 justitiaa
3519 4238 3635 4276 non

1982 4312 2210 4363 tantum
2243 4307 2383 4378 quid
2416 4309 2632 4362 factum
2657 4308 2750 4374 sit,
2776 4324 2978 4364 verum
3010 4310 3183 4363 etiam
3208 4326 3386 4380 quare
3409 4310 3632 4365 factum

1983 4398 2061 4453 sit
2083 4397 2362 4463 intuetur,
2387 4403 2452 4451 ut
2473 4413 2541 4450 ex
2563 4396 2756 4451 causis
2778 4397 2902 4452 suis
2935 4398 3086 4452 facta
3116 4397 3426 4469 pendentia
3450 4397 3637 4455 libra-

1984 4490 2180 4542 mento
2201 4484 2492 4556 aequitatis
2505 4484 2961 4541 examinet.Cum
2983 4485 3163 4553 igitur
3183 4486 3293 4541 illis
3318 4488 3389 4541 ad
3404 4503 3637 4543 conser-

1985 4574 2274 4630 vationem
2298 4574 2527 4645 generis
2551 4572 2772 4645 prolem
2805 4578 3151 4646 quaererent,
3174 4576 3271 4647 qui
3299 4575 3500 4647 utique
3525 4577 3545 4610 9
3580 4576 3638 4631 in

1985 4664 2071 4718 eis
2093 4664 2388 4718 humanus
2410 4666 2533 4717 erat
2554 4666 2611 4717 et
2634 4662 2918 4718 naturalis
2943 4663 3204 4735 aﬁ‘ectus,
3229 4680 3336 4720 nec
3359 4681 3420 4721 se
3442 4665 3640 4721 crede-

1991 4756 2122 4809 rent
2149 4750 2409 4807 invenire
2431 4767 2600 4822 posse
2621 4750 2765 4807 alios
2791 4750 2965 4822 viros,
2990 4752 3147 4808 velut
3167 4760 3368 4809 exusto
3392 4754 3489 4809 illa
3512 4770 3645 4809 con-

1987 4840 2331 4914 ﬂagratione
2360 4842 2498 4895 orbe
2548 4844 2863 4908 terrarum,
2895 4858 3079 4913 neque
3110 4842 3267 4898 enim
3312 4843 3641 4898 discernere

1989 4934 2256 5003 poterant
2278 4946 2586 5001 quousque
2607 4930 2759 5001 ignis
2782 4930 2879 4985 ille
2901 4930 3167 5001 saevierit,
3192 4932 3435 4987 miscere
3458 4949 3519 4986 se
3542 4948 3641 5002 pa-

1990 5020 2067 5074 tri
2087 5018 2417 5074 voluerunt.
2436 5022 2638 5074 Potius
2660 5020 2900 5089 quidem
2924 5011 3223 5089 nunquam
3247 5036 3375 5074 esse
3398 5024 3637 5089 matres,

1992 5124 2171 5179 quam
2195 5106 2279 5162 sic
2300 5108 2383 5161 uti
2407 5111 2571 5177 patre
2591 5107 2922 5163 debuerunt
2939 5126 2951 5163 :
2968 5113 3365 5163 verumtamen
3393 5107 3644 5163 multum

1993 5196 2258 5265 interest,
2283 5197 2438 5267 quod
2462 5213 2530 5251 ea
2552 5212 2729 5251 causa
2751 5213 2867 5251 usta
2890 5202 3045 5263 sunt,
3069 5212 3242 5267 quam
3266 5196 3316 5251 si
3339 5195 3645 5268 concupis-

1996 5284 2184 5340 centia
2215 5289 2334 5339 tam
2366 5285 2608 5339 funestae
2639 5285 2952 5356 voluptatis
2984 5288 3302 5340 uterentur.

2066 5373 2296 5430 CAPUT
2328 5374 2521 5428 XLIV.
2546 5404 2612 5413 —
2634 5374 2723 5427 Ab
2754 5373 2851 5429 illo
2884 5378 3077 5429 autem
3109 5389 3279 5445 opere
3310 5374 3391 5430 ita
3422 5379 3649 5446 patrem

1998 5463 2311 5521 abhorrere
2341 5462 2692 5533 sentiebant,
2726 5467 2789 5517 ut
2818 5462 2875 5515 id
2910 5477 2970 5517 se
3001 5460 3346 5534 impleturae
3377 5480 3505 5520 esse
3535 5480 3651 5521 non

2063 5636 2082 5704 ξ
2109 5632 2266 5704 Apud
2299 5632 2386 5704 Er_.
2417 5631 2586 5704 Lugd.
2618 5630 2769 5693 γεω,
2798 5629 3127 5684 inebriantes.
3158 5634 3230 5684 Μ.

2062 5698 2084 5733 ²
2107 5697 2257 5756 Lov.,
2288 5697 2411 5759 quia
2439 5697 2637 5758 utique.

3258 5816 3332 5875 14
