4052 6184
470 326 586 385 4°27

469 458 790 520 crederent,
824 454 935 508 nisi
959 455 1087 524 ejus
1116 452 1505 521 ignorantiam
1530 449 2115 523 procurarent.Nam-

470 564 601 618 que,
637 549 699 599 ut
728 543 1010 614 scriptum
1044 548 1150 609 est,
1178 541 1612 596 inebriaverunt
1641 556 1797 606 eum,
1829 544 1884 593 et
1916 554 1976 592 se
2010 553 2112 591 ne-

470 634 671 689 scienti
699 634 1061 687 miscuerunt
1084 630 1764 702 (Gen.x1x).Quapr0pter
1784 626 2111 698 culpandus

469 730 555 779 est
586 724 845 793 quidem,
881 737 995 775 non
1030 726 1222 775 tamen
1256 723 1538 790 quantum
1572 717 1665 772 ille
1696 717 1975 781 incestus,
2008 716 2108 770 sed

438 819 758 885 (quantum
798 811 897 865 illa
947 814 1199 865 meretur
1244 808 1514 863 ebrietas.
1547 808 1693 861 Nam
1738 812 1794 861 et
1842 807 1991 860 hanc
2020 804 2111 860 lex

468 906 683 957 aeterna
703 901 1076 966 condemnat;
1103 899 1447 970 quiacibum
1467 902 1735 968 etpotum
1759 896 1827 951 ad
1850 895 2112 950 ordinem

468 990 791 1046 naturalem
815 1006 929 1043 non
946 988 1056 1043 nisi
1071 986 1673 1059 gratiaconservandze
1687 983 1890 1039 salutis
1906 982 2113 1038 admit-

463 1080 555 1134 tit.
573 1078 846 1143 Quamvis
862 1076 1468 1148 ergointerebriosum
1482 1078 1540 1129 et
1551 1073 1777 1129 ebrium
1790 1073 2109 1145 plurimum

461 1168 696 1223 intersit
727 1184 741 1221 :
776 1182 911 1222 nam
944 1182 1047 1221 nec
1077 1165 1346 1220 ebriosus
1375 1180 1605 1234 semper
1634 1168 1723 1219 est
1750 1162 1970 1232 ebrius,
2002 1178 2108 1217 nec

461 1257 731 1328 quisquis
762 1254 1081 1326 aliquando
1131 1254 1348 1321 ebrius,
1382 1255 1804 1323 consequenter
1841 1250 2107 1306 ebriosus

458 1350 547 1401 est
579 1362 591 1398 :
626 1350 819 1399 tamen
851 1343 911 1397 in
942 1343 1181 1398 homine
1215 1343 1374 1412 justo
1406 1341 1586 1411 hujus
1616 1340 1824 1413 ipsius,
1856 1340 1963 1395 etsi
1992 1356 2105 1393 non

456 1434 833 1498 ebriositatis,
858 1439 917 1487 at
947 1436 1100 1488 certe
1131 1430 1425 1486 ebrietatis
1458 1447 1637 1486 causa
1666 1429 1978 1499 quaerenda
1996 1433 2103 1484 est.

454 1523 603 1587 Quid
625 1523 780 1577 enim
802 1522 1040 1576 tandem
1064 1520 1304 1591 cogebat
1328 1523 1391 1573 ut
1413 1518 1645 1573 ﬁliabus
1668 1518 1792 1573 suis
1812 1518 2015 1572 crebra
2031 1516 2106 1572 vi-

455 1629 531 1667 na
552 1612 957 1677 miscentibus,
975 1616 1073 1664 aut
1097 1610 1342 1664 fortasse
1366 1626 1469 1663 nec
1495 1610 1672 1663 mixta
1692 1610 1893 1663 crebro
1918 1607 2099 1679 porri-

455 1702 748 1773 gentibus,
768 1700 1122 1755 consentiret
1147 1704 1246 1753 aut
1265 1699 1523 1753 crederet
1547 1697 1604 1752 1?
1622 1700 1705 1752 An
1731 1699 1801 1752 ad
1826 1698 1933 1752 hoc
1953 1697 2100 1751 ﬁlias

455 1791 699 1844 nimiam
732 1790 1025 1844 tristitiam
1064 1789 1347 1859 ﬁngentes
1379 1788 1462 1841 ita
1492 1786 1676 1843 voluit
1705 1788 2011 1851 consolari,
2037 1790 2101 1840 ut

453 1879 612 1934 illius
635 1879 1027 1934 destitutionis
1047 1883 1101 1931 et
1124 1880 1368 1931 materni
1389 1876 1583 1931 luctus
1604 1875 1768 1931 dolor
1789 1876 1857 1931 de
1881 1874 2098 1947 cogita-

450 1969 607 2023 tione
624 1970 835 2023 mentis
850 1968 1018 2021 ebriae
1036 1966 1534 2035 fugaretur,etiam
1555 1964 1713 2035 ipsas
1728 1965 2096 2019 tantumdem

448 2058 645 2112 bibere
668 2057 1030 2121 existimans,
1052 2060 1107 2108 et
1129 2055 1327 2125 aliqua
1356 2056 1555 2109 fraude
1577 2060 1812 2126 agentes
1838 2070 1907 2108 ne
1933 2053 2097 2109 bibe-

448 2153 575 2202 rent
595 2147 622 2200 ?
645 2147 750 2201 Sed
776 2147 950 2200 etiam
974 2144 1149 2199 talem
1166 2144 1434 2198 tristibus
1456 2144 1578 2197 suis
1602 2143 1875 2198 adhibere
1898 2160 2099 2198 conso-

446 2235 722 2291 lationem
748 2234 1035 2305 quomodo
1061 2233 1497 2303 virumjustum
1522 2232 1926 2301 decuerit,non
1947 2233 2098 2288 vide-

447 2341 600 2381 mus.
640 2328 724 2380 An
775 2324 966 2393 aliqua
998 2321 1430 2377 Sodomitarum
1465 2326 1587 2375 arte
1617 2321 1875 2392 pessima
1919 2321 2094 2377 etiam

447 2414 647 2485 paucis
671 2411 894 2484 poculis
914 2415 1137 2483 patrem
1160 2412 1243 2465 sic
1273 2409 1561 2464 inebriare
1579 2414 1915 2480 potuerunt,
1936 2415 2000 2465 ut
2021 2408 2095 2464 il-

446 2502 542 2557 lud
573 2507 872 2574 peccatum
924 2517 1057 2555 cum
1106 2498 1432 2571 ignorante,
1464 2497 1550 2552 vel
1582 2498 1777 2569 potius
1827 2499 1897 2553 de
1928 2498 2092 2571 igno-

447 2598 611 2645 rante
642 2588 1119 2646 committerent?
1168 2588 1277 2643 Sed
1312 2587 1523 2641 mirum
1555 2586 1603 2641 si
1654 2586 1763 2642 hoc
1794 2587 2094 2659 Scriptura

445 2680 644 2733 divina
685 2678 989 2744 tacuisset,
1020 2674 1109 2730 vel
1158 2692 1394 2731 servum
1441 2692 1616 2730 suum
1651 2679 1799 2731 Deus
1830 2678 1957 2733 sine
1986 2678 2090 2733 ali-

443 2785 555 2840 quo
584 2767 903 2823 voluntatis
934 2767 1063 2838 ejus
1093 2766 1231 2819 vitio
1263 2765 1483 2837 perpeti
1515 2764 1749 2821 sineret.

513 2857 746 2913 CAPUT
776 2855 934 2910 XLV.
972 2885 1040 2895 —-
1072 2854 1187 2909 Nos
1243 2860 1437 2908 tamen
1469 2854 1796 2925 Scripturas
1836 2862 2087 2924 sanctas,

440 2963 555 3001 non
581 2946 888 3001 hominum
913 2943 1682 3014 peccatadefendimus.Non
1700 2943 1783 2998 sic
1805 2951 2000 3002 autem
2018 2950 2089 3004 de

436 3034 615 3103 hujus
648 3034 781 3088 facti
813 3032 1156 3104 purgatione
1205 3032 1550 3100 satagimus,
1584 3032 1753 3100 quasi
1797 3032 1901 3088 hoc
1932 3036 2086 3093 Deus

436 3120 1150 3191 nosterautﬁerijusserit,
1171 3125 1271 3174 aut
1288 3119 1957 3192 factumapprobaverit;
1983 3132 2085 3182 aut

432 3211 675 3281 itajusti
698 3210 964 3265 homines
986 3209 1045 3263 in
1068 3207 1183 3262 illis
1207 3206 1393 3261 Libris
1416 3205 1802 3277 appellentur,
1830 3216 1895 3265 ut
1916 3212 1963 3267 si
1985 3231 2081 3268 vo-

432 3299 648 3354 luerint
679 3315 935 3371 peccare,
983 3314 1097 3352 nou
1128 3296 1374 3368 possint.
1398 3295 1555 3350 Cum
1586 3311 1722 3368 ergo
1755 3298 1812 3353 in
1847 3300 2079 3358 Litteris

435 3406 580 3460 quas
602 3389 698 3444 isti
722 3387 1173 3459 reprehendunt,
1198 3390 1349 3440 Deus
1370 3385 1507 3439 huic
1530 3385 1680 3439 facto
1705 3387 2077 3461 nullumjus-

434 3478 571 3533 titiae
595 3477 996 3533 testimonium
1021 3473 1397 3547 perhibuerit,
1433 3490 1548 3545 qua
1573 3476 1865 3531 dementia
1897 3483 2079 3535 teme-

434 3568 625 3622 ritatis
656 3565 792 3621 hinc
813 3562 943 3619 illas
969 3563 1211 3617 Litteras
1236 3576 1509 3616 accusare
1540 3563 1920 3632 contendunt,
1943 3582 2076 3622 cum

430 3655 564 3711 aliis
594 3672 796 3711 earum
852 3653 992 3708 locis
1034 3650 1405 3723 apertissime
1448 3650 1819 3706 inveniantur
1862 3654 2075 3712 divinis

431 3745 733 3817 praeceptis
762 3743 877 3798 ista
924 3739 1266 3813 prohiberi?
1307 3739 1468 3795 Unde
1499 3742 1556 3794 in
1590 3739 1691 3795 illa
1721 3757 1779 3795 re
1809 3748 1973 3813 gesta
2004 3745 2074 3801 de

426 3850 598 3907 Opere
628 3833 884 3889 ﬁliarum
916 3830 1062 3886 Loth
1092 3834 1327 3884 narrata
1356 3829 1469 3884 ista
1498 3834 1655 3895 sunt,
1677 3846 1789 3885 non
1812 3830 2066 3891 laudata.

421 3923 695 3986 Quzedam
725 3938 857 3977 vero
889 3918 1191 3976 enuntiato
1216 3917 1439 3988 judicio
1474 3919 1591 3985 Dei,
1625 3920 1890 3989 quaedam
1924 3923 2067 3977 taci-

416 4017 474 4068 to
508 4012 729 4066 narrari
763 4008 1019 4081 oportuit
1047 4025 1059 4062 :
1095 4013 1161 4061 ut
1190 4007 1419 4077 quando
1452 4006 1741 4076 promitur
1761 4009 1899 4079 quid
1932 4010 2067 4067 inde

404 4101 759 4172 judicaverit
818 4105 1007 4167 Deus,
1076 4097 1402 4150 instruatur
1458 4100 1655 4150 nostra
1717 4096 2061 4168 imperitia;

411 4190 645 4261 quando
728 4193 920 4243 autem
1004 4189 1267 4250 tacetur,
1342 4182 1429 4238 vel
1505 4190 1837 4239 exerceatur
1909 4190 2061 4257 peri-

406 4278 509 4344 tia,
556 4284 620 4333 ut
665 4278 820 4349 quod
873 4275 1010 4330 alibi
1055 4274 1371 4328 didicimus
1420 4273 1783 4341 recolamus;
1832 4275 1919 4330 vel
1964 4294 2058 4331 ex-

405 4367 662 4422 cutiatur
710 4364 961 4438 pigritia,
1023 4369 1088 4418 ut
1134 4362 1288 4434 quod
1330 4363 1589 4415 nondum
1643 4362 1905 4419 novimus
1962 4366 2057 4420 in-

402 4455 728 4527 quiramus.
761 4456 913 4511 Deus
961 4468 1118 4524 ergo,
1173 4452 1271 4522 qui
1325 4451 1484 4504 novit
1538 4458 1590 4504 et
1643 4450 1713 4505 de
1746 4450 2052 4511 hominum

398 4558 569 4614 Opere
593 4543 743 4598 malo
768 4544 950 4598 facere
971 4558 1148 4613 opera
1172 4540 1343 4607 bona,
1371 4546 1575 4610 gentes
1600 4556 1745 4609 quas
1768 4540 1963 4609 voluit,
1982 4559 2050 4599 ex

393 4631 492 4686 illo
516 4633 736 4687 semine
760 4631 1116 4703 propagavit,
1141 4645 1256 4684 non
1290 4628 1622 4697 Scripturas
1644 4644 1781 4683 suas
1813 4637 2049 4702 propter

389 4719 697 4776 hominum
738 4724 974 4791 peccata
1011 4717 1327 4773 damnavit.
1364 4716 1622 4771 Prodidit
1654 4716 1869 4789 quippe
1910 4720 2041 4791 ista,

390 4827 504 4865 non
522 4809 682 4877 fecit;
707 4805 1366 4871 etcavendaadmonuit,
1392 4821 1507 4860 non
1534 4804 1820 4861 imitanda
1833 4823 2041 4880 prOpc-

385 4898 530 4954 suit.

455 4987 686 5043 CAPUT
716 4988 900 5043 XLVI.
928 5018 993 5027 —
1019 4983 1271 5041 Mirabili
1294 5000 1433 5039 sane
1463 4982 1859 5053 impudentia’
1889 4987 2032 5044 Fau-

386 5080 517 5133 stus
570 5078 729 5132 Isaac
762 5092 990 5148 quoque
1038 5074 1223 5128 ﬁlium
1257 5071 1501 5127 Abrahae
1547 5071 1891 5130 criminatus
1921 5084 2030 5149 est,

380 5167 534 5233 quod
583 5166 923 5231 Rebeccam,
956 5181 1082 5237 quae
1132 5179 1274 5216 uxor
1310 5166 1451 5229 erat,
1486 5177 1744 5216 sororem
1799 5165 2031 5222 ﬁnxerit

374 5252 476 5322 (Id.
505 5270 654 5319 xxvr,
691 5255 767 5325 7).
794 5255 990 5310 Genus
1020 5253 1175 5307 enim
1208 5250 1479 5304 Rebecca:
1510 5266 1622 5303 non
1648 5252 1892 5309 tacitum
1916 5261 2026 5324 est,

375 5344 431 5395 et
451 5358 577 5396 eam
603 5359 705 5413 per
717 5343 1085 5399 notissimam
1102 5339 1599 5412 propinquitatem
1615 5357 1873 5397 sororem
1896 5347 2024 5415 ejus

369 5426 551 5484 fuisse
584 5431 959 5487 manilestum
990 5435 1079 5486 est
1126 5429 1225 5499 (Id.
1258 5433 1429 5495 xxxv).
1465 5426 1535 5481 Ut
1567 5432 1760 5484 autem
1804 5436 2022 5489 taceret

430 5615 446 5648 ¹
479 5612 701 5676 Quidam
730 5614 872 5676 Mss.,
904 5616 1119 5666 cederet.

425 5675 448 5717 ³
475 5675 692 5743 Aliquot
718 5675 865 5740 Mss.,
893 5679 1258 5743 imprudentia.

1230 321 1535 379 CONTRA
1581 316 1951 379 FAUS'I‘UM
2002 314 2522 389 MANlCHASUM,
2570 318 2633 378 S.
2683 318 3111 381 AUGUSTINI

3484 60 3513 65 ᾖ
3868 58 3911 67 .,.

3450 58 3563 89 νινε
3594 68 3873 103 Ξ,γζιμ-Γιιζγ

3759 331 3874 390 ιεξδ

2225 466 2480 515 uxorem,
2517 451 2657 521 quid
2689 451 2925 519 mirum,
2956 459 3054 506 aut
3087 452 3224 522 quid
3250 469 3508 523 parvum,
3536 458 3582 512 si
3609 458 3873 517 imitatus

2222 544 2309 593 est
2334 544 2553 609 patrem
2583 558 2597 606 ;
2630 557 2762 594 cum
2782 542 3229 610 eademjustitia
3251 544 3614 613 defendatur,
3639 566 3753 619 qua
3772 567 3872 620 pa-

2223 632 2309 683 ter
2337 629 2461 698 ejus
2491 630 2561 683 de
2594 629 2771 683 simili
2803 630 3026 699 objecto
3056 631 3389 702 inculpatus
3437 635 3707 692 inventus
3740 639 3876 694 est?

2221 715 2353 778 Quae
2384 717 2563 789 igitur
2593 735 2695 789 pro
2714 718 3030 788 Abraham,
3055 722 3208 789 quod
3232 722 3301 776 ad
3327 722 3475 777 hanc
3499 742 3616 780 rem
3641 727 3869 795 attinet,

2220 807 2494 861 adversus
2542 807 2951 863 criminantem
3004 809 3280 865 Faustum
3342 812 3597 870 diximus
3638 816 3867 887 (Supra,

2224 912 2380 967 capp.
2413 896 2628 967 33-36),
2650 897 2850 951 eadem
2873 898 3046 952 etiam
3065 916 3165 968 pro
3182 903 3341 955 Isaac
3363 900 3479 957 ﬁlio
3501 904 3628 973 ejus
3643 905 3869 974 valent;

2225 1002 2352 1057 qute
2385 1001 2683 1041 recensere
2715 1003 2829 1041 non
2861 991 2949 1042 est
2978 987 3251 1044 difﬁcile:
3277 989 3390 1044 nisi
3415 990 3557 1047 forte
3577 994 3870 1051 studioso-

2222 1091 2347 1129 rum
2371 1073 2584 1146 aliquis
2606 1074 2911 1146 quaerat,in
2937 1075 3104 1145 cujus
3126 1076 3324 1149 ﬁgurae
3338 1086 3700 1137 sacramento
3723 1085 3871 1141 acci-

2219 1162 2495 1233 piendum
2519 1163 2781 1235 sit,quod
2815 1179 2912 1218 rex
2942 1163 3270 1237 alienigena
3298 1168 3614 1225 Rebeccam
3638 1172 3748 1227 viri
3771 1174 3869 1229 sui

2216 1253 2523 1323 conjugem
2548 1256 2685 1307 tunc
2717 1270 2844 1308 esse
2872 1253 3159 1325 cognovit,
3185 1258 3418 1326 quando
3448 1276 3581 1314 eum
3605 1277 3738 1317 cum
3763 1261 3870 1318 illa

2217 1340 2513 1396 ludentem
2532 1341 2704 1407 vidit;
2730 1343 2883 1413 quod
2914 1359 3023 1396 non
3048 1344 3553 1415 cognovisset,nisi
3576 1365 3705 1404 cum
3725 1367 3867 1406 con-

2206 1430 2349 1501 juge
2378 1428 2473 1484 ille
2504 1430 2588 1483 sic
2616 1429 2859 1499 luderet,
2892 1432 3183 1501 quomodo
3218 1449 3353 1489 cum
3386 1452 3452 1489 ea
3483 1453 3607 1507 quas
3649 1441 3868 1509 conjux

2215 1536 2327 1573 non
2359 1524 2511 1573 esset
2531 1518 2731 1574 ludere
2753 1537 2864 1575 non
2897 1520 3143 1576 deceret.
3171 1522 3332 1585 Quod
3357 1540 3488 1579 cum
3518 1527 3699 1582 sancti
3721 1544 3865 1583 con-

2205 1607 2396 1679 jugati
2428 1608 2669 1673 faciunt,
2695 1624 2807 1663 non
2844 1609 3095 1664 inaniter
3117 1611 3356 1679 faciunt,
3378 1614 3479 1668 sed
3506 1618 3861 1686 prudenter:

2211 1698 2570 1752 descendunt
2592 1697 2746 1752 enim
2764 1700 3017 1769 quodam
3042 1700 3214 1754 modo
3238 1701 3305 1754 ad
3326 1702 3554 1758 feminei
3572 1722 3744 1761 sexus
3768 1707 3863 1762 in-

2210 1784 2566 1857 ﬁrmitatem,
2602 1791 2665 1840 ut
2704 1786 2921 1858 aliquid
2966 1787 3183 1842 blanda
3214 1789 3508 1847 hilaritate
3540 1795 3622 1848 vel
3658 1795 3864 1853 dicant

2211 1873 2295 1928 vel
2331 1875 2580 1941 faciant;
2614 1892 2727 1929 non
2762 1879 3122 1941 enervantes,
3156 1878 3256 1932 sed
3300 1884 3690 1950 temperantes
3721 1884 3864 1939 viri-

2207 1962 2321 2018 lem
2371 1964 2621 2034 rigorem
2646 1966 2662 1997 ¹
2692 1980 2703 2018 :
2735 1965 2887 2034 quod
2937 1968 3131 2019 tamen
3164 1966 3213 2020 ei
3246 1983 3374 2038 quae
3425 1987 3571 2025 uxor
3601 1989 3714 2027 non
3766 1978 3864 2030 est

2208 2053 2305 2125 qui
2342 2051 2549 2107 dixerit
2578 2058 2681 2107 aut
2701 2053 2919 2120 fecerit,
2950 2053 3139 2124 turpis
3163 2060 3269 2111 est.
3303 2056 3519 2113 Verum
3546 2061 3670 2129 hoc,
3697 2064 3857 2132 quod

2206 2143 2277 2197 ad
2310 2158 2501 2197 mores
2545 2141 2948 2212 humanitatis,
2968 2143 3235 2213 pertinet,
3269 2145 3534 2216 dixerim,
3569 2165 3642 2203 ne
3690 2150 3856 2221 quis-

2207 2248 2383 2303 quam
2413 2232 2597 2286 durus
2645 2236 2702 2286 et
2732 2231 2858 2286 sine
2906 2231 3112 2287 affectu
3144 2231 3199 2287 id
3235 2232 3429 2304 ipsum
3462 2252 3565 2307 pro
3610 2238 3857 2296 crimine

2204 2321 2441 2391 objiciat
2471 2324 2672 2375 sancto
2703 2320 2846 2387 viro,
2867 2321 3020 2391 quod
3054 2337 3187 2375 cum
3220 2324 3466 2397 conjuge
3486 2342 3595 2380 sua
3623 2326 3852 2385 luserit.

2200 2410 2364 2466 Tales
2385 2411 2537 2465 enim
2562 2409 2828 2465 homines
2847 2409 3153 2465 inhumani
3169 2411 3217 2465 si
3241 2410 3496 2483 aliquem
3520 2431 3753 2486 gravem
3772 2419 3854 2474 vi-

2204 2516 2330 2555 rum
2364 2499 2651 2554 ludicrum
2675 2497 2895 2569 aliquid
2919 2499 3273 2569 garrientem
3295 2502 3490 2572 pueris
3521 2504 3692 2560 etiam
3724 2523 3856 2577 par-

2200 2589 2354 2644 vulis
2384 2588 2652 2654 viderint,
2677 2605 2790 2659 quo
2822 2604 3023 2642 eorum
3065 2587 3318 2644 lacteum
3366 2607 3603 2647 sensum
3630 2595 3855 2652 atfabili

2201 2684 2257 2734 et
2287 2678 2594 2733 nutritoria
2639 2676 2912 2732 facilitate
2960 2677 3335 2749 permulceat,
3369 2684 3649 2753 tanquam
3703 2685 3855 2740 deli-

2202 2772 2424 2822 rantem
2478 2766 2952 2837 reprehendunt:
2987 2765 3149 2820 obliti
3202 2768 3355 2822 unde
3409 2772 3712 2839 creverint,
3745 2779 3855 2830 aut

2199 2857 2411 2929 ingrati
2443 2856 2595 2925 quod
2628 2854 2925 2909 creverint.
2952 2854 3098 2918 Quid
3133 2860 3327 2910 autem
3352 2857 3461 2912 sibi
3493 2859 3631 2914 velit
3661 2861 3718 2915 in
3750 2879 3850 2918 sa-

2198 2950 2495 3001 cramento
2525 2943 2737 3000 Christi
2768 2948 2825 2997 et
2858 2942 3139 3009 Ecclesiae,
3172 2945 3324 3013 quod
3357 2950 3557 3003 tantus
3590 2951 3847 3006 Patriar-

2196 3036 2304 3091 cha
2334 3051 2467 3089 cum
2506 3034 2752 3105 conjuge
2781 3032 3008 3098 luserit,
3042 3032 3498 3105 conjugiumque
3528 3035 3672 3092 illud
3704 3039 3848 3095 inde

2195 3125 2271 3180 sit
2310 3124 2631 3196 cognitum,
2664 3123 2817 3176 videt
2864 3121 3118 3193 profecto
3168 3122 3461 3193 quisquis,
3496 3142 3567 3180 ne
3617 3125 3849 3199 aliquid

2192 3218 2437 3269 errando
2468 3212 2526 3267 in
2559 3211 2873 3266 Ecclesiam
2907 3214 3120 3282 peccet,
3154 3217 3440 3269 secretum
3482 3214 3585 3269 viri
3618 3217 3744 3286 ejus
3780 3218 3845 3275 in

2190 3302 2506 3374 Scripturis
2546 3300 2767 3357 sanctis
2816 3300 3129 3372 diligenter
3177 3300 3486 3357 intuetur:
3520 3308 3577 3359 et
3621 3305 3848 3364 invenit

2190 3407 2323 3446 eum
2357 3392 2724 3463 majestatem
2771 3406 2960 3456 suam,
2994 3405 3109 3458 qua
3139 3388 3197 3442 in
3247 3390 3435 3446 forma
3464 3391 3563 3447 Dei
3596 3395 3845 3466 aequalis

2189 3490 2272 3536 est
2333 3482 2510 3544 Patri,
2563 3478 2860 3550 paulisper
2907 3477 3286 3533 abscondisse
3338 3484 3395 3534 in
3452 3480 3639 3536 forma
3684 3487 3841 3541 servi

2187 3571 2456 3640 (Philipp.
2488 3586 2547 3637 ιι,
2570 3568 2624 3637 6,
2656 3568 2732 3637 7),
2758 3571 2820 3620 ut
2851 3566 2979 3635 ejus
3012 3582 3191 3637 capax
3222 3583 3349 3622 esse
3379 3568 3639 3626 humana
3670 3572 3840 3628 inﬁr-

2188 3660 2361 3714 mitas
2396 3662 2610 3729 posset,
2644 3670 2826 3725 eoque
2878 3654 3045 3708 modo
3076 3670 3139 3708 se
3171 3655 3406 3728 conjugi
3449 3664 3843 3730 congruenter

2185 3753 2428 3820 aptaret.
2454 3744 2600 3812 Quid
2624 3744 2778 3800 enim
2802 3742 3142 3809 absurdum,
3169 3742 3286 3797 imo
3308 3743 3451 3815 quid
3477 3762 3589 3800 non
3623 3764 3835 3806 conve-

2183 3839 2407 3894 nienter
2436 3837 2767 3890 futurorum
2800 3829 3269 3903 przenuntiationi
3298 3836 3833 3909 accommodatum,

2178 3929 2227 3984 si
2268 3925 2560 3998 Propheta
2590 3922 2690 3978 Dei
2740 3919 2971 3976 carnale
3000 3918 3219 3990 aliquid
3270 3919 3432 3988 lusit,
3469 3926 3533 3977 ut
3562 3939 3695 3980 eum
3728 3942 3831 3982 ca-

2176 4020 2336 4090 peret
2361 4014 2602 4070 affectus
2634 4009 2868 4077 uxoris;
2900 4024 3031 4063 cum
3056 4008 3247 4080 ipsum
3279 4008 3529 4066 Verbum
3566 4013 3658 4068 Dei
3691 4031 3832 4073 caro

2177 4107 2394 4161 factum
2427 4101 2521 4165 sit,
2554 4103 2615 4154 ut
2645 4098 2935 4152 habitaret
2964 4096 3022 4150 in
3054 4096 3221 4152 nobis
3256 4097 3431 4168 (Joan.
3466 4116 3504 4169 ι,
3548 4102 3681 4171 14)?

2242 4191 2471 4247 CAPUT
2503 4187 2718 4243 XLVII.
2764 4218 2809 4226 -
2834 4186 2967 4241 Jam
2996 4201 3128 4240 vero
3160 4185 3277 4240 ﬁlio
3310 4188 3435 4257 ejus
3457 4187 3637 4244 Jacob
3662 4192 3825 4261 quod

2169 4299 2272 4355 pro
2292 4277 2513 4351 ingenti
2535 4276 2778 4331 crimine
2793 4278 3044 4345 quatuor
3062 4273 3419 4343 objiciuntur
3437 4291 3642 4332 uxores
3657 4277 3821 4347 (Gen.

2166 4389 2299 4427 xxxx
2328 4375 2380 4424 et
2406 4363 2833 4437 xxx),generali
2854 4361 3262 4434 praelocutione
3296 4370 3599 4437 purgatur.
3627 4367 3823 4431 Quan-

2166 4463 2237 4517 do
2258 4459 2415 4515 enim
2440 4473 2566 4511 mos
2590 4453 2961 4523 erat,crimen
2988 4468 3099 4507 non
3123 4456 3249 4507 erat
3271 4469 3284 4507 :
3311 4458 3368 4508 et
3388 4471 3543 4510 nunc
3557 4463 3822 4527 propter-

2161 4567 2228 4606 ea
2244 4549 2466 4604 crimen
2485 4549 2592 4611 est,
2610 4543 2750 4615 quia
2768 4560 2894 4597 mos
2922 4558 3036 4596 non
3070 4546 3174 4596 est.
3202 4541 3330 4597 Alia
3346 4542 3503 4598 enim
3528 4550 3666 4600 sunt
3682 4562 3821 4616 pec-

2158 4644 2285 4695 cata
2315 4640 2515 4693 contra
2538 4638 2829 4695 naturam,
2854 4630 2967 4686 alia
2996 4634 3198 4685 contra
3227 4647 3439 4703 mores,
3468 4629 3582 4686 alia
3604 4637 3819 4693 contra

2154 4732 2458 4801 praecepta.
2490 4724 2624 4787 Quae
2656 4736 2789 4775 cum
2814 4720 2894 4773 ita
2923 4719 3062 4787 sint,
3094 4719 3231 4790 quid
3256 4720 3492 4774 tandem
3540 4719 3815 4779 criminis

2152 4822 2261 4887 est,
2281 4815 2436 4887 quod
2468 4812 2539 4866 de
2560 4808 2827 4881 pluribus
2850 4806 3027 4861 simul
3053 4807 3265 4863 habitis
3288 4807 3568 4863 uxoribus
3590 4808 3805 4879 objici-

2147 4911 2244 4961 tur
2270 4906 2470 4959 sancto
2499 4899 2616 4953 viro
2637 4896 2819 4951 Jacob
2834 4895 2861 4950 ?
2881 4895 2939 4949 Si
2966 4901 3234 4951 naturam
3254 4895 3546 4963 consulas,
3574 4914 3689 4952 non
3714 4897 3807 4954 la-

2145 4987 2561 5057 sciviendi,sed
2576 4985 2851 5057 gignendi
2886 4983 3195 5039 causaillis
3223 4983 3569 5039 mulieribus
3592 4984 3803 5040 uteba-

2141 5088 2238 5138 tur
2265 5100 2277 5137 :
2315 5080 2363 5135 si
2397 5092 2637 5139 morem,
2662 5074 2762 5128 illo
2784 5077 3045 5145 tempore
3068 5078 3241 5145 atque
3264 5074 3322 5128 in
3349 5073 3464 5128 illis
3487 5073 3661 5129 terris
3683 5073 3802 5131 hoc

2140 5170 2509 5228 factitabatur
2524 5183 2536 5220 :
2554 5165 2600 5219 si
2626 5168 2998 5235 praeceptum,
3020 5161 3180 5216 nulla
3201 5161 3323 5233 lege
3346 5162 3796 5232 prohibebatur.

2136 5265 2300 5315 Nunc
2324 5274 2453 5312 vero
2477 5272 2580 5309 cur
2600 5252 2818 5308 crimen
2840 5251 3005 5318 est,si
3025 5250 3157 5322 quis
3179 5250 3287 5307 hoc
3312 5250 3624 5319 faciat,nisi
3648 5253 3797 5321 quia

2134 5354 2190 5404 et
2222 5346 2484 5402 moribus
2514 5348 2569 5398 et
2598 5342 2825 5415 legibus
2848 5341 2956 5396 hoc
2980 5357 3094 5395 non
3121 5341 3251 5396 licet
3270 5342 3297 5396 Τ
3326 5341 3460 5405 Quae
3485 5341 3600 5397 duo
3631 5340 3795 5413 quis-

2132 5438 2264 5510 quis
2278 5432 2711 5504 contempserit,
2729 5431 2962 5485 etiamsi
2977 5431 3383 5486 tantummodo
3407 5448 3589 5487 causa
3608 5445 3789 5500 gene-

2128 5525 2295 5582 randi
2329 5524 2413 5580 uti
2444 5523 2630 5595 possit
2654 5520 2891 5576 feminis
2923 5519 3211 5592 pluribus,
3244 5522 3446 5590 peccat
3478 5523 3701 5588 tamen,
3722 5521 3789 5579 et

2187 5691 2205 5727 ί
2237 5685 2482 5749 Plerique
2511 5683 2655 5743 Mss.,
2692 5678 2934 5743 vigorem.
