4000 6178
175 367 262 427 433
1210 363 1443 424 LIBER
1488 364 1812 425 VIGESIM
1830 367 1923 427 US
1969 369 2407 433 SECUNDUS.

180 514 282 555 vero
300 492 672 565 unusquisque
691 492 851 547 utilis
866 493 965 547 Dei
982 496 1323 564 servus,sub
1344 496 1751 564 dealbationis,

176 591 483 661 peccatorum
503 598 743 637 suorum
768 583 953 654 gratia
977 585 1503 656 constitutus,quid
1521 585 1676 641 aliud
1699 588 1755 640 in

174 694 255 732 sua
282 672 621 729 conversione
644 673 660 706 ¹
697 673 1010 727 meditatus
1041 678 1150 738 est,
1200 675 1339 746 quid
1373 675 1530 729 aliud
1587 676 1757 730 corde

171 761 527 838 gestavit,quid
553 759 710 815 aliud
735 762 1167 829 adamavit,nisi
1184 764 1508 819 doctrinam
1525 763 1755 836 sapien-

168 855 235 909 tiae
254 852 444 916 ?Quam
468 850 726 921 plerique
753 867 814 905 se
836 852 1045 922 adepto
1059 869 1152 907 ros
1175 858 1232 907 et
1258 858 1631 924 percepturos
1656 870 1757 923 pu-

166 948 260 997 tant
284 940 457 995 statim
484 944 544 992 ut
572 956 633 994 se
652 938 708 993 in
736 946 956 1011 septem
982 942 1287 1012 praeceptis
1314 942 1457 1013 legis
1493 958 1755 997 exercue-

174 1032 400 1100 rint,quae
429 1032 567 1082 sunt
592 1029 662 1082 de
708 1028 1014 1084 dilectione
1044 1030 1314 1102 proximi,
1360 1048 1429 1086 ne
1479 1032 1754 1102 cuiquam

166 1119 339 1175 homini
369 1122 669 1185 noceatur;
699 1119 753 1172 id
777 1122 884 1186 est,
908 1120 1124 1175 Honora
1168 1129 1380 1191 patrem
1409 1126 1459 1175 et
1502 1126 1750 1190 matrem,

161 1210 248 1265 Non
274 1207 616 1262 meae/iuberis.
659 1207 773 1261 Non
823 1210 1063 1277 occides,
1116 1211 1232 1264 Non
1282 1211 1586 1280 furaberis,
1638 1212 1753 1266 Non

161 1299 320 1370 falsum
346 1297 705 1351 testimonium
753 1298 917 1365 dices,
967 1300 1085 1354 Non
1132 1302 1471 1371 concupisces
1521 1316 1754 1355 umorem

160 1387 367 1457 proximi,
388 1386 499 1440 Non
521 1388 868 1455 concupisces
897 1404 1011 1443 rem
1027 1390 1275 1459 proximi
1296 1390 1493 1460 (Exod.
1519 1406 1611 1457 xx,
1656 1391 1749 1444 12-

160 1477 248 1542 17);
274 1473 465 1546 quibus
497 1479 783 1545 quantum
820 1477 1071 1546 potuerit
1120 1478 1469 1545 observatis,
1521 1484 1749 1550 postea-

160 1580 291 1635 quam
318 1563 528 1618 homini
566 1582 667 1635 pro
698 1566 1007 1637 concupita
1027 1572 1082 1621 et
1106 1571 1338 1637 sperata
1356 1567 1751 1639 pulcherrima

160 1653 478 1708 delectatione
503 1653 802 1721 doctrinae,
831 1671 932 1726 per
952 1656 1302 1711 tentationes
1332 1657 1544 1722 varias,
1580 1655 1749 1728 quasi

161 1741 388 1814 perhujus
402 1742 594 1797 sreculi
614 1744 1401 1810 noctem,tolerantialaboris
1418 1745 1743 1814 adhaeserit,

159 1831 271 1885 velut
290 1846 378 1901 pro
400 1831 611 1886 Rachel
634 1831 1043 1904 Liainopinata
1059 1835 1374 1903 conjuncta
1389 1834 1463 1889 sit
1489 1853 1501 1903 ;
1528 1834 1747 1889 ethanc

166 1920 355 1974 sustinet
377 1921 518 1975 utad
540 1920 701 1976 illam
719 1923 1087 1992 perveniat,si
1113 1930 1545 1994 perseveranter
1565 1929 1741 1991 amat,

161 2008 351 2081 acceptis
367 2008 494 2064 aliis
514 2015 738 2081 septem
765 2011 1093 2083 praeceptis:
1122 2028 1187 2067 ac
1210 2012 1257 2067 si
1273 2013 1748 2077 dicaturei,Servi

163 2099 258 2152 alios
271 2104 454 2169 septem
475 2115 654 2154 annos
672 2117 768 2171 pro
784 2101 985 2156 Rachel
1004 2118 1024 2162 ;
1049 2106 1111 2156 ut
1129 2101 1205 2155 sit
1225 2104 1245 2135 ²
1268 2118 1489 2174 pauper
1508 2102 1739 2173 spiritu,

159 2187 290 2252 mitis,
312 2187 532 2260 lugens,
560 2190 825 2246 esuriens
849 2190 1743 2262 sitiensquejustitiam,miseri-

158 2291 262 2340 cors,
290 2277 644 2344 mundicors,
694 2279 968 2348 paciﬁcus
1029 2282 1246 2349 (Matth.
1278 2297 1333 2345 v,
1367 2280 1509 2352 3-9).
1558 2278 1745 2335 Vellet
1820 2330 1829 2339 .

154 2364 262 2419 enim
283 2365 460 2433 homo,
499 2366 553 2422 si
587 2368 708 2422 ﬁeri
742 2371 1096 2439 posset,sine
1115 2369 1234 2424 ulla
1256 2370 1561 2425 tolerantia
1584 2364 1741 2426 labo-

153 2453 221 2517 ris,
247 2471 353 2525 quae
384 2457 438 2510 in
473 2457 705 2527 agendo
739 2458 1127 2529 patiendoque
1184 2458 1586 2529 amplectenda
1633 2465 1739 2531 est,

152 2542 299 2597 statim
324 2545 385 2598 ad
410 2546 675 2616 pulchrae
708 2552 881 2618 atque
902 2549 1163 2619 perfectas
1187 2548 1483 2619 sapientia:
1503 2548 1742 2605 delicias

152 2633 393 2701 pervenire
418 2652 430 2689 :
464 2634 573 2689 sed
606 2635 711 2689 hoc
746 2653 858 2691 non
880 2637 1143 2708 potestin
1170 2646 1320 2692 terra
1342 2638 1738 2693 morientium.

151 2717 231 2773 Hoc
256 2723 392 2777 enim
423 2723 665 2778 videtur
695 2724 1047 2795 signiﬁcare,
1083 2727 1234 2797 quod
1270 2727 1488 2782 dictum
1532 2732 1620 2782 est
1670 2729 1741 2782 ad

147 2807 299 2873 Jacob,
329 2816 447 2867 Non
477 2821 563 2868 est
581 2816 749 2869 moris
784 2817 840 2868 in
871 2816 981 2869 loco
1015 2820 1217 2881 nostro,
1250 2820 1311 2870 ut
1349 2820 1531 2871 minor
1572 2818 1745 2871 nubat

151 2901 436 2968 priusquam
466 2903 658 2973 major
685 2902 835 2974 (Gen.
893 2921 1043 2971 xxxx,
1102 2907 1191 2972 27,
1250 2906 1363 2976 26).
1424 2906 1571 2969 Quia
1626 2923 1740 2961 non

147 2987 345 3045 absurde
374 2993 569 3061 major
599 2992 945 3063 appellatur,
979 3010 1106 3064 qua!
1137 2998 1397 3065 tempore
1429 2995 1586 3066 prior
1631 2999 1739 3051 est.

146 3074 266 3130 Prior
292 3084 371 3134 est
400 3087 603 3136 autem
633 3081 693 3136 in
726 3086 881 3137 recta
909 3082 1165 3139 hominis
1212 3084 1536 3139 eruditione
1579 3083 1744 3140 labor

144 3168 367 3234 operandi
399 3186 530 3239 quas
557 3171 717 3240 justa
741 3176 898 3241 sunt,
920 3188 1093 3243 quam
1122 3172 1392 3244 voluptas
1414 3172 1740 3245 intelligen-

144 3252 180 3304 di
202 3271 303 3325 quas.
331 3274 461 3313 vera
495 3263 654 3314 sunt.
1576 3307 1585 3318 .

189 3342 389 3401 CAPUT
435 3348 586 3403 LIII.
612 3380 679 3388 —-
704 3350 778 3404 Ad
804 3348 913 3404 hoc
935 3348 1083 3404 valet
1106 3352 1257 3421 quod
1310 3351 1589 3422 scriptum
1634 3354 1741 3420 est,

146 3430 402 3505 Concupiin
424 3440 763 3509 sapientiam
784 3455 931 3493 serva
953 3442 1244 3503 mandata,
1260 3445 1309 3495 et
1329 3442 1587 3495 Dominus
1608 3455 1726 3511 prie

142 3518 198 3573 bet
215 3523 351 3579 illam
372 3529 478 3582 tibi
501 3529 693 3597 (Eccli.
726 3545 762 3592 ι,
795 3528 907 3598 33).
935 3529 1200 3583 Mandata
1224 3529 1423 3600 utique
1468 3531 1536 3583 ad
1566 3530 1744 3601 justi-

140 3609 243 3665 tiam
265 3617 615 3683 pertinentia
645 3634 657 3671 :
686 3618 975 3686 justitiam
1011 3623 1203 3673 autem
1236 3635 1360 3689 quas
1394 3634 1460 3673 ex
1493 3619 1603 3673 ﬁde
1637 3625 1744 3686 est,

143 3712 231 3766 quae
257 3700 397 3758 inter
424 3707 821 3760 tentationum
854 3708 1074 3762 incerta
1102 3712 1385 3774 versatur,
1408 3712 1473 3761 ut
1502 3707 1593 3779 pie
1623 3724 1745 3762 cre-

141 3784 284 3844 dendo
312 3795 465 3863 quod
502 3794 767 3848 nondum
802 3794 1094 3867 intelligit,
1126 3796 1301 3850 etiam
1350 3796 1747 3867 intelligentiae

144 3879 371 3935 meritum
403 3890 823 3954 consequatur.
860 3885 1152 3948 Quantum
1186 3886 1340 3940 enim
1372 3884 1539 3954 valei,
1592 3886 1746 3957 quod

142 3968 268 4022 modo
282 3974 735 4029 commemoravi
757 3990 883 4028 esse
898 3975 1179 4045 scriptum
1194 3974 1750 4046 ,Concupz‘stisapien-

144 4056 419 4123 liam,serva
440 4062 790 4125 mundata;et
805 4065 1073 4118 Dominus
1088 4065 1290 4135 praebet
1315 4066 1471 4119 illum
1489 4066 1589 4118 tibi
1596 4069 1748 4131 ;tan-

137 4147 227 4200 lum
245 4149 445 4206 etillud
468 4152 662 4207 valere
680 4152 1074 4217 arbitror,Nisi
1092 4154 1572 4220 credideretis,non
1590 4137 1751 4208 intel:

140 4230 273 4302 ligetis
291 4240 438 4307 (lsai.
460 4258 564 4311 vn,
584 4242 668 4312 9):
693 4242 997 4312 utjnstitia
1016 4242 1083 4297 ad
1106 4243 1378 4310 ﬁdem,ad
1397 4242 1748 4314 sapientiam

135 4338 232 4379 vero
258 4327 646 4401 intelligentia
677 4331 965 4402 pertinere
996 4336 1375 4387 monstretur.
1411 4333 1657 4388 Proinde
1688 4332 1747 4388 in

137 4411 203 4468 his
225 4420 310 4488 qui
341 4422 597 4491 ﬂagrant
626 4420 843 4492 ingenti
879 4436 1075 4475 amore
1118 4420 1433 4493 perspicuas
1464 4422 1747 4493 veritatis,

136 4518 218 4558 non
240 4512 319 4562 est
336 4508 415 4563 im
427 4510 799 4580 probandum
824 4509 1211 4577 sludium,sed
1228 4510 1297 4563 ad
1313 4509 1576 4564 ordinem
1596 4527 1751 4565 revo-

136 4595 367 4664 candum,
396 4603 461 4653 ut
493 4616 528 4652 a
563 4597 674 4652 ﬁde
698 4597 957 4669 incipiat,
977 4603 1033 4653 et
1055 4598 1225 4653 bonis
1244 4598 1506 4653 moribus
1531 4600 1752 4655 nitatur

138 4687 392 4749 pervenire
416 4705 536 4759 quo
558 4688 764 4742 tendit.
800 4689 862 4742 In
894 4704 953 4742 es
987 4687 1198 4759 quippe
1231 4688 1382 4756 quod
1428 4689 1745 4758 versatur”,

135 4771 283 4827 virtus
313 4782 399 4830 est
432 4776 763 4832 laboriosa:
795 4775 852 4831 in
878 4793 943 4832 eo
960 4793 1090 4831 vero
1114 4776 1267 4846 quod
1300 4776 1541 4848 appetit,
1574 4775 1747 4831 lumi-

137 4873 246 4917 nosa
264 4865 571 4937 sapientia.
597 4866 743 4929 Quid
764 4883 907 4936 opus
933 4870 1041 4929 est,
1073 4867 1283 4936 inquit,
1308 4866 1561 4931 credere,
1594 4868 1747 4938 quod

135 4963 221 5005 non
250 4954 386 5008 mihi
421 4956 752 5010 ostenditur
784 4954 1155 5009 manifestum
1179 4956 1206 5009 ‘I
1237 4954 1486 5026 Aliquod
1505 4957 1748 5011 verbum

135 5051 318 5114 prome,
351 5060 469 5115 quo
502 5044 725 5099 videam
759 5060 951 5098 rerum
984 5044 1245 5098 omnium
1282 5044 1655 5117 principium.
1689 5045 1746 5101 Id

132 5128 256 5183 enim
276 5138 361 5186 est
384 5134 441 5187 in
468 5134 625 5204 quod
660 5134 911 5188 maxime
933 5149 997 5187 ac
1020 5134 1293 5204 primitus
1329 5134 1662 5205 inardescit,
1700 5134 1749 5189 si

131 5218 219 5270 veri
240 5221 540 5277 studiosus
572 5226 661 5277 est
681 5223 915 5276 animus
936 5221 1257 5277 rationalis:
1283 5222 1376 5278 cui
1398 5226 1751 5295 respondea-

131 5308 393 5373 tur,Pulch
405 5328 538 5367 rum
557 5315 644 5366 est
658 5310 891 5382 quidem
909 5312 1060 5382 quod
1077 5312 1374 5367 desideras
1393 5318 1449 5367 et
1470 5315 1652 5368 amari
1667 5314 1750 5368 di-

133 5395 449 5461 gnissimum
484 5416 499 5467 ;
534 5400 633 5455 sed
669 5398 831 5470 prius
863 5398 1034 5454 nubit
1060 5398 1178 5469 Lia,
1212 5404 1268 5453 et
1288 5403 1491 5470 postea
1512 5399 1745 5455 Rachel.

183 5549 194 5613 f
224 5551 326 5613 Am.
361 5553 450 5601 Er.
486 5556 537 5600 et
568 5551 803 5613 plerique
834 5552 937 5600 Mss
965 5588 975 5609 ,
1013 5550 1410 5599 conversatione.
1439 5552 1715 5613 Corrupto.

181 5610 361 5676 [Apud
382 5616 474 5663 Er.
508 5610 667 5676 Lugd.
704 5610 829 5665 Ven.
866 5616 1007 5672 Lov.,
1038 5614 1127 5662 sis.
1288 5614 1354 5661 Μ.

178 5674 195 5706 ³
218 5674 355 5736 Lov.,
384 5692 489 5741 qoo
519 5674 764 5727 vehatur.
795 5677 1081 5727 Vaticanus
1112 5689 1249 5725 unus
1279 5675 1465 5741 codex,
1497 5675 1635 5740 quod
1658 5675 1749 5726 ad-

132 5743 348 5791 versatur.
516 5742 637 5794 Mss.
666 5754 788 5793 cum
820 5742 936 5794 Am.
968 5745 1021 5793 et
1040 5741 1142 5802 Er.,
1169 5739 1309 5804 quod
1327 5739 1577 5790 versatur.

3406 377 3522 436 434

1868 500 2058 554 Ardor
2090 517 2224 573 ergo
2256 502 2364 557 iste
2396 505 2464 558 ad
2498 504 2553 559 id
2583 504 2797 577 valeat,
2832 509 2897 560 ut
2939 506 3077 561 ordo
3122 523 3234 562 non
3288 523 3516 563 recuse-

1866 591 1983 655 tur,
2018 590 2114 643 sed
2153 592 2345 661 potius
2379 592 2692 662 toleretur;
2729 594 2853 649 sine
2878 612 2992 666 quo
3015 613 3129 650 non
3154 600 3341 668 potest
3366 597 3437 651 ad
3461 598 3518 654 id

1868 680 2176 749 perveniri,
2209 682 2361 750 quod
2398 686 2560 737 tanto
2593 684 2795 738 ardore
2826 684 3111 756 diligitur.
3143 687 3286 741 Cum
3319 690 3515 741 autem

1868 773 2206 837 perventum
2243 770 2434 841 fuerit,
2469 772 2644 826 simul
2677 772 2990 828 habebitur
3021 774 3078 828 in
3124 773 3231 830 hoc
3279 774 3511 843 saeculo,

1869 874 1981 911 non
2015 858 2203 913 solum
2240 859 2503 930 speciosa
2536 861 2938 934 intelligentia,
2988 864 3087 917 sed
3132 864 3307 919 etiam
3357 863 3513 919 labo-

1869 946 2285 1017 riosajustitia.
2321 949 2650 1013 Quamlibet
2680 952 2833 1005 enim
2867 956 3034 1006 acute
3091 952 3513 1023 sinceriterque

1864 1042 2139 1091 cernatur
2160 1055 2191 1091 a
2212 1038 2554 1093 mortalibus
2575 1039 3049 1095 incommutabile
3070 1041 3511 1112 bonum,adhuo

1863 1141 2074 1197 corpus
2107 1128 2259 1198 quod
2295 1129 2692 1200 corrumpitur
2723 1135 2996 1201 aggravet
3028 1131 3305 1197 animam,
3331 1136 3387 1185 et
3408 1131 3507 1186 de—

1862 1215 2063 1286 primit
2094 1220 2322 1272 terrena
2352 1216 2700 1273 inhabitatio
2734 1235 2973 1273 sensum
3007 1219 3189 1275 multa
3247 1220 3507 1293 cogitan-

1860 1308 1977 1358 tem
2010 1305 2159 1376 (Sap.
2197 1324 2271 1374 1x,
2299 1308 2403 1379 15).
2441 1308 2525 1361 Ad
2558 1324 2742 1362 unum
2792 1324 2928 1380 ergo
2975 1309 3354 1380 tendendum,
3406 1309 3506 1365 sed

1858 1398 2093 1466 propter
2122 1396 2229 1451 hoc
2264 1398 2450 1451 multa
2473 1397 2703 1452 ferenda
2735 1401 2891 1453 sunt.

1931 1537 2165 1594 CAPUT
2190 1539 2327 1595 LIV.
2356 1572 2419 1580 —
2447 1540 2645 1611 Itaque
2671 1542 2797 1596 duae
2826 1545 2965 1596 sunt
2987 1556 3194 1596 uxores
3215 1542 3394 1597 Jacob
3438 1542 3508 1595 Ii-

1858 1627 2032 1682 berze:
2058 1628 2243 1683 ambas
2272 1630 2488 1701 quippe
2520 1635 2658 1684 sunt
2687 1629 2820 1684 ﬁliae
2852 1630 3217 1685 remissionis
3248 1637 3508 1701 peccato-

1856 1732 2008 1787 rum,
2032 1718 2141 1772 hoc
2163 1722 2250 1773 est
2268 1718 2672 1785 dealbationis,
2696 1720 2850 1789 quod
2894 1724 2981 1774 est
3015 1719 3220 1775 Laban.
3256 1719 3503 1775 Verum-

1855 1810 2049 1861 tamen
2104 1824 2218 1861 una
2250 1810 2497 1877 amatur,
2531 1812 2583 1862 et
2616 1806 2795 1863 altera
2850 1808 3153 1863 toleratur.
3215 1808 3323 1863 Sed
3375 1826 3503 1880 quas

1855 1898 2155 1963 toleratur,
2176 1897 2302 1967 ipsa
2324 1897 2487 1968 prius
2508 1903 2564 1951 et
2586 1898 2823 1952 uberius
2843 1898 3204 1963 fecundatur,
3225 1902 3290 1953 ut
3310 1898 3357 1954 si
3383 1915 3499 1954 non

1851 1989 2088 2056 propter
2105 2002 2164 2039 se
2178 1986 2548 2057 ipsam,certe
2572 1994 2805 2058 propter
2822 1985 2973 2042 ﬁlios
2991 1987 3286 2059 diligatur.
3315 1988 3503 2044 Labor

1852 2074 2002 2129 enim
2029 2074 2329 2143 justorum
2363 2076 2681 2129 maximum
2705 2076 2957 2130 fructum
2984 2076 3226 2131 babetin
3247 2077 3331 2131 eis
3354 2094 3501 2148 quos

1852 2179 2030 2235 regno
2052 2164 2149 2218 Dei
2182 2171 2481 2235 generant,
2516 2164 2667 2219 inter
2696 2164 2911 2221 multas
2930 2165 3278 2221 tentationes
3308 2171 3365 2221 et
3396 2167 3499 2221 tri-

1852 2252 2180 2307 bulationes
2214 2253 2578 2323 praedicando
2611 2253 2981 2325 Evangelium
3008 2272 3021 2321 ;
3050 2259 3107 2309 et
3134 2270 3232 2311 eos
3268 2260 3499 2327 propter

1852 2358 1997 2413 quos
2019 2347 2158 2396 sunt
2186 2343 2243 2397 in
2282 2342 2581 2399 laboribus
2606 2342 3086 2414 abundantius,in
3111 2343 3299 2416 plagis
3321 2361 3501 2417 supra

1854 2431 2177 2500 modum,in
2199 2433 2485 2486 mortibus
2508 2432 2809 2503 saepius“!
2842 2434 2965 2488 Cor.
2996 2449 3074 2500 ιι,
3117 2434 3232 2505 23),
3264 2438 3502 2506 propter

1852 2537 1997 2591 quos
2021 2520 2237 2575 habent
2260 2521 2398 2575 foris
2422 2538 2670 2593 pugnas,
2700 2522 2860 2576 intus
2884 2522 3125 2577 timores
3146 2523 3259 2593 (Id.
3294 2540 3389 2594 vn,
3420 2523 3501 2595 5),

1851 2609 2131 2681 gaudium
2163 2614 2220 2664 et
2250 2626 2523 2664 coronam
2551 2628 2719 2665 suam
2749 2619 2954 2666 vocant
2994 2612 3258 2683 (Philipp.
3311 2629 3386 2682 ιν,
3424 2613 3498 2685 1).

1852 2699 2184 2754 Nascuntur
2213 2705 2410 2754 autem
2441 2700 2526 2753 eis
2551 2700 2780 2755 facilius
2806 2704 2979 2769 atque
3002 2700 3376 2772 copiosiusex
3397 2699 3499 2756 illo

1850 2804 2120 2842 sermone
2147 2788 2300 2854 ﬁdei,
2337 2804 2451 2857 quo
2482 2788 2801 2859 praedicant
2827 2788 3122 2843 Christum
3154 2789 3499 2845 cruciﬁxum

1852 2878 1896 2948 (Ι
1928 2876 2049 2931 Cor.
2083 2893 2122 2943 1,
2155 2876 2267 2948 23),
2301 2881 2358 2930 et
2389 2877 2675 2948 quidquid
2707 2876 3088 2932 humanitatis
3144 2880 3272 2949 ejus
3324 2878 3498 2935 citius

1850 2965 2112 3021 humana
2132 2965 2485 3037 cogitatione
2506 2965 3179 3037 percipitur,etinﬁrmos
3201 2966 3375 3022 etiam
3386 2967 3497 3022 thB

1851 3056 2051 3111 oculos
2082 3071 2196 3109 non
2230 3056 2550 3126 perturbat.
2586 3055 2798 3111 Rachel
2821 3059 3016 3111 autem
3049 3055 3203 3110 clara
3234 3062 3493 3129 aspectu,

1851 3149 2045 3200 mente
2069 3144 2293 3199 excedit
2333 3149 2443 3199 Deo
2490 3143 2563 3213 (II
2596 3144 2715 3199 Cor.
2746 3161 2799 3210 ν,
2831 3144 2938 3215 13),
2972 3149 3029 3200 et
3056 3144 3211 3200 videt
3238 3144 3297 3201 in
3339 3145 3501 3217 prin-

1853 3234 2004 3306 cipio
2024 3234 2279 3289 Verbum
2304 3234 2487 3288 Deum
2513 3233 2666 3304 apud
2691 3233 2875 3288 Deum
2912 3234 3087 3306 (Joan.
3122 3253 3161 3304 I,
3187 3235 3259 3307 1),
3292 3240 3350 3291 et
3378 3236 3503 3292 vult

1854 3328 2141 3395 parere,et
2173 3339 2286 3377 non
2318 3327 2547 3393 potest;
2579 3322 2717 3393 quia
2744 3323 3176 3393 generationem
3208 3326 3336 3395 ejus
3368 3326 3503 3397 quis

1854 3412 2151 3467 enarrabit
2184 3414 2329 3479 (Isai.
2366 3429 2479 3477 Lm,
2513 3412 2616 3482 8)?
2647 3412 2895 3467 Proinde
2944 3414 3063 3468 vita
3123 3430 3248 3484 quas
3308 3416 3503 3471 studio

1856 3500 2365 3571 contemplationis
2388 3500 2685 3571 competit,
2712 3506 2776 3555 ut
2796 3518 2860 3555 ea
2882 3518 3009 3572 quae
3030 3502 3189 3557 carni
3214 3503 3508 3557 suntinvi-

1856 3590 2068 3659 sibilia,
2096 3607 2208 3643 non
2233 3589 2483 3643 inﬁrmis
2505 3588 2689 3643 oculis
2713 3590 2949 3654 mentis,
2982 3607 3084 3661 per
3100 3607 3165 3645 ea
3195 3607 3322 3661 quae
3354 3592 3507 3646 facta

1859 3679 2317 3745 sunt,intellecta
2339 3677 2741 3749 conspiciat,et
2763 3678 3179 3749 sempiternam
3204 3680 3298 3734 Dei
3322 3680 3504 3734 virtu-

1856 3773 1973 3823 tem
1997 3784 2061 3822 ac
2081 3767 2441 3821 divinitatem
2474 3766 2849 3821 ineﬂ'abiliter
2880 3771 3077 3822 cernat
3106 3768 3284 3835 (Rom.
3318 3784 3357 3835 ι,
3388 3768 3502 3839 20),

1856 3874 2057 3913 vacare
2084 3856 2210 3911 vult
2239 3856 2311 3911 ab
2343 3856 2501 3911 omni
2534 3857 2784 3927 negotio,
2818 3860 2875 3911 et
2905 3856 3033 3912 ideo
3065 3857 3300 3912 sterilis.
3349 3856 3500 3912 Alfe-

1858 3947 2067 4002 ctando
2098 3945 2313 4017 quippe
2343 3946 2549 4015 otium,
2582 3962 2696 4016 quo
2754 3944 2945 4000 studia
2994 3945 3501 4017 contemplationis

1856 4036 2184 4108 ignoscunt,
2200 4050 2314 4089 non
2333 4038 2803 4105 conlemperatur
2823 4034 3146 4089 inﬁrmitati
3169 4034 3500 4101 hominum,

1858 4125 1959 4197 qui
1987 4125 2041 4179 in
2063 4123 2236 4178 variis
2251 4123 2541 4194 pressuris
2562 4123 2671 4178 sibi
2692 4122 3026 4178 desiderant
3046 4122 3361 4178 subveniri.
3389 4122 3498 4178 Sed

1858 4214 1998 4285 quia
2028 4219 2084 4268 et
2113 4214 2241 4284 ipsa
2282 4212 2622 4283 procreandi
2679 4212 2962 4267 charitate
3004 4210 3321 4267 inardescit
3359 4210 3504 4280 (vult

1858 4304 2014 4359 enim
2048 4303 2252 4358 docere
2282 4302 2437 4372 quod
2473 4303 2649 4369 novit,
2683 4318 2870 4371 neque
2902 4317 3034 4355 cum
3067 4300 3285 4355 invidia
3341 4300 3500 4355 tabe-

1860 4397 2056 4447 scente
2082 4392 2189 4446 iter
2219 4391 2429 4446 habere
2455 4390 2607 4461 (Scip.
2641 4406 2718 4456 v1,
2751 4391 2863 4459 25),
2898 4390 3051 4444 videt
3106 4406 3360 4443 sororem
3420 4389 3504 4445 la-

1859 4482 1996 4537 bore
2027 4480 2235 4552 agendi
2268 4485 2440 4550 atque
2472 4479 2727 4550 patiendi
2761 4478 2897 4533 ﬁliis
2955 4479 3386 4545 abundantem;
3447 4482 3505 4534 et

1863 4569 2015 4624 dolet
2045 4569 2240 4640 potius
2272 4584 2504 4623 currere
2536 4567 2800 4622 homines
2834 4567 2902 4621 ad
2927 4582 3055 4621 eam
3078 4566 3371 4634 virtutem,
3393 4584 3506 4639 qua

1859 4676 2057 4714 eorum
2094 4657 2534 4711 inﬁrmitatibus
2574 4656 3133 4727 necessitatibusque
3157 4656 3500 4729 consulitur,

1859 4764 2035 4820 quam
2069 4748 2136 4801 ad
2166 4746 2323 4801 illam
2360 4746 2512 4800 unde
2535 4745 2795 4799 divinum
2820 4750 2874 4800 et
2894 4744 3372 4802 incommutabile
3393 4745 3503 4802 ali-

1860 4837 1997 4907 quid
2018 4836 2282 4890 discitur.
2308 4835 2409 4889 Hic
2434 4835 2597 4889 dolor
2619 4835 2902 4906 ﬁguratus
2924 4835 3149 4890 videtur
3172 4835 3231 4889 in
3254 4851 3318 4890 eo
3346 4836 3498 4906 quod

1859 4926 2142 4997 scriptum
2174 4929 2282 4989 est,
2314 4926 2379 4978 Et
2404 4925 2600 4979 celavit
2630 4924 2835 4980 Rachel
2863 4939 3101 4980 sororem
3140 4941 3302 4979 suam
3345 4922 3497 4995 (Gen.

1858 5032 1987 5081 xxx,
2016 5016 2086 5083 1).
2116 5014 2380 5079 Proinde,
2415 5013 2554 5083 quia
2574 5013 2833 5084 liquidus
2857 5030 3151 5084 purusque
3172 5010 3499 5067 intellectus

1859 5105 1930 5160 de
1950 5103 2051 5159 illa
2072 5103 2406 5159 substantia
2436 5120 2563 5174 quae
2587 5119 2800 5174 corpus
2824 5118 2938 5157 non
2960 5107 3066 5167 est,
3092 5119 3157 5156 ac
3182 5117 3278 5172 per
3298 5101 3404 5154 hoc
3427 5100 3500 5155 ad

1858 5194 2052 5250 carnis
2083 5209 2322 5249 sensum
2342 5209 2453 5248 non
2489 5193 2754 5264 pertinet,
2786 5191 2978 5247 verbis
2999 5206 3169 5245 carne
3206 5188 3376 5244 editis
3406 5203 3502 5243 ex-

1859 5283 2033 5355 primi
2060 5299 2172 5338 non
2189 5287 2407 5355 potest;
2431 5282 2592 5353 eligit
2613 5282 2877 5336 doctrina
2894 5278 3190 5351 sapientia;
3209 5294 3309 5349 per
3325 5293 3502 5349 quas-

1858 5371 1999 5427 libet
2030 5389 2337 5444 corporeas
2368 5365 3157 5443 imaginesetsimilitudines
3184 5369 3504 5438 utcumque

1858 5461 2168 5533 cogitanda
2194 5460 2490 5516 insinuare
2507 5458 2898 5527 divina,quam
2926 5456 2996 5509 ab
3018 5455 3208 5512 ofﬁcio
3234 5454 3373 5510 talia
3393 5456 3504 5511 do-

1859 5552 2025 5607 cendi
2050 5567 2309 5606 cessare:
2335 5551 2488 5606 sicut
2509 5548 2680 5616 elegit
2702 5544 2910 5600 Rachel
2935 5561 3003 5599 ex
3030 5545 3152 5599 viro
3176 5561 3280 5601 suo
3301 5549 3357 5598 et
3394 5561 3497 5598 an-

1858 5639 1992 5697 cilla
2013 5640 2308 5710 suscipere
2328 5637 2745 5705 liberos,quam
2765 5633 3042 5689 sineﬁliis
3064 5633 3299 5688 omnino
3317 5648 3500 5688 rema-

1860 5746 2014 5788 nere.
2050 5729 2188 5785 Bala
2216 5727 2431 5799 quippe
2460 5723 2829 5796 interpretari
2868 5723 3082 5781 dicitur
3138 5723 3491 5780 Inveterata:
