4052 6184
476 321 597 381 435
1239 319 1555 380 CONTRA
1600 317 1974 380 FAUSTUM
2023 316 2552 393 MANICFIIEUM,
2602 319 2667 378 S.
2706 317 3132 380 AUGUSTINI

476 453 626 508 hanc
658 451 862 508 habuit
891 452 1164 508 ancillam
1195 451 1424 507 Rachel.
1461 452 1541 507 De
1580 456 1770 507 vetere
1802 451 2021 523 quippe
2053 449 2129 504 vi-

475 547 537 599 ta
567 542 901 597 carnalibus
919 542 1190 597 sensibus
1207 540 1404 596 dedita
1419 557 1706 613 corporeae
1727 539 2124 596 concitantur‘

3764 322 3871 383 436

2238 448 2564 523 intelligam
2600 451 2816 505 famam
2848 450 3063 505 bonam
3088 466 3101 505 :
3132 466 3248 505 non
3269 465 3397 505 eam
3423 467 3547 522 quae
3571 452 3867 521 confertur,

2243 555 2377 595 cum
2410 539 2653 595 laudant
2683 540 2979 595 hominem
3005 539 3337 611 paucijusti
3368 544 3540 611 atque
3566 540 3872 612 sapientes;

148 5866 375 5967 ea

479 631 789 707 imagines,
823 631 995 685 etiam
1028 648 1160 685 cum
1185 629 1405 701 aliquid
1430 630 1500 684 de
1526 628 1815 702 spirituali
1840 627 2135 684 etincom-

480 718 750 775 mutabili
784 719 1120 775 substantia
1150 718 1468 773 divinitatis
1499 718 1759 773 auditur.

553 808 784 863 CAPUT
818 810 929 863 LV.
963 839 1032 848 --
1057 807 1312 879 Suscipit
1345 812 1401 861 et
1434 807 1537 861 Lia
1570 807 1639 862 de
1679 805 1891 861 ancilla
1920 822 2027 861 sua
2066 805 2137 859 ﬂ-

480 890 618 963 lios,
652 913 848 953 amore
879 897 1160 953 habendae
1198 896 1618 952 numerosioris
1648 896 1827 967 prolis
1876 910 2142 949 accensa.

493 987 828 1043 Invenimus
849 986 1141 1042 autemZel
1149 986 1223 1058 ph
1232 1002 1326 1041 am
1340 987 1468 1056 ejus
1482 984 1754 1040 ancillam
1772 982 2148 1055 interpretari

484 1075 559 1132 Os
591 1075 785 1131 hians.
822 1076 1196 1147 Quapropter
1226 1075 1283 1129 in
1320 1075 1789 1146 praedicationem
1825 1073 1954 1128 fidei
1975 1090 2146 1129 evan-

487 1163 680 1237 gelicaa
710 1181 958 1235 quorum
990 1181 1052 1218 os
1072 1164 1198 1218 hiat
1235 1168 1291 1218 et
1322 1180 1421 1218 cor
1442 1180 1554 1218 non
1579 1162 1722 1232 hiat,
1750 1178 1883 1217 cum
1908 1162 1966 1216 in
1990 1161 2147 1216 Scri-

489 1253 681 1324 pturis
721 1253 1164 1324 adverterimus,
1204 1253 1324 1307 haec
1356 1251 1702 1324 intelligitur
1750 1250 1964 1306 ancilla
2018 1250 2147 1304 Lize.

490 1342 780 1413 Scriptum
804 1344 888 1397 est
907 1341 1062 1396 enim
1094 1342 1165 1395 de
1193 1341 1551 1413 quibusdam
1580 1341 1857 1411 :Populus
1878 1341 1969 1395 hic
1988 1340 2152 1393 labiis

497 1448 585 1486 me
615 1431 883 1493 honorat;
914 1447 1007 1486 cor
1036 1439 1224 1486 autem
1255 1446 1441 1485 eorum
1496 1429 1655 1498 longe
1692 1432 1771 1484 est
1798 1447 1831 1484 a
1861 1445 1948 1483 me
1995 1430 2148 1497 (lsai.

496 1536 651 1589 xxxx,
678 1521 787 1586 13).
821 1520 891 1573 Et
921 1519 1140 1574 talibus
1179 1518 1496 1590 Apostolus
1543 1518 1717 1573 dicit:
1755 1519 1865 1586 Qui
1881 1518 2151 1590 praedicas

496 1625 607 1664 non
638 1608 946 1679 furandum
968 1609 1218 1677 fur-aris,-
1248 1610 1343 1678 qui
1372 1607 1511 1663 dicis
1540 1624 1651 1663 non
1698 1606 2150 1674 adulterandum,

499 1696 786 1752 adulteras
818 1698 986 1769 (Rom.
1036 1715 1094 1763 ιι,
1126 1698 1215 1766 21,
1246 1698 1359 1765 22).
1394 1696 1810 1751 Verumtamen
1858 1702 1921 1751 ut
1974 1696 2150 1751 etiam

501 1803 603 1858 per
633 1787 783 1841 hanc
816 1786 1265 1841 conditionalem
1287 1788 1308 1820 ²
1348 1786 1530 1840 libera
1564 1786 1664 1840 illa
1690 1803 1832 1840 uxor
1859 1785 2035 1841 Jacob
2066 1784 2154 1839 1a-

500 1877 715 1932 borans
747 1875 899 1931 ﬁlios
922 1876 1181 1932 hazredes
1205 1875 1366 1946 regni
1392 1874 1696 1945 suscipiat,
1724 1874 1850 1928 ideo
1875 1873 2155 1929 Dominus

501 1965 681 2021 dicit:
715 1968 855 2036 Quae
885 1965 1073 2019 dicunt
1100 1966 1302 2035 [acite;
1333 1980 1452 2035 qua
1484 1967 1669 2017 autem
1695 1965 1934 2034 faciunt,
1977 1965 2158 2032 facere

499 2055 670 2109 nolite
699 2053 907 2124 (Matth.
939 2070 1098 2119 XXIII,
1130 2054 1205 2124 3).
1240 2053 1401 2108 Unde
1428 2054 1485 2108 in
1546 2051 1743 2107 labors
1786 2051 2154 2107 vinculorum

500 2143 615 2197 vita
646 2142 984 2213 apostolica,
1016 2143 1158 2207 Sive,
1194 2143 1405 2214 inquit,
1437 2144 1736 2209 occasione,
1766 2144 1879 2196 sive
1926 2141 2157 2196 veritate

505 2232 759 2289 Christus
787 2233 1172 2297 annuntietur,
1203 2235 1256 2286 et
1288 2232 1348 2286 in
1378 2231 1476 2286 hoc
1502 2230 1729 2302 gaudeo,
1760 2231 1856 2285 sed
1882 2233 1934 2284 et
1953 2228 2157 2300 gaude-

510 2323 580 2379 bo
612 2322 881 2393 (Philipp.
915 2338 955 2391 ι,
990 2321 1079 2391 18)
1102 2347 1114 2377 :
1138 2325 1419 2392 tanquam
1452 2324 1508 2376 et
1538 2319 1749 2375 ancilla
1781 2319 2039 2391 pariente
2089 2318 2158 2372 de

510 2411 672 2484 prole
703 2410 1100 2466 numerosiore
1131 2409 1340 2465 laetata.

582 2500 813 2556 CAPUT
844 2499 985 2555 LIV.
1018 2530 1089 2539 ——
1119 2500 1218 2554 Est
1247 2516 1380 2555 vero
1412 2499 1646 2569 quidam
1705 2496 1818 2551 Lis:
1883 2498 2034 2552 fetus
2091 2512 2159 2551 ex

507 2590 785 2647 beneficio
804 2586 1019 2644 Rachel
1041 2588 1256 2655 editus,
1284 2604 1417 2643 cum
1441 2587 1632 2641 virum
1655 2603 1828 2641 suum
1848 2602 2046 2641 secum
2066 2585 2161 2639 de-

506 2680 630 2735 bita
654 2684 819 2734 nocte
837 2677 1194 2742 cubiturum,
1217 2678 1466 2747 acceptis
1484 2693 1517 2731 a
1536 2676 1654 2731 filio
1671 2676 1782 2731 Liaa
1806 2675 2157 2744 mandrago-

504 2769 642 2823 ricis
674 2767 867 2833 malis,
899 2783 1032 2821 cum
1066 2782 1263 2821 sorore
1296 2766 1512 2820 cubare
1545 2764 1831 2837 permittit
1850 2764 1891 2817 ³.
1928 2763 2007 2818 De
2051 2762 2160 2816 hoc

501 2862 700 2912 autem
722 2856 879 2928 pomi
907 2872 1114 2927 genere
1147 2854 1373 2926 opinari
1408 2855 1693 2925 quosdam
1713 2854 1853 2919 scio,
1879 2853 2031 2925 quod
2064 2867 2159 2905 ac-

499 2950 730 3018 ceptum
757 2946 814 2999 in
834 2961 1031 3000 escam
1055 2944 1357 2999 sterilibus
1382 2943 1613 2999 feminis
1630 2943 2040 2998 fecunditatem
2056 2956 2158 3012 pa-

498 3035 575 3089 rit
595 3051 683 3101 ;ac
700 3052 804 3105 par
820 3033 929 3088 hoc
943 3038 1154 3104 putant
1176 3034 1330 3087 omni
1359 3033 1531 3088 modo
1548 3032 1833 3087 institisse
1852 3029 2163 3094 Rachel,ut

498 3123 608 3179 hoc
638 3140 671 3177 a
704 3122 821 3176 ﬁlio
854 3123 1068 3177 sororis
1127 3121 1420 3193 acciperet
1482 3120 1806 3193 cupiditate
1860 3118 2156 3191 pariendi:

499 3212 649 3283 quod
674 3228 778 3283 ego
814 3228 928 3266 non
975 3211 1308 3277 arbitrarer,
1342 3226 1448 3265 nec
1475 3210 1687 3265 si‘tunc
1740 3208 2158 3280 concepisset‘.

500 3301 667 3359 Nunc
690 3316 821 3354 vero
846 3317 977 3355 cum
1004 3304 1135 3371 post
1156 3300 1268 3355 Lia;
1294 3300 1440 3354 duos
1466 3298 1615 3354 alios
1638 3298 1709 3352 ab
1738 3297 1837 3352 illa
1858 3302 2025 3352 nocte
2039 3314 2165 3368 par-

502 3396 623 3460 tus,
647 3389 931 3444 Dominus
952 3406 1079 3444 eam
1113 3388 1270 3456 prole
1295 3388 1619 3453 donaverit,
1646 3386 1791 3441 nihil
1841 3390 1931 3441 est
1960 3402 2065 3441 cur
2093 3386 2164 3440 de

506 3479 897 3549 mandragora
928 3478 1042 3533 tale
1068 3477 1287 3548 aliquid
1315 3478 1706 3549 suspicemur,
1728 3477 1898 3547 quale
1920 3475 1979 3529 in
2004 3474 2165 3530 nulla

506 3567 724 3624 femina
753 3568 974 3639 experti
1003 3583 1233 3623 sumus.
1271 3566 1470 3622 Dicam
1504 3582 1640 3638 ergo
1672 3565 1812 3637 quid
1868 3565 2119 3619 sentiam
2148 3580 2159 3617 ε

506 3657 700 3713 dicent
730 3656 864 3711 hinc
897 3656 1043 3711 forte
1075 3655 1319 3711 meliora
1351 3654 1658 3710 doctiores.
1692 3654 1835 3708 Cum
1852 3653 2006 3708 enim
2040 3652 2162 3707 haec

507 3744 663 3801 mala
694 3746 819 3817 ipse
848 3744 1146 3817 vidissem,
1180 3750 1235 3800 et
1265 3748 1502 3816 propter
1539 3743 1716 3798 istum
1749 3742 1945 3814 ipsum
1991 3758 2161 3797 sacrae

506 3834 774 3890 lectionis
806 3834 999 3889 locum
1033 3835 1085 3889 id
1122 3833 1265 3889 mihi
1310 3832 1591 3904 obtigisse
1634 3832 1962 3904 gratularer
2014 3831 2165 3902 (rara

504 3923 661 3981 enim
708 3938 800 3977 res
832 3927 959 3991 est),
994 3926 1262 3977 naturam
1295 3938 1497 3976 eorum
1535 3920 1861 3993 diligenter,
1882 3924 2161 3991 quantum

504 4011 690 4082 potui,
746 4015 1149 4082 perscrutatus
1182 4028 1312 4065 sum
1362 4028 1374 4066 :
1410 4028 1525 4065 non
1557 4010 1754 4082 aliqua
1784 4027 1816 4064 a
1864 4010 2161 4065 communi

509 4116 687 4155 sensu
708 4100 1021 4155 remotiore
1044 4100 1443 4171 scientiaque:
1457 4100 1624 4155 docet
1636 4100 1881 4155 virtutes
1898 4099 2160 4153 radicum

511 4191 569 4244 et
587 4193 903 4260 potestates
920 4190 1166 4244 herbaru
1179 4191 1362 4257 m;sed
1387 4193 1675 4261 quantum
1694 4188 1836 4243 mihi
1850 4192 1907 4242 et
1924 4187 2165 4243 cuilibet

511 4276 735 4332 homini
769 4279 1143 4333 renuntiabat
1171 4279 1352 4344 visus,
1383 4282 1440 4333 et
1483 4277 1754 4342 olfactus,
1795 4270 1873 4331 'et
1930 4282 2159 4348 gustus.

515 4365 761 4423 Proinde
782 4384 902 4423 rem
926 4367 1179 4438 comperi
1197 4367 1499 4439 pulchram
1523 4372 1581 4421 et
1612 4365 2165 4431 suaveolentem,sa-

516 4471 654 4528 pore
676 4460 871 4511 autem
902 4457 1190 4529 insipido:
1226 4462 1281 4512 et
1308 4456 1437 4512 ideo
1468 4473 1573 4511 cur
1603 4472 1733 4511 eam
1766 4454 1980 4510 mulier
2008 4460 2163 4511 tant-

518 4560 690 4616 Opere
722 4545 1135 4618 concupiverit,
1170 4546 1437 4618 ignorare
1463 4561 1556 4600 me
1612 4544 1814 4609 fateor,
1858 4544 1969 4599 nisi
2019 4545 2164 4599 forte

520 4638 757 4704 propter
776 4635 931 4705 pomi
956 4635 1275 4701 raritatem,
1296 4639 1353 4690 et
1373 4633 1595 4704 odorisj
1607 4632 2026 4689 ucunditatem.
2049 4633 2167 4690 Cur

517 4737 653 4777 vero
675 4722 859 4793 ipsam
884 4741 1003 4780 rem
1027 4729 1250 4796 gestam
1271 4727 1475 4779 sancta
1507 4723 1803 4794 Scriptura
1840 4727 2030 4778 tacere
2061 4739 2163 4778 no-

516 4809 845 4883 luerit,quaa
870 4830 982 4868 non
1002 4813 1199 4885 utique
1216 4811 1354 4868 talia
1375 4811 1665 4868 desideria
1684 4811 2163 4868 muliercularum

516 4900 685 4956 nobis
719 4918 822 4972 pro
856 4919 1066 4974 magno
1096 4902 1397 4958 insinuare
1427 4906 1677 4968 curaret,
1715 4900 1826 4956 nisi
1858 4900 2076 4972 aliquid
2102 4901 2162 4955 in

513 4989 598 5046 eis
630 5006 911 5063 magnum
944 5008 1202 5062 quaerore
1242 4994 1653 5061 commoneret,
1714 4987 1861 5045 nihil
1910 4989 2164 5061 amplius

513 5079 801 5149 conjicere
829 5079 1011 5148 valeo,
1045 5097 1224 5151 quam
1256 5081 1411 5152 quod
1439 5096 1507 5135 ex
1536 5078 1636 5134 illo
1667 5078 1963 5135 communi
1985 5095 2163 5134 sensu

515 5168 659 5224 mihi
682 5170 1035 5242 suggeritur,
1061 5175 1125 5225 ut
1147 5169 1243 5225 illo
1262 5168 1703 5240 mandragorica
1728 5184 1899 5240 pomo
1930 5167 2166 5239 figurari

576 5358 603 5438 ξ
630 5366 825 5438 ρωῐιθι
848 5378 1014 5438 prope
1046 5369 1161 5413 Mss.
1191 5363 1413 5438 habent,
1445 5363 1758 5438 cogitantur.

580 5427 603 5460 ³
632 5426 775 5483 Lov.,
804 5426 1164 5477 conditionem.
1192 5429 1273 5477 At.
1336 5427 1454 5476 Am.
1512 5426 1598 5476 Er.
1656 5430 1709 5476 et
1767 5426 1935 5475 nostri
1978 5438 2167 5476 omnes

524 5487 670 5553 Mss,
702 5490 1097 5553 conditionan
1119 5506 1138 5539 :
1167 5489 1689 5553 intellige,gancillam
1715 5489 1783 5553 Os
1814 5488 2070 5553 hiantem.

588 5552 608 5615 ξι
635 5550 758 5615 amr
773 5552 871 5615 _Er.
899 5559 950 5600 et
979 5553 1145 5602 nostri
1177 5552 1318 5612 Mss.,
1340 5550 1579 5601 'cubitare
1603 5551 1874 5615 permittit.

559 5613 616 5683 ,ξ
637 5611 756 5659 Sola
773 5612 1076 5683 Erasmiana
1106 5616 1289 5673 editio,
1319 5615 1459 5680 quod
1503 5611 1615 5679 ego'
1640 5626 1837 5678 quoque
1857 5611 2163 5672 arbitrarer,

521 5675 569 5722 si
596 5675 715 5723 tunc
744 5677 1060 5739 concepisset.

2245 628 2346 683 sed
2374 628 2530 683 illam
2556 628 2915 700 popularem,
2942 645 3059 700 qua
3084 628 3259 683 etiam
3286 629 3472 698 major
3490 632 3545 683 et
3571 628 3771 684 clarior
3790 649 3879 686 no-

2247 717 2376 772 titia
2398 723 2806 789 comparatur;
2840 734 2953 773 non
2987 718 3115 790 ipsa
3135 734 3238 789 per
3277 733 3404 772 sese
3426 718 3763 788 expetenda,
3786 721 3875 775 sed

2249 806 2560 862 intentioni
2593 808 2903 873 bonorum,
2925 824 3039 878 qua
3062 807 3259 879 generi
3282 806 3542 860 humano
3565 806 3879 877 consulunt,

2260 896 2708 967 pernecessaria.
2746 896 2905 952 Unde
2936 896 3078 950 dicit
3108 894 3443 967 Apostolus,
3480 895 3698 966 Oportet
3733 900 3882 953 etiam

2254 985 2632 1040 testimonium
2657 986 2856 1041 habere
2874 986 3075 1041 bonum
3095 986 3164 1040 ab
3181 987 3262 1040 eis
3278 986 3373 1055 qui
3386 986 3526 1056 foris
3542 993 3668 1040 sunt
3682 986 3725 1057 (I
3751 989 3882 1043 Tim.

2256 1090 2341 1139 ιιι,
2368 1074 2424 1141 '7)
2450 1091 2463 1128 :
2491 1073 2589 1143 qui
2613 1073 2749 1129 licet
2769 1090 2975 1146 parum
2999 1074 3250 1145 sapiant,
3277 1074 3734 1129 reddunttamen
3774 1074 3884 1146 ple-

2258 1178 2508 1233 rumque
2537 1161 2721 1237 labori
2752 1179 2975 1230 eorum,
3011 1179 3111 1235 per
3140 1179 3283 1235 quos
3315 1162 3426 1218 sibi
3470 1162 3806 1230 consulitur,
3840 1168 3889 1219 et

2258 1250 2626 1322 splendorem
2658 1252 2867 1323 laudis,
2900 1257 2955 1306 et
2983 1252 3217 1306 odorem
3251 1252 3413 1307 bonas
3446 1250 3756 1323 opinionis.
3786 1251 3887 1307 Nec

2260 1341 2330 1395 ad
2346 1341 2517 1396 istam
2541 1342 2783 1412 gloriam
2808 1341 3147 1414 popularem
3164 1342 3334 1413 primi
3351 1340 3885 1413 perveniunteorum

2259 1429 2357 1500 qui
2380 1436 2517 1485 sunt
2539 1432 2596 1485 in
2621 1430 3015 1501 Ecclesia,nisi
3040 1431 3398 1501 quicumque
3421 1430 3479 1483 in
3504 1429 3796 1484 actionum
3810 1446 3891 1501 pe-

2262 1518 2463 1574 riculis
2481 1519 2745 1575 etlabore
2769 1522 3413 1590 versantur.Propterea
3438 1517 3550 1572 Lia:
3577 1517 3732 1573 filius
3753 1519 3893 1574 mala

2262 1610 2705 1681 mandragorica
2727 1610 2970 1676 invenit,
3002 1609 3197 1664 exiens
3220 1609 3276 1662 in
3308 1624 3541 1679 agrum,
3566 1607 3624 1661 id
3669 1612 3772 1675 est,
3803 1608 3892 1663 bo-

2262 1702 2424 1752 neste
2446 1697 2757 1753 ambulans
2787 1700 2857 1753 ad
2881 1716 2978 1754 eos
3010 1699 3107 1768 qui
3133 1697 3274 1752 foris
3292 1702 3431 1752 sunt
3456 1713 3468 1751 :
3496 1697 3756 1751 doctrina
3779 1713 3895 1752 vero

2262 1784 2363 1840 illa
2385 1787 2705 1859 sapientiae,
2740 1804 2866 1859 quae
2900 1804 2931 1840 a
2959 1785 3114 1858 vulgi
3150 1786 3394 1857 strepitu
3423 1785 3895 1853 remotissima,iu

2263 1876 2748 1947 contemplatione
2765 1875 3026 1931 veritatis
3050 1875 3207 1931 dulci
3225 1874 3612 1930 delectatione
3626 1874 3899 1945 deﬁgitur,

2264 1963 2414 2019 hanc
2429 1964 2767 2036 popularem
2792 1965 3037 2036 gloriam
3063 1965 3673 2036 quantulamcumque
3694 1980 3800 2019 non
3826 1981 3900 2018 as-

2265 2059 2625 2124 sequeretur,
2656 2053 2768 2108 nisi
2794 2071 2896 2126 per
2916 2071 3014 2109 eos
3047 2056 3145 2125 qui
3169 2054 3225 2107 in
3252 2053 3467 2108 mediis
3493 2051 3679 2107 turbis
3699 2053 3899 2124 agendo

2265 2159 2331 2198 ac
2361 2143 2661 2198 suadendo
2693 2142 2926 2214 populis
2957 2146 3236 2214 praesunt,
3274 2158 3389 2196 non
3427 2146 3491 2195 ut
3525 2139 3777 2213 praesint,
3807 2141 3895 2195 sed

2267 2237 2331 2288 ut
2357 2234 2583 2304 prosint
2606 2248 2618 2287 :
2652 2231 2791 2303 quia
2820 2232 2960 2286 dum
2982 2230 3076 2285 isti
3098 2229 3321 2285 actuosi
3345 2234 3403 2284 et
3428 2228 3711 2301 negotiosi
3733 2228 3899 2284 homi-

2266 2338 2390 2390 nes,
2417 2338 2519 2394 per
2539 2339 2686 2393 quos
2709 2319 3105 2376 multitudinis
3128 2321 3194 2375 ad
3206 2318 3578 2375 ministratur
3600 2317 3828 2383 utilitas,
3848 2321 3895 2372 et

2267 2428 2515 2482 quorum
2540 2410 2857 2465 auctoritas
2882 2409 3113 2482 populis
3140 2409 3316 2464 chara
3364 2412 3479 2475 est,
3510 2407 3890 2463 testimonium

2267 2499 2575 2572 perhibent
2602 2499 2773 2555 etiam
2807 2498 2935 2553 vitae
2958 2502 3193 2570 propter
3211 2497 3478 2553 studium
3504 2495 3890 2569 conquirenda

2267 2594 2325 2646 et
2336 2588 2793 2661 contemplanda:
2806 2588 3065 2643 veritatis
3092 2588 3582 2658 otiosae,quodam
3608 2586 3771 2640 modo
3784 2600 3891 2638 ma-

2270 2678 2325 2735 la
2351 2678 2791 2751 mandragorica
2813 2694 2914 2749 per
2938 2677 3093 2732 Liam
3114 2677 3464 2748 perveniunt
3486 2677 3555 2731 ad
3573 2674 3795 2731 Rachel.
3818 2673 3889 2727 Ad

2267 2768 2457 2840 ipsam
2480 2784 2611 2823 vero
2656 2766 2817 2821 Liam
2850 2782 2953 2837 per
2983 2765 3166 2819 ﬁlium
3202 2765 3683 2837 primogenitum,
3717 2764 3769 2818 id
3798 2768 3892 2827 est,

2268 2875 2369 2929 per
2383 2858 2659 2912 honorem
2684 2855 3052 2910 fecunditatis
3074 2856 3220 2924 ejus,
3242 2854 3300 2908 in
3325 2871 3448 2925 qua
3469 2858 3557 2909 est
3583 2853 3767 2909 omnis
3790 2852 3893 2906 fru-

2269 2953 2397 3002 ctus
2420 2946 2720 3001 laboriosa:
2744 2950 2918 3015 atque
2941 2945 3090 2999 inter
3111 2944 3331 2997 incerta
3352 2944 3745 2999 tentationum
3763 2941 3896 3015 peri-

2269 3035 2526 3091 clitantis
2540 3034 2989 3104 actioniszquam
3007 3031 3269 3104 plerique
3282 3034 3438 3087 bono
3451 3032 3683 3105 ingenio
3698 3029 3897 3103 praediti

2270 3120 3207 3196 studioqueflagrantes,quamvis
3231 3121 3424 3175 idonei
3451 3120 3715 3193 regendis
3736 3135 3898 3191 popu-

2270 3214 2343 3270 lis
2364 3230 2491 3268 essc
2514 3210 2961 3284 possint,tamen
2982 3211 3169 3264 vitant
3190 3214 3428 3281 propter
3443 3209 3796 3264 turbulentas
3818 3223 3898 3262 oc-

2272 3301 2628 3375 cupationes,
2662 3305 2720 3355 et
2748 3300 2805 3353 in
2838 3298 3111 3354 doctrinae
3142 3300 3328 3353 otium
3358 3302 3487 3354 toto
3516 3304 3761 3370 pectore,
3791 3300 3899 3351 tan-

2272 3408 2447 3464 quam
2481 3389 2792 3461 speciosae‘
2827 3387 3043 3444 Rachel
3075 3388 3340 3443 feruntur
3369 3386 3726 3459 amplexum.

2343 3480 2573 3535 CAPUT
2598 3477 2761 3533 LVII.
2784 3508 2852 3517 -—
2875 3477 2985 3532 Sed
3011 3476 3148 3547 quia
3172 3477 3389 3531 bonum
3406 3481 3500 3532 est
3525 3481 3588 3531 ut
3608 3473 3897 3531 etiamhaac

2271 3568 2497 3625 vitalati
2511 3585 2578 3623 us
2594 3568 2964 3621 innotescens
2978 3564 3317 3637 popularem
3334 3564 3583 3637 gloriam
3606 3566 3895 3627 mereatur,

2273 3660 2558 3730 injustum
2586 3660 2677 3711 est
2704 3658 2897 3710 autem
2930 3657 2994 3708 ut
3022 3670 3150 3708 eam
3182 3659 3597 3725 consequatur,
3621 3653 3670 3710 si
3692 3655 3898 3707 amato-

2273 3764 2394 3802 rem
2410 3762 2584 3801 suum
2600 3743 3083 3800 administrandis
3106 3742 3520 3798 ecclesiasticis
3534 3743 3690 3798 curis
3713 3745 3895 3813 aptum

2272 3840 2329 3891 et
2360 3836 2634 3889 idoneum
2669 3834 2727 3887 in
2759 3832 2874 3888 otio
2906 3832 3145 3903 detinet,
3180 3848 3285 3886 noc
3316 3830 3729 3903 gubernationi
3757 3844 3897 3884 com-

2276 3924 2473 3979 munis
2530 3922 2800 3979 utilitatis
2858 3921 3150 3993 impertit;
3213 3926 3525 3992 propterea
3584 3921 3678 3975 Lia
3734 3915 3898 3974 sorori

2274 4032 2391 4069 sua
2414 4013 2574 4079 dicit,
2598 4014 2809 4066 Parum
2829 4019 2907 4066 est
2925 4010 3029 4064 tibi
3049 4010 3189 4080 quod
3218 4012 3398 4064 virum
3432 4027 3615 4066 meum
3643 4007 3897 4080 accepisti,

2273 4106 2497 4175 insuper
2525 4110 2575 4157 et
2602 4101 3027 4169 mandragorica
3060 4100 3169 4169 ﬁlii
3193 4100 3302 4154 mei
3345 4116 3424 4155 vis
3484 4100 3759 4170 accipere?
3809 4095 3904 4149 Per

2274 4209 2458 4246 unum
2490 4191 2680 4245 virum
2711 4189 3049 4261 signiﬁcans
3076 4206 3173 4243 eos
3205 4205 3407 4244 omnes
3455 4189 3558 4261 qui
3614 4204 3744 4243 cum
3799 4184 3903 4239 sint

2273 4281 2481 4354 agendi
2512 4279 2725 4333 virtute
2754 4278 3001 4342 habiles,
3034 4284 3091 4333 et
3120 4277 3281 4349 digni
3305 4277 3523 4349 quibus
3545 4277 3793 4350 regimen
3809 4273 3901 4328 Ec-

2274 4370 2465 4426 clesiae
2494 4368 2896 4424 committatur
2926 4368 2996 4422 ad
3029 4368 3497 4438 dispensandum
3528 4366 3613 4421 illi
3644 4365 3775 4420 fidei
3820 4377 3901 4417 sa-

2273 4462 2659 4525 cramentum,
2696 4456 2923 4512 accensi
2944 4456 2965 4491 ²
2997 4457 3190 4511 studio
3222 4455 3501 4510 doctrinae
3533 4460 3708 4527 atque
3752 4451 3903 4507 inda-

2273 4549 2477 4621 gandae
2508 4552 2565 4602 et
2596 4544 3053 4618 contemplanda
3086 4544 3403 4616 sapientiae,
3441 4562 3503 4600 se
3536 4545 3607 4599 ab
3646 4540 3902 4599 omnibus

2272 4638 2567 4694 actionum
2592 4635 2874 4691 molestiis
2902 4650 3216 4699 removere,
3236 4640 3412 4705 atque
3434 4634 3492 4688 in
3517 4633 3632 4689 otio
3659 4624 3904 4686 discendi

2273 4744 2339 4783 ac
2369 4727 2611 4783 docendi
2644 4725 2889 4780 condere
2921 4722 3142 4779 volunt.
3196 4724 3278 4777 Ita
3334 4738 3472 4794 ergo
3532 4722 3750 4777 dictum
3803 4718 3901 4782 est,

2277 4822 2482 4873 Parum
2511 4823 2589 4870 est
2619 4815 2723 4869 tibi
2746 4813 2884 4884 quod
2912 4812 3172 4883 accepisti
3197 4812 3385 4866 virum
3404 4812 3831 4880 meum,insuper
3856 4806 3902 4858 et

2270 4905 2691 4975 mandragorica
2719 4903 2828 4973 ﬁlii
2855 4903 2965 4957 mei
2992 4904 3073 4956 vis
3101 4903 3386 4971 accipere?
3416 4917 3482 4956 ac
3522 4900 3572 4955 si
3614 4897 3901 4960 diceretur,

2275 4996 2483 5049 Parum
2516 4996 2604 5047 est
2634 4991 2787 5061 quod
2822 4990 3087 5045 homines
3120 4989 3187 5043 ad
3210 4987 3470 5044 laborem
3500 5003 3691 5043 rerum
3713 4997 3901 5057 geren-

2273 5084 2481 5139 darum
2515 5079 2875 5136 necessarios
2902 5080 2960 5133 in
2992 5079 3106 5134 otio
3138 5078 3359 5133 detinet
3389 5078 3503 5132 vita
3535 5069 3902 5135 studiorum”,

2273 5172 2515 5243 insuper
2544 5174 2600 5225 et
2630 5168 2969 5241 pepulerem
2998 5167 3242 5241 gloriam
3277 5164 3566 5238 requirit?

2343 5259 2574 5318 CAPUT
2605 5258 2797 5315 LVIII.
2828 5257 3069 5313 Proinde
3099 5260 3164 5312 ut
3206 5271 3332 5312 eam
3382 5256 3542 5327 justo
3598 5250 3899 5323 comparet,

2342 5486 2355 5519 ’
2385 5484 2535 5548 Apud
2560 5484 2725 5546 Lugd.
2760 5481 2912 5539 Ven.,
2940 5484 3182 5546 tanquam
3210 5480 3262 5528 in
3290 5479 3537 5543 speciosae.
3568 5477 3633 5526 Μ.

2335 5549 2355 5583 ²
2388 5548 2536 5597 Apud
2567 5547 2652 5595 Er.
2684 5544 2848 5597 Lugd.
2876 5545 3003 5593 Ven.
3040 5547 3186 5597 Lov.,
3235 5542 3304 5591 ad
3349 5537 3741 5597 dispensandum
3783 5526 3897 5597 βόεὶ

2335 5549 2355 5583 ²
2388 5544 2536 5609 Apud
2567 5544 2661 5595 Er;
2684 5544 2848 5607 Lugd.
2876 5545 3003 5593 Ven.
3040 5544 3186 5600 Lov.,
3235 5544 3304 5591 ad
3349 5544 3741 5606 dispensandum

2272 5612 2645 5660 sacramentum
2665 5623 2684 5657 :
2714 5608 2795 5655 itti
2823 5606 3036 5665 accensi,
3058 5609 3159 5655 etc.
3290 5606 3360 5654 Μ.

2340 5674 2360 5707 ³
2387 5673 2602 5737 Aliquot
2630 5674 2773 5732 Mss.,
2805 5672 2910 5719 vita
2938 5668 3299 5719 studiosorum.
