4000 6178
213 346 320 405 445

207 478 462 549 jusserat
491 483 557 534 ut
587 479 805 537 ferrum
856 481 1126 554 discipuli
1158 484 1287 554 ejus
1335 483 1568 547 ferrent,
1602 483 1702 538 sed
1739 498 1852 537 non

205 569 462 639 jusserat
483 574 546 622 ut
570 568 825 625 ferirent.
846 571 989 636 Quid
1011 588 1142 641 ergo
1162 571 1571 641 incongruum,
1590 571 1637 625 si
1653 570 1855 624 Petrus

211 662 335 729 post
364 656 475 712 hoc
506 663 810 729 peccatum
836 661 1024 715 factus
1050 665 1138 715 est
1171 666 1372 732 pastor
1404 660 1859 727 Ecclesia3,sicut

208 746 429 818 Moyses
463 753 594 817 post
614 765 960 820 percussum
983 750 1313 822 Egyptium
1339 750 1525 805 factus
1552 754 1641 804 est
1672 753 1858 804 rector

208 834 360 890 illius
386 836 748 909 Synagogce?
782 838 1030 910 Uterque
1055 840 1209 894 enim
1252 857 1363 893 non
1389 838 1715 894 detestabili
1752 838 1860 892 im-

208 925 625 994 manitate,sed
645 928 993 983 emendabili
1024 927 1392 983 animositate
1418 928 1665 997 justitire
1690 945 1859 1001 regu-

205 1013 317 1070 lam
340 1015 629 1071 excessit:
656 1020 903 1089 uterque
925 1018 1057 1072 odio
1079 1016 1474 1087 improbitatis
1498 1016 1725 1083 alienae,
1758 1019 1859 1073 sed

206 1102 299 1158 ille
330 1104 609 1176 fraterno,
640 1105 749 1160 iste
773 1106 1091 1171 dominico,
1118 1106 1254 1161 licet
1286 1106 1475 1161 adhuc
1507 1106 1745 1173 carnali,
1772 1112 1857 1162 ta-

207 1208 337 1247 men
380 1209 583 1249 amore
622 1193 900 1266 peccavit.
936 1195 1337 1251 Resecandum
1375 1196 1480 1251 hoc
1523 1196 1731 1250 vitium
1769 1197 1859 1250 vel

208 1283 660 1351 eradicandum;
688 1284 786 1339 sed
802 1288 996 1339 tamen
1016 1288 1135 1339 tam
1157 1301 1434 1357 magnum
1449 1290 1860 1357 cor,tanquam

208 1379 359 1429 terra
391 1373 681 1445 frugibus,
712 1374 793 1429 ita
823 1374 1077 1430 ferendis
1107 1374 1421 1429 virtutibus
1452 1374 1859 1431 excolendum.

274 1462 511 1517 CAPUT
542 1462 729 1519 LXXI.
771 1495 839 1505 —
886 1463 1031 1530 Quid
1082 1479 1217 1536 ergo
1259 1466 1387 1535 jam
1436 1465 1508 1519 de
1562 1463 1865 1535 expoliatis

206 1550 493 1624 Egyptiis
524 1552 775 1608 Faustus
821 1552 1038 1623 objicit,
1072 1552 1337 1608 nesciens
1368 1554 1508 1624 quid
1539 1553 1815 1624 loquatur
1839 1553 1867 1608 ‘I

207 1641 365 1707 Quod
401 1640 668 1696 faciendo
698 1642 926 1713 Moyses
958 1658 1144 1713 usque
1177 1643 1318 1697 adeo
1351 1659 1462 1697 non
1498 1643 1778 1713 peccavit,
1800 1646 1865 1699 ut

206 1747 315 1785 non
342 1729 609 1785 faciendo
627 1736 912 1802 peccaret.
933 1732 1085 1787 Deus
1109 1732 1540 1803 enimjusserat
1562 1732 1754 1802 (Exod.
1780 1750 1866 1801 III,

203 1819 287 1886 21,
317 1819 432 1886 22;
468 1836 548 1886 χι,
582 1820 634 1885 2,
668 1825 719 1876 et
749 1836 848 1888 x11,
880 1822 970 1891 35,
1004 1822 1121 1891 36),
1157 1821 1253 1893 qui
1306 1823 1509 1893 utique
1556 1822 1715 1876 novit
1753 1840 1867 1877 non

204 1906 389 1962 solum
424 1908 750 1963 secundum
786 1910 1180 1976 facta,verum
1205 1910 1378 1965 etiam
1412 1912 1735 1965 secundum
1772 1927 1870 1965 cor

204 1996 479 2061 hominis,
512 1998 654 2067 quid
706 1999 1134 2069 unusquisque,
1166 1998 1252 2054 vel
1289 2015 1390 2070 per
1422 2016 1595 2071 quem
1648 1983 1868 2070 perpeti

204 2086 426 2140 debeat.
452 2084 716 2141 Carnalis
729 2087 926 2158 itaque
941 2088 1132 2142 adhuc
1157 2087 1256 2142 ille
1270 2088 1523 2159 populus
1551 2092 1759 2154 erat,et
1774 2104 1859 2143 re-

212 2191 341 2230 rum
356 2180 729 2231 terrenarum
745 2176 1060 2248 cupiditate
1077 2183 1397 2249 occupatus
1423 2194 1436 2232 :
1460 2177 1709 2250 )Egyptii
1739 2193 1869 2232 vero

210 2264 481 2337 sacrilegi
515 2269 575 2321 et
609 2265 835 2337 iniqui;
872 2283 1005 2320 nam
1058 2271 1115 2321 et
1145 2284 1286 2321 auro
1336 2265 1456 2337 illo,
1489 2266 1598 2322 hoc
1628 2271 1735 2333 est,
1776 2266 1871 2321 Dei

208 2358 402 2409 creatu
414 2371 479 2409 ra
498 2354 651 2410 male
666 2360 892 2411 utentes
907 2355 977 2410 ad
995 2354 1280 2412 Creatoris
1304 2356 1358 2410 in
1359 2357 1383 2428 j
1394 2357 1577 2411 uriam
1592 2358 1735 2423 ,suis
1749 2356 1872 2411 ido-

208 2442 281 2497 lis
309 2442 727 2514 serviebant,et
745 2444 1009 2500 homines
1034 2445 1373 2517 peregrinos
1392 2444 1588 2501 labore
1612 2446 1872 2518 gratuito

208 2520 430 2602 injuste
450 2549 519 2588 ac
535 2533 909 2589 vehementer
928 2534 1274 2590 afflixerant.
1293 2535 1463 2607 Digni
1478 2552 1614 2607 ergo
1637 2540 1801 2591 erant
1819 2539 1876 2591 et

209 2620 302 2676 isti
332 2621 558 2692 quibus
590 2621 1185 2693 taliajuberentur,et
1216 2623 1299 2677 illi
1320 2625 1418 2694 qui
1441 2624 1580 2679 talia
1610 2628 1876 2696 pateren-

208 2713 387 2765 turzet
402 2712 553 2766 forte
577 2713 901 2767 secundum
919 2730 984 2767 su
994 2730 1056 2767 as
1073 2712 1405 2769 voluntates
1418 2718 1472 2769 et
1492 2714 1874 2786 cogitationes

208 2799 430 2855 Hebraei
458 2800 651 2870 magis
670 2801 938 2871 permissi
965 2806 1105 2856 sunt
1123 2802 1309 2856 facere
1330 2802 1462 2868 ista,
1488 2802 1833 2873 quamjussi
1858 2815 1871 2866 ;

208 2887 303 2941 sed
322 2888 410 2942 eis
426 2887 586 2943 Deus
608 2884 1051 2959 permissionem
1078 2908 1246 2945 suam
1266 2908 1366 2962 per
1391 2890 1676 2945 famulum
1696 2906 1871 2945 suum

204 2975 441 3048 Moysen
475 2975 840 3032 innotescere
870 2978 1072 3045 voluit,
1100 2981 1331 3050 quando
1364 2980 1665 3034 mandavit
1694 2984 1758 3034 ut
1778 2980 1870 3034 di-

205 3071 374 3120 ceret.
407 3065 553 3119 l-‘ieri
577 3071 771 3121 autem
799 3071 985 3137 potest
1010 3073 1072 3121 ut
1097 3069 1217 3121 sint
1237 3068 1363 3123 alia:
1386 3085 1575 3123 causae
1599 3068 1874 3123 occultis-

205 3154 386 3221 simae,
424 3170 532 3208 cur
562 3153 671 3208 hoc
702 3153 783 3207 illi
816 3155 1029 3227 populo
1060 3156 1341 3211 divinitus
1374 3156 1591 3211 dictum
1621 3157 1737 3214 sit:
1768 3157 1868 3213 sed

204 3241 703 3312 divinisimperiis
726 3243 1050 3299 cedendum
1083 3245 1561 3316 obtemperando,
1588 3263 1705 3301 non
1731 3248 1872 3302 resi-

204 3331 482 3386 stendum
505 3335 597 3385 est
627 3331 1002 3402 disputando.
1025 3334 1337 3405 Apostolus
1359 3335 1504 3389 dixit
1529 3352 1541 3389 :
1572 3335 1700 3403 Quis
1719 3352 1868 3391 enim

203 3423 460 3489 cognovit
483 3436 703 3474 sensum
723 3422 946 3477 Domini
959 3426 1088 3477 .9aut
1108 3425 1231 3494 quis
1246 3423 1603 3480 consiliarius
1627 3426 1741 3496 ejus
1755 3428 1867 3497 fuit

205 3510 381 3580 (Rom.
411 3526 495 3577 x1,
528 3509 621 3580 34)
642 3510 669 3565 ?
707 3509 837 3565 Sive
867 3528 1003 3583 ergo
1035 3512 1150 3567 ista
1175 3514 1252 3567 sit
1281 3529 1477 3583 causa,
1515 3531 1690 3586 quam
1722 3515 1862 3582 dixi,

206 3599 324 3653 sive
358 3598 475 3654 alia
510 3597 786 3669 quaelibet
816 3601 875 3654 in
921 3606 1143 3656 secreta
1171 3606 1227 3655 et
1258 3602 1459 3675 abdita
1484 3602 1865 3672 dispositione

204 3686 301 3743 Dei
335 3687 539 3754 lateat,
572 3702 675 3741 cur
691 3688 798 3743 hoc
829 3706 931 3760 per
945 3694 1175 3763 Moysen
1199 3689 1283 3744 illi
1310 3690 1522 3761 populo
1555 3692 1867 3762 dixerit,ut

205 3776 273 3831 ab
304 3775 597 3848 Egyptiis
627 3776 737 3831 sibi
769 3779 1197 3833 commodanda
1226 3784 1489 3850 peterent
1518 3797 1641 3850 qua:
1673 3781 1863 3836 aufer-

205 3871 365 3932 rent;
387 3864 498 3919 boc
515 3869 712 3921 tamen
732 3867 1035 3934 conﬁrmo,
1068 3883 1170 3923 nec
1197 3868 1412 3922 frustra
1434 3884 1537 3923 nec
1560 3869 1758 3940 inique
1775 3870 1860 3924 di-

204 3961 367 4010 ctum
399 3970 552 4022 esse,
591 3972 694 4010 nec
726 3955 964 4011 licuisse
1011 3956 1244 4028 Moysen
1282 3957 1452 4011 aliter
1501 3973 1678 4027 quam
1712 3962 1863 4013 Deus

205 4043 435 4098 dixerat
464 4043 675 4111 facere,
707 4048 771 4098 ut
811 4061 988 4115 penes
1027 4044 1341 4100 Dominum
1374 4050 1529 4100 esset
1551 4045 1861 4102 consilium

196 4132 472 4203 jubendi,
509 4149 711 4204 panes
753 4134 1040 4189 famulum
1081 4139 1275 4189 autem
1314 4135 1662 4205 obsequium
1696 4151 1862 4207 pera-

203 4222 402 4293 gandi.

272 4309 509 4367 CAPUT
541 4310 759 4368 LXXII.
792 4342 859 4353 ——-
889 4314 995 4367 Sed
1030 4313 1205 4378 Deus,
1235 4312 1450 4385 inquit,
1481 4331 1653 4370 verus
1686 4320 1742 4370 et
1759 4315 1861 4371 bo-

204 4415 315 4455 nus
334 4398 499 4455 nullo
514 4401 687 4455 modo
702 4399 840 4455 talia
859 4401 1106 4472 jussisse
1126 4403 1450 4457 credendus
1474 4408 1711 4459 est.Imo
1733 4420 1861 4461 vero

203 4487 347 4543 talia
378 4493 533 4543 recte
564 4505 681 4544 non
704 4490 894 4560 jubet,
931 4490 1043 4544 nisi
1072 4489 1225 4545 Deus
1250 4507 1420 4546 verus
1442 4497 1499 4546 et
1530 4492 1740 4561 bonus,
1761 4494 1860 4564 qui

202 4582 257 4633 et
277 4578 448 4633 solus
468 4577 627 4633 novit
649 4578 789 4649 quid
811 4579 1360 4650 cuiquejubendum
1383 4580 1479 4647 sit,
1502 4585 1556 4634 et
1577 4579 1739 4636 solus
1763 4598 1859 4637 ne-

203 4666 429 4722 minem
444 4667 767 4738 quidquam
784 4668 1397 4741 incongruumperpeti
1411 4668 1860 4726 sinit.Cazterum

199 4752 601 4827 istaimperita
623 4756 838 4812 etfalsa
851 4756 1081 4812 bonitas
1102 4757 1293 4812 cordis
1315 4756 1861 4813 humanicontradi-

199 4850 293 4901 cat
315 4848 335 4882 ί
373 4848 428 4898 et
455 4844 712 4909 Christo,
733 4862 805 4900 ne
822 4850 935 4901 Deo
968 4847 1119 4901 bono
1137 4846 1382 4917 jubente
1410 4846 1572 4917 impii
1601 4846 1738 4901 mali
1764 4846 1862 4901 ali-

199 4934 345 5005 quid
378 4934 697 5005 patiantur,
723 4950 857 4990 cum
892 4934 1156 4990 dicturus
1180 4939 1269 4991 est
1291 4935 1528 5007 Angelis
1560 4951 1572 4989 :
1609 4936 1861 5007 Colligite

197 5023 449 5090 primum
459 5024 1004 5094 zizania,etiallzgate
1014 5024 1307 5093 fasciculos
1321 5025 1390 5079 ad
1410 5025 1655 5080 comburi
1666 5026 1857 5081 ndum.

199 5109 309 5173 Qui
343 5116 539 5167 tamen
576 5112 684 5168 hoc
711 5113 905 5184 ipsum
930 5112 1319 5185 inopportune
1339 5115 1360 5148 ²
1391 5114 1575 5169 facere
1600 5114 1860 5171 volentes

198 5215 404 5256 servos
436 5200 757 5273 prohibuit,
790 5202 989 5257 dicens
1024 5219 1036 5258 :
1070 5204 1147 5258 Ne
1171 5205 1339 5274 forte,
1365 5220 1489 5258 cum
1516 5204 1683 5259 vultis
1703 5205 1858 5259 colli-

196 5305 329 5358 gere
363 5290 608 5359 zizania,
646 5291 935 5347 eradicetis
966 5293 1206 5348 simulet
1227 5293 1470 5347 triticum
1496 5292 1708 5364 (Matth.
1733 5310 1858 5366 xm,

200 5377 292 5451 30,
322 5380 440 5453 29).
476 5380 562 5436 Ita
593 5379 752 5436 solus
796 5381 951 5437 Deus
979 5397 1151 5437 verus
1198 5385 1255 5436 et
1284 5381 1470 5437 bonus
1503 5384 1663 5439 novit
1693 5383 1858 5456 quid,

205 5468 463 5537 quando,
494 5467 734 5539 quibus,
757 5484 858 5540 per
880 5485 1027 5540 quos
1045 5468 1169 5523 fieri
1202 5467 1422 5539 aliquid
1444 5468 1528 5524 vel
1549 5469 1753 5540 jubeat
1768 5471 1859 5528 vel

204 5555 528 5626 permittat.
563 5560 794 5611 Poterat
811 5558 986 5612 etiam
1009 5556 1123 5612 ista
1151 5556 1430 5626 humana,
1463 5574 1578 5614 non
1606 5559 1857 5627 bonitas,

272 5659 288 5692 ⁸
321 5660 444 5712 Sola
469 5661 635 5712 editio
662 5663 807 5723 ιον..
834 5663 1159 5713 contradicit.

268 5724 291 5757 ³
322 5723 477 5787 Editi,
505 5726 814 5790 importune.
843 5726 1208 5778 Emendantur
1235 5740 1304 5779 ex
1331 5728 1728 5793 manuscriptis.

1328 350 1560 412 LIBER
1605 347 2025 410 VlGESIMUS
2072 351 2506 414 SECUNDUS.

3496 352 3613 411 446

1964 482 2062 536 sed
2091 481 2257 553 plane
2278 483 2502 539 vanitas
2525 487 2540 519 ί
2567 483 2755 539 eidem
2785 483 3022 539 Domino
3043 484 3456 548 contradicere,
3476 500 3609 539 cum

1962 570 2249 627 desiderio
2281 574 2449 628 noxio
2482 576 2774 628 daemones
2795 573 2853 627 in
2888 590 3089 645 porcos
3119 573 3202 627 ire
3233 572 3487 628 volentes
3510 590 3613 643 pe-

1962 663 2270 732 tentesque
2303 662 2567 731 permisit
2588 662 2685 732 (Id.
2707 680 2824 733 vni,
2844 664 2932 730 31,
2952 664 3041 729 32)
3076 679 3087 716 :
3126 662 3445 733 praesertim
3470 663 3610 731 quia

1963 748 2260 803 Manichaai
2286 767 2399 805 non
2424 750 2611 805 solum
2635 768 2857 822 porcos,
2890 767 3087 805 verum
3108 751 3282 804 etiam
3307 750 3532 805 minuta
3554 755 3610 804 et

1964 837 2189 907 abjecta
2219 839 2518 905 animalia,
2537 840 2842 894 hominum
2863 840 3089 894 animas
3123 840 3334 894 habere
3354 839 3608 893 credide-

1965 931 2119 981 runt.
2147 927 2270 990 Qua
2292 928 2544 983 vanitate
2563 928 2890 999 improbata
2908 935 2963 983 ct
2982 930 3227 999 abjecta,
3246 928 3386 982 illud
3414 933 3609 982 tamen

1965 1017 2536 1085 constat,Dominum
2554 1022 2815 1072 nostrum
2836 1019 3039 1072 Jesum
3064 1017 3357 1072 Christum
3376 1017 3473 1071 Dei
3491 1016 3614 1071 uni-

1966 1121 2099 1160 cum
2151 1106 2383 1175 Filium,
2418 1123 2484 1162 ac
2516 1123 2618 1178 per
2647 1107 2754 1161 hoc
2806 1111 2983 1160 Deum
3029 1123 3229 1161 verum
3284 1112 3340 1159 et
3371 1107 3610 1171 bonum,

1967 1198 2213 1250 mortem
2247 1211 2520 1266 pecorum
2556 1196 2878 1250 alienorum
2902 1196 2943 1265 9,
2978 1194 3293 1266 perniciem
3317 1194 3610 1265 qualium-

1967 1299 2219 1354 cumque
2249 1285 2658 1349 animantium,
2691 1289 2747 1340 et
2777 1301 2948 1356 grave
2979 1285 3260 1338 damnum
3285 1283 3612 1349 hominum,

1968 1373 2257 1428 desiderio
2271 1374 2600 1429 daemonum
2617 1374 2994 1430 concessisse.
3013 1374 3151 1439 Quis
3176 1376 3366 1427 autem
3382 1373 3615 1427 demen-

1966 1462 2237 1519 tissimus
2258 1463 2631 1534 dixeritquod
2648 1480 2743 1519 eos
2760 1464 2829 1518 ab
2845 1464 3181 1518 hominibus
3196 1479 3310 1516 non
3330 1460 3618 1532 potuisset

1970 1550 2293 1621 excludere,
2327 1553 2555 1607 etiamsi
2590 1569 2787 1608 eorum
2823 1553 3006 1608 noxiae
3040 1550 3324 1606 voluntati
3356 1566 3459 1604 nec
3484 1566 3614 1621 por-

1971 1656 2105 1695 coru
2117 1656 2171 1693 m
2194 1639 2434 1694 exitium
2450 1645 2722 1711 praestare
2737 1640 3223 1694 voluisset?Porro
3238 1639 3285 1693 si
3299 1638 3614 1708 spirituum

1973 1729 2379 1784 damnatorum
2396 1735 2450 1784 et
2464 1730 2581 1802 igni
2597 1731 2937 1799 aeternojam
2956 1729 3402 1793 destinatorum,
3418 1741 3617 1796 quam-

1970 1817 2059 1872 vis
2089 1835 2238 1872 saeva
2266 1822 2322 1873 et
2352 1818 2554 1889 iniqua
2585 1819 2895 1889 cupiditas,
2924 1836 2954 1872 a
2977 1819 3242 1872 Creatore
3264 1820 3439 1885 atque
3461 1814 3615 1867 ordi-

1974 1911 2173 1960 natore
2193 1906 2453 1961 omnium
2480 1907 3077 1973 naturarum,occulto
3097 1903 3463 1976 quidem,sed
3484 1902 3616 1956 ubi-

1972 1996 2307 2067 que3justo
2339 1996 2756 2065 moderamine,
2786 1997 2844 2050 in
2879 1997 2932 2050 id
2966 2013 3077 2066 quo
3126 2011 3186 2049 se
3217 1992 3615 2059 inclinaverat,

1973 2083 2226 2139 relaxata
2256 2088 2379 2150 est;
2406 2085 2545 2155 quid
2579 2085 2901 2139 absurdum
2926 2089 3031 2147 est,
3056 2085 3104 2137 si
3126 2082 3371 2155 {Egyptii
3401 2082 3470 2137 ab
3506 2082 3616 2134 Ile-

1974 2174 2162 2239 bracis,
2186 2172 2457 2227 homines
2479 2173 2680 2244 inique
2701 2173 3067 2228 dominantes
3091 2173 3161 2227 ab
3185 2170 3521 2227 hominibus
3544 2169 3616 2223 1i-

1974 2261 2153 2327 beris,
2178 2278 2427 2334 quorum
2458 2263 2632 2317 etiam
2657 2262 2939 2317 mercedis
2964 2279 3063 2333 pro
3086 2278 3286 2316 eorum
3308 2265 3426 2315 tam
3455 2258 3617 2314 duris

1975 2354 2030 2404 et
2053 2351 2289 2421 injustis
2312 2351 2612 2406 laboribus
2644 2351 2873 2406 fuerant
2893 2351 3204 2417 debitores,
3228 2350 3403 2404 rebus
3434 2353 3618 2404 terre-

1977 2439 2310 2510 nis,quibus
2332 2440 2506 2495 etiam
2531 2440 2643 2494 ritu
2658 2439 2940 2512 sacrilego
2962 2439 3020 2493 in
3039 2439 3314 2509 injuriam
3332 2436 3618 2493 Creatoris

1976 2529 2311 2596 utebantur,
2333 2530 2544 2601 privari
2565 2535 2902 2584 meruerunt
2925 2528 2952 2582 ‘I
2982 2529 3141 2592 Quod
3162 2532 3357 2582 tamen
3392 2526 3439 2582 si
3464 2527 3617 2597 Moy-

1977 2634 2072 2673 ses
2103 2635 2211 2673 sua
2242 2619 2877 2689 spcntejussisset,aut
2909 2619 3015 2673 hoc
3039 2617 3257 2672 Hebraei
3280 2634 3388 2671 sua
3415 2621 3619 2687 sponte

1977 2707 2269 2777 fecissent,
2303 2709 2557 2779 profecto
2580 2713 2916 2779 peccassent
2949 2724 2960 2761 :
2997 2723 3335 2778 quanquam
3372 2706 3477 2774 illi,
3503 2723 3618 2760 non

1977 2797 2209 2867 quidem
2243 2796 2352 2851 hoc
2385 2796 2669 2863 faciendo,
2704 2797 2857 2867 quod
2889 2795 2975 2851 vel
3000 2796 3263 2866 jusserat
3291 2794 3377 2849 vel
3414 2794 3621 2865 permi-

1977 2900 2130 2941 serat
2162 2895 2330 2956 Deus,
2363 2887 2461 2941 sed
2496 2891 2689 2941 tamen
2733 2886 2872 2941 talia
2898 2886 3143 2940 fortasse
3173 2884 3455 2954 cupiendo
3488 2898 3618 2955 pec-

1975 2982 2267 3030 caverunt.
2301 2975 2459 3038 Quod
2497 2980 2691 3030 autem
2724 2975 2832 3029 hoc
2865 2976 3050 3029 facere
3092 2973 3288 3028 divina
3318 2971 3619 3043 dispensa-

1973 3063 2131 3118 tione
2151 3064 2419 3135 permissi
2441 3068 2601 3131 suut,
2626 3063 3192 3134 illiusjudiciojusto
3215 3062 3478 3132 bonoque
3496 3076 3619 3132 per-

1974 3153 2141 3207 missi
2168 3154 2430 3225 sunt,qui
2460 3154 2614 3208 novit
2635 3160 2691 3208 et
2713 3154 2899 3225 pomis
2921 3152 3003 3207 vel
3021 3169 3281 3207 coercere
3298 3150 3616 3222 improbos,

1971 3241 2060 3299 vel
2090 3243 2319 3297 erudire
2341 3243 2666 3313 subjectos;
2690 3250 2746 3297 et
2769 3246 3054 3315 praecepta
3074 3241 3355 3295 validiora
3374 3241 3512 3295 dare
3533 3257 3620 3294 sa-

1972 3332 2257 3399 nioribus,
2273 3337 2327 3387 et
2345 3332 2631 3403 quosdam
2653 3330 3030 3387 medicinales
3044 3331 3265 3403 gradus
3286 3328 3619 3384 inﬁrmiori-

1971 3421 2080 3475 bus
2108 3422 2396 3477 ordinare.
2431 3421 2658 3493 Moyses
2697 3438 2830 3476 vero
2864 3438 2968 3476 nec
3000 3420 3336 3492 cupiditatis
3367 3434 3616 3490 arguen-

1969 3510 2081 3564 dus
2112 3514 2201 3564 est
2239 3510 2295 3563 in
2330 3509 2447 3564 illis
2478 3512 2652 3565 rebus
2685 3510 3055 3574 desideratis,
3102 3525 3206 3562 nec
3238 3506 3615 3561 contumaciae

1968 3598 2027 3652 in
2061 3597 2272 3652 divinis
2305 3598 2566 3669 imperiis
2597 3598 3068 3668 quibuscumque
3098 3596 3469 3666 contemptis.

2039 3686 2273 3742 CAPUT
2305 3686 2540 3741 LXXIII.
2576 3717 2643 3725 ——-
2675 3686 2947 3750 Quaedam
2995 3686 3149 3741 enim
3184 3686 3353 3747 facta,
3385 3682 3478 3737 lex
3514 3682 3616 3739 illa

1968 3779 2322 3848 aeternaqua
2336 3776 2598 3830 ordinem
2616 3774 2937 3830 naturalem
2954 3773 3276 3829 conservari
3289 3772 3613 3844 jubet,per-

1965 3862 2187 3916 turbari
2212 3862 2483 3929 vetat,ita
2505 3862 2696 3917 medio
2728 3863 2980 3934 quodam
3001 3861 3124 3915 loco
3149 3860 3342 3932 posuit
3368 3859 3616 3914 homini-

1966 3950 2237 4020 bus,utin
2253 3952 2335 4007 eis
2360 3952 2715 4023 usurpandis
2729 3953 2935 4006 merito
2958 3951 3417 4023 reprehendatur
3433 3950 3612 4003 auda-

1965 4041 2152 4105 cia,in
2175 4042 2560 4113 exsequendis
2592 4045 2786 4112 autem
2811 4040 3140 4095 obedientia
3162 4040 3299 4110 jure
3320 4037 3609 4093 laudetur.

1965 4128 2217 4183 Tantum
2248 4128 2490 4185 interest
2510 4129 2567 4184 in
2599 4130 2802 4185 ordine
2823 4128 3097 4198 naturali,
3117 4129 3255 4201 quid
3289 4144 3323 4183 a
3341 4143 3453 4197 quo
3475 4142 3612 4197 aga«

1964 4219 2265 4284 tur,etsub
2279 4235 2392 4290 quo
2408 4219 2657 4290 quisque
2671 4218 3124 4291 agat.Abraham
3141 4217 3187 4272 si
3201 4217 3387 4272 filium
3406 4221 3611 4288 sponte

1964 4306 2316 4379 immolaret,
2345 4308 2506 4379 quid,
2528 4307 2641 4362 nisi
2673 4307 2968 4362 horribilis
2991 4313 3047 4362 et
3077 4308 3359 4361 insanus?
3379 4311 3490 4361 Deo
3514 4323 3609 4360 au-

1961 4399 2079 4451 tem
2101 4398 2368 4467 jubente,
2414 4397 2575 4469 quid,
2611 4396 2722 4451 nisi
2755 4397 2943 4451 ﬁdelis
2973 4400 3029 4451 et
3068 4396 3307 4450 devotus
3338 4396 3609 4467 apparuit

1964 4486 2114 4553 (Gen.
2140 4502 2276 4553 XXII,
2294 4485 2421 4556 10)?
2441 4486 2598 4549 Quod
2630 4502 2813 4555 usque
2834 4486 2976 4540 adeo
3001 4486 3126 4555 ipsa
3146 4484 3354 4540 veritas
3374 4484 3605 4555 clamat,

1964 4578 2029 4628 ut
2044 4574 2092 4644 ej
2106 4591 2172 4627 us
2188 4591 2321 4629 voce
2340 4575 2652 4630 deterritus
2676 4576 2941 4643 Faustus,
2969 4590 3103 4628 cum
3122 4573 3181 4629 iu
3204 4574 3397 4644 ipsum
3424 4573 3605 4628 Abra-

1962 4661 2099 4717 ham
2123 4663 2261 4733 quid
2288 4662 3487 4735 diceret,unguibusetdentibusquaerens,
3513 4679 3606 4717 us-

1963 4767 2073 4821 que
2094 4753 2163 4806 ad
2190 4752 2618 4807 calumniosum
2640 4752 3010 4806 mendacium
3033 4753 3376 4823 perveniret,
3392 4752 3499 4807 hoc
3519 4756 3606 4807 ta—

1964 4854 2095 4894 men
2118 4841 2541 4912 reprehendere
2565 4858 2677 4897 non
2701 4843 2974 4897 auderet:
3004 4841 3115 4896 nisi
3134 4844 3278 4896 forte
3300 4859 3413 4896 non
3437 4841 3487 4895 ei
3510 4857 3605 4893 ve-

1964 4928 2116 4983 niret
2138 4929 2195 4984 in
2224 4934 2475 4985 mentem
2498 4932 2520 4965 ‘
2542 4932 2758 4986 factum
2781 4931 2864 4985 ita
2893 4930 3107 4996 nobile,
3132 4934 3196 4985 ut
3223 4947 3335 4985 non
3366 4930 3607 4995 lectum,

1963 5034 2069 5073 nec
2090 5020 2399 5090 qua’situm
2423 5020 2618 5076 animo
2652 5025 3001 5085 occurreret,
3024 5025 3090 5075 ut
3120 5020 3367 5089 denique
3390 5023 3472 5071 tot
3496 5017 3604 5071 lin-

1962 5106 2095 5179 guis
2124 5112 2449 5173 cantatum.
2474 5115 2558 5165 tot
2587 5110 2730 5166 locis
2761 5111 3002 5181 pictum,
3038 5116 3093 5164 et
3125 5125 3292 5163 aures
3322 5113 3378 5162 et
3407 5104 3605 5161 oculos

1963 5195 3067 5271 dissimulantisferiret.Quapropter,si
3090 5198 3145 5250 in
3161 5195 3471 5251 occidendo
3487 5194 3605 5249 filio

1962 5295 2318 5357 spcnlaneus
2350 5295 2545 5345 motus
2576 5288 2969 5355 exsecrabilis,
3000 5287 3114 5342 Deo
3145 5290 3338 5340 autem
3362 5285 3606 5356 jubente

2025 5544 2042 5579 ί
2076 5540 2289 5604 Septem
2319 5540 2471 5604 Mss,
2491 5536 2809 5604 improbitas.

2026 5606 2048 5639 ²
2071 5597 2184 5653 Ani.
2224 5604 2305 5651 Er.
2340 5607 2392 5651 et
2410 5597 2609 5664 aliquot
2637 5602 2777 5658 Mss,
2810 5600 2970 5648 morte
2987 5611 3227 5663 pecorum
3256 5597 3559 5651 alienorum.

2023 5668 2046 5735 ξ
2074 5668 2256 5735 Plures
2276 5665 2429 5735 ‘M_s‘s.,
2456 5662 2549 5712 sed
2573 5663 2765 5735 utique.
2862 5724 2894 5735 η
2932 5724 2942 5734 ο

2024 5731 2046 5765 ι
2073 5729 2294 5793 Aliquot
2317 5728 2462 5787 Mam,
2491 5739 2597 5777 non
2624 5725 2671 5775 ei
2700 5725 2894 5777 venerit
2922 5725 2979 5778 in
3004 5731 3245 5778 mentem.
