2026 3092
210 160 269 191 447

211 227 414 255 obsecundans
426 226 595 260 famulatus,
606 235 663 253 non
676 226 772 254 solum
785 226 1036 262 inculpabilis,ve-

213 280 279 299 rum
291 272 378 299 etiam
392 272 548 299 laudabilis
560 271 724 305 invenitur;
742 272 812 306 quid
825 272 953 308 Moysen,
964 272 1036 299 Fau-

214 319 266 351 ste,
284 316 482 351 reprehendis,
501 316 577 352 quod
601 316 768 351 exspoliarit
783 317 953 352 Egyptios?
968 317 997 344 Si
1010 319 1038 344 te

215 362 310 388 irritat
317 362 394 388 velut
408 362 535 388 humana
550 361 681 388 facientis
692 361 975 397 improbitas,divina
985 364 1038 388 ter~

214 406 413 440 reatjubentis
424 406 636 433 auctoritas.An
648 406 784 433 taliatieri
797 406 939 433 volentem
949 406 1036 433 etiam

213 452 312 486 ipsum
328 451 418 479 Deum
430 451 592 486 vituperare
604 454 720 485 paratus
732 459 762 477 es
774 451 786 477 ‘i’
800 451 865 478 Redi
875 459 941 485 ergo
954 455 1035 483 retro,

213 501 324 523 satanas
336 503 346 526 ;
362 504 447 530 neque
463 497 536 522 enim
550 497 625 531 sapis
635 504 694 530 qua“
706 496 751 522 Dei
759 497 831 528 sunt,
846 495 890 522 sed
902 504 961 530 qua:
973 498 1037 522 sunt

213 541 356 567 hominum
373 540 476 574 (Matth.
500 549 557 572 xvi,
574 541 629 575 ‘23).
647 541 738 575 Atque
755 541 866 567 utinam
892 540 945 567 hoc
962 539 1037 567 sicut

213 585 316 612 Petrus
333 585 433 612 audire
451 585 558 620 dignus
574 585 691 615 fuisses,
703 590 787 620 atque
803 584 829 611 iul
849 585 923 620 quod
938 584 965 611 in
979 585 1036 611 Deo

210 638 299 657 sensu
324 629 442 656 infirmo
473 629 672 665 reprehendis,
700 632 799 665 postea
824 630 1034 664 praedicasses;

211 675 461 709 quemadmodum
477 674 525 701 ille
540 674 665 709 glorioso
690 674 832 709 praeconio
848 677 948 709 postea
964 681 1036 708 gen-

211 718 292 746 tibus
318 719 522 751 annuntiabat,
540 719 616 754 quod
641 719 665 746 ei
682 719 785 754 primo,
803 727 869 745 cum
897 718 1036 745 Dominus

211 763 296 791 vellet
312 764 383 796 lieri,
399 763 579 799 displicebat.

248 808 361 836 CAPUT
373 808 484 835 LXXIV.
498 824 529 828 —
541 808 846 843 Quamobrem,sijam
859 808 977 835 tandem
991 807 1035 834 in-

211 852 567 889 telligithumanaduritia
574 856 659 888 atque
673 853 701 879 in
713 853 798 880 rebus
805 853 890 880 rectis
902 852 1035 879 voluntas

211 906 300 933 prava
315 900 402 932 atque
422 906 565 933 perversa,
584 897 740 933 plurimum
765 898 916 928 interesse,
935 900 1035 923 utrum

212 942 323 978 aliquid
332 943 626 978 humanacupiditate
634 942 675 970 vel
684 942 845 969 temeritate
853 942 1034 974 admittatur,

213 996 249 1015 an
266 987 315 1014 Dei
341 990 478 1022 pareatur
502 987 634 1022 imperio,
652 987 699 1021 qui
716 987 794 1014 novit
810 987 890 1022 quid,
908 986 1034 1021 quando,

213 1032 321 1067 quibus
339 1032 485 1067 permittat
500 1032 669 1067 autjubeai,
684 1032 753 1067 quid
765 1032 869 1067 cuique
883 1032 975 1058 facere
987 1039 1035 1066 pa-

212 1077 294 1113 tique
305 1077 471 1109 conveniat;
483 1085 535 1104 nec
549 1076 623 1104 bella
635 1085 686 1112 pcr
697 1076 813 1112 Moysen
825 1079 906 1111 gesta
917 1075 1037 1102 miretur

214 1123 264 1148 aut
280 1121 404 1154 horreat,
422 1122 489 1156 quia
504 1124 531 1148 et
546 1121 574 1148 in
590 1121 649 1149 illis
666 1121 763 1148 divina
774 1123 890 1148 secutus
902 1119 1034 1155 imperia,

213 1174 272 1194 non
289 1166 420 1199 saeviens,
435 1167 485 1193 sed
503 1166 640 1193 obediens
657 1166 729 1193 fuit:
743 1174 794 1193 nec
807 1168 891 1199 Deus,
904 1173 970 1192 cum
984 1165 1035 1198 ju-

211 1211 299 1239 bebat
315 1211 381 1243 ista,
397 1210 532 1238 szeviehat
549 1220 555 1238 :
572 1211 622 1238 sed
634 1211 723 1246 digna
738 1210 834 1246 dignis
846 1210 1035 1242 retribuebat,

211 1256 373 1291 dignosque
390 1256 516 1283 terrebat
528 1257 547 1282 ¹.
561 1256 634 1288 Quid
651 1255 727 1283 enim
741 1256 877 1290 culpatur
893 1255 921 1281 in
940 1254 1036 1281 bello?

212 1301 253 1328 An
265 1300 334 1336 quia
347 1300 513 1327 moriuntur
524 1301 698 1336 quandoque
710 1300 856 1332 morituri,
871 1302 902 1326 ut
913 1300 1036 1327 domen—

212 1346 282 1373 tur2
298 1345 328 1372 in
343 1353 412 1381 pace
427 1345 530 1372 victuri
542 1345 554 1372 ?
571 1345 627 1372 Hoc
639 1344 849 1380 reprehendere
864 1344 1035 1371 timidorum

212 1391 266 1424 est,
279 1398 335 1417 non
348 1390 560 1426 religiosorum.
573 1390 699 1417 Nocendi
712 1389 867 1424 cupiditas,
877 1388 1035 1416 ulciscendi

212 1435 380 1468 crudelitas,
403 1436 565 1471 impacatos
584 1438 671 1470 atque
687 1434 882 1470 implacabilis
908 1434 1034 1465 animus,

212 1480 311 1508 feritas
323 1480 588 1513 rebellandi,lihido
600 1479 843 1513 dominandi,etsi
852 1477 1034 1514 quasimilia,

213 1523 274 1552 hac
286 1526 355 1552 sunt
367 1533 429 1559 qua:
442 1525 469 1551 in
480 1524 563 1551 bellis
573 1525 638 1559 jure
650 1524 819 1559 culpantur;
830 1532 893 1558 quas
908 1523 1035 1558 plerum-

210 1577 268 1605 que
279 1571 312 1596 ut
321 1569 803 1604 etiamjurcpuniuniur,adversus
814 1567 981 1596 violentiam
992 1575 1036 1594 re-

213 1614 453 1645 sistentium,sivc
465 1614 595 1647 Deo,sive
608 1614 705 1649 aliquo
718 1613 847 1649 legitimo
859 1612 1036 1647 imperioju-

212 1657 309 1689 bente,
320 1657 445 1691 gerenda
460 1657 523 1693 ipsa
535 1657 611 1684 bella
622 1658 823 1693 suscipiuntur
835 1666 851 1684 ει
863 1657 956 1690 bonis,
970 1666 1035 1684 cum

214 1701 243 1729 in
260 1709 293 1729 eo
310 1710 405 1729 rerum
432 1695 628 1734 humanarum
648 1703 749 1730 ordine
774 1703 970 1735 inveniuntur,
988 1701 1035 1729 ubi

216 1754 264 1774 eos
278 1746 321 1774 vel
337 1747 442 1782 jubere
458 1747 513 1774 tale
540 1747 661 1782 aliquid,
678 1747 720 1774 vel
738 1748 766 1774 in
787 1747 895 1775 talibus
921 1747 1038 1774 obedire

211 1791 292 1827 juste
307 1792 378 1819 ordo
394 1791 455 1827 ipse
471 1792 653 1827 constringit.
666 1792 801 1827 Alioquin
817 1792 954 1825 Joannes,
971 1800 1037 1819 cum

214 1836 250 1864 ad
267 1844 333 1864 eum
357 1836 523 1872 baptizandi
550 1836 657 1864 milites
681 1837 823 1870 venirent,
848 1838 988 1869 dicentes,
1007 1839 1038 1865 Et

212 1889 263 1909 nos
278 1881 344 1916 quid
357 1882 517 1916 faciemus?
533 1882 720 1917 responderet
734 1882 786 1915 eis,
803 1883 891 1909 Arma
911 1881 1037 1916 abjicite,

213 1925 348 1953 militiam
366 1926 451 1953 istam
477 1926 619 1959 deserite;
645 1926 792 1953 neminem
810 1929 959 1961 percutite,
976 1926 1040 1953 vul-

215 1973 324 2005 nerate,
341 1970 514 2005 prosternite
525 1971 545 1997 ⁸.
558 1971 610 1997 Sed
624 1970 693 2006 quia
706 1971 815 1998 sciebat
826 1980 885 2004 eos,
902 1979 967 1998 cum
980 1971 1039 1998 haec

217 2015 371 2042 militando
388 2015 522 2049 facerent,
540 2023 595 2042 non
620 2023 683 2042 esse
698 2015 870 2048 homicidas,
888 2016 937 2043 sed
956 2015 1040 2042 mini-

219 2062 295 2087 stros
310 2059 400 2094 legis;
419 2062 446 2086 et
462 2068 518 2086 non
536 2059 642 2086 ultores
654 2060 828 2094 injuriarum
846 2068 977 2094 suarum,
990 2060 1040 2087 sed

219 2104 322 2132 salutis
338 2104 459 2140 publica
470 2104 635 2131 defensores
653 2112 658 2131 :
676 2104 826 2139 respondit
836 2104 887 2138 eis,
902 2104 1041 2132 Neminem

217 2150 417 2182 concusseritis,
434 2150 508 2176 nulli
522 2149 689 2176 calumniam
705 2150 837 2183 feceritis,
860 2150 979 2184 sit/ﬁctat
995 2157 1041 2177 vo-

218 2194 258 2222 bis
273 2194 439 2229 stipendium
463 2198 582 2221 vestrum
598 2195 672 2229 (Luc.
692 2203 731 2226 lu,
753 2194 806 2229 14).
824 2194 878 2221 Sed
896 2194 965 2229 quia
982 2194 1040 2221 Ma-

217 2239 321 2267 nichaei
337 2240 477 2266 Joannem
495 2241 593 2274 aperte
605 2238 809 2274 blasphemare
817 2240 1041 2272 consueverunt,

218 2283 317 2319 ipsum
335 2283 489 2311 Dominum
506 2284 606 2311 Jrsum
619 2283 767 2311 Christum
784 2283 906 2310 audiant
922 2283 976 2310 hoc
991 2283 1042 2311 sti-

219 2328 359 2364 pendium
370 2328 522 2363 juhentem
541 2328 619 2355 reddi
635 2328 750 2361 Caesari,
763 2328 840 2363 quod
856 2328 984 2355 Joannes
999 2327 1042 2355 di-

221 2374 260 2402 cit
275 2373 379 2401 debere
404 2373 539 2400 sufficere
564 2373 660 2400 militi.
678 2373 797 2407 Reddite,
815 2373 921 2408 inquit,
939 2372 1045 2401 Caesari

221 2427 282 2455 qua
298 2419 414 2447 Caesaris
430 2421 504 2452 sunt,
520 2423 545 2446 et
561 2418 614 2445 Deo
629 2425 691 2453 qua
712 2419 762 2445 Dei
776 2419 839 2445 sunt
854 2417 956 2452 (Matth.
972 2426 1042 2451 xxn,

219 2465 276 2499 21).
293 2465 327 2492 Et
343 2464 378 2492 ad
395 2464 449 2491 hoc
464 2463 541 2491 enim
560 2463 669 2490 tributa
684 2465 868 2499 prestantur,
881 2464 913 2489 ut
927 2464 1044 2498 propter

218 2509 294 2537 bella
309 2508 473 2536 necessario
489 2508 574 2535 militi
598 2507 775 2543 stipendium
793 2507 965 2543 praebeatur.
982 2507 1042 2534 Me—

217 2554 273 2581 rito
291 2557 319 2581 et
334 2553 414 2580 illius
428 2553 612 2580 Centurionis
636 2552 768 2585 dicentis,
784 2553 812 2579 Ft
827 2559 874 2587 ego
890 2552 967 2579 homo
982 2560 1044 2578 sum

217 2599 267 2626 sub
281 2600 411 2634 potestatv
435 2599 609 2630 constitutus,
627 2597 727 2624 habens
746 2596 796 2623 sub
817 2604 861 2623 me
883 2596 986 2623 milites
996 2596 1043 2627 ;et

220 2643 279 2670 dico
296 2643 369 2677 huic,
390 2643 467 2676 Vade,
483 2646 509 2670 et
529 2642 603 2669 vadit
612 2650 622 2673 ;
637 2646 664 2669 et
689 2641 750 2674 alii,
770 2641 845 2674 Veni,
860 2644 885 2668 et
905 2641 980 2668 venit
991 2649 1001 2671 ;
1017 2642 1044 2667 et

219 2694 295 2715 seruo
310 2696 379 2721 meo,
402 2688 462 2721 Far,
488 2687 547 2720 hoc,
571 2686 699 2723 etfacit;
725 2686 811 2713 [idem
837 2685 966 2713 laudavit
989 2685 1042 2720 (Id.

255 2745 262 2776 ἶ
279 2745 391 2772 Quidum
407 2746 478 2774 Mss,
494 2744 662 2776 indignosque
676 2743 811 2776 terrebat]

254 2775 265 2808 ξ
278 2776 392 2808 ᾼωηεικ
410 2779 435 2800 et
449 2775 635 2808 aliquot’ltlssq
651 2778 678 2800 ut
692 2775 864 2808 dominentur.

252 2807 263 2824 ³
277 2807 359 2837 Lugd.
375 2810 401 2831 et
414 2808 478 2832 Ven.
494 2805 618 2835 'verbum.
632 2807 771 2836 neminem,
790 2809 830 2831 ter
844 2807 978 2836 repetunt,
993 2805 1043 2829 hoc

219 2837 309 2896 modto,
324 2838 453 2896 nimium
464 2840 597 2871 percutitc,
611 2839 739 2865 neminem
759 2837 900 2868 vulnerata,
916 2837 1042 2862 neminem

219 2876 278 2896 me
289 2876 345 2896 erm
358 2876 380 2895 e.
456 2887 463 2895 .

215 2876 380 2902 pmuermte.
428 2876 463 2896 Μ.

591 160 747 190 CONTRA
769 160 955 192 FAUSTUM
978 160 1241 198 MANICHEUM,
1263 160 1296 191 S.
1318 160 1535 192 AUGUSTINI

1854 162 1908 194 448

1093 236 1156 261 νιιι,
1173 228 1201 263 9,
1217 228 1273 264 40),
1289 236 1346 256 non
1363 228 1442 256 illius
1456 227 1566 255 militiis
1581 227 1773 255 desertionem
1788 226 1906 261 impera-

1092 273 1143 300 vit.
1161 273 1215 300 Sed
1240 274 1274 301 de
1292 273 1382 308 justis
1408 272 1526 309 quidem
1551 272 1725 308 injustisque
1739 271 1823 300 bellis
1836 281 1907 302 nunc

1092 317 1243 353 disputare
1259 317 1378 354 longum
1393 320 1447 351 est,
1463 320 1492 345 et
1503 326 1560 345 non
1576 318 1783 345 necessarium.

1128 361 1241 390 CAPUT
1252 362 1351 390 LXXV.
1364 377 1396 383 —
1408 362 1529 390 Interest
1539 361 1616 389 enim
1627 361 1734 397 quibus
1745 361 1839 390 causis
1849 362 1906 397 qui-

1091 406 1206 442 busque
1213 407 1382 434 auctoribus
1389 406 1523 434 homines
1530 407 1655 442 gerenda
1662 406 1737 434 bella
1743 407 1906 442 suscipiant:

1092 451 1162 478 ordo
1171 453 1268 478 tamen
1281 451 1331 478 ille
1342 451 1484 479 naturalis
1496 451 1662 479 mortalium
1675 451 1738 486 paci
1751 459 1907 480 accommo-

1092 496 1177 523 datus
1194 495 1247 523 hoc
1263 496 1366 532 poscit,
1384 499 1416 523 ut
1430 495 1611 532 suscipiendi
1624 495 1690 523 belli
1708 496 1862 523 auctoritas
1872 499 1908 524 at-

1092 548 1148 576 que
1162 540 1316 568 consilium
1330 549 1418 576 penes
1432 541 1595 576 Principem
1607 540 1664 574 sit;
1679 541 1852 575 exsequendi
1864 549 1908 568 au-

1091 586 1148 612 tem
1159 585 1245 620 jussu
1261 584 1362 612 bellica
1379 585 1575 613 ministerium
1593 585 1702 613 milites
1713 585 1837 612 debeant
1851 586 1907 621 paci

1091 629 1236 665 salutique
1247 630 1404 657 communi.
1423 630 1533 657 Bellum
1552 632 1646 657 autem
1660 630 1738 665 quod
1755 630 1906 665 gerendum

1091 674 1149 701 Deo
1175 678 1292 702 auctore
1308 675 1477 709 suscipitur,
1496 677 1572 701 recte
1587 674 1709 709 suscipi,
1728 674 1858 701 dubitare
1869 674 1907 701 fas

1090 727 1148 746 non
1162 721 1215 752 est,
1233 719 1275 746 vel
1291 720 1324 746 ad
1343 720 1518 751 terrendam,
1536 719 1578 745 vel
1596 719 1630 746 ad
1656 719 1854 749 obterendum,
1869 718 1908 745 vel

1090 763 1126 790 ad
1143 763 1358 798 subjugandam
1371 764 1537 791 mortalium
1550 763 1718 799 superbiam
1735 772 1740 790 :
1753 764 1867 799 quando
1878 771 1909 790 ne

1089 807 1161 834 illud
1177 808 1294 843 quidem
1311 809 1386 843 quod
1405 808 1534 835 humana
1550 808 1708 843 cupiditate
1721 808 1840 843 geritur,
1857 816 1908 834 non

1090 852 1185 880 solum
1196 852 1407 888 incorruptibili
1420 853 1539 886 Deo,sed
1553 862 1604 880 nec
1617 853 1728 880 sanctis
1741 853 1804 888 ejus
1816 853 1909 880 obesse

1089 896 1198 932 aliquid
1207 900 1301 932 potest
1314 908 1319 929 ς
1335 898 1441 932 quibus
1455 898 1550 932 potius
1560 898 1593 924 ad
1604 897 1796 924 exercendam
1809 897 1910 932 patien-

1089 941 1171 975 tiam,
1191 945 1218 969 et
1241 942 1275 968 ad
1300 942 1513 969 humiliandam
1540 943 1682 974 animam,
1710 942 1908 976 ferendamque

1090 988 1239 1022 paternam
1251 986 1435 1021 disciplinam
1449 987 1535 1013 etiam
1550 987 1688 1022 prodesse
1699 986 1908 1013 invenitur.l\'e~

1091 1039 1147 1066 quo
1162 1031 1238 1058 enim
1250 1031 1337 1057 habet
1349 1032 1376 1058 in
1394 1039 1443 1058 eos
1457 1032 1610 1067 quisquam
1628 1031 1720 1058 ullam
1734 1033 1909 1066 potestatem,

1090 1075 1147 1103 nisi
1163 1076 1208 1103 cui
1225 1076 1291 1102 data
1306 1076 1390 1102 fuerit
1406 1076 1539 1111 desuper.
1555 1076 1615 1103 Non
1633 1079 1678 1102 est
1694 1076 1773 1103 enim
1790 1078 1909 1111 potestas

1090 1119 1146 1147 nisi
1164 1129 1180 1147 ιι.
1195 1120 1252 1147 Deo
1267 1121 1352 1153 (Itom.
1365 1128 1426 1155 xm,
1442 1121 1479 1154 1),
1495 1121 1554 1147 sive
1567 1120 1701 1155 jubente,
1719 1121 1780 1147 sive
1795 1120 1909 1146 sinente.

1089 1166 1159 1192 Cum
1173 1173 1240 1199 ergo
1252 1165 1411 1199 virjustus,
1425 1165 1447 1191 si
1461 1166 1532 1192 forte
1549 1165 1602 1192 sub
1617 1173 1685 1200 rege
1698 1164 1814 1191 homine
1830 1165 1909 1191 etiam

1090 1209 1231 1245 sacrilego
1244 1209 1358 1241 militet,
1372 1212 1447 1236 recte
1459 1210 1551 1244 poscit
1564 1209 1612 1236 illo
1623 1209 1751 1244 jubente
1762 1208 1864 1236 bellare
1875 1208 1911 1236 ci-

1090 1254 1158 1281 vica:
1173 1256 1252 1289 pacis
1263 1254 1394 1281 ordinem
1406 1262 1544 1288 servans;
1557 1254 1604 1282 cui
1620 1254 1699 1289 quod
1709 1254 1833 1290 jubetur
1843 1255 1863 1285 ',
1873 1252 1913 1281 vel

1090 1306 1148 1326 non
1160 1306 1224 1326 esse
1236 1298 1572 1334 contraDeiprieceptum
1580 1300 1694 1326 certum
1708 1297 1809 1333 est,vel
1820 1300 1911 1325 utrum

1090 1343 1257 1376 sit,certum
1271 1351 1326 1370 non
1338 1345 1391 1377 est,
1400 1343 1441 1371 ita
1452 1346 1484 1370 ut
1495 1343 1618 1370 fortasse
1628 1351 1713 1371 reum
1727 1351 1824 1379 regem
1832 1342 1912 1370 faciat

1090 1388 1231 1423 iniquitas
1245 1387 1419 1423 imperandi,
1432 1387 1617 1416 innocentem
1628 1390 1728 1416 autem
1741 1387 1861 1415 militem
1872 1395 1912 1415 os-

1089 1432 1189 1460 tendat
1200 1432 1269 1459 ordo
1278 1432 1421 1459 serviendi
1434 1441 1441 1459 :
1454 1434 1564 1467 quanto
1575 1432 1669 1467 magis
1682 1432 1713 1459 in
1726 1431 1912 1459 administra-

1089 1476 1168 1504 tione
1183 1476 1326 1504 bellorum
1344 1476 1582 1504 innocentissimo
1603 1476 1781 1510 diversatur,
1798 1476 1846 1512 qui
1862 1478 1911 1503 Deo

1085 1521 1208 1557 jubente
1232 1521 1392 1557 belligerat,
1410 1529 1497 1556 quem
1514 1521 1590 1549 male
1614 1521 1727 1557 aliquid
1742 1521 1844 1556 jubere
1860 1528 1911 1547 non

1089 1574 1186 1602 posse,
1202 1574 1287 1593 nemo
1302 1566 1351 1601 qui
1368 1566 1393 1593 ei
1409 1565 1496 1593 servit
1511 1566 1634 1601 ignorat.

1126 1611 1242 1639 CAPUT
1254 1610 1375 1638 LXXVI.
1386 1626 1418 1631 —-
1430 1611 1457 1638 Si
1472 1613 1569 1638 autem
1582 1612 1736 1646 propterea
1747 1611 1850 1647 putant
1859 1617 1911 1637 non

1090 1656 1220 1692 potuisse
1231 1658 1321 1684 Deum
1336 1655 1444 1683 bellum
1452 1655 1735 1691 gerendumjubere,
1743 1655 1811 1690 quia
1821 1655 1912 1682 Domi-

1091 1709 1146 1728 nus
1163 1702 1263 1736 postea
1284 1701 1370 1728 Jesus
1395 1700 1539 1733 Christus,
1555 1700 1619 1736 Ego,
1636 1700 1744 1736 inquit,
1760 1700 1819 1728 dico
1834 1700 1912 1732 vobis,

1090 1753 1145 1772 non
1161 1746 1287 1773 resistere
1300 1746 1433 1772 adversus
1448 1745 1553 1772 malum
1563 1753 1574 1775 ,'
1587 1744 1633 1772 sed
1647 1745 1672 1772 si
1687 1745 1751 1781 quis
1767 1750 1793 1772 te
1806 1752 1912 1780 percus—

1092 1791 1158 1818 serit
1171 1791 1200 1817 in
1209 1790 1356 1817 maxillam
1367 1792 1445 1817 tuam
1451 1790 1682 1825 dextrampra’be
1691 1790 1741 1817 illi
1750 1790 1914 1817 etstnistram

1092 1835 1196 1871 (Matth.
1208 1843 1235 1867 v,
1248 1835 1312 1869 39);
1328 1833 1494 1870 intelligant
1515 1834 1589 1862 hanc
1605 1835 1844 1870 praeparationem
1862 1841 1912 1861 non

1091 1888 1156 1908 esse
1168 1880 1197 1906 in
1212 1887 1343 1915 corpore,
1360 1879 1410 1906 sed
1423 1879 1451 1906 in
1465 1879 1568 1907 corde:
1584 1878 1624 1906 ibi
1640 1881 1684 1906 est
1695 1879 1774 1907 enim
1788 1882 1913 1906 sanctum

1093 1924 1187 1952 cubile
1202 1924 1331 1957 virtutis,
1349 1932 1412 1959 qua:
1429 1924 1458 1951 in
1475 1923 1533 1951 illis
1557 1931 1673 1959 quoque
1689 1924 1818 1959 antiquis
1830 1921 1914 1959 justis

1093 1969 1203 1997 nostris
1213 1968 1345 2004 patribus
1358 1968 1510 1996 habitavit:
1522 1968 1571 1996 sed
1583 1976 1647 1995 eam
1660 1976 1759 1996 rerum
1766 1968 1913 2004 dispensa-

1092 2014 1201 2041 tionem
1218 2021 1251 2041 ac
1262 2013 1498 2041 distributionem
1510 2015 1675 2048 temporum
1689 2013 1762 2040 ordo
1773 2011 1912 2049 poscebat,

1093 2060 1127 2086 ut
1142 2058 1224 2094 prius
1239 2060 1392 2094 appareret
1405 2057 1492 2085 etiam
1506 2057 1571 2093 ipsa
1586 2057 1662 2084 bona
1675 2059 1803 2089 terrena,
1815 2057 1843 2083 in
1855 2055 1914 2091 qui-

1094 2103 1149 2131 bus
1165 2105 1193 2130 et
1209 2106 1338 2130 humana
1351 2110 1443 2138 regna
1459 2105 1486 2129 et
1502 2110 1535 2130 ex
1546 2102 1680 2129 hostibus
1694 2102 1821 2129 victoriae
1834 2101 1915 2136 depu-

1094 2149 1328 2183 tantur,propter
1337 2155 1401 2182 quae
1410 2146 1535 2174 maxime
1542 2146 1807 2181 civitasimpiorum
1817 2145 1915 2173 diffusa

1095 2200 1147 2228 per
1162 2192 1304 2220 mundum
1320 2191 1484 2227 supplicare
1501 2191 1587 2218 idolis
1600 2193 1628 2218 et
1639 2191 1822 2218 daemonibus
1837 2188 1914 2221 solet,

1096 2245 1152 2265 non
1165 2237 1221 2264 nisi
1230 2237 1265 2264 ad
1272 2245 1288 2263 u
1294 2236 1360 2264 nius
1367 2236 1417 2264 Dei
1427 2236 1484 2263 veri
1492 2237 1663 2272 potestatem
1671 2238 1761 2272 atque
1769 2234 1915 2263 arbitrium

1096 2281 1335 2317 pertinere.Unde
1343 2280 1467 2308 etVetus
1473 2281 1696 2308 Testamentum
1705 2283 1847 2308 secretum
1855 2285 1914 2313 reg-

1096 2327 1125 2354 ni
1135 2326 1275 2354 crslorum
1286 2328 1417 2361 tempore
1426 2327 1592 2361 opportuno
1599 2324 1788 2360 aperiendum
1799 2322 1914 2360 promis-

1096 2371 1228 2399 sionibus
1235 2370 1358 2399 terrenis
1366 2369 1652 2406 operuit,etquodam
1661 2370 1748 2397 modo
1755 2367 1915 2396 umbrosius

1096 2416 1238 2452 opacavit.
1265 2415 1318 2442 Ubi
1344 2417 1442 2442 autem
1457 2413 1535 2441 venit
1557 2413 1707 2450 plenitudo
1722 2412 1870 2449 temporis,
1886 2412 1915 2438 ut

1095 2461 1207 2489 Novum
1213 2460 1433 2487 Testamentum
1445 2458 1711 2494 revelaretur,quod
1722 2458 1823 2495 figuris
1833 2456 1915 2483 Vete-

1097 2505 1138 2533 ris
1145 2503 1437 2538 velabatur,evidenti
1444 2503 1648 2531 testificatione
1650 2504 1713 2538 jam
1720 2502 1914 2531 demonstran-

1098 2551 1168 2577 dum
1185 2551 1256 2583 erat,
1273 2556 1337 2576 esse
1352 2548 1440 2576 aliam
1453 2547 1544 2576 vitam
1558 2556 1609 2584 pro
1624 2555 1683 2583 qua
1695 2546 1780 2574 debet
1795 2545 1853 2574 haec
1865 2544 1915 2571 vita

1099 2594 1257 2626 contemni,
1269 2595 1297 2621 et
1307 2592 1386 2620 aliud
1398 2601 1520 2629 regnum
1534 2601 1586 2628 pro
1597 2600 1655 2628 quo
1667 2592 1781 2627 oportet
1791 2589 1914 2618 omnium

1097 2641 1280 2667 terrenorum
1301 2645 1457 2674 regnorum
1477 2636 1686 2665 adversitatum
1710 2633 1915 2671 patientissime

1096 2683 1208 2712 stineri.
1217 2682 1340 2711 Proinde
1349 2691 1400 2718 per
1408 2690 1532 2718 quorum
1541 2681 1750 2712 confessiones,
1760 2678 1912 2715 passiones,

1096 2730 1125 2756 et
1140 2729 1249 2755 mortes
1263 2726 1318 2754 hoc
1335 2728 1392 2754 Deo
1415 2725 1525 2762 placuit
1549 2724 1693 2759 attestari,
1714 2726 1853 2759 martyres
1868 2729 1912 2755 ap-

1096 2772 1252 2808 pellantur,
1264 2771 1313 2806 qui
1327 2771 1417 2798 latine
1429 2772 1519 2798 testes
1530 2769 1757 2806 interpretantur
1772 2776 1778 2795 :
1794 2772 1912 2802 quorum

1096 2825 1237 2845 numerus
1248 2818 1348 2844 tantus
1363 2815 1498 2848 efﬂoruit,
1515 2817 1546 2842 ut
1561 2814 1585 2843 si
1599 2823 1648 2843 eos
1659 2813 1803 2846 Christus,
1820 2810 1868 2848 qui
1878 2809 1911 2837 de

1127 2868 1137 2886 ί
1152 2867 1183 2893 In
1196 2865 1269 2898 Μιι..
1285 2872 1342 2892 cum
1356 2864 1386 2891 id
1398 2864 1591 2897 quodjubetur.
