4000 6178
194 372 301 431 449

196 502 323 558 coelo
351 500 592 556 Saulum
623 501 870 568 vocabit,
903 506 962 557 et
990 519 1057 558 ex
1088 501 1225 574 lupo
1275 504 1493 559 factum
1545 520 1741 568 ovem,
1779 502 1835 557 in

198 593 438 647 medium
468 590 740 663 luporum
777 592 937 647 misit
968 593 1101 663 (Act.
1136 599 1235 661 1x),
1261 597 1643 664 congregatos
1666 591 1838 647 vellet

199 698 408 737 armare
424 686 602 752 atque
620 682 896 751 adjuvare
912 688 1257 754 pugnantes,
1273 683 1424 737 sicut
1442 682 1717 737 Hebrzeos
1738 698 1827 751 pa-

199 775 305 825 tres
324 769 568 840 adjuvit,
590 787 721 841 quae
743 775 948 842 gentes
972 770 1353 825 resisterent?
1379 788 1505 842 quae
1524 787 1705 842 regna
1726 786 1842 824 non

202 858 497 914 cederent?
516 859 626 913 Sed
652 864 714 913 ut
736 858 1263 930 prmelarissimum
1282 860 1686 916 testimonium
1705 857 1846 914 veri-

202 946 293 1002 tati
325 947 751 1018 perhiberetur,
801 966 917 1019 qua
958 950 1114 1019 jam1
1167 950 1499 1006 docendum
1550 955 1697 1016 erat,
1731 966 1845 1004 non

203 1041 428 1109 propter
444 1037 828 1105 temporalem
844 1039 900 1092 in
918 1038 1023 1093 hac
1039 1039 1177 1109 vita,
1196 1041 1295 1094 sed
1316 1044 1552 1111 propter
1566 1044 1847 1094 aeternam

203 1131 321 1198 post
342 1125 497 1181 hanc
516 1125 692 1181 vitam
720 1126 1046 1182 felicitatem
1072 1128 1187 1184 Deo
1214 1145 1343 1184 esse
1364 1129 1759 1195 serviendum,
1783 1144 1852 1183 ea

202 1232 312 1287 qua:
335 1213 511 1286 vulgo
534 1213 846 1270 infelicitas
870 1216 1103 1287 dicitur,
1128 1233 1230 1288 pro
1255 1217 1357 1272 illa
1380 1216 1658 1272 felicitate
1682 1217 1853 1272 sube-

206 1304 352 1361 unda
375 1303 566 1358 fuerat
586 1308 644 1358 et
664 1303 919 1359 ferenda.
947 1305 1148 1376 Itaque
1165 1304 1220 1359 in
1243 1304 1609 1377 plenitudine
1630 1310 1853 1375 tempo-

203 1413 324 1453 rum
348 1396 534 1452 Filius
566 1396 665 1451 Dei
697 1396 889 1451 factus
920 1412 989 1451 ex
1028 1396 1291 1462 muliere,
1324 1399 1513 1453 factus
1545 1398 1653 1452 sub
1682 1397 1853 1468 Lege,

208 1492 265 1542 ut
291 1503 394 1541 eos
443 1486 543 1557 qui
578 1486 687 1541 sub
731 1490 875 1559 Lege
905 1490 1069 1540 erant
1100 1485 1414 1541 redimeret
1444 1484 1651 1556 (Galat.
1687 1504 1764 1551 Iv,
1799 1486 1854 1552 4,

205 1579 274 1647 5),
306 1578 505 1632 factus
525 1593 596 1632 ex
618 1576 840 1632 semine
863 1576 1039 1631 David
1067 1578 1390 1633 secundum
1417 1595 1651 1634 carnem
1678 1578 1853 1645 (Rom.

208 1684 239 1737 ι,
266 1667 340 1737 3),
378 1666 566 1721 mittit
598 1665 916 1737 discipulos
952 1665 1107 1721 velut
1138 1683 1271 1722 oves
1304 1667 1364 1720 in
1398 1667 1656 1722 medium
1691 1666 1856 1737 lupo-

209 1773 355 1825 rum,
388 1762 447 1810 et
472 1762 672 1810 monet
697 1772 765 1811 ne
789 1755 1034 1811 timeant
1055 1772 1152 1811 eos
1186 1756 1286 1827 qui
1321 1772 1533 1827 corpus
1564 1757 1859 1821 occidunt,

210 1846 462 1900 animam
480 1849 678 1899 autem
696 1861 808 1900 non
826 1850 1073 1916 possunt
1091 1845 1860 1916 occidere;promittitetiam

210 1933 390 2006 ipsius
418 1933 684 2005 corporis
711 1934 1105 1989 renovan‘dam
1138 1934 1538 2005 integritatem
1574 1951 1759 2006 usque
1788 1934 1861 1989 ad

214 2023 401 2095 capilli
435 2024 868 2094 reparationem
916 2025 1129 2095 (Matth.
1184 2041 1237 2089 χ,
1296 2024 1382 2089 16,
1425 2024 1517 2086 28,
1547 2024 1674 2095 30):
1710 2022 1866 2079 Petri

216 2112 476 2184 gladium
493 2116 723 2166 revocat
736 2111 795 2166 in
810 2112 1077 2183 vaginam
1090 2128 1310 2179 ;aurem
1326 2112 1545 2168 inimici
1564 2113 1866 2184 praecisam

216 2206 445 2271 reparat
463 2201 536 2255 ad
558 2200 866 2272 pristinam
893 2201 1138 2256 formam
1158 2218 1170 2255 :
1187 2201 1870 2273 dicitselegionibusAn-

216 2291 481 2361 gelorum
501 2290 790 2361 imperare
806 2289 1063 2360 potuisse
1077 2290 1148 2346 ad
1169 2290 1370 2346 delend
1380 2308 1443 2346 os
1456 2290 1869 2361 inimicos,nisi

216 2378 353 2433 calix
368 2379 669 2435 bibendus
682 2386 852 2443 esset,
871 2395 1044 2449 quem
1061 2385 1303 2451 paterna
1319 2379 1590 2435 voluntas
1612 2381 1872 2435 dedisset

214 2470 304 2538 (Id.
330 2485 495 2533 xxvr,
526 2469 620 2537 52,
649 2470 718 2523 53
744 2487 803 2533 ;;
834 2470 962 2525 Luc.
998 2486 1138 2533 xxu,
1166 2470 1256 2535 51,
1308 2470 1397 2535 42,
1430 2475 1480 2525 et
1507 2472 1666 2525 Joan.
1700 2485 1869 2536 xvm,

216 2559 330 2629 il);
370 2556 527 2611 bibit
562 2558 920 2629 praecedens,
955 2558 1226 2629 propinat
1250 2559 1631 2629 sequentibus
1662 2559 1876 2613 :virtu-

216 2652 318 2701 tem
344 2646 653 2718 patientia;-
675 2663 781 2701 suo
811 2646 1054 2702 revelat”
1090 2655 1398 2719 pracepto,
1432 2665 1537 2703 suo
1569 2650 1878 2702 confirmat

216 2734 503 2806 exemplo.
531 2736 753 2806 Propter
774 2736 917 2807 quod
940 2738 1081 2792 Deus
1096 2738 1257 2792 illum
1270 2739 1601 2793 suscitavita
1619 2739 1876 2809 mortuis,

222 2830 266 2879 et
284 2828 521 2881 donavit
539 2828 593 2882 ei
615 2843 813 2883 nomen
835 2828 975 2898 quod
997 2838 1079 2883 est
1101 2845 1268 2900 super
1298 2845 1458 2884 omne
1484 2839 1788 2886 nomenmt
1818 2831 1880 2883 in

221 2918 445 2971 nomine
474 2918 604 2972 Jesu
652 2932 808 2971 omne
834 2934 977 2988 genu
1018 2919 1297 2987 ﬂectatur,
1329 2920 1641 2990 cwlestium,
1674 2923 1879 2974 terres-

225 3010 417 3077 trium,
441 3016 495 3063 et
521 3010 903 3077 infernarum;
920 3018 970 3064 et
990 3011 1166 3065 omnis
1191 3011 1387 3078 lingua
1406 3011 1730 3080 conﬁteatur
1751 3012 1882 3083 quia

225 3096 497 3151 Dominus
525 3102 688 3155 Jesus
717 3099 773 3152 in
805 3098 983 3169 gloria
1014 3108 1093 3154 est
1111 3100 1207 3154 Dei
1222 3101 1411 3155 Patris
1430 3100 1703 3171 (Philipp.
1735 3100 1882 3167 11,9-

228 3186 331 3255 11).
367 3186 781 3257 Regnaverunt
802 3187 896 3241 hic
928 3204 1063 3260 ergo
1096 3188 1444 3243 Patriarchae
1475 3192 1531 3244 et
1562 3188 1883 3260 Prophetas,

229 3280 291 3330 ut
310 3280 375 3329 et
393 3274 512 3330 ista
534 3292 713 3347 regna
736 3280 914 3330 Deum
938 3277 1077 3331 dare
1106 3285 1161 3331 et
1188 3278 1415 3332 auferre
1446 3279 1844 3333 ostenderetur
1869 3295 1883 3333 :

232 3381 346 3419 non
378 3363 472 3418 hic
492 3364 1150 3437 regnaveruntApostoli
1165 3369 1221 3420 et
1236 3372 1539 3438 martyres,
1562 3371 1624 3421 ut
1641 3382 1884 3437 regnum

229 3453 521 3508 ccelorum
542 3453 992 3509 desiderandum
1018 3454 1211 3526 potius
1231 3456 1597 3526 panderetur.
1618 3454 1701 3510 Illi
1724 3471 1888 3527 reges

231 3542 423 3598 bella8
440 3547 773 3613 gesserunt,
798 3547 861 3597 ut
882 3543 1027 3599 tales
1054 3559 1283 3615 quoque
1302 3544 1570 3599 victorias
1587 3548 1891 3616 appareret

233 3632 327 3687 Dei
358 3631 665 3685 voluntate
687 3631 945 3701 praestari
963 3648 975 3686 :
992 3631 1092 3687 isti
1114 3649 1227 3687 non
1254 3633 1576 3687 resistendo
1602 3632 1888 3688 interfecti

230 3726 396 3786 sunt,
432 3725 497 3775 ut
530 3720 812 3791 potiorem
842 3738 969 3776 esse
1000 3722 1273 3776 docerent
1301 3722 1600 3777 victoriam
1642 3738 1745 3792 pro
1776 3722 1890 3776 fide

227 3812 347 3866 veri
360 3809 497 3865 tatis
510 3809 717 3865 occidi.
732 3808 1077 3882 Quanquam
1097 3816 1155 3866 et
1172 3809 1291 3865 illic
1305 3810 1599 3881 Prophetas
1614 3815 1893 3865 noverant

229 3899 387 3955 mori
411 3916 516 3971 pro
551 3899 810 3967 veritate,
842 3899 998 3955 sicut
1029 3902 1153 3971 ipse
1189 3899 1466 3955 Dominus
1497 3898 1657 3967 dicit,
1693 3900 1733 3953 A
1766 3915 1893 3954 san-

226 3992 403 4062 guine
420 3990 554 4046 Abel
571 4005 743 4062 usque
761 3990 831 4045 ad
852 3990 1178 4061 sanguinem
1199 3989 1485 4045 Zachariae
1502 3990 1706 4060 (Matth.
1728 4005 1889 4053 XXIII,

229 4081 321 4151 35)
355 4096 367 4133 :
393 4084 451 4135 et
483 4079 575 4133 hic
601 4084 983 4150 posteaquam
1008 4078 1217 4151 cmpit‘
1240 4076 1491 4150 impleri,
1519 4078 1673 4149 quod
1701 4078 1809 4132 sub
1834 4078 1895 4131 Ii-

228 4185 381 4241 gura
424 4168 723 4223 Salmonis
770 4169 895 4239 (qui
930 4168 1108 4223 latine
1140 4160 1556 4239 intei'pretatur
1587 4166 1893 4237 Pacificus)

237 4258 308 4313 de
332 4257 590 4313 Domino
613 4257 841 4313 Christo
864 4256 1011 4328 (ipse
1033 4261 1122 4311 est
1141 4258 1296 4311 enim
1322 4273 1433 4328 pax
1453 4262 1654 4311 nostra
1674 4255 1890 4326 (Ephes.

234 4364 300 4414 11,
329 4348 420 4417 14)
445 4346 506 4400 in
540 4346 771 4401 Psalmo
793 4346 1205 4418 prepbetatum
1228 4349 1337 4415 est,
1361 4346 1427 4400 Et
1450 4345 1751 4400 adorabunt
1771 4361 1896 4399 eum

236 4452 429 4491 omnes
461 4450 615 4506 reges
642 4438 829 4503 terra},
882 4451 1068 4492 omnes
1113 4442 1294 4505 gentes
1336 4436 1575 4488 servient
1604 4435 1695 4488 illi
1721 4434 1891 4505 (Psal.

240 4541 395 4591 um,
418 4525 508 4594 11)
528 4542 542 4593 ;
565 4523 871 4579 christiani
890 4539 1121 4595 quoque
1147 4522 1527 4592 imperatores
1553 4520 1784 4591 plenam
1798 4537 1894 4593 ge-

239 4619 437 4670 rentes
463 4612 739 4668 ﬁduciam
764 4612 994 4684 pietatis
1014 4611 1073 4666 in
1092 4610 1342 4674 Christo,
1364 4610 1435 4664 de
1453 4609 1709 4665 inimicis
1727 4606 1898 4665 sacri-

240 4703 413 4774 legis,
451 4718 551 4774 qiu
583 4719 743 4774 spem
772 4719 941 4757 suam
978 4702 1032 4755 in
1059 4698 1447 4755 sacramentis
1471 4698 1759 4754 idolorum
1784 4700 1896 4753 daa-

244 4808 614 4863 mouumque
664 4795 1000 4862 posuerant,
1060 4788 1550 4862 gloriosissimam
1595 4787 1897 4843 victoriam

240 4885 672 4951 perceperunt;
708 4896 843 4935 cum
885 4878 1275 4951 apertissimis
1320 4876 1767 4949 notissimisque
1796 4877 1899 4932 do-

245 4970 566 5035 cumentis,
601 4973 657 5023 et
687 4968 903 5040 quibus
932 4966 1196 5022 nonnulli
1227 4968 1348 5036 jam
1373 4966 1655 5036 scriptum
1680 4982 1900 5022 memo-

247 5057 353 5113 riae
383 5058 892 5127 commendarunt,
931 5056 1060 5111 illos
1094 5055 1360 5111 fallerent
1386 5054 1659 5109 vaticinia
1690 5056 1899 5111 deamo-

247 5147 508 5214 niorum,
542 5148 651 5202 bos
681 5145 985 5201 ﬁrmarent
1014 5145 1291 5217 praedicta
1324 5148 1682 5198 sanctorum.

322 5235 559 5293 CAPUT
576 5235 841 5292 LXXVII.
856 5235 992 5290 —Si
1011 5238 1206 5289 autem
1224 5233 1332 5287 hoc
1356 5232 1573 5288 mirum
1595 5232 1726 5289 istis
1739 5233 1901 5290 vanis

319 5426 335 5457 ι
370 5423 624 5473 Nonnulli
656 5423 884 5482 codices,
918 5422 1039 5487 quia
1066 5421 1197 5487 iam.

315 5488 339 5519 ²
368 5488 481 5536 Am.
514 5488 593 5535 Er.
629 5491 681 5536 et
708 5480 1074 5537 Cisterciensis'
1101 5483 1289 5538 codex,
1320 5480 1529 5529 relevat.

308 5548 332 5582 ⁸
366 5549 476 5598 Am.
510 5554 561 5599 et
585 5550 693 5609 En,
731 5549 816 5597 Illi
838 5550 951 5612 regi
982 5546 1135 5597 bella.
1172 5543 1431 5595 Nonnulli
1452 5545 1595 5603 Mss.,
1620 5544 1703 5593 Illi
1723 5560 1900 5610 regum

252 5609 530 5724 betagditio
559 5674 705 5734 Lov.,
738 5674 1043 5734 Quanquam
1072 5675 1121 5724 el
1151 5670 1299 5720 illi
1330 5670 1393 5720 Et
1421 5668 1535 5718 ideo
1551 5671 1726 5733 postea
1745 5684 1900 5734 quam

242 5735 416 5799 carpit.
445 5737 743 5802 Castigatur
772 5750 838 5789 ex
875 5735 1002 5788 Mss.

1288 368 1520 431 LIBER
1566 369 1993 431 VIGESIMUS
2041 370 2480 432 SECUNDUS.

3473 371 3597 433 450

1944 501 2190 567 videtur,
2215 504 2367 573 quod
2390 504 2545 557 aliud
2570 506 2711 558 tunc
2736 508 2884 558 Deus
2916 505 3185 576 praecepit
3226 505 3597 576 dispensato-

1946 590 2110 645 ribus
2134 592 2355 646 Veteris
2382 594 2736 648 'l‘cstamenti
2764 594 2861 647 ubi
2887 594 3021 648 Novi
3048 594 3235 665 gratia
3268 594 3593 664 velabatur,

1948 679 2100 735 aliud
2125 682 2600 752 praedicatoribus
2616 683 3124 738 NoviTestamenli
3147 686 3241 738 ubi
3258 684 3480 741 Veteris
3501 688 3596 740 ob~

1951 770 2200 825 scuritas
2226 770 2532 838 reveletur,
2556 771 2860 825 attendant
2881 772 3073 840 ipsum
3102 772 3411 828 Dominum
3438 774 3597 829 Chri-

1951 864 2110 914 stum
2145 865 2467 914 mutantem
2514 877 2639 930 quae
2682 861 2926 928 dixerat,
2961 866 3019 915 et
3068 861 3226 916 aliud
3259 863 3552 919 dicentem
3581 881 3594 921 :

1954 950 2177 1017 Quando
2197 950 2327 1004 misi
2348 966 2454 1018 vos,
2482 950 2691 1020 inquit,
2717 952 2835 1004 sine
2848 952 3063 1006 saeculo
3089 961 3138 1007 et
3158 969 3292 1022 pera
3312 958 3361 1009 et
3385 956 3599 1009 calcea-

1952 1040 2173 1107 mentis,
2198 1039 2469 1110 numquid
2492 1039 2653 1094 aliud
2673 1039 2847 1109 defuit
2880 1041 3027 1095 vobis
3047 1045 3071 1094 ἒ)
3113 1044 3179 1096 At
3199 1044 3289 1097 illi
3307 1044 3601 1112 dixerunt,

1955 1128 2135 1183 Nihil.
2170 1130 2313 1182 Dicil
2358 1145 2486 1196 ergo
2515 1131 2593 1182 eis
2615 1147 2632 1182 :
2684 1127 2784 1183 Sed
2813 1146 2957 1184 nunc
2986 1132 3081 1201 qui
3110 1132 3270 1186 habet
3302 1135 3604 1203 sacculum,

1958 1218 2132 1282 tollat,
2163 1219 2424 1272 similiter
2442 1225 2493 1272 et
2512 1233 2701 1287 peram
2721 1234 2741 1279 ;
2765 1225 2816 1272 et
2836 1221 2932 1287 qui
2952 1235 3062 1273 non
3084 1218 3271 1287 habet,
3296 1222 3498 1278 vendat
3517 1230 3603 1277 tu-

1956 1309 2140 1362 nicam
2154 1323 2331 1376 suam,
2356 1311 2404 1362 et
2425 1311 2569 1362 emat
2588 1308 2857 1376 gladium.
2888 1306 2985 1362 Isti
3010 1314 3160 1362 certe
3180 1310 3225 1363 si
3246 1310 3359 1364 ista
3376 1311 3605 1367 diversa

1958 1396 2018 1451 in
2039 1398 2425 1451 Testamentis
2448 1396 2698 1466 singulis
2722 1397 3065 1461 invenirent,
3102 1398 3305 1453 Vetere
3335 1404 3391 1454 et
3422 1401 3601 1464 Novo,

1960 1486 2134 1541 etiam
2167 1503 2235 1540 ex
2266 1486 2374 1540 hoc
2405 1485 2745 1550 clamarent,
2780 1485 2894 1540 duo
2924 1487 3035 1541 sibi
3077 1489 3449 1544 Testamenta
3475 1506 3605 1546 esse

1962 1576 2271 1629 contraria.
2298 1574 2445 1641 Quid
2470 1592 2606 1646 ergo
2630 1590 2784 1628 nunc
2808 1578 3266 1645 respondebunt,
3292 1579 3603 1635 cumidem

1962 1664 2086 1736 ipse
2109 1665 2461 1731 dicit,Antea
2488 1666 2616 1719 misi
2636 1682 2727 1723 vos
2743 1666 2862 1722 sine
2881 1667 3095 1721 sacculo
3110 1676 3157 1720 et
3177 1683 3312 1735 pera
3336 1676 3385 1721 et
3406 1670 3609 1723 calcea-

1963 1754 2184 1815 mentis,
2215 1757 2271 1805 et
2302 1751 2444 1805 nihil
2481 1755 2628 1807 vobis
2658 1756 2876 1822 defuit:
2917 1770 3065 1809 nunc
3099 1760 3292 1809 autem
3323 1760 3422 1827 qui
3453 1757 3612 1811 habet

1964 1841 2270 1905 sacculum,
2298 1843 2473 1909 tollat,
2500 1844 2764 1897 similiter
2787 1852 2838 1897 et
2858 1860 3078 1913 peram;
3101 1848 3152 1899 et
3173 1846 3440 1915 quihubet
3467 1847 3615 1901 tuni-

1966 1947 2108 1998 cam,
2128 1930 2325 1985 vendat
2338 1940 2386 1985 et
2400 1932 3057 2001 enzatgladiumﬂamne
3073 1932 3622 2007 intelliguntquem-

1970 2021 2284 2075 admodum
2318 2019 2481 2074 nulla
2512 2019 2906 2075 inconstantia
2946 2022 3356 2093 praecipientis,
3390 2024 3489 2079 sed
3522 2040 3613 2079 ra-

1973 2109 2125 2165 tione
2158 2108 2574 2179 dispensantis,
2611 2127 2711 2179 pro
2740 2115 3065 2181 temporum
3090 2110 3442 2179 diversitate,
3470 2129 3612 2183 prae-

1972 2203 2158 2270 cepta,
2184 2198 2270 2252 vel
2294 2197 2558 2263 consilia,
2585 2199 2668 2253 vel
2694 2200 2980 2269 permissa
3010 2205 3309 2254 mutentur
3329 2202 3356 2255 εἶ
3387 2202 3531 2255 Nam
3567 2201 3616 2257 si

1974 2288 2176 2343 dicunt
2196 2287 2335 2342 certi
2361 2288 2619 2359 mysterii
2644 2288 2829 2359 gratia
2852 2288 2957 2343 hoc
2990 2289 3058 2343 de
3090 2288 3345 2343 tollendo
3378 2288 3611 2345 sacculo

1974 2384 2030 2433 et
2058 2392 2193 2448 pera
2226 2382 2280 2431 et
2309 2378 2555 2431 emendo
2586 2377 2778 2448 gladio
2818 2377 3079 2432 locutum
3131 2378 3330 2442 fuisse,
3366 2386 3618 2433 cur'non

1977 2465 2449 2519 admittuntcerti
2470 2465 2722 2536 mysterii
2743 2466 2929 2537 gratia
2946 2467 3215 2520 eumdem
3238 2484 3419 2521 unum
3440 2467 3621 2521 Deum

1977 2560 2118 2609 tunc
2142 2554 2459 2625 Prophetas
2482 2570 2677 2626 gerere
2698 2554 3126 2625 bellajussisse,
3150 2573 3303 2611 nunc
3316 2555 3623 2627 Apostolus

1980 2643 2396 2716 prohibuisse?
2425 2643 2622 2713 Neque
2652 2645 2807 2698 enim
2840 2644 2895 2697 in
2929 2661 2993 2698 eo
3027 2646 3181 2716 quod
3214 2662 3280 2699 ex
3314 2644 3620 2716 Evangelio

1979 2733 2588 2797 commemoravimus,
2621 2733 2793 2786 verba
2821 2738 3047 2787 tantum
3084 2734 3313 2788 Domini
3350 2736 3622 2788 fuerunt:

1982 2823 2081 2877 sed
2098 2826 2153 2876 et
2164 2823 2693 2891 obtemperantium
2706 2839 2933 2893 quoque
2947 2822 3302 2894 discipuloru
3314 2841 3365 2877 m
3386 2825 3534 2879 facta
3547 2839 3632 2879 se-

1984 2916 2117 2967 cuta
2135 2916 2293 2966 sunt.
2316 2911 2461 2966 Nam
2482 2915 2539 2966 et
2554 2917 2693 2966 tunc
2710 2912 2834 2966 sine
2852 2912 3083 2967 sacculo
3102 2918 3157 2967 et
3180 2929 3316 2983 pera
3333 2913 3547 2978 ierunt,
3572 2917 3633 2968 et

1985 3000 2131 3055 nihil
2150 3000 2234 3054 eis
2252 3000 2466 3066 deluit;
2491 3000 2641 3055 sicut
2657 3000 2785 3070 ejus
2810 3001 3188 3071 interrogatio
3211 3004 3267 3055 et
3286 3018 3485 3056 eorum
3508 3018 3632 3056 res-

1986 3089 2192 3162 ponsio
2214 3087 2623 3155 declaravit,Et
2646 3106 2802 3143 nunc
2820 3089 3090 3143 dixerunt
3107 3089 3179 3157 ei,
3200 3106 3330 3144 cum
3353 3091 3421 3145 de
3439 3089 3633 3161 gladio

1988 3179 2233 3233 emendo
2257 3178 2558 3249 jussisset,
2612 3181 2754 3233 Ecce
2798 3185 2927 3232 sunt
2971 3179 3059 3233 hic
3086 3179 3189 3233 duo
3219 3178 3413 3249 gladii.
3450 3179 3516 3232 Et
3547 3177 3633 3233 illi

1991 3268 2309 3338 respondit,
2336 3267 2574 3338 Sufﬁcit.
2598 3267 2741 3322 Hinc
2763 3273 2820 3322 et
2836 3272 3045 3322 Petrus
3068 3274 3330 3323 armatus
3361 3268 3633 3323 inventus

1990 3362 2249 3422 est,cum
2266 3373 2463 3410 aurem
2488 3356 2872 3427 persecutoris
2890 3357 3167 3411 abscidit:
3195 3357 3289 3411 ubi
3311 3361 3636 3427 spontanee

1992 3445 2119 3515 ejus
2165 3450 2463 3500 coercetur
2512 3444 2753 3499 audacia
2798 3445 2946 3515 (Luc.
2995 3462 3135 3509 XXII,
3167 3446 3257 3510 35,
3291 3446 3379 3513 36,
3412 3446 3503 3510 38,
3535 3445 3630 3510 50,

1990 3534 2081 3605 51)
2108 3551 2121 3600 ;
2172 3534 2311 3605 quia
2357 3550 2470 3595 non
2500 3538 2563 3587 ut
2586 3534 2794 3603 jussus
2828 3534 3017 3588 fuerat
3048 3534 3265 3588 ferrum
3300 3533 3523 3598 tollere,
3555 3532 3639 3587 ita

1985 3623 2190 3694 jussus
2217 3623 2406 3676 fuerat
2427 3627 2483 3676 et
2505 3622 2690 3676 ferire.
2720 3623 2962 3676 Latebat
2992 3626 3144 3677 certe
3180 3621 3405 3676 Domini
3436 3621 3641 3675 volun-

1995 3718 2103 3777 tas,
2138 3728 2243 3766 cur
2271 3727 2433 3765 arma
2482 3711 2697 3782 portari
2744 3702 3138 3782 praacepisset,
3185 3711 3400 3781 quibus
3430 3727 3528 3764 eos
3556 3709 3640 3764 uti

1995 3800 2300 3856 noluisset.
2334 3804 2750 3854 Verumtamen
2782 3799 2851 3854 ad
2888 3800 3051 3854 illum
3084 3815 3217 3853 cum
3254 3798 3473 3853 ratione
3497 3816 3639 3869 pra:-

1995 3890 2205 3961 cipere,
2231 3890 2300 3944 ad
2333 3889 2475 3944 istos
2504 3892 2697 3943 autem
2747 3889 2872 3943 sine
2917 3888 3324 3944 retractatione
3356 3892 3642 3961 praecepta

1995 3980 2183 4034 facere
2212 3977 2560 4050 pertinebat.

2067 4123 2300 4182 CAPUT
2317 4122 3062 4179 LXXVIII.——Calumniosa
3080 4140 3212 4195 ergo
3229 4121 3648 4194 imperitiaMo-

1995 4232 2127 4288 yses
2153 4213 2596 4285 reprehenditur
2618 4213 2768 4283 quod
2814 4212 2965 4267 bella
3009 4213 3277 4283 gesserit,
3310 4214 3407 4284 qui
3444 4214 3643 4268 minus

1998 4303 2341 4376 reprehendi
2362 4302 2581 4367 debuit,
2604 4302 2652 4357 si
2667 4319 2773 4356 sua
2791 4306 2998 4373 sponte
3012 4308 3254 4374 gereret,
3272 4320 3448 4373 quam
3463 4304 3510 4357 si
3532 4304 3645 4358 Deo

1990 4395 2233 4465 jubente
2254 4408 2369 4446 non
2400 4393 2657 4462 gereret:
2693 4389 2885 4460 ipsum
2912 4407 3045 4445 vero
3078 4397 3281 4461 Deum,
3314 4392 3470 4462 quod
3502 4388 3645 4445 talia

1990 4481 2256 4553 jusserit,
2290 4480 2501 4534 audere
2534 4478 2973 4550 reprehendere,
3007 4478 3093 4533 vel
3127 4480 3308 4534 Deum
3334 4481 3567 4549 justum
3590 4481 3649 4534 et

2000 4571 2219 4624 bonum
2236 4568 2583 4638 taliajubere
2598 4567 2857 4637 potuisse
2873 4584 2986 4621 non
3003 4568 3523 4634 credere,hominis
3537 4572 3645 4635 est,

2000 4664 2066 4713 ut
2084 4658 2283 4713 mitius
2304 4658 2531 4727 loquar,
2550 4656 2803 4726 cogitare
2827 4673 2938 4710 non
2964 4656 3208 4712 valentis
3232 4657 3435 4712 divinas
3462 4654 3646 4728 provi-

2001 4747 2207 4802 dentiae
2226 4764 2327 4817 per
2344 4763 2409 4800 cu
2422 4750 2551 4800 ncta
2564 4761 2798 4799 summa
2816 4750 2987 4815 atque
3006 4747 3123 4801 ima
3141 4747 3402 4802 tendenti
3423 4762 3526 4801 nec
3543 4761 3646 4799 no-

2000 4851 2135 4889 vum
2161 4850 2286 4888 esse
2308 4834 2463 4903 quod
2490 4832 2694 4899 oritur,
2720 4850 2825 4889 nec
2849 4835 3035 4905 perire
3058 4835 3211 4906 quod
3238 4835 3515 4900 moritur;
3548 4831 3650 4887 sed

2002 4924 2059 4978 in
2091 4940 2196 4978 suo
2228 4921 2460 4993 singula
2490 4938 2733 4993 qumque
2766 4924 2969 4979 ordine
3002 4924 3120 4979 sive
3152 4930 3494 4979 naturarum
3532 4919 3654 4975 sive

2003 5012 2346 5067 meritorum
2376 5009 2463 5066 vel
2494 5011 2744 5077 credere,
2778 5012 2865 5067 vel
2898 5015 3228 5081 succedere,
3260 5013 3344 5066 vel
3377 5024 3649 5065 manere:

2005 5102 2312 5156 hominum
2339 5105 2533 5155 autem
2559 5104 2775 5155 rectam
2795 5102 3150 5157 voluntatem
3170 5101 3376 5154 divinae
3398 5097 3507 5169 legi
3523 5113 3654 5152 con-

1996 5191 2191 5262 jungi,
2215 5188 2608 5244 inordinatam
2631 5206 2763 5245 vero
2781 5190 3156 5261 cupiditatem
3176 5189 3380 5243 divinae
3402 5187 3547 5259 legis
3566 5203 3655 5241 or-

2006 5281 2141 5336 dine
2162 5279 2410 5335 coerceri
2439 5304 2453 5345 ;
2481 5282 2669 5332 utnec
2700 5278 2888 5334 bonus
2916 5278 3071 5333 aliud
3105 5295 3281 5349 quam
3314 5277 3654 5348 praecipitur

2004 5369 2159 5437 velit,
2185 5386 2288 5423 nec
2312 5367 2502 5423 malus
2522 5366 2776 5438 amplius
2792 5384 2965 5437 quam
2985 5367 3343 5439 permittitur
3362 5365 3657 5438 possit;ita

2008 5474 2168 5524 sane,
2192 5462 2258 5513 ut
2280 5475 2393 5513 non
2415 5456 2655 5527 impune
2677 5458 2857 5527 possit
2878 5457 3031 5527 quod
3056 5457 3270 5526 injuste
3286 5455 3558 5512 voluerit.
3577 5456 3657 5509 Ac

2009 5565 2110 5621 per
2130 5549 2238 5603 hoc
2266 5547 2325 5601 in
2358 5546 2631 5601 omnibus
2663 5560 2790 5614 quae
2824 5544 3081 5599 humana
3110 5546 3423 5601 inﬁrmitas
3454 5546 3657 5600 horret

2006 5642 2107 5693 aut
2126 5639 2312 5703 timet,
2336 5635 2459 5691 sola
2480 5631 2793 5705 iniquitasj
2807 5650 2907 5689 ure
2926 5635 3268 5690 damnatur:
3286 5641 3492 5691 caetera
3512 5636 3658 5691 sunt

2005 5726 2093 5783 vel
2111 5726 2332 5783 tributa
2348 5726 2711 5793 naturarum,
2734 5723 2821 5780 vel
2846 5724 3056 5783 merita
3077 5725 3401 5799 culparum.
3431 5724 3521 5780 Fit
3551 5737 3653 5778 au-
