4000 6178
400 388 513 444 451

408 522 525 572 tem
552 515 724 569 homo
750 514 1009 584 iniquus,
1036 530 1165 567 cum
1193 516 1426 583 propter
1457 528 1517 565 se
1551 511 1705 581 ipsas
1734 508 1925 579 diligit
1956 525 2045 562 res

406 608 643 676 propter
672 602 827 657 aliud
862 602 1273 667 assumendae,
1307 605 1363 654 et
1396 604 1628 671 propter
1650 597 1804 653 aliud
1830 598 2052 669 appetit

406 710 497 747 res
526 696 758 764 propter
784 706 845 746 se
878 690 1035 760 ipsas
1071 689 1416 760 z'iiligendas.
1444 689 1538 743 Sic
1560 687 1736 755 enim,
1762 691 2048 757 quantum

402 784 460 836 in
478 782 603 852 ipso
623 784 730 843 est,
752 780 1052 851 perturbat
1072 780 1125 833 in
1147 796 1207 833 se
1226 779 1487 833 ordinem
1510 775 1857 843 naturalem,
1874 792 2047 847 quem

401 871 494 925 lex
515 875 726 924 aaterna
749 869 1074 923 conservari
1094 868 1286 939 jubet,
1312 867 1399 921 Fit
1423 872 1618 921 autem
1642 865 2046 935 homojustus,

403 976 532 1013 eum
559 960 630 1013 ob
651 958 807 1013 aliud
830 976 941 1013 non
963 959 1181 1029 appetit
1199 957 1370 1011 rebus
1390 956 1495 1020 uti,
1517 955 1625 1010 nisi
1647 956 2047 1026 propterquod

402 1049 681 1104 divinitus
706 1048 984 1102 institutae
1008 1046 1316 1117 sunt;ipso
1342 1050 1533 1100 autem
1553 1045 1667 1099 Deo
1688 1044 1799 1098 frui
1818 1049 2051 1114 propter

399 1138 617 1209 ipsum,
644 1153 823 1207 seque
846 1141 903 1191 et
930 1135 1115 1190 amico
1140 1135 1195 1188 in
1220 1135 1346 1205 ipso
1370 1139 1482 1189 Deo
1513 1138 1747 1205 propter
1777 1133 2047 1187 eumdem

399 1227 596 1298 ipsum
624 1230 823 1280 Deum.
850 1229 1093 1295 Propter
1112 1229 1286 1279 Deum
1305 1222 1459 1277 enim
1479 1226 1635 1276 amat
1653 1221 1927 1286 amicum,
1947 1221 2046 1293 qui

400 1314 499 1370 Dei
518 1332 773 1371 amorem
794 1314 1022 1369 amatin
1039 1314 1243 1368 amico.
1267 1312 1393 1367 Sive
1412 1315 1603 1366 autem
1619 1310 1917 1381 iniquitas,
1934 1311 2049 1365 sive

395 1403 651 1476 justitia,
686 1403 800 1457 nisi
832 1407 985 1458 esset
1015 1403 1073 1456 in
1118 1401 1431 1467 voluntate,
1467 1417 1579 1455 non
1612 1404 1766 1455 esset
1800 1400 1855 1453 in
1891 1404 2047 1470 pote—

403 1498 569 1547 state.
607 1493 781 1547 Porro
814 1491 863 1547 si
898 1492 954 1545 in
989 1496 1275 1563 potestate
1308 1507 1420 1544 non
1453 1495 1625 1557 esset,
1662 1488 1885 1543 nullum
1914 1506 2052 1559 prea-

402 1582 608 1650 mium,
644 1581 806 1636 nulla
857 1598 1024 1651 pcena
1064 1581 1224 1650 justa
1265 1584 1452 1634 esset:
1487 1578 1640 1648 quod
1676 1594 1845 1631 nemo
1877 1577 2047 1648 sapit,

404 1672 513 1725 nisi
550 1670 649 1741 qui
683 1670 916 1742 desipit.
978 1669 1311 1741 Ignorantia
1360 1685 1492 1721 vero
1532 1672 1588 1721 et
1620 1666 1954 1734 inﬁrmitas,
1984 1671 2050 1720 ut

402 1759 487 1815 vel
523 1760 743 1815 nesciat
776 1759 950 1813 homo
984 1758 1121 1829 quid
1174 1757 1320 1812 velle
1357 1758 1582 1821 debeat,
1616 1755 1703 1809 vel
1737 1774 1850 1811 non
1879 1773 2050 1811 omne

406 1851 559 1921 quod
584 1848 828 1904 voluerit
852 1848 1056 1919 possit,
1082 1865 1148 1902 ex
1168 1846 1391 1901 occulto
1418 1862 1717 1917 pcenarum
1740 1847 1939 1899 ordine
1956 1861 2049 1900 ve-

408 1940 510 1995 nit.
547 1943 601 1993 et
634 1938 749 1992 illis
782 1936 1264 1991 inscrutabilibus
1287 1936 1528 2005 judiciis
1552 1935 1672 1998 Dei,
1697 1935 1845 2005 apud
1873 1950 2046 2005 quem

409 2045 520 2081 non
554 2031 641 2081 est
671 2025 948 2096 iniquitas
980 2027 1149 2089 (Rom.
1188 2042 1263 2087 1x,
1299 2025 1406 2095 14).
1440 2023 1739 2078 Proditum
1772 2028 1861 2077 est
1891 2023 2047 2077 enim

406 2113 573 2168 nobis
599 2118 897 2183 peccatum
923 2112 1106 2165 Adam
1142 2110 1293 2165 ﬁdeli
1327 2110 1557 2181 eloquio
1590 2110 1687 2165 Dei
1717 2128 1729 2177 ;
1755 2117 1808 2163 et
1831 2110 1966 2180 quia
1988 2110 2048 2165 in

408 2203 506 2257 illo
529 2218 730 2257 omnes
751 2201 1101 2267 moriuntur,
1122 2205 1175 2253 et
1193 2199 1329 2271 quia
1346 2216 1446 2269 per
1464 2198 1625 2253 illum
1646 2204 1945 2270 peccatum
1965 2198 2048 2253 in-

407 2290 579 2346 travit
602 2290 657 2343 in
682 2289 837 2343 hunc
861 2289 1168 2357 mundum,
1192 2294 1249 2342 et
1272 2304 1372 2358 per
1406 2294 1703 2358 peccatum
1737 2304 1914 2356 mors,
1948 2305 2047 2342 ve-

405 2380 614 2435 raciter
643 2379 926 2449 scriptum
958 2382 1047 2433 est
1075 2377 1173 2445 (Ill.
1210 2394 1264 2441 v,
1300 2377 1511 2448 12-19).
1569 2378 1636 2431 Et
1675 2381 1811 2446 quia
1840 2394 1906 2431 ex
1939 2376 2046 2431 hac

406 2486 575 2542 pmua
599 2485 809 2537 corpus
823 2466 1184 2537 corrumpitu
1197 2471 1282 2520 ret
1298 2472 1573 2537 aggravet
1588 2465 1866 2530 animam,
1886 2472 1942 2520 et
1955 2467 2047 2520 de-

408 2556 609 2629 primit
640 2566 867 2610 terrena
900 2555 1179 2609 habitatio
1211 2570 1447 2609 sensum
1483 2554 1669 2608 multa
1696 2554 2043 2624 cogitantem

408 2646 556 2718 (Sap.
588 2662 663 2712 ix,
689 2646 797 2710 15),
821 2645 1193 2699 verissimum
1219 2644 1502 2714 nobisque
1528 2644 1897 2698 notissimum
1923 2648 2041 2699 est:

404 2741 461 2790 et
484 2735 617 2806 quia
639 2736 708 2788 de
731 2733 835 2787 hac
857 2735 1019 2805 justa
1044 2750 1211 2804 poena
1228 2750 1340 2787 non
1363 2732 1691 2787 liberatnisi
1718 2734 2045 2789 misericors

403 2824 611 2897 gratia,
644 2830 869 2878 certum
902 2827 1007 2877 est.
1044 2823 1111 2876 Et
1143 2822 1275 2876 hinc
1308 2822 1618 2894 Apostolus
1641 2824 2046 2894 gemebundus

404 2916 725 2968 exclamat:
762 2913 966 2982 Infelix
1009 2928 1108 2979 ego
1156 2917 1315 2966 homo
1338 2917 1355 2965 !
1402 2912 1524 2981 quis
1573 2928 1655 2965 me
1696 2913 1955 2967 liberabit
1981 2914 2047 2968 de

404 3018 623 3072 corpore
644 3004 835 3055 mortis
857 3002 1022 3071 hujus
1047 3003 1279 3055 f’Gratia
1308 3000 1406 3053 Dei
1433 3017 1534 3069 per
1555 3001 1737 3055 Iesum
1769 3001 2046 3055 Christum

404 3092 697 3144 Dominum
752 3094 994 3146 nostrum
1053 3090 1232 3160 (Rom.
1292 3105 1371 3141 V11
1409 3089 1501 3153 24,
1535 3089 1642 3158 25).
1673 3089 1780 3143 Sed
1811 3106 1936 3160 qua:
1969 3090 2045 3144 sit

404 3178 738 3233 distributio
754 3178 1075 3248 judicantis
1099 3183 1154 3233 et
1179 3177 1506 3232 miserentis
1525 3179 1637 3243 Dei,
1655 3177 1920 3233 curalius
1939 3179 2041 3245 sic,

408 3267 559 3323 alius
581 3270 773 3322 autem
796 3267 906 3333 sic;
932 3265 1175 3321 occultis
1200 3266 1263 3319 ﬁt
1284 3265 1677 3336 causis,justis
1698 3268 2043 3322 tamen.Non

401 3364 598 3412 tamen
630 3357 756 3410 ideo
782 3356 1074 3411 nescimus
1097 3356 1293 3409 omnia
1313 3355 1664 3425 istajudicio
1688 3361 1787 3410 aut
1818 3356 2043 3410 miseri-

405 3445 602 3501 cordia
652 3444 745 3499 Dei
782 3444 928 3513 ﬁeri,
958 3443 1090 3498 licet
1120 3444 1175 3497 in
1209 3445 1404 3498 abdito
1433 3443 1635 3515 positis
1668 3445 1959 3499 mensuris
1989 3449 2047 3499 et

409 3534 668 3588 numeris
693 3538 748 3587 et
770 3533 1997 3604 ponderibus,quibusomniadisponuntur
2014 3551 2047 3588 a

406 3624 519 3679 Deo
542 3628 798 3678 creatore
825 3623 1087 3677 omnium
1111 3640 1239 3693 qua:
1264 3622 1605 3677 naturaliter
1625 3628 1762 3676 sunt
1784 3624 1930 3695 (Καρ.
1966 3640 2045 3690 x1,

402 3713 527 3783 2-1);
556 3728 659 3767 nec
682 3717 937 3778 auctore,
963 3712 1062 3766 sed
1087 3718 1281 3766 tamen
1306 3712 1635 3766 ordinatore
1658 3712 1832 3767 etiam
1853 3728 2047 3781 pecea—

408 3807 597 3856 torum
626 3820 639 3867 ;
674 3806 737 3856 ut
768 3819 834 3856 ea
865 3818 987 3870 qua:
1022 3806 1255 3871 peccata
1288 3819 1400 3855 non
1453 3805 1669 3866 essent,
1706 3801 1814 3856 nisi
1850 3808 2047 3857 contra

405 3896 678 3945 naturam
696 3896 913 3955 essent,
928 3890 1429 3960 sicjudicenturet
1448 3889 1810 3959 ordinentur,
1829 3908 1897 3945 ne
1916 3890 2047 3945 uni-

402 3978 695 4033 versitatis
721 3984 989 4032 naturam
1009 3979 1243 4032 turbare
1260 3978 1343 4032 vel
1361 3983 1593 4048 turpare
1610 3980 2045 4049 permittuntur,

402 4066 743 4121 meritorum
771 4082 1034 4135 suorum,
1062 4065 1203 4120 locis
1223 4070 1277 4120 et
1301 4065 1731 4121 conditionibus
1748 4068 2043 4139 deputata.

402 4157 537 4220 Quae
562 4171 691 4208 cum
720 4154 801 4208 ita
824 4154 959 4220 sint,
984 4159 1193 4208 etcum
1219 4172 1319 4225 per
1343 4155 1448 4208 hoc
1481 4161 1765 4209 secretum
1794 4157 2044 4225 judicio-

405 4261 533 4299 rum
559 4242 657 4298 Dei
684 4248 994 4314 motusque
1018 4246 1406 4297 humanarum
1432 4245 1800 4298 voluntatum
1826 4246 2046 4300 eisdem

402 4332 887 4404 prosperitatibus
918 4332 1015 4386 alii
1041 4337 1511 4403 corrumpantur,
1538 4332 1630 4386 alii
1658 4338 2050 4405 temperanter

410 4426 688 4487 utantur;
732 4422 953 4477 eisdem
1004 4421 1458 4476 adversitatibus
1492 4419 1585 4475 alii
1623 4422 1915 4489 deliciant,
1949 4421 2045 4477 alii

403 4510 749 4581 proficiant;
786 4528 1037 4581 cumque
1070 4509 1197 4581 ipsa
1226 4510 1487 4565 humana
1518 4509 1901 4582 mortalisque
1932 4512 2049 4567 vita

402 4599 646 4653 tentatio
681 4600 757 4653 sit
788 4616 965 4670 super
1013 4605 1225 4655 terram
1265 4601 1397 4671 (Job.
1434 4616 1532 4664 VII,
1568 4600 1658 4670 1):
1696 4600 1829 4669 quis
1861 4600 2046 4655 homi-

405 4705 547 4744 num
565 4688 721 4742 novit
735 4688 825 4741 cui
860 4688 1154 4758 prositaut
1175 4688 1330 4742 obsit
1344 4686 1401 4741 in
1418 4704 1556 4758 pace
1572 4703 1813 4759 regnare
1825 4690 1911 4744 vel
1927 4707 2047 4745 ser-

401 4778 540 4847 vire,
575 4776 660 4831 vel
695 4792 913 4841 vacare,
948 4776 1032 4830 vel
1068 4776 1235 4842 mori,
1266 4777 1323 4830 in
1358 4776 1506 4831 bello
1539 4781 1730 4831 autem
1755 4776 1841 4831 vel
1866 4779 2048 4850 impe-

401 4883 551 4931 rare,
588 4863 671 4919 vel
708 4880 987 4935 pugnare,
1023 4863 1109 4917 vel
1141 4863 1389 4929 vincere,
1422 4862 1508 4917 vel
1532 4863 1714 4918 occidi
1740 4864 1920 4919 ?cum
1941 4865 2050 4921 hoc

399 4962 599 5010 tamen
659 4957 905 5015 constet,
957 4957 1012 5004 et
1064 4951 1155 5005 cui
1190 4951 1446 5022 prodest,
1482 4969 1595 5006 non
1629 4952 1739 5006 nisi
1775 4970 1877 5024 per
1906 4955 2049 5009 divi-

404 5062 545 5100 num
580 5044 858 5116 prodesse
891 5040 1237 5095 beneﬁcium
1266 5058 1282 5105 ;
1330 5044 1388 5095 et
1434 5041 1525 5096 cui
1572 5042 1756 5108 obest,
1791 5059 1904 5097 non
1939 5043 2050 5099 nisi

407 5152 508 5206 per
537 5135 798 5189 divinum
832 5132 1041 5187 obesse
1065 5129 1380 5199 judicium.

479 5277 712 5331 CAPUT
731 5274 962 5330 LXXIX.
991 5272 1219 5336 ——Quid
1246 5287 1380 5342 ergo
1405 5270 1702 5325 insilimus
1726 5272 1782 5326 in
1808 5279 2049 5329 temera-

409 5364 529 5416 rias
552 5364 1056 5433 reprehensiones,
1079 5366 1251 5432 atque
1276 5359 1500 5414 utinam
1516 5358 1843 5428 hominum,
1868 5368 2050 5420 etnon

404 5450 555 5505 Dei?
597 5453 909 5507 Servierint
950 5454 1386 5524 dispensatores
1419 5449 1643 5503 Veteris
1673 5450 2051 5520 Testamenti,

409 5538 705 5609 iidemque
726 5540 1209 5611 praenuntiatores
1232 5536 1371 5593 Novi
1395 5538 1771 5606 Testamenti,
1800 5548 2055 5611 peccato-

409 5643 502 5682 res
531 5627 845 5682 occideudo
872 5647 884 5694 ;
914 5628 1216 5684 servierint
1238 5628 1671 5700 dispensatores
1692 5627 1833 5683 Novi
1862 5631 2057 5688 Testa-

410 5714 611 5788 menti,
644 5714 934 5787 iidemque
965 5717 1319 5789 expositores
1360 5716 1584 5775 Veteris
1615 5716 1994 5791 Testamenti,
2025 5740 2058 5779 a

1160 382 1470 442 CONTRA
1518 376 1889 440 FAUS'I‘UM
1935 375 2455 447 MANI'CHJEUM,
2505 378 2569 435 S.
2616 375 3041 438 AUGUSTINI

3664 380 3771 440 452

2156 509 2556 580 peccatoribus
2580 508 2881 563 moriendo
2911 526 2921 562 :
2950 508 3063 562 Deo
3090 512 3277 563 tamen
3304 509 3398 563 uni
3424 509 3644 580 utrique
3666 529 3771 567 scr-

2153 598 2309 652 vieru
2322 603 2400 666 nt,
2428 614 2528 668 per
2542 598 2765 652 diversa
2782 602 2836 651 et
2858 613 3114 665 congrua
3131 603 3385 668 tempora
3400 599 3619 654 docenti
3640 601 3775 658 bona

2154 686 2497 757 temporalia
2510 691 2608 741 eta
2622 702 2684 741 se
2700 687 2949 757 petenda
2966 694 3022 740 et
3036 693 3269 756 propter
3281 704 3340 741 se
3354 691 3773 757 contemnenda,

2153 774 2450 830 molestias
2472 774 2844 845 temporales,
2866 783 2920 830 et
2943 793 2973 829 a
3000 791 3062 829 se
3086 791 3252 845 posse
3275 775 3351 828 im
3364 776 3572 845 peruri1
3593 781 3777 849 etpro-

2152 869 2279 935 pter
2300 881 2359 919 se
2382 865 2589 919 debere
2612 863 2868 918 tolerari.
2891 864 3040 929 Quid
3061 880 3197 934 ergo
3216 863 3441 918 crudele
3458 865 3777 936 Moysesaut

2153 953 2450 1008 mandavit
2480 957 2581 1008 aut
2603 953 2757 1021 fecit,
2794 969 2927 1008 cum
2960 952 3341 1008 commissum
3375 954 3483 1007 sibi
3516 954 3778 1025 populum

2153 1048 2353 1097 sancte
2374 1042 2567 1097 zelans
2591 1048 2647 1098 et
2671 1042 2771 1097 uni
2794 1059 2927 1098 vero
2947 1042 3061 1097 Deo
3077 1042 3403 1097 ’subditum
3426 1043 3677 1113 cupiens,
3693 1061 3778 1115 po-

2155 1136 2461 1203 steaquam
2478 1131 2829 1203 cognovitad
2862 1131 3264 1186 fabricandum
3299 1136 3356 1186 et
3385 1130 3684 1187 colendum
3706 1132 3777 1188 id-

2152 1218 2310 1275 olum
2331 1220 2643 1275 deﬂuxisse
2662 1225 3036 1291 mentemque
3056 1220 3411 1291 impudicam
3428 1220 3777 1290 prostituisse

2152 1310 2538 1380 daemonibus,
2564 1310 2621 1363 in
2642 1326 2860 1381 paucos
2880 1326 3082 1364 eorum
3100 1308 3401 1364 vindicans
3420 1308 3627 1381 gladio,
3647 1326 3776 1378 quos

2151 1397 2303 1453 Deus
2326 1398 2448 1469 ipse
2472 1416 2647 1469 quem
2681 1399 3065 1465 offenderant,
3098 1397 3212 1452 alto
3244 1401 3300 1452 et
3332 1403 3549 1453 secreto
3569 1398 3777 1467 judicio

2151 1487 2441 1542 feriendos
2463 1487 2743 1543 voluisset
2768 1504 2903 1543 mox
2925 1488 3095 1542 ferire
3110 1488 3151 1553 ³,
3177 1492 3231 1541 st
3258 1486 3314 1541 in
3350 1487 3614 1558 prazsenti
3638 1487 3779 1542 salu-

2152 1576 2336 1631 briter
2381 1577 2605 1647 terruit,
2638 1582 2693 1632 et
2726 1576 3097 1648 disciplinam
3130 1576 3187 1630 in
3232 1581 3530 1647 posterum
3561 1577 3780 1632 sanxit?

2151 1664 2295 1719 Nam
2319 1681 2452 1719 eum
2478 1664 2638 1720 nulla
2659 1666 3024 1729 crudelitate,
3045 1666 3143 1720 sed
3166 1682 3381 1738 magna
3403 1664 3700 1721 dilectione
3718 1666 3783 1721 fe-

2153 1753 2301 1808 cisse
2335 1755 2490 1824 quod
2522 1756 2678 1822 lecit,
2713 1757 2845 1825 quis
2879 1772 2994 1810 non
3026 1755 3082 1808 in
3114 1755 3308 1809 verbis
3330 1755 3457 1825 ejus
3480 1761 3784 1826 agnoscant

2153 1843 2375 1898 orantis
2406 1861 2510 1915 pro
2543 1849 2777 1915 peccato
2811 1861 3034 1911 eorum,
3070 1849 3127 1898 et
3156 1843 3443 1899 dicentis:
3480 1844 3539 1899 Si
3565 1845 3784 1901 dimittis

2151 1933 2271 1986 illis
2284 1938 2587 2003 peccalum,
2607 1934 2825 1988 dimitte
2844 1953 2867 1997 ;
2881 1935 2968 1988 sin
2991 1936 3200 2003 autem,
3225 1934 3347 1988 dele
3368 1950 3452 1989 me
3470 1933 3533 1989 de
3552 1934 3682 1989 libro
3704 1938 3784 1991 tuo

2151 2022 2346 2088 (Exod.
2381 2022 2603 2091 xxxu)?
2658 2026 3016 2094 Comparans
3072 2039 3208 2095 ergo
3257 2023 3663 2095 unusquisque
3700 2024 3783 2095 pio

2152 2112 2408 2181 prudens
2431 2111 2589 2165 illam
2615 2113 2827 2167 caedem
2854 2112 3076 2167 ethanc
3100 2128 3353 2183 precem,
3379 2112 3532 2166 videt
3548 2112 3781 2184 profecto

2150 2200 2540 2269 apertissime,
2567 2201 2721 2256 videt
2740 2206 3025 2272 quantum
3049 2203 3271 2256 malum
3294 2203 3372 2256 sit
3389 2202 3592 2256 animas
3612 2201 3783 2271 persi-

2150 2288 2756 2343 mulacradzemonum
2775 2291 3064 2347 fornicari.
3084 2291 3322 2361 quando
3337 2290 3780 2361 sicsaevitquisic

2150 2384 2324 2432 amat.
2363 2379 2454 2433 Sic
2490 2378 2656 2448 plane
2687 2384 2741 2432 et
2786 2379 3120 2450 Apostolus,
3174 2396 3288 2433 non
3333 2380 3658 2447 crudeliter,
3690 2379 3778 2434 sed

2150 2466 3037 2522 amabilitertradidithominem
3056 2473 3271 2522 satana:
3290 2469 3349 2522 in
3370 2469 3777 2523 interitumcar-

2149 2556 2261 2624 nis,
2287 2559 2349 2609 ut
2372 2556 2613 2626 spiritus
2647 2556 2843 2611 salvus
2875 2557 2951 2611 sit
2983 2558 3039 2610 in
3071 2558 3164 2611 die
3191 2557 3424 2612 Domini
3446 2558 3581 2613 Jesu
3605 2559 3647 2624 (Ι
3670 2559 3776 2613 Cor.

2146 2660 2199 2712 ν,
2222 2644 2297 2714 5).
2322 2644 2587 2699 Tradidit
2607 2650 2663 2699 et
2686 2643 2850 2709 alios,
2873 2645 3373 2700 utdiscerentnon
3396 2646 3780 2716 blasphemare

2149 2732 2193 2802 (Ι
2228 2733 2357 2786 Tim.
2394 2750 2429 2796 ι,
2463 2734 2573 2803 20).
2609 2734 2835 2804 Legunt
2867 2733 3190 2805 scripturas
3222 2735 3586 2808 apocrypbas
3617 2733 3781 2789 Mani-

2149 2821 2313 2883 cbaai,
2340 2839 2370 2876 a
2395 2822 2586 2877 nescio
2612 2823 2824 2893 quibus
2848 2824 3147 2878 sutoribus
3175 2824 3509 2879 fabularum
3534 2825 3782 2895 sub/\po-

2148 2909 2430 2965 stolorum
2456 2910 2690 2965 nomine
2712 2911 2963 2982 scriptas
2988 2931 2999 2967 :
3029 2929 3155 2983 qua:
3180 2929 3423 2968 suorum
3450 2915 3782 2984 scriptorum

2146 2999 2505 3068 temporibus
2540 3000 2597 3052 in
2632 3002 3037 3054 auctoritatem
3070 3006 3285 3055 sanctas
3324 3001 3587 3057 Ecclesiae
3618 2999 3782 3070 recipi

2149 3092 2530 3153 mererentur,
2556 3086 2604 3142 si
2628 3088 2813 3142 sancti
2837 3092 2893 3142 et
2924 3088 3077 3143 docti
3112 3088 3406 3157 homines,
3440 3090 3537 3161 qui
3569 3094 3700 3145 tunc
3728 3087 3787 3142 in

2150 3176 2255 3230 hac
2280 3177 2395 3230 vita
2417 3181 2582 3230 erant
2605 3183 2661 3231 et
2683 3177 3017 3231 examinare
3043 3176 3179 3232 talia
3210 3184 3508 3248 poterant,
3538 3196 3633 3234 eos
3662 3193 3783 3232 vero.

2146 3265 2377 3320 locutus
2400 3281 2526 3320 esse
2547 3271 2978 3337 cognoscerent.
3010 3266 3091 3320 Ibi
3118 3272 3316 3321 tamen
3340 3268 3545 3339 legunt
3566 3270 3779 3339 aposto-

2147 3353 2269 3408 lum
2294 3354 2599 3420 Thomam,
2624 3372 2756 3409 cum
2776 3360 2929 3410 esset
2947 3355 3004 3409 in
3024 3357 3279 3426 quodam
3301 3358 3639 3429 nuptiarum
3658 3372 3780 3411 con-

2146 3443 2294 3498 vivio
2314 3443 2574 3515 peregrin
2588 3460 2652 3497 us
2672 3448 2728 3498 et
2743 3461 2981 3515 prorsus
2994 3444 3355 3517 incognitus,
3372 3464 3405 3501 a
3420 3448 3664 3518 quodam
3680 3443 3782 3499 mi-

2148 3532 2331 3586 nistro
2356 3532 2549 3603 palma
2572 3549 2935 3603 percussum,
2960 3533 3351 3605 imprecatum
3380 3535 3559 3591 fuisse
3577 3533 3783 3589 homini

2149 3621 2485 3675 continuam
2511 3638 2840 3693 saevamque
2859 3620 3197 3677 vindictam.
3214 3622 3363 3677 Nam
3380 3641 3513 3679 cum
3527 3637 3784 3696 egressus

2149 3710 2357 3765 fuisset
2380 3712 2449 3765 ad
2476 3712 2719 3775 fontem,
2743 3712 2898 3766 unde
2920 3727 3133 3782 aquam
3160 3713 3606 3769 convivantibus
3633 3711 3786 3767 mini-

2149 3804 2382 3867 straret,
2409 3816 2541 3854 eum
2567 3800 2655 3855 leo
2680 3801 2908 3855 irruens
2928 3800 3246 3869 interemit,
3262 3819 3626 3874 manumque
3644 3803 3781 3873 ejus,

2150 3905 2262 3959 qua
2294 3894 2469 3960 caput
2501 3889 2754 3960 Apostoli
2789 3889 2895 3944 levi
2928 3890 3045 3944 ictu
3077 3896 3466 3963 percusserat,
3503 3912 3534 3947 a
3566 3904 3786 3963 corpore

2151 3976 2435 4046 avulsam,
2488 3979 2809 4033 secundum
2856 3980 3095 4034 verbum
3148 3980 3416 4050 ejusdem
3464 3978 3705 4053 apostoli
3734 3976 3786 4032 id

2150 4067 2408 4137 optantis
2441 4073 2614 4138 atque
2638 4067 3039 4138 imprecantis,
3063 4068 3224 4123 canis
3248 4070 3455 4126 intulit
3479 4068 3711 4138 mensis,
3733 4067 3788 4121 in

2153 4155 2372 4227 quibus
2394 4156 2519 4226 ipse
2540 4156 2946 4211 discumtebat
2967 4157 3299 4229 Apostolus.
3325 4158 3474 4222 Quid
3502 4159 3604 4213 hoc
3622 4152 3789 4211 videri

2153 4243 2448 4299 crudelius
2470 4244 2709 4315 potest?
2732 4248 2943 4300 Verum
2970 4246 3107 4317 quia
3128 4246 3229 4309 ibi,
3255 4247 3369 4302 uisi
3395 4253 3588 4303 tamen
3612 4244 3789 4310 fallor,

2153 4334 2258 4387 hoc
2299 4335 2471 4387 etiam
2505 4334 2785 4405 scriptum
2820 4340 2928 4405 est,
2965 4336 3118 4406 quod
3150 4335 3200 4390 ei
3231 4337 3464 4392 veniam
3496 4338 3555 4391 in
3592 4332 3789 4391 aesculo

2151 4423 2349 4477 futuro
2365 4422 2649 4494 petiverit,
2671 4424 2821 4478 facta
2834 4429 2921 4478 est
2934 4425 3331 4496 compensatio
3346 4425 3613 4481 beneﬁcii
3629 4423 3793 4493 majo-

2152 4511 2252 4579 ris;
2265 4517 2391 4566 utet
2406 4513 2719 4583 Apostolus
2734 4530 2911 4584 quam
2926 4514 3259 4569 charusDeo
3272 4521 3559 4587 esset,per
3572 4515 3720 4569 hunc
3734 4511 3792 4566 ti-

2154 4617 2376 4656 morem
2393 4602 3147 4673 commendareturignotis,
3180 4608 3236 4659 et
3265 4602 3349 4658 illi
3381 4608 3514 4675 post
3542 4604 3688 4658 hanc
3717 4600 3793 4655 vi-

2154 4694 2273 4745 tam
2336 4690 2689 4762 quandoque
2742 4691 3059 4746 ﬁniendam
3114 4692 3171 4746 in
3223 4696 3509 4748 aeternum
3539 4689 3793 4749 consule-

2153 4784 2335 4834 retur.
2395 4780 2597 4835 Utrum
2656 4779 2755 4835 illa
2809 4797 2943 4835 vera
2994 4781 3068 4836 sit
3119 4786 3221 4837 aut
3246 4784 3500 4838 conﬁcta
3530 4779 3791 4845 narratio,

2159 4867 2301 4923 nihil
2350 4884 2479 4923 mea
2541 4886 2695 4924 nunc
2749 4869 3010 4925 interest.
3058 4876 3217 4926 Certe
3274 4872 3431 4926 enim
3483 4866 3793 4935 Manicbasi,

2154 4973 2188 5011 a
2231 4956 2451 5028 quibus
2500 4956 2609 5011 illae
2660 4957 2984 5029 scripturae,
3046 4975 3192 5030 quas
3223 4963 3418 5015 Cauon
3450 4956 3791 5015 ecclesiasti-

2159 5063 2261 5101 cus
2296 5046 2540 5117 respuit,
2593 5051 2875 5118 tanquam
2924 5065 3067 5103 verre
3114 5054 3287 5120 atque
3338 5050 3576 5104 sincerae
3606 5060 3792 5117 accep-

2156 5140 2376 5201 tantur,
2413 5135 2620 5191 saltem
2670 5136 2805 5191 hinc
2853 5141 3143 5209 coguntur
3190 5138 3377 5204 fateri,
3433 5138 3704 5192 virtutem
3727 5132 3793 5187 il—

2156 5224 2274 5279 lam
2305 5225 2617 5295 patientia,
2671 5242 2847 5295 quam
2901 5226 3069 5282 docet
3124 5227 3432 5292 Dominus,
3490 5226 3709 5290 dicens,
3741 5219 3797 5276 Si

2161 5316 2281 5385 quis
2314 5318 2362 5369 te
2391 5316 2719 5384 percusserit
2741 5315 2800 5370 in
2823 5317 3111 5371 maxillam
3130 5325 3281 5373 luam
3299 5316 3598 5385 dexteram,
3614 5310 3796 5386 praebe

2227 5480 2456 5550 t_Editi,_
2491 5482 2777 5550 impetrari.
2836 5486 2900 5534 At
2943 5486 3084 5544 Mss,
3134 5485 3410 5550 imperari;
3446 5486 3670 5546 excepto
3696 5490 3795 5529 uno

2156 5545 2478 5610 Corbeiensi,
2512 5545 2603 5610 qui
2636 5545 2815 5610 habet,
2857 5550 3148 5610 temperari.

2221 5610 2243 5642 ι
2268 5608 2607 5656 Corbeiensis
2638 5609 2826 5666 codex,
2859 5618 2905 5657 et
2936 5608 3027 5659 uni
3054 5612 3163 5659 viro
3193 5611 3315 5661 Deo.

2220 5672 2241 5707 δ
2257 5671 2318 5718 In
2334 5671 2465 5742 _Mss_.
2487 5669 2774 5742 plerisque,
2796 5672 3038 5742 voluisset
3054 5674 3278 5742 inferri,
3302 5672 3502 5742 omissa
3520 5668 3654 5742 parti
3665 5665 3794 5722 cule.

2160 5746 2300 5784 mox.
2330 5733 2390 5783 In
2418 5731 2747 5786 Corbeiensis
2774 5737 2954 5787 autem
2983 5731 3142 5800 libro,
3173 5731 3407 5792 voluisset
3435 5731 3653 5797 auferri.
