2000 3089
213 187 273 218 463
593 185 748 216 CONTRA
772 181 959 214 FAUSTUM
983 178 1245 216 MANICHzEUM,
1267 179 1299 211 S.
1319 177 1535 211 AUGUSTINI
1836 181 1889 212 ιθι

211 253 309 281 verunt
318 252 440 288 gloriam
455 250 679 287 inrorruptibiliz
703 250 752 277 Dei
769 250 800 276 in
818 245 1033 276 similitudinem

213 297 344 332 imaginis
355 296 545 332 corruptibili:
556 295 716 329 hominis,el
728 289 1036 327 volucrum,elquadru-

213 341 322 378 pedum,
337 343 366 368 et
380 341 548 376 serpentium
563 340 649 375 (Rom.
664 348 685 372 ι,
699 338 805 374 21-23).
821 338 862 365 Ex
879 336 934 364 hac
950 334 1034 371 quasi

213 385 358 422 sapientia
371 385 426 413 ista
442 383 552 412 vitulus
565 392 682 416 aureus,
699 382 798 419 qualia
808 381 941 410 solebant
950 379 1036 416 [Egy-

212 429 340 466 ptiorum
347 429 461 457 etiamsi
470 428 525 465 ipsi
536 428 673 465 primates
679 430 706 456 et
713 429 850 463 tanquam
858 425 934 453 docti
943 424 1035 452 homi-

211 482 264 502 nes
272 474 392 502 adorare
398 473 608 510 ﬁgmentaﬂoc
615 480 682 509 ergo
688 471 779 499 vitulo
786 470 982 506 signiﬁcatum
991 470 1036 496 est

210 526 296 546 nume
312 526 429 555 corpus,
446 518 473 546 id
490 520 544 552 est,
561 517 657 545 omnis
667 515 792 544 societas
800 513 1034 543 Gentiliumido-

209 562 333 591 lolatriat
343 562 517 590 deditorum.
531 564 611 589 Hanc
623 560 793 596 sacrilegam
803 559 969 587 societatem
984 558 1035 585 Do-

211 607 311 636 minus
321 606 456 634 Christus
473 606 522 634 illo
537 606 605 642 igne
619 605 774 638 comburit,
788 604 824 632 de
833 611 889 639 quo
900 602 929 630 in
941 602 1033 630 Evan-

209 651 285 688 gelio
296 651 377 685 dicit,
391 651 481 687 Ignem
493 651 555 678 veni
564 652 672 678 mittere
682 651 712 677 in
722 654 826 677 terram
838 649 910 682 (Luc.
922 647 1032 683 xn,49):

209 698 244 725 ut
260 696 399 732 quoniam
416 704 472 723 non
484 698 528 724 est
543 695 592 731 qui
610 703 641 722 se
658 693 818 722 abscondat
830 701 847 720 a
861 691 955 720 calore
970 691 1033 727 ejus

209 741 297 777 (Psal.
313 748 394 773 xvm,
408 741 447 774 6),
465 740 535 768 dum
551 739 581 767 in
597 747 665 767 eum
680 738 803 766 credunt
827 737 943 768 Gentes,
967 736 1035 772 igne

208 785 325 814 virtutis
340 786 404 820 ejus
420 784 565 812 diabolica
579 783 609 811 in
625 784 667 811 eis
683 783 775 811 forma
784 781 1032 810 solvatur.Totum

209 829 314 858 deinde
321 837 428 865 corpus
439 828 509 856 illud
523 828 628 857 commi
635 827 779 861 nuitur,id
791 827 885 860 est,ab
892 825 943 853 illa
951 825 1032 853 male

209 873 435 909 conspirationis
447 873 620 901 conﬁatione
630 872 799 903 discissum,
810 871 896 898 verbo
903 870 1032 897 veritatis

164 914 166 918 ’
208 918 398 946 humiliatur:
415 920 444 946 et
458 917 675 945 comminutum
692 917 721 943 in
738 924 845 952 aquam
859 914 1032 952 mittitur,ut

207 971 258 991 eos
272 961 420 996 Israelitze,
448 961 477 990 id
502 964 556 994 est,
581 961 728 997 Evangelii
759 951 971 996 praedicatores,
998 967 1033 987 ex

207 1006 358 1043 Baptismo
370 1006 397 1033 in
410 1014 464 1035 sua
476 1005 615 1039 membra,
629 1005 683 1032 hoc
694 1006 747 1038 est,
769 1004 797 1031 in
819 1012 924 1039 corpus
945 1003 1033 1031 domi-

206 1050 307 1079 nicum
325 1050 511 1078 transferant.
529 1049 658 1082 Quorum
673 1048 870 1077 Israelitarum
886 1048 969 1075 Petro
996 1047 1032 1075 de

206 1095 277 1131 ipsis
290 1095 431 1123 Gentibus
446 1095 557 1122 dictum
572 1097 627 1127 est,
644 1094 765 1121 Maelaet
775 1092 911 1120 manduca
923 1092 990 1127 (Act.
1001 1100 1030 1125 x,

207 1140 262 1174 13).
279 1140 319 1175 Si,
335 1139 421 1167 Macta
431 1141 457 1167 et
465 1139 618 1170 manduca;
633 1147 724 1174 quare
734 1146 791 1165 non
802 1137 900 1169 etiam,
908 1137 1031 1165 Concide

207 1186 238 1213 et
252 1184 318 1212 bibe
331 1184 345 1211 ‘1
362 1187 404 1212 [ιθ.
417 1183 465 1211 ille
480 1183 590 1211 vitulus
605 1191 656 1219 per
671 1183 777 1219 ,ignem
806 1181 859 1208 zeli
885 1183 914 1208 et
938 1181 1030 1209 aciem

207 1228 287 1256 verbi
304 1231 333 1256 et
348 1236 454 1265 aquam
471 1227 623 1264 Baptismi,
640 1228 676 1254 ab
690 1226 732 1254 eis
757 1225 854 1262 potius
879 1234 954 1262 quos
977 1226 1030 1253 ab-

206 1273 324 1301 sorbere
341 1273 513 1305 conabatur,
529 1272 686 1307 absorptus
700 1273 754 1298 est.

240 1317 354 1345 CAPUT
374 1316 468 1345 XCIV.
483 1331 518 1336 —-
529 1316 558 1343 Si
575 1324 642 1351 ergo
656 1315 716 1343 hac
732 1322 849 1350 quoque
863 1314 926 1342 loca
950 1314 1028 1342 Scri-

205 1361 408 1398 pturarum,de
419 1360 527 1397 quibus
534 1359 805 1395 eisdemScripturis
812 1358 1030 1386 calumniantur

206 1406 342 1440 heretici,
360 1407 551 1442 perscrutata,
567 1407 595 1432 et
606 1405 732 1440 quodam
743 1404 828 1431 modo
839 1403 1027 1438 interrogata,

203 1453 314 1486 quanto
325 1450 463 1477 videntur
473 1449 654 1480 obscuriora,
668 1451 749 1476 tanto
757 1447 949 1475 mirabiliores
960 1447 988 1474 in
998 1456 1029 1475 se

205 1495 411 1530 mysteriorum
422 1494 576 1521 thesauros
596 1493 687 1521 latere
711 1493 905 1528 respondent;
920 1494 1028 1527 quanto

203 1539 298 1575 magis
305 1538 461 1574 impiorum
469 1538 640 1573 blaspheme
647 1545 696 1564 ora
703 1537 903 1564 obmutescere
909 1536 1027 1564 omnino

203 1583 324 1615 debent;
337 1591 403 1610 cum
414 1582 581 1618 oppilantur
589 1581 773 1617 apertissima
782 1581 912 1614 veritate,
926 1583 1028 1608 contra

203 1635 294 1663 quam
310 1627 462 1663 przefocato
477 1626 581 1662 spiritu
598 1626 667 1662 quid
685 1625 852 1660 mussitent,
874 1633 931 1652 non
948 1625 1025 1653 inve-

201 1672 289 1699 niunt
298 1674 336 1705 ;et
343 1671 399 1698 mal
406 1674 457 1698 unt
464 1670 561 1698 miseri
573 1670 805 1698 manifestatione
812 1670 876 1705 ejus
886 1677 954 1697 suas
962 1670 1025 1697 fau-

201 1724 249 1744 ces
255 1716 487 1751 obturari,quam
495 1715 699 1751 suavitatcpecl
706 1713 1023 1750 usimpleri?Christum

196 1759 288 1796 igitur
295 1762 401 1788 sonant
410 1759 469 1787 haec
481 1759 757 1795 omnia;caputillud
766 1758 908 1794 quodjam
919 1766 1022 1786 ascen-

197 1805 240 1832 dit
250 1805 279 1831 in
292 1805 439 1839 ccelum,et
450 1804 503 1831 hoc
514 1812 620 1839 corpus
631 1804 695 1839 ejus
702 1803 777 1839 quod
791 1811 883 1839 usque
895 1803 923 1829 in
934 1803 1021 1830 ﬁnem

196 1848 310 1877 laborat
321 1848 350 1876 in
368 1851 454 1882 terra,
472 1848 664 1876 scribentium
682 1847 806 1875 Litteras
834 1855 899 1874 vere
923 1855 1021 1875 sacras

196 1893 293 1921 omnis
300 1893 454 1928 parturivit
464 1892 653 1920 intentiomec
662 1900 726 1919 esse
733 1892 893 1928 quidquam
901 1892 1020 1919 creden-

185 1938 264 1966 ‘dum
271 1940 316 1965 est
328 1937 477 1965 Librorum
489 1936 723 1972 propheticorum
733 1936 916 1964 contextione
925 1944 1019 1963 narra-

193 1981 350 2017 tum,quod
363 1989 419 2008 non
431 1981 575 2016 significet
585 1980 695 2016 aliquid
706 1979 943 2013 futurorum;nisi
955 1988 1019 2015 qua:

191 2025 259 2053 ideo
276 2025 370 2061 posita
379 2027 458 2056 sunt.
476 2027 508 2052 ut
522 2033 556 2052 ex
570 2024 612 2052 eis
624 2025 748 2060 quodam
762 2024 848 2051 modo
860 2023 1019 2059 religentur

192 2078 238 2104 ea,
251 2078 314 2106 quas
324 2069 406 2096 illum
420 2077 515 2105 regem
526 2068 725 2104 populumque
733 2068 870 2103 ejus,sive
882 2068 1016 2104 propriis,

191 2114 254 2142 sive
262 2114 394 2150 ﬁguratis
401 2113 597 2141 Iocutionibus
604 2113 725 2140 rebusve
732 2112 1018 2148 praauuntientsicut

192 2158 271 2187 enim
283 2158 313 2186 in
324 2158 445 2186 ci.haris
455 2157 691 2193 ethujuscemodi
699 2157 816 2193 organis
824 2155 1015 2192 musicis,uon

190 2203 307 2239 quidem
317 2203 416 2230 omnia
425 2210 488 2237 quae
497 2204 640 2237 tanguntu
646 2209 812 2236 r,canorum
820 2200 929 2237 aliquid
937 2209 1016 2228 reso-

190 2249 275 2282 nant,
291 2247 342 2274 sed
359 2249 475 2274 tantum
492 2246 737 2280 chordaa;ca:tera
753 2245 886 2273 tamenin
898 2247 958 2272 toto
972 2245 1015 2272 ci-

188 2291 280 2319 tharae
292 2299 412 2327 corpore
424 2291 487 2319 ideo
499 2291 638 2318 fabricata
650 2292 728 2322 sunt,
741 2293 773 2317 ut
782 2292 860 2317 esset
869 2290 918 2316 ubi
929 2290 1015 2317 vinci-

188 2338 301 2371 rentur,
319 2336 395 2363 unde
406 2338 434 2363 et
444 2344 502 2371 quo
515 2335 703 2363 tenderentur
714 2335 780 2366 illae,
791 2343 864 2370 quas
875 2334 910 2362 ad
920 2334 1015 2361 canti-

186 2379 259 2408 lena:
275 2380 450 2408 suavitatem
466 2378 672 2407 modulaturus
697 2381 725 2406 et
752 2387 945 2414 percussurus
970 2381 1014 2406 est

187 2424 290 2452 artifex
302 2433 308 2452 :
322 2424 361 2451 ita
373 2424 401 2451 in
414 2423 460 2451 his
472 2423 650 2460 propheticis
663 2423 889 2456 narrationibus,
899 2431 962 2458 quas
979 2423 1013 2450 de

187 2469 275 2497 rebus
282 2469 373 2506 gestis
380 2468 499 2496 hominu
506 2476 532 2495 m
543 2467 710 2503 prophetico
718 2467 822 2503 spiritu
832 2467 1012 2503 deliguntur,

187 2516 239 2542 aut
248 2513 358 2549 aliquid
367 2512 430 2547 jam
443 2515 548 2539 sonant
559 2512 771 2547 signiﬁcatione
783 2512 1013 2544 futurorum;aut

185 2557 211 2585 si
222 2557 294 2585 nihil
310 2557 367 2585 tale
380 2556 559 2593 signiﬁcant.
572 2556 606 2583 ad
621 2556 674 2583 hoc
685 2556 923 2591 interponuntur,
933 2558 964 2582 ut
974 2555 1013 2583 sit

184 2601 521 2638 undeillasigniﬁcantia
529 2603 669 2635 tanquam
687 2599 822 2627 sonantia
835 2603 1011 2627 conuectan-

182 2649 241 2674 tur.

218 2690 332 2718 CAPUT
342 2690 422 2718 XCV.
434 2706 469 2710 —
479 2690 537 2717 Has
550 2691 649 2717 autem
661 2696 758 2716 rerum
772 2691 919 2724 gestarum
939 2687 1009 2716 alle-

180 2734 294 2770 goricae
308 2736 500 2769 narrationes,
514 2734 537 2762 si
552 2733 655 2761 nolunt
664 2733 800 2767 haeretici,
810 2733 885 2760 sicut
897 2742 913 2760 a
924 2733 1009 2760 nobis

179 2781 375 2815 exponuntur,
392 2779 534 2815 accipere,
550 2777 594 2806 vel
603 2777 691 2805 etiam
705 2777 778 2805 nihil
789 2786 849 2813 eas,
861 2777 917 2805 nisi
929 2777 1007 2813 quod

180 2823 297 2860 proprie
309 2826 426 2856 sonant,
443 2823 609 2859 signiﬁcare
624 2822 805 2851 contendunt
817 2830 825 2856 ;
840 2830 897 2850 non
905 2824 949 2849 est
960 2821 1006 2849 lu-

179 2866 320 2899 ctandum
327 2874 393 2895 cum
399 2866 633 2903 hominibus,qui
641 2867 740 2896 dicunt
745 2867 818 2902 ,Non
825 2866 902 2903 sapit
908 2866 1006 2904 palato

200 2945 290 2961 ulmu-

1087 253 1161 279 meo,
1175 246 1249 280 quod
1262 254 1364 282 sapere
1380 245 1453 272 dicis
1468 247 1535 273 tuo:
1551 244 1622 272 dum
1636 245 1728 272 tamen
1737 252 1769 273 ea
1778 253 1837 281 qua
1846 246 1886 274 di-

1087 291 1133 317 vin
1139 290 1143 316 i
1149 292 1156 317 t
1162 299 1196 317 us
1203 290 1286 326 prisci
1292 290 1318 326 pi
1324 291 1477 321 untur.aut
1484 297 1578 317 mores
1586 288 1772 325 pietatemque
1779 290 1888 319 formare

1087 336 1138 362 aut
1149 334 1258 370 aliquid
1272 335 1394 370 ﬁgurate
1407 334 1571 370 signiﬁcare
1582 333 1625 360 vel
1636 333 1783 360 credantur
1795 333 1835 361 vel
1849 334 1886 363 in-

1086 377 1266 414 telligantur,
1280 381 1331 406 aut
1346 380 1504 414 utrumque
1518 377 1615 413 potius
1632 385 1715 413 quam
1733 379 1859 406 neutrum
1877 386 1884 407 :

1087 423 1157 451 dum
1169 425 1268 451 tamen
1284 426 1312 450 et
1327 425 1401 459 ipsa,
1417 431 1481 458 qua:
1497 423 1618 458 ﬁgurate
1633 422 1708 449 dicta
1719 421 1761 449 vel
1772 422 1840 450 facta
1849 422 1888 450 in-

1088 467 1271 504 telliguntur,
1289 468 1323 495 ad
1340 468 1458 496 eosdem
1474 475 1570 494 mores
1597 466 1685 494 bonos
1709 466 1888 503 pietatemque

1086 512 1259 540 referantur.
1274 513 1314 539 Ac
1324 520 1376 547 per
1387 511 1442 540 hoc
1452 511 1541 539 etiam
1558 510 1582 539 si
1595 509 1767 545 Manichaeis,
1781 510 1822 539 vel
1832 509 1889 546 qui-

1086 556 1200 592 busque
1214 556 1290 591 aliis,
1306 557 1342 584 de
1357 556 1403 584 his
1419 556 1521 591 ﬁguris
1536 563 1634 582 rerum
1648 556 1791 590 gestarum
1803 557 1890 583 noster

1087 600 1221 636 displicet
1236 600 1412 635 intellectus,
1429 599 1471 627 vel
1488 599 1574 633 ratio,
1585 598 1627 627 vel
1640 598 1752 635 opinio;
1763 598 1832 626 illud
1841 599 1893 626 suf-

1087 645 1175 679 ﬁciat,
1192 645 1268 681 quod
1297 647 1394 681 patres
1419 645 1522 677 nostri,
1551 644 1657 679 quibus
1682 644 1754 671 Deus
1774 642 1891 679 perhibet

159 33 209 50 ,ης
258 26 447 54 metu...
487 36 498 41 ρ
520 13 1152 49 se???
1177 28 1201 39 --
1254 16 1261 18 ’
1370 16 1425 46 .
1538 21 1582 34 ιαμ
1642 32 1644 34 -
1782 39 1790 50 .

103 53 137 64 ,Ἴ
167 49 187 60 ,.
219 51 222 53 λ
286 54 294 58 _
376 50 380 54 .
512 52 515 53 ν
796 48 799 49 ν
1083 51 1092 58 ,
1117 45 1127 50 α
1385 47 1387 51 ι
1423 44 1520 59 -ι“›,
1552 53 1559 56 Α
1610 47 1627 59 ιν
1675 55 1679 58 ,
1701 55 1708 58 ,
1730 42 1758 56 ,κ
1791 46 1851 60 7;.

28 76 51 94 Α
72 67 104 99 ,λ
123 71 138 87 ν’
344 71 346 73 ’
1379 81 1382 83 -
1420 71 1423 73 ’
1481 59 1484 65 “
1558 63 1564 67 ’
1625 56 1662 78 ’⁸
1691 64 1713 70 ’⁴
1746 67 1802 82 “~J-
1826 62 1914 94 επ.-

34 103 70 131 η,ῖ
148 127 151 129 .
649 110 653 113 ν
1201 102 1214 112 -
1839 97 1844 99 ν
1880 103 1881 106 η
1913 91 1942 115 ν.

33 135 47 147 ,θ
1940 130 1941 133 η

1087 689 1166 717 bona:
1181 689 1245 717 vita
1261 692 1349 725 atque
1364 689 1392 717 in
1409 689 1470 717 suis
1487 688 1639 725 praeceptis
1654 686 1818 715 obedientizs
1839 689 1892 715 tes-
1946 702 1949 706 -

1085 733 1252 767 timonium,
1264 742 1298 761 ea
1310 733 1439 761 veritatis
1451 732 1552 768 regula
1562 732 1765 765 defenduntur,
1775 739 1835 767 quis
1845 731 1894 758 nisi

1085 779 1182 813 pravis
1196 781 1225 806 et
1240 778 1374 806 distortis
1390 778 1527 805 cordibus
1542 776 1696 812 displicere
1710 784 1766 803 non
1795 775 1893 811 possit;

1084 824 1113 850 et
1127 823 1204 858 quod
1220 830 1254 850 ea
1268 823 1427 858 Scriptura,
1444 822 1491 849 cui
1507 822 1681 857 perversitas
1695 820 1797 848 erroris
1821 819 1893 848 illius

1084 866 1203 894 inimica
1218 869 1273 900 est,
1288 866 1317 894 in
1331 866 1511 902 quibuslibet
1540 865 1694 893 hominum
1723 864 1812 898 factis,
1836 872 1893 899 qua

1083 910 1127 938 vel
1143 910 1272 938 laudavit
1288 912 1330 938 vel
1346 911 1495 946 redarguit
1509 909 1553 937 vel
1568 913 1683 938 tantum
1696 911 1810 937 narrata
1817 908 1892 937 nobis

1079 955 1242 990 judicanda
1257 955 1416 992 proposuit,
1433 955 1497 991 ipsa
1513 953 1700 990 inculpabilis
1715 952 1893 982 venerabilis-

1084 1008 1141 1035 que
1157 1000 1296 1036 persistit.

1118 1044 1234 1072 CAPUT
1241 1044 1335 1072 XCVI.
1348 1059 1381 1065 —-
1393 1044 1466 1077 Quid
1473 1052 1538 1072 vero
1549 1043 1652 1071 utilius
1661 1044 1748 1079 atque
1758 1041 1894 1070 salubrius

1084 1089 1129 1125 pie
1150 1088 1313 1125 legentibus
1328 1088 1370 1116 vel
1387 1088 1574 1116 audientibus
1588 1088 1655 1116 illas
1672 1096 1769 1116 sacras
1785 1086 1893 1115 Litteras

1082 1134 1194 1161 consuli
1207 1142 1240 1161 ac
1256 1133 1381 1170 prospici
1395 1134 1588 1169 potuit,quam
1601 1135 1702 1161 utnon
1714 1131 1807 1159 solum
1818 1130 1845 1158 in
1857 1130 1894 1158 eis

1082 1177 1245 1206 laudabiles
1252 1178 1385 1205 homines
1391 1178 1426 1205 ad
1438 1178 1659 1212 imitandum,et
1665 1174 1896 1212 reprehensibiles

1083 1223 1118 1250 ad
1133 1223 1293 1250 cavendum
1304 1225 1533 1258 proponerentur
1543 1230 1659 1255 ;verum
1671 1221 1758 1249 etiam
1771 1219 1894 1257 quasdam

1082 1267 1225 1295 bonorum
1241 1267 1451 1295 declinationes
1464 1269 1492 1294 et
1507 1266 1608 1302 lapsus
1635 1266 1666 1294 in
1696 1265 1816 1300 malum,
1842 1264 1895 1293 sive

1081 1311 1180 1339 itidem
1197 1311 1292 1339 denuo
1308 1311 1428 1338 correcti
1446 1311 1474 1338 in
1491 1310 1566 1338 viam
1589 1310 1722 1345 redeant,
1749 1310 1807 1337 sive
1830 1309 1894 1336 irre-

1081 1355 1224 1383 vocabiles
1233 1358 1385 1389 maneant;
1394 1358 1422 1382 et
1429 1363 1530 1382 rursus
1539 1355 1673 1390 quaedam
1687 1354 1829 1381 malorum
1840 1361 1895 1380 mu-

1081 1399 1205 1427 tationes
1218 1403 1246 1427 et
1258 1402 1412 1435 provectus
1423 1399 1451 1426 in
1464 1399 1586 1431 bonum,
1598 1399 1658 1426 sive
1681 1397 1895 1434 perseveraturi,

1080 1444 1139 1471 sive
1155 1445 1183 1471 in
1199 1444 1322 1479 pristina
1337 1444 1442 1471 iterum
1459 1443 1620 1479 relapsuri;
1640 1445 1674 1470 ut
1689 1441 1857 1478 nequejusti
1869 1442 1896 1468 in

1080 1488 1246 1524 superbiam
1260 1488 1415 1516 securitate
1430 1488 1615 1522 extollantur,
1632 1486 1788 1522 neciniqui
1805 1487 1898 1513 contra

1080 1533 1255 1560 medicinam
1263 1533 1465 1568 desperatione
1474 1532 1675 1560 obdurentur?
1685 1530 1778 1559 Atilla
1786 1539 1847 1566 quas
1854 1536 1896 1557 ne«

1079 1586 1136 1613 que
1152 1577 1187 1604 ad
1205 1577 1380 1604 imitandum
1391 1584 1485 1612 neque
1499 1577 1534 1604 ad
1546 1577 1710 1604 cavendum
1721 1576 1799 1603 facta
1807 1573 1897 1604 homi-

1079 1630 1149 1649 num
1167 1621 1320 1657 pertinent,
1335 1623 1364 1648 et
1377 1624 1475 1649 tamen
1492 1621 1520 1648 in
1537 1623 1639 1648 sancta
1653 1621 1806 1656 Scriptura
1819 1626 1896 1655 repe-

1078 1666 1208 1693 riuntur:
1221 1668 1271 1694 aut
1279 1665 1315 1693 ad
1328 1665 1408 1693 illam
1419 1665 1626 1693 connexionem
1637 1665 1735 1701 posita
1745 1666 1825 1698 sunt,
1838 1663 1898 1699 qui-

1077 1711 1132 1738 bus
1147 1710 1351 1738 occasionibus
1362 1710 1398 1737 ad
1411 1718 1457 1737 res
1469 1709 1650 1737 necessarias
1662 1709 1897 1742 veniatur,autoo

1076 1755 1139 1790 ipso
1155 1763 1211 1790 quo
1225 1754 1362 1782 videntur
1376 1754 1536 1790 superﬂua,
1553 1753 1624 1782 satis
1635 1754 1808 1787 admonent,
1818 1752 1847 1780 in
1858 1751 1897 1780 eis

1074 1799 1161 1835 quaeri
1170 1802 1300 1835 oportere
1307 1799 1433 1835 mystica:
1441 1798 1566 1834 alicujus
1573 1797 1897 1834 signiﬁcationisoraou-

1073 1843 1145 1871 lum.
1163 1844 1262 1880 Neque
1277 1843 1355 1871 enim
1371 1844 1407 1870 de
1422 1843 1467 1871 his
1478 1843 1561 1870 libris
1573 1842 1738 1878 loquimur,
1750 1841 1780 1869 in
1791 1841 1893 1878 quibus

1072 1888 1208 1923 nulla,vel
1221 1896 1312 1924 pauca
1319 1896 1351 1915 ac
1363 1896 1419 1915 non
1432 1886 1720 1922 multaapertissima
1731 1885 1894 1922 prophetico

1071 1932 1175 1968 spiritu
1181 1932 1446 1968 praenuntiataJam
1454 1938 1571 1966 quoque
1578 1930 1651 1967 ipsis
1659 1931 1750 1959 rebus
1757 1929 1892 1966 impletis,

1071 1977 1274 2004 auctoritatem
1285 1976 1413 2004 divinam
1426 1975 1599 2003 ﬁdelissima
1620 1978 1649 2003 et
1668 1974 1895 2012 praeclarissima

1069 2021 1198 2048 veritatis
1213 2021 1275 2048 luce
1292 2023 1454 2048 testantur:
1472 2022 1503 2047 ut
1517 2019 1637 2047 omnino
1653 2020 1793 2056 desipiat,
1818 2018 1894 2055 quis-

1070 2065 1137 2100 quis
1152 2074 1200 2092 eos
1217 2065 1363 2101 superﬂue
1379 2065 1421 2092 vel
1437 2064 1521 2100 quasi
1538 2064 1615 2092 fatue
1639 2064 1757 2093 locutos
1785 2061 1894 2099 aliquid

1069 2112 1161 2145 putat,
1178 2110 1285 2145 quibus
1301 2118 1358 2137 non
1375 2109 1469 2137 solum
1483 2109 1582 2136 omnia
1597 2109 1755 2137 hominum
1766 2107 1892 2145 ingenio-

1068 2163 1194 2189 rumque
1209 2154 1327 2182 subdita
1342 2154 1429 2187 videt,
1445 2162 1544 2181 verum
1556 2154 1643 2181 etiam
1656 2153 1713 2182 hoc
1722 2154 1759 2182 ab
1771 2154 1815 2182 eis
1825 2160 1893 2189 pra-

1069 2198 1177 2226 dictum
1193 2199 1274 2234 tegit,
1291 2198 1510 2234 perfectumque
1526 2198 1686 2234 cognoscit.

1103 2242 1218 2270 CAPUT
1226 2242 1333 2270 XCVll.
1347 2258 1378 2263 —
1390 2242 1609 2278 Numquidnam
1619 2242 1893 2279 ergo,siquisquam

1067 2286 1166 2323 legens
1177 2287 1286 2315 factum
1296 2287 1485 2321 David,cujus
1497 2294 1565 2314 eum
1576 2286 1701 2314 Domino
1713 2288 1855 2322 arguente
1862 2291 1893 2312 so

1067 2331 1198 2359 minante
1212 2331 1359 2367 pcenituit,
1373 2331 1440 2358 inde
1452 2330 1507 2358 sibi
1520 2330 1556 2358 ad
1567 2331 1751 2366 peccandum
1763 2329 1893 2358 fomitem

1066 2376 1203 2412 praebeat,
1221 2376 1270 2403 illa
1285 2375 1433 2411 Scriptura
1447 2374 1594 2410 culpanda
1608 2377 1670 2409 est;
1688 2383 1724 2403 ac
1741 2383 1800 2403 non
1816 2375 1894 2402 tanto

1065 2421 1194 2450 severius
1206 2420 1254 2448 ille
1265 2420 1462 2454 damnandus,
1476 2422 1585 2454 quanto
1595 2419 1693 2455 potius
1707 2419 1744 2447 ad
1757 2427 1788 2447 se
1799 2417 1894 2446 vulne-

1066 2465 1188 2492 randum
1205 2467 1255 2492 aut
1269 2463 1458 2492 occidendum
1476 2463 1555 2491 abuti
1573 2462 1662 2491 voluit
1677 2471 1711 2491 ea
1727 2472 1771 2498 re,
1783 2471 1848 2499 qua:
1858 2461 1891 2490 ad

1065 2510 1175 2537 sanand
1182 2519 1196 2536 u
1203 2518 1229 2536 m
1238 2509 1480 2544 liberandumque
1490 2508 1655 2543 conscripta
1663 2510 1709 2536 est
1719 2506 1892 2541 ‘IQuiaenim

1064 2553 1199 2581 homines
1215 2554 1245 2580 in
1262 2556 1412 2589 peccatum
1430 2552 1515 2588 lapsi,
1532 2551 1574 2580 vel
1590 2552 1728 2587 superbia
1739 2551 1894 2588 negligant

1064 2598 1240 2633 pcenitentize
1252 2596 1483 2630 medicinam,vel
1495 2596 1664 2632 recipiendas
1675 2595 1784 2623 salutis
1790 2593 1892 2624 venias-

1063 2651 1120 2678 que
1128 2643 1324 2678 promerenda:
1333 2641 1495 2669 difﬁdentia
1502 2641 1616 2676 penitus
1625 2640 1801 2676 pereunt,de
1811 2640 1893 2668 tanto

1062 2687 1122 2714 viro
1129 2685 1294 2722 exemplum
1307 2686 1488 2721 propositum
1500 2688 1614 2720 est,quo
1626 2687 1771 2712 sanentur
1781 2682 1892 2720 egroti,

1062 2740 1117 2758 non
1137 2740 1193 2766 quo
1209 2731 1239 2758 hi
1255 2730 1304 2766 qui
1321 2730 1385 2758 sani
1402 2733 1471 2757 sunt
1486 2729 1665 2757 sancientur.
1682 2728 1787 2764 Neque
1813 2727 1892 2756 enim

1061 2775 1214 2803 medicinae
1230 2775 1331 2802 vitium
1345 2777 1399 2807 est,
1416 2774 1440 2801 si
1456 2773 1499 2801 vel
1515 2773 1611 2801 insani
1625 2782 1657 2801 se
1672 2773 1765 2809 ipsos.
1776 2772 1823 2801 vel
1834 2779 1893 2800 ma-

1058 2819 1130 2856 ligni
1147 2820 1219 2848 alios
1235 2818 1421 2847 ferramentis
1436 2817 1661 2847 medicinalibus
1675 2816 1840 2854 perimant.

1091 2864 1209 2894 CAPUT
1229 2864 1351 2894 XCVIII.
1366 2879 1399 2886 —
1414 2863 1471 2892 Sed
1486 2865 1586 2893 tamen
1612 2862 1645 2892 hi
1669 2863 1772 2900 patres
1797 2859 1893 2891 nostri
