4000 6178
429 309 542 367 467

1185 309 1496 368 CONTRA
1540 308 1920 371 FAUSTUM
1966 309 2485 382 MANICHAEUM,
2535 314 2599 373 S.
2643 312 3071 375 AUGUSTINI

3676 323 3779 382 468

1242 576 1614 670 LIBER
1691 579 2371 673 VIGESIMUS
2442 582 2991 676 TERTIUS.

498 881 729 938 CAPUT
761 880 1061 936 PRIMUM.
1095 910 1161 918 —
1203 880 1462 934 FAUSTUS
1513 880 1659 935 dixit
1687 897 1698 935 :
1734 881 2070 952 Disputanti

429 972 572 1027 mihi
603 969 1188 1041 aliquando,quidam
1222 984 1288 1022 ex
1321 985 1634 1024 numerosa
1655 969 1818 1041 plebe
1840 987 2074 1041 respon-

429 1064 571 1117 dens
601 1060 716 1114 ait:
753 1059 977 1129 Accipis
1004 1058 1204 1112 Jesum
1239 1057 1308 1112 de
1343 1057 1524 1112 Maria
1553 1060 1795 1113 natum?
1821 1059 1918 1114 Cui
1942 1076 2067 1130 ego:

425 1146 1163 1218 Quemnam,inquam,dici
1195 1146 1400 1201 Jesum
1429 1145 1457 1200 7
1487 1147 1631 1202 Nam
1667 1147 1862 1219 plures
1885 1147 1942 1202 in
1961 1149 2072 1204 He-

429 1239 681 1294 braismo
714 1239 949 1292 fuerunt
975 1236 1148 1291 Jesus
1185 1254 1197 1303 ;
1236 1253 1388 1290 unus
1422 1236 1658 1307 quidem
1710 1237 1860 1293 Nave
1896 1237 2070 1308 ﬁlius,

428 1327 759 1397 discipulus
791 1326 970 1398 Moysi
1003 1325 1203 1396 (Exod.
1238 1327 1592 1391 xxxm,11,et
1620 1327 1795 1381 Ereti.
1827 1329 2068 1397 XLVIJ):

429 1417 576 1471 alter
603 1432 735 1470 vero
760 1415 914 1470 ﬁlius
938 1414 1219 1470 Josedech
1247 1415 1564 1470 sacerdotis
1586 1416 1783 1487 magni
1809 1416 2018 1486 (Aggaei
2034 1433 2073 1486 ι,

433 1508 511 1577 1);
538 1506 674 1560 item
700 1504 849 1560 alius
874 1504 970 1575 qui
994 1504 1186 1558 dictus
1213 1508 1302 1558 est
1323 1504 1476 1559 ﬁlius
1499 1504 1674 1559 David
1707 1505 2076 1576 (Rom.1,1-3),

433 1595 583 1650 alius
615 1611 746 1649 vero
781 1592 958 1648 Filius
993 1593 1088 1647 Dei
1124 1594 1316 1656 (Mare.
1355 1611 1392 1664 ι,
1441 1594 1491 1664 1)
1528 1609 1539 1647 :
1575 1610 1888 1664 quemnam
1942 1611 2076 1665 ergo

431 1685 677 1739 istorum
713 1684 781 1737 de
814 1683 990 1738 Maria
1015 1687 1212 1737 natum
1240 1681 1453 1753 quaeris
1483 1699 1550 1737 ex
1573 1699 1663 1737 me
1696 1689 1893 1737 utrum
1928 1684 2075 1739 acci-

434 1775 589 1846 piam
622 1775 649 1826 ‘?
679 1773 907 1843 Utique,
941 1771 1381 1842 inquit,Filium
1419 1773 1534 1826 Dei.
1561 1771 1662 1826 Cui
1696 1789 1800 1843 ego
1839 1774 1944 1827 :Et
1967 1790 2078 1843 quo

436 1868 670 1918 auctore
702 1878 885 1933 quove
909 1862 1188 1931 magistro
1213 1862 1452 1916 docente
1477 1861 1629 1916 istud
1659 1862 1939 1933 accipiam
1963 1862 1989 1916 ?
2012 1865 2081 1916 At

435 1951 532 2005 ille
565 1968 576 2003 :
612 1951 897 2013 Matthaeo,
930 1949 1260 2021 inquit.Cui
1297 1966 1531 2004 rursum
1565 1967 1668 2022 ego
1699 1969 1711 2017 ;
1743 1952 1889 2014 Quid
1923 1951 2079 2005 enim

436 2040 741 2095 Mattheeus
774 2038 1048 2110 scripsit?
1082 2039 1147 2093 Et
1178 2038 1272 2092 ille
1305 2056 1316 2094 :
1353 2041 1516 2094 Liber
1550 2043 1921 2108 generationis
1948 2045 2081 2096 Jesu

436 2130 640 2184 Christi
670 2130 777 2198 ﬁlii
808 2127 1001 2193 David,
1034 2129 1142 2198 ﬁlii
1179 2127 1474 2196 Abraham,
1524 2134 1632 2185 etc.
1687 2131 1896 2202 (Matth.
1932 2147 1971 2196 ι,
2008 2131 2082 2201 1),

431 2219 579 2273 Tum
613 2233 718 2288 ego
755 2234 766 2272 :
803 2216 1595 2288 Putaveram,inquam,quia
1625 2235 1784 2274 esses
1817 2220 2082 2275 dicturus

436 2307 605 2362 Liber
633 2305 1021 2378 generationis
1050 2304 1190 2360 Jesu
1224 2306 1436 2362 Christi
1473 2307 1592 2361 Filii
1623 2309 1745 2375 Dei;
1779 2313 1836 2363 et
1868 2325 1958 2362 me
1989 2325 2084 2380 pa-

435 2412 694 2452 raveram
728 2395 798 2450 ad
832 2395 1326 2466 praeseribendum
1361 2411 1373 2449 :
1409 2395 1506 2450 sed
1551 2396 1685 2465 quia
1716 2413 1871 2452 nunc
1897 2396 2080 2452 ﬁdeli-

435 2490 524 2540 ter
547 2483 870 2555 capitulum
904 2483 1264 2549 memorasti,
1300 2484 1705 2540 admonendus
1737 2491 1963 2540 tantum
1997 2503 2079 2552 es,

436 2578 502 2629 ut
533 2574 589 2628 id
623 2573 773 2642 quod
806 2573 1082 2637 recitasti,
1116 2573 1470 2628 consideres.
1519 2573 1716 2644 Neque
1745 2575 1900 2629 enim
1935 2575 2081 2630 Mat-

437 2662 625 2717 thaaus
656 2662 750 2716 hic
780 2679 841 2716 se
878 2663 970 2716 Dei
994 2661 1566 2732 Filiigenerationem
1591 2663 1844 2717 scribere
1874 2665 2086 2719 fatetur

437 2750 788 2818 instituisse,
822 2752 922 2806 sed
959 2749 1056 2805 ﬁlii
1089 2752 1288 2806 David.

510 2841 741 2897 CAPUT
775 2841 844 2896 Il.
871 2872 941 2881 —
971 2839 1042 2895 Ut
1071 2856 1206 2912 ergo
1238 2841 1374 2895 huic
1425 2841 1663 2896 interim
1713 2842 1928 2897 dicenti
1962 2860 2081 2898 cre-

438 2932 595 3000 dam,
631 2930 787 2984 ﬁlius
818 2930 992 2984 David
1025 2930 1134 2984 erit
1164 2929 1306 2984 mihi
1343 2930 1410 2985 de
1440 2931 1617 2984 Maria
1637 2936 1810 2986 natus
1846 2947 1857 2986 :
1894 2933 2083 2988 adhuc

437 3022 507 3074 de
539 3019 630 3073 Dei
664 3018 805 3072 Filio
839 3018 894 3071 in
929 3017 1037 3072 hoc
1069 3018 1226 3072 omni
1260 3019 1623 3089 generationi
1652 3025 1806 3074 textu
1842 3020 2002 3076 nulla
2022 3022 2086 3075 ﬁt

437 3107 675 3176 mentio,
710 3122 896 3176 usque
931 3107 1001 3160 ad
1036 3107 1399 3177 baptismum
1458 3107 1698 3178 scilicet,
1750 3109 2084 3181 frustraque

437 3195 792 3252 calumniam
844 3211 946 3249 vos
991 3195 1257 3266 ingeritis
1312 3196 1604 3267 scriptori,
1649 3202 1930 3269 tanquam
1983 3199 2082 3253 Dei

438 3286 534 3341 ille
570 3286 776 3340 Filium
809 3284 868 3338 in
922 3289 1082 3338 utero
1135 3283 1395 3339 mulieris
1450 3285 1773 3342 incluserit.
1823 3289 1894 3340 At
1950 3305 2083 3342 vero

441 3375 532 3430 hic
565 3373 843 3438 clamitat,
877 3378 940 3427 ut
970 3373 1217 3442 videtur,
1268 3378 1323 3428 et
1371 3374 1754 3445 inscriptione
1803 3377 1929 3446 ipsa
1979 3394 2084 3431 sua

441 3480 502 3518 se
534 3478 775 3534 prorsus
806 3462 876 3515 ab
907 3461 1016 3516 hoc
1047 3463 1350 3534 sacrilegio
1375 3464 1646 3532 vindieat,
1683 3465 1853 3519 David
1897 3466 2082 3521 ﬁlium

443 3551 752 3624 perhibens
773 3568 839 3605 ex
872 3550 972 3606 illa
1005 3551 1183 3622 stirpe
1213 3552 1527 3607 oriundum
1552 3569 1612 3608 se
1634 3554 2082 3624 scripsisse,non

445 3641 657 3695 Filium
693 3640 812 3694 Dei.
847 3640 991 3694 Nam
1022 3641 1224 3695 Jesum
1285 3640 1523 3712 quidem
1569 3659 1725 3708 eum,
1761 3643 1857 3713 qui
1892 3643 1962 3697 sit
1997 3643 2082 3697 Fi-

439 3729 557 3785 lius
593 3729 773 3796 Dei,si
798 3728 1100 3800 scriptoris
1121 3729 1299 3799 hujus
1325 3734 1576 3784 mentem
1606 3731 2086 3802 propositumque

439 3819 794 3884 consideres,
829 3835 940 3873 non
973 3822 1094 3873 tam
1129 3818 1225 3873 ille
1253 3819 1322 3873 de
1353 3819 1536 3874 Maria
1565 3820 1789 3891 virgine
1819 3821 1943 3874 vult
1981 3838 2085 3876 nos

438 3908 699 3978 accipere
731 3911 1117 3976 procreatum,
1152 3923 1326 3977 quam
1374 3909 1589 3963 factum
1641 3908 1954 3979 aliquando
1987 3925 2087 3980 per

437 3995 799 4066 baptismum
833 3995 984 4065 apud
1021 3996 1240 4050 ﬂuenta
1269 3997 1558 4052 Jordanis.
1603 3996 1724 4052 Illic
1759 3999 1914 4052 enim
1944 3999 2089 4053 dicit

438 4083 795 4154 baptizatum
828 4100 860 4138 a
891 4082 1110 4138 Joanne
1141 4099 1297 4151 eum,
1331 4101 1504 4155 quem
1547 4086 1727 4141 David
1759 4087 1818 4140 in
1852 4088 2084 4142 exordio

439 4172 624 4227 ﬁlium
681 4171 1026 4242 designavit,
1081 4173 1298 4226 factum
1345 4173 1663 4244 aliquando
1715 4191 1843 4229 esse
1879 4174 2085 4230 Filium

438 4261 538 4316 Dei
569 4260 668 4332 (1d.
696 4277 781 4328 ιιι,
819 4262 899 4330 16,
934 4262 1043 4332 l7),
1076 4266 1205 4332 post
1231 4278 1416 4316 annos
1440 4263 1744 4330 duntaxat,
1762 4265 2085 4319 secundum

442 4355 603 4406 Lucae
638 4351 832 4416 ﬁdem,
867 4351 1046 4406 ferme
1078 4350 1337 4423 triginta,
1370 4351 1468 4406 ubi
1500 4358 1556 4406 et
1587 4357 1858 4420 vox,tune
1888 4354 2088 4410 audita

439 4444 546 4507 est,
575 4440 775 4494 dicens
802 4441 872 4493 ad
923 4456 1055 4495 eum
1093 4459 1104 4495 :
1138 4442 1312 4495 Filius
1361 4457 1516 4496 meus
1565 4458 1620 4496 es
1651 4451 1750 4503 tu;
1787 4460 1880 4514 ego
1929 4443 2089 4498 hodie

438 4530 606 4596 genui
634 4536 683 4582 te
713 4530 865 4598 (Luc.
903 4546 985 4595 ιιι,
1017 4530 1107 4594 23,
1141 4530 1252 4601 22).
1283 4529 1456 4584 Vides
1490 4546 1625 4600 ergo
1658 4531 1712 4585 id
1767 4533 1918 4602 quod
1954 4539 2088 4588 ante

441 4633 626 4672 annos
656 4617 921 4688 triginta,
954 4622 1017 4672 ut
1055 4618 1191 4673 huic
1241 4618 1490 4689 videtur,
1540 4620 1610 4674 de
1656 4621 1836 4676 Maria
1885 4626 2083 4676 natum

438 4711 670 4771 est,non
707 4723 836 4761 esse
858 4706 1052 4777 ipsum
1077 4708 1287 4762 Filium
1325 4709 1548 4778 Dei,sed
1582 4709 1638 4763 id
1669 4711 1820 4779 quod
1849 4711 1919 4765 de
1941 4711 2087 4782 bap-

439 4797 617 4851 tismo
660 4801 859 4866 postea
890 4798 1106 4850 factum
1142 4802 1228 4852 est
1260 4798 1328 4851 ad
1361 4798 1762 4865 Jordanem,id
1798 4805 1887 4854 est
1906 4799 2089 4854 homi-

444 4903 578 4940 nem
615 4902 852 4953 novum,
886 4890 1167 4956 tanquam
1199 4887 1255 4940 in
1290 4887 1458 4942 nobis
1512 4904 1645 4942 cum
1691 4888 1984 4942 credimus
2017 4890 2087 4943 ad

443 4976 627 5031 Deum
659 4991 727 5028 ex
759 4973 1118 5031 Gentilitatis
1148 4992 1341 5031 errore
1371 4975 1630 5031 conversi
1659 4994 1671 5031 :
1707 4978 1861 5046 quod
1895 4977 2086 5048 ipsum

444 5069 639 5120 tamen
672 5063 867 5119 nescio
901 5071 1097 5118 utrum
1132 5064 1276 5120 satis
1310 5081 1443 5120 cum
1479 5081 1546 5120 ea
1569 5065 1681 5120 ﬁde
1713 5065 2088 5136 faciat,quam

443 5171 542 5210 vos
573 5152 923 5209 catholicam
956 5153 1272 5208 nominatis
1299 5172 1311 5220 ;
1335 5155 1433 5208 sed
1463 5154 1690 5209 interim
1715 5154 1796 5209 sic
1819 5155 2089 5210 Matthmo

442 5243 689 5309 videtur,
715 5243 761 5297 si
795 5248 935 5298 sunt
965 5241 1153 5314 ipsius
1187 5242 1533 5313 haee.Neque
1563 5243 1719 5297 enim
1752 5261 2003 5314 usquam
2031 5244 2089 5298 in

446 5332 929 5399 parturitionibus
957 5330 1148 5386 Mariae
1186 5331 1406 5384 dictum
1457 5330 1669 5402 legitur
1716 5331 1881 5397 illud,
1916 5334 2092 5388 Filius

445 5434 595 5471 meus
628 5435 680 5472 es
712 5429 789 5483 tu,
822 5437 919 5487 ego
952 5419 1112 5475 hodie
1166 5421 1342 5492 genni
1373 5427 1465 5481 te;
1497 5425 1617 5485 aut,
1653 5421 1750 5474 Hic
1797 5424 1874 5474 est
1923 5422 2096 5476 Filius

446 5521 595 5560 meus
624 5506 1098 5575 ditectissz’mus,in
1131 5525 1232 5582 quo
1261 5510 1394 5564 bene
1424 5509 1734 5580 eomplacui
1751 5525 1772 5571 ;
1804 5510 1901 5564 sed
1927 5509 1984 5563 in
2005 5525 2095 5564 ex-

451 5595 705 5666 piatione
736 5597 863 5665 ejus
894 5599 1045 5668 apud
1077 5598 1583 5664 Jordanem.Quod
1633 5600 1683 5653 si
1713 5605 1768 5653 et
1799 5603 1857 5652 tu
1892 5599 2094 5654 credas

448 5683 530 5738 ita
562 5684 919 5753 utseriptum
941 5687 1169 5754 est,eris
1187 5688 1310 5758 jam
1343 5689 1578 5760 quidem
1598 5686 2093 5753 Matthaeanus;sic

452 5771 606 5829 enim
623 5771 766 5828 mihi
786 5773 1097 5830 dicendum
1116 5776 1550 5834 estzcatholicus
1568 5793 1699 5834 vero
1718 5792 2091 5848 nequaquam

2182 881 2325 935 Nam
2358 881 2701 937 catholicam
2736 883 2906 938 ﬁdem
2941 884 3209 938 novimus
3239 902 3251 950 ;
3286 901 3406 955 qua:
3456 890 3605 940 tanto
3643 886 3791 959 longe

2183 972 2346 1025 abest
2374 973 2444 1026 ab
2464 971 2570 1026 hac
2600 973 2961 1042 professione
2977 973 3256 1039 Mattbaai,
3291 979 3502 1044 quanto
3519 974 3705 1045 procul
3722 983 3796 1032 est

2185 1066 2242 1112 et
2272 1076 2303 1113 a
2331 1075 2490 1115 vero.
2524 1060 2826 1131 Siquidem
2859 1061 3191 1133 symbolum
3223 1067 3478 1117 vestrum
3526 1063 3604 1118 ita
3627 1080 3682 1120 se
3707 1064 3793 1119 ha-

2185 1149 2336 1214 beat,
2372 1153 2435 1202 ut
2466 1149 2715 1204 credatis
2746 1149 2804 1203 in
2854 1149 3055 1204 Jesum
3112 1150 3406 1206 Christum
3445 1149 3641 1206 Filium
3694 1153 3797 1218 Dei,

2186 1237 2286 1308 qui
2318 1237 2394 1291 sit
2427 1243 2598 1294 natus
2627 1255 2696 1293 ex
2727 1238 2949 1310 virgine
2982 1239 3164 1294 Maria
3198 1256 3209 1292 :
3249 1244 3502 1293 vestrum
3550 1244 3633 1294 est
3661 1257 3798 1311 ergo,

2186 1327 2257 1381 de
2289 1325 2470 1380 Maria
2515 1326 2775 1398 accipere
2825 1327 3036 1382 Filium
3086 1327 3227 1395 Dei;
3257 1327 3532 1398 Matthzei,
3583 1329 3649 1382 ab
3693 1329 3802 1384 Jor-

2188 1416 2372 1481 dane;
2410 1420 2698 1482 nostrum,
2751 1431 2818 1471 ex
2871 1416 2986 1472 Deo
3021 1421 3051 1484 εξ
3087 1433 3151 1472 ac
3200 1434 3302 1488 per
3356 1418 3462 1472 hoc
3516 1421 3631 1472 tam
3669 1417 3806 1473 vobis

2190 1504 2519 1574 Matthazus,
2553 1505 2601 1562 si
2635 1505 2754 1560 hec
2782 1507 2908 1576 ejus
2939 1523 3041 1577 pro
3094 1511 3246 1561 certo
3299 1511 3457 1575 sunt,
3507 1507 3807 1562 contrarius

2188 1595 2276 1646 est
2290 1592 2344 1645 in
2373 1594 2853 1663 professioneista
2868 1611 3176 1666 sua,quam
3194 1593 3501 1661 nobis;nisi
3517 1596 3662 1665 quod
3681 1612 3810 1665 pau—

2188 1680 2242 1736 lo
2276 1682 2617 1752 prudentior
2647 1684 2809 1739 vobis
2839 1683 3108 1739 inventus
3140 1689 3320 1750 est,ut
3350 1688 3538 1739 ortum
3571 1700 3634 1738 ex
3664 1685 3809 1738 femi-

2191 1787 2297 1824 neo
2321 1788 2481 1838 sexu,
2513 1771 2690 1826 David
2726 1773 2841 1827 filio
2873 1773 3190 1828 ascriberet
3222 1773 3434 1845 magis,
3468 1791 3638 1845 quam
3689 1774 3812 1828 Filio

2194 1860 2676 1932 Dei.Quapropter
2706 1863 2774 1916 de
2801 1863 3032 1916 duobus
3053 1880 3152 1916 vos
3185 1880 3367 1916 unum
3397 1863 3557 1917 fateri
3589 1867 3811 1932 oportet.

2192 1956 2292 2003 aut
2322 1949 2476 2005 hunc
2511 1968 2623 2004 non
2657 1968 2785 2006 esse
2821 1951 3298 2022 Matthzeum,qui
3336 1952 3455 2006 haec
3488 1952 3706 2006 videtur
3733 1969 3817 2006 as-

2193 2053 2381 2092 serere
2408 2057 2420 2106 ;
2457 2045 2557 2093 aut
2587 2056 2687 2094 vos
2719 2058 2832 2094 non
2867 2045 3059 2095 tenere
3090 2040 3474 2112 apostolicam
3510 2041 3699 2095 ﬁdem.

2263 2127 2497 2183 CAPUT
2531 2128 2698 2182 lll.—
2729 2129 2844 2182 Nos
2876 2146 3008 2184 vero
3037 2129 3304 2198 quamvis
3329 2129 3398 2183 de
3417 2129 3524 2183 hac
3554 2130 3821 2184 sententia

2194 2233 2364 2272 nemo
2397 2234 2636 2288 prorsus
2667 2217 2919 2287 dejiciat,
2971 2235 3035 2272 ex
3087 2218 3200 2272 Deo
3252 2217 3579 2288 accipiendi
3630 2216 3819 2271 Filium

2196 2306 2312 2375 Dei,
2347 2310 2539 2361 tamen
2575 2311 2640 2361 ut
2683 2306 2936 2360 multum
2985 2306 3397 2378 imprudentia
3428 2306 3822 2373 concedamus,

2195 2398 2258 2448 ut
2288 2395 2595 2466 adigamur
2627 2401 2681 2449 et
2727 2396 2893 2450 falsis
2941 2396 3192 2462 credere,
3254 2412 3324 2450 ex
3373 2396 3627 2450 Jordane
3675 2395 3825 2449 nobis

2193 2483 2303 2538 erit
2335 2484 2521 2538 factus
2552 2484 2722 2538 Jesus
2758 2485 2850 2538 Dei
2887 2483 3087 2554 Filius,
3122 2501 3299 2555 quam
3337 2490 3512 2539 natus
3570 2501 3636 2539 ex
3681 2487 3826 2538 utero

2197 2571 2828 2643 mulieris.Quanquam
2847 2575 3089 2645 neeipse
3111 2574 3353 2645 quidem
3368 2574 3468 2628 ille
3483 2574 3825 2643 quemMaria

2194 2661 2436 2732 peperit,
2469 2661 2516 2716 si
2551 2661 2708 2716 ullus
2739 2667 2880 2728 erat,
2916 2668 3069 2717 recte
3102 2663 3278 2718 David
3307 2663 3468 2718 ﬁlius
3500 2661 3830 2734 appelletur,

2195 2750 2306 2804 nisi
2339 2767 2471 2805 eum
2505 2755 2729 2806 constet
2751 2768 2819 2806 ex
2852 2757 3010 2822 patre
3039 2753 3254 2823 Joseph
3291 2751 3832 2815 seminatum.Quod

2196 2840 2333 2912 quia
2364 2841 2608 2911 negatis,
2643 2839 2784 2894 illud
2819 2841 2994 2895 etiam
3028 2842 3331 2897 fateamini
3366 2858 3605 2897 necesse
3637 2844 3740 2907 est,
3773 2856 3834 2893 ne

2195 2930 2389 3000 ipsum
2424 2928 2654 2999 quidem
2689 2946 2815 2984 esse
2847 2929 3023 2984 David
3060 2929 3578 2994 ﬁlium.Quoniam
3615 2930 3833 3001 quidem

2193 3018 2487 3088 generatio
2519 3019 2588 3071 ab
2624 3018 2917 3073 Abraham
2954 3035 3136 3090 usque
3179 3020 3247 3073 ad
3282 3020 3493 3086 David,
3526 3025 3583 3075 et
3615 3037 3647 3073 a
3681 3017 3838 3073 David

2193 3107 2408 3177 Joseph
2445 3108 2709 3178 adusque
2743 3109 3071 3178 deducitur,
3104 3125 3206 3178 per
3236 3125 3448 3164 omnes
3505 3108 3725 3164 scilicet
3751 3107 3844 3162 He-

2194 3196 2477 3250 braeorum
2513 3201 2743 3266 patres:
2779 3214 2846 3251 ex
2870 3214 2982 3267 quo
3023 3198 3159 3268 quia
3190 3198 3369 3253 Jesus
3393 3204 3709 3269 conceptus
3741 3213 3842 3250 non

2195 3289 2302 3351 est,
2339 3290 2399 3338 ut
2430 3285 2662 3356 legitur,
2698 3302 2802 3340 nec
2836 3286 2995 3340 ﬁlius
3025 3287 3134 3341 erit
3167 3286 3350 3341 David
3389 3305 3401 3342 :
3438 3287 3727 3359 longeque
3755 3286 3848 3340 de-

2197 3391 2362 3429 mens
2394 3379 2500 3440 est,
2532 3375 2629 3445 qui
2663 3391 2837 3445 quem
2870 3376 2996 3430 sine
3022 3375 3173 3430 coitu
3198 3376 3423 3446 Joseph
3460 3378 3532 3431 de
3559 3376 3738 3431 Maria
3758 3392 3848 3428 na-

2196 3467 2318 3517 tum
2353 3462 2619 3518 dicturus
2650 3468 2791 3529 erat,
2827 3465 2987 3518 hunc
3022 3465 3077 3518 in
3115 3465 3410 3536 principio
3442 3465 3710 3538 posuerit
3737 3479 3853 3519 esse

2199 3551 2382 3606 ﬁlium
2417 3552 2613 3606 David.
2649 3553 2790 3607 Cum
2824 3570 2959 3624 ergo
2995 3570 3064 3608 ne
3092 3553 3214 3624 ipse
3255 3554 3525 3624 quidem,
3560 3554 3662 3626 qui
3694 3553 3768 3608 sit
3796 3569 3854 3606 ex

2197 3642 2380 3696 Maria
2410 3642 2661 3713 genitus,
2696 3641 2873 3696 David
2910 3647 3059 3697 recte
3113 3642 3295 3717 ﬁlius.
3333 3643 3696 3715 appelletur,
3729 3640 3856 3713 quia

2197 3747 2309 3786 non
2336 3731 2412 3784 sit
2445 3735 2614 3784 natus
2645 3747 2712 3785 ex
2742 3731 2955 3801 Joseph
2986 3749 2997 3797 ;
3033 3736 3251 3802 quanto
3283 3734 3489 3804 magis
3515 3733 3698 3788 Filius
3724 3729 3856 3785 Dei?

2267 3819 2497 3875 CAPUT
2531 3819 2621 3873 IV.
2657 3851 2725 3860 —-
2757 3821 3000 3875 Proinde
3033 3837 3135 3875 nec
3191 3821 3445 3892 virginis
3480 3822 3676 3894 ipsius
3708 3820 3855 3890 origo

2196 3926 2262 3964 ex
2293 3909 2399 3963 hac
2426 3909 2580 3963 tribu
2612 3907 2790 3962 fuisse
2819 3914 3204 3975 monstratur,
3253 3912 3418 3966 unde
3452 3916 3695 3967 constat
3741 3924 3858 3964 esse

2196 3998 2412 4066 David;
2449 3998 2574 4052 dico
2605 4003 2800 4053 autem
2831 4000 3067 4066 Judam,
3103 3999 3172 4053 de
3223 4016 3344 4070 quo
3403 4001 3601 4056 Judaei
3655 4015 3816 4070 reges
3848 4012 3858 4050 :

2196 4089 2296 4141 sed
2328 4104 2394 4142 ex
2426 4087 2577 4141 tribu
2623 4087 2775 4154 Levi,
2830 4089 2984 4141 unde
3037 4089 3373 4144 sacerdotes
3411 4108 3423 4144 :
3463 4091 3625 4161 quod
3679 4089 3860 4161 ipsum

2198 4175 2387 4247 palam
2420 4175 2677 4245 est,quia
2705 4176 2904 4229 eadem
2941 4181 3163 4246 patrem
3189 4176 3474 4233 habuerit
3507 4179 3861 4234 sacerdotem

2198 4265 2511 4335 quemdam
2563 4264 2796 4318 nomine
2847 4265 3131 4330 Joachim,
3186 4266 3359 4335 cujus
3409 4272 3620 4323 tamen
3673 4267 3733 4321 in
3763 4266 3864 4320 hac

2197 4349 2566 4424 generatione
2599 4350 2760 4405 nulla
2793 4368 3039 4422 usquam
3077 4352 3278 4407 habita
3313 4355 3550 4410 mentio
3585 4359 3696 4410 est.
3731 4354 3862 4416 Quo-

2199 4441 2371 4494 modo
2403 4455 2538 4510 ergo
2584 4441 2654 4493 ad
2707 4440 2854 4494 hanc
2900 4440 3188 4494 Davidicze
3244 4443 3633 4513 cognationis
3668 4458 3865 4515 prosa-

2200 4531 2353 4601 piam
2391 4528 2567 4584 Maria
2587 4528 2873 4599 pertinere
2907 4529 3152 4594 dicetur,
3184 4531 3242 4584 in
3275 4547 3398 4601 qua
3460 4549 3599 4588 eam
3634 4549 3742 4588 nec
3777 4546 3869 4602 pa-

2198 4625 2344 4674 trem
2377 4617 2588 4672 habere
2617 4617 2836 4682 videas,
2871 4635 2974 4673 nec
3006 4618 3277 4674 maritum
3310 4620 3338 4673 ‘?
3371 4623 3459 4677 Ae
3487 4639 3596 4693 per
3628 4622 3739 4677 hoc
3766 4634 3866 4674 nec

2199 4707 2294 4762 ille
2327 4707 2498 4762 David
2535 4705 2688 4760 ﬁlius
2728 4707 3133 4778 erit,quisquis
3177 4725 3243 4762 ex
3273 4711 3488 4765 eadem
3541 4710 3811 4766 nascitur
3852 4724 3862 4759 :

2201 4797 2312 4851 nisi
2343 4797 2470 4868 ejus
2493 4796 2642 4850 hanc
2674 4795 3013 4867 genitricem
3047 4797 3129 4850 sic
3161 4797 3482 4853 admoveas
3514 4797 3773 4870 Joseph,
3814 4799 3879 4849 ut

2201 4887 2328 4956 ejus
2360 4890 2460 4938 aut
2494 4884 2612 4939 ﬁlia
2644 4885 2920 4956 probetur
2949 4890 3049 4940 aut
3083 4887 3316 4956 eonjux.

2271 4974 2497 5029 CAPUT
2527 4973 3041 5030 V.—Aueus'r11vus
3076 4976 3375 5046 respondit
3413 4993 3425 5028 :
3470 4976 3651 5031 Fides
3676 4973 3876 5030 catho-

2202 5062 2311 5119 lica
2342 5064 2661 5133 eademque
2690 5062 3005 5134 apostolica
3032 5068 3140 5124 est.
3164 5064 3484 5119 Dominum
3522 5071 3805 5122 nostrum
3829 5065 3880 5116 et

2202 5152 2554 5208 Salvatorem
2586 5154 2782 5207 Jesum
2815 5151 3202 5216 Christum,et
3236 5151 3452 5206 Filium
3492 5153 3598 5208 Dei
3635 5169 3768 5208 esse
3793 5164 3877 5205 se-

2203 5242 2460 5296 cundum
2484 5241 2928 5311 divinitatem,et
2954 5241 3137 5295 ﬁlium
3171 5241 3339 5295 David
3363 5243 3722 5298 secundum
3757 5257 3878 5295 car-

2204 5330 2516 5399 nemzquod
2545 5330 2621 5384 ita
2645 5330 2960 5401 probamus
2982 5346 3049 5384 ex
3074 5329 3427 5400 evangelicis
3447 5327 3871 5402 etapostolicis

2207 5419 2532 5488 Litteris,ut
2561 5435 2730 5473 nemo
2763 5419 2948 5490 possit
2977 5420 3375 5473 contradicere
3414 5419 3882 5489 probationibus

2206 5507 2560 5572 nostris,nisi
2593 5508 2691 5577 qui
2726 5507 2871 5578 ipsis
2909 5507 3131 5562 Litteris
3156 5507 3552 5564 contradicit:
3575 5526 3699 5564 non
3735 5508 3882 5563 sicut

2205 5597 2313 5652 sibi
2335 5597 2583 5651 Faustus
2603 5597 2710 5650 iste
2735 5597 3259 5668 proposuit,nescio
3281 5612 3461 5667 quem
3485 5613 3689 5668 pauca
3710 5595 3885 5653 verba

2205 5686 2507 5753 dixisse,et
2529 5691 2728 5740 cantra
2747 5687 3013 5755 ejusdem
3041 5686 3237 5741 Fausti
3257 5684 3600 5756 versipellis
3629 5685 3884 5742 astutias

2207 5774 2367 5832 nulla
2389 5779 2590 5848 postea
2609 5774 2946 5832 testimonia
2959 5774 3473 5848 protulisse.Quod
3497 5790 3612 5849 ego
3636 5791 3780 5834 eum
3805 5774 3885 5830 fe-
