4046 6184
188 344 299 405 469

188 492 331 548 cero,
357 475 505 531 nihil
525 476 575 532 ei
594 476 746 548 quod
772 478 1122 550 respondeat
1156 479 1501 540 remanebit,
1532 478 1643 533 nisi
1687 477 1829 534 illud

190 566 335 638 quod
350 565 467 620 vim
481 566 979 622 manifestissimae
993 568 1255 623 veritatis
1267 568 1327 623 in
1342 568 1462 624 Scri
1470 573 1571 641 ptu
1580 567 1658 623 ris
1672 584 1772 623 san
1781 584 1834 621 c-

185 655 256 710 tis
269 671 537 727 expresse
550 654 652 709 illu
664 657 798 711 dere
814 662 988 728 atque
1002 657 1216 712 evitare
1229 663 1491 724 conatur,
1509 662 1574 711 ut
1602 656 1830 712 falsail-

184 744 239 800 la
255 744 533 799 etdivinis
551 745 854 801 codicibus
873 745 1139 802 immissa
1158 747 1611 818 respondeat.Qu
1622 763 1711 800 am
1730 747 1828 801 de-

180 832 459 888 mentiam
472 834 549 900 ,fu
559 834 889 904 riosamque
903 838 1415 907 praesumptionem
1430 836 1824 905 etaudaciam,

172 923 292 993 jam
318 923 592 994 superius
609 923 666 978 in
688 924 794 979 hoc
811 941 1002 996 opere,
1036 930 1320 996 quantum
1345 926 1612 980 sufﬁcere
1632 925 1826 980 visum

177 1011 564 1079 esl,refutavi:
592 1028 697 1067 nec
719 1014 920 1068 eadem
940 1020 1196 1085 repetere
1222 1019 1466 1085 oportet,
1486 1018 1549 1068 ut
1583 1014 1823 1069 modum

176 1100 461 1157 sermonis
492 1102 666 1156 etiam
702 1102 1060 1174 cogitemus.
1087 1104 1235 1170 Quid
1260 1104 1437 1175 igitur
1462 1120 1609 1175 opus
1632 1109 1720 1158 est
1741 1103 1823 1157 di-

173 1205 376 1263 spersa
395 1207 499 1262 per
516 1191 741 1263 Scriptu
752 1208 845 1247 ras
860 1208 1066 1248 omnes
1086 1209 1344 1264 quaerere
1357 1197 1529 1264 atque
1552 1192 1823 1265 colligere

172 1278 749 1351 testimonia,quibus
768 1285 973 1336 contra
993 1281 1172 1337 istum
1193 1281 1528 1354 probemus,
1546 1281 1602 1335 in
1630 1282 1819 1337 Libris

170 1368 775 1440 maximzedivinaeque
799 1370 1184 1436 auctoritatis,
1227 1371 1498 1425 eumdem
1533 1370 1646 1424 dici
1684 1369 1816 1424 Fili-

172 1474 264 1513 um
288 1458 393 1513 Dei
427 1458 795 1529 unigenitum
829 1476 1061 1532 semper
1090 1460 1273 1515 Deum
1300 1460 1454 1531 apud
1490 1465 1693 1526 Deum,
1716 1458 1817 1531 qui

170 1547 386 1603 dicitur
412 1548 588 1602 etiam
612 1548 769 1603 ﬁlius
790 1549 968 1603 David
994 1555 1229 1621 propter
1248 1553 1545 1621 acceptam
1567 1549 1812 1603 formam

170 1635 312 1692 servi
345 1653 416 1692 ex
443 1636 667 1708 virgine
716 1637 898 1693 Maria
939 1639 1186 1709 conjuge
1216 1638 1472 1710 Joseph?
1518 1638 1683 1693 Nunc
1732 1637 1817 1691 in-

170 1726 357 1792 terim,
393 1725 533 1797 quia
562 1726 633 1780 de
650 1726 924 1782 Matthaao
955 1726 1138 1782 voluit
1166 1727 1488 1799 disputare,
1524 1742 1629 1781 nec
1660 1743 1693 1781 a
1722 1742 1815 1782 me

170 1818 325 1870 totus
344 1814 604 1871 Matthmi
626 1814 774 1871 liber
794 1816 931 1871 huic
958 1816 1215 1871 sermoni
1236 1815 1413 1872 inseri
1438 1820 1649 1888 potest,
1663 1814 1815 1886 legat

169 1903 258 1974 qui
312 1902 587 1973 voluerit,
639 1912 692 1959 et
734 1904 926 1959 videat
966 1904 1463 1975 quemadmodum
1506 1902 1813 1958 Matthazus

173 2009 321 2060 eum,
362 2009 537 2064 quem
571 1999 837 2065 parentes
869 1994 996 2064 ejus
1031 1998 1481 2049 enumeraturus
1520 1992 1663 2047 dicit
1711 1991 1815 2046 ﬁli-

175 2098 262 2136 um
297 2081 510 2147 David,
541 2083 831 2139 narrando
861 2099 1044 2154 usque
1067 2083 1136 2137 ad
1164 2081 1496 2154 passionem
1520 2097 1811 2137 ressurec-

173 2171 508 2242 tionemque
541 2171 846 2242 perducat;
880 2188 987 2227 nec
1016 2170 1196 2225 alium
1232 2186 1408 2241 quam
1440 2171 1634 2242 ipsum
1659 2171 1815 2225 dicat

173 2278 201 2315 a
224 2259 459 2331 virgine
477 2260 658 2315 Maria
686 2261 759 2315 de
789 2259 1007 2332 Spiritu
1040 2265 1243 2315 sancto
1268 2264 1613 2332 conceptum
1640 2263 1696 2315 et
1718 2276 1817 2313 na-

171 2355 310 2403 tum.
349 2348 454 2404 Cui
475 2349 557 2404 rei
589 2350 827 2405 adhibet
857 2355 914 2406 et
963 2350 1365 2406 testimonium
1390 2350 1460 2404 de
1491 2349 1811 2421 propheta:

171 2439 292 2494 Ecce
330 2442 484 2510 virgo
512 2440 737 2511 accipiet
769 2441 828 2493 in
869 2442 1044 2503 utero,
1075 2446 1125 2495 et
1153 2441 1340 2511 pariet
1386 2439 1588 2509 ﬁlium,
1619 2448 1669 2493 et
1718 2452 1814 2493 vo-

170 2528 367 2582 cabunt
383 2545 583 2584 nomen
603 2530 719 2593 eius
747 2528 1092 2595 Emmanuel,
1115 2527 1254 2599 quod
1275 2537 1354 2583 est
1377 2530 1812 2598 interpretatum,

171 2616 461 2672 Nobiscum
490 2618 629 2672 Deus
658 2617 806 2688 (Isai.
834 2634 932 2686 v11,
958 2618 1057 2683 14;
1104 2617 1289 2672 Matth.
1325 2634 1363 2683 1,
1386 2617 1498 2687 23).
1531 2616 1816 2671 Eumdem

172 2721 275 2776 que
306 2706 672 2777 baptizatum
708 2724 740 2760 a
768 2707 1011 2773 Joanne,
1047 2707 1285 2761 audisse
1316 2707 1386 2762 de
1419 2705 1584 2775 coelo,
1616 2707 1714 2761 Hic
1742 2708 1819 2760 est

169 2797 346 2852 Filius
372 2812 526 2851 meus
554 2796 801 2861 dilectus,
832 2797 894 2851 in
944 2812 1047 2867 quo
1092 2795 1236 2851 mihi
1271 2796 1576 2866 complacui
1604 2794 1815 2862 (Matth.

173 2900 250 2947 111,
278 2885 373 2956 17)
409 2901 421 2939 :
458 2885 528 2940 de
559 2902 675 2956 quo
704 2885 925 2939 dictum
957 2890 1081 2940 erat
1113 2886 1237 2956 jam
1270 2902 1338 2940 ex
1361 2889 1527 2954 partu
1553 2883 1818 2955 virginis,

172 2974 461 3029 Nobiscum
488 2975 651 3029 Deus.
684 2975 809 3029 Nisi
843 2975 987 3029 forte
1017 2974 1205 3029 visum
1238 2973 1314 3028 sit
1360 2974 1573 3027 Fausto
1624 2971 1820 3027 minus

173 3078 296 3118 esse
328 3064 483 3134 quod
515 3063 707 3119 dictus
731 3067 820 3119 est
848 3068 1203 3134 Deus,quam
1217 3063 1371 3134 quod
1391 3062 1581 3118 dictus
1611 3067 1702 3117 est
1731 3060 1821 3115 Fi-

172 3150 284 3207 lius
312 3152 526 3207 Dei.Ex
555 3152 664 3207 hoc
683 3152 839 3207 enim
863 3152 1148 3222 conjicere
1170 3156 1413 3206 conatus
1436 3150 1822 3215 est,Matthzeo

173 3256 278 3295 non
317 3256 453 3296 esse
482 3240 673 3297 visum
717 3241 874 3312 quod
916 3240 1099 3295 Filius
1131 3239 1229 3295 Dei
1262 3240 1451 3295 factus
1486 3240 1562 3294 sit
1594 3240 1705 3294 nisi
1755 3255 1824 3294 ex

175 3330 494 3401 baptismo,
528 3329 665 3401 quia
697 3329 775 3384 ibi
803 3330 955 3385 facta
1001 3334 1089 3384 est
1116 3345 1223 3383 vox
1272 3329 1343 3383 de
1390 3328 1556 3394 coelo,
1601 3330 1698 3383 Hic
1744 3336 1823 3383 est

174 3420 354 3474 Filius
382 3435 579 3473 meus:
612 3435 745 3473 cum
794 3418 950 3473 idem
992 3415 1345 3488 evangelista
1379 3417 1506 3486 jam
1551 3417 1822 3488 superius

177 3508 513 3563 adhibuerit
543 3507 806 3562 divinum
838 3523 907 3562 ex
938 3506 1221 3578 propheta
1254 3505 1674 3569 testimonium,
1723 3505 1821 3561 ubi

175 3596 293 3668 ipse
328 3600 537 3668 partus
566 3595 808 3667 virginis
839 3594 1165 3667 appellatus
1197 3598 1305 3661 est,
1338 3594 1628 3648 Nobiscum
1659 3595 1816 3649 Deus.

238 3685 479 3743 CAPUT
500 3685 849 3740 VI.-—-Hunc
868 3699 1007 3739 sane
1035 3683 1377 3739 misererum
1411 3682 1590 3737 delire
1620 3699 1823 3754 garru-

176 3773 289 3831 lum
306 3775 598 3831 debemus
612 3772 824 3829 intueri
837 3778 1012 3842 atque
1024 3773 1469 3837 observare,non
1484 3772 1826 3841 pretermit-

177 3870 418 3934 tentem,
454 3863 553 3917 ubi
577 3860 1059 3934 potuerit,lectori
1082 3859 1549 3931 vaniloquiorum
1582 3878 1823 3917 suorum

178 3953 347 4009 etiam
374 3953 449 4007 de
474 3952 905 4023 Scripturarum
928 3949 1239 4005 testimoiis
1255 3948 1498 4005 nebulas
1527 3949 1826 4005 effundere

180 4042 487 4097 falsitatis:
515 4040 668 4096 sicut
686 4040 757 4095 de
768 4037 1061 4095 Abraham
1076 4037 1237 4104 dixit,
1258 4038 1413 4106 quod
1438 4042 1549 4093 Deo
1564 4054 1676 4093 non
1702 4055 1823 4093 cre-

180 4131 405 4186 diderat
425 4130 499 4184 de
531 4129 672 4184 Sara
688 4128 797 4184 sibi
829 4128 1019 4182 ﬁlium
1046 4125 1668 4198 promittenti,quando
1690 4144 1824 4183 cum

180 4218 390 4275 ancilla
411 4217 759 4284 concubuit;
784 4233 918 4272 cum
946 4216 1248 4287 Scriptura
1268 4218 1541 4282 testatur,
1564 4216 1825 4271 nondum

179 4308 254 4363 illi
288 4312 528 4380 partum
561 4307 713 4362 Sara!
758 4305 941 4361 fuisse
972 4304 1328 4376 promissum
1369 4304 1522 4373 (Gen.
1548 4322 1664 4372 xv1,
1692 4306 1743 4373 4,
1775 4310 1827 4361 et

178 4414 311 4467 m1,
345 4398 442 4463 47)
467 4414 480 4451 :
505 4395 591 4451 vel
625 4396 779 4466 quod
812 4411 1048 4449 uxorem
1073 4410 1242 4449 suam
1266 4410 1521 4449 sororem
1546 4396 1826 4450 mentitus

179 4486 418 4555 sit;cum
438 4502 624 4558 genus
645 4485 798 4540 Sara:
821 4484 1201 4555 nusquam,in
1222 4482 1570 4538 illisLitteris
1599 4483 1825 4556 legerit,

182 4576 400 4646 quibus
430 4577 504 4629 de
538 4575 644 4630 hac
676 4590 736 4628 re
766 4574 911 4628 fides
936 4572 1205 4627 habenda
1225 4576 1313 4625 est
1333 4571 1433 4640 (Id.
1454 4572 1827 4642 x11,13,etxx,

180 4666 231 4730 2,
264 4666 355 4735 12)
379 4682 393 4721 :
429 4668 488 4719 et
513 4663 581 4718 de
604 4662 722 4718 lilio
743 4663 871 4734 ejus
895 4663 1076 4725 Isaac,
1101 4661 1255 4732 quod
1279 4660 1454 4715 etiam
1478 4660 1600 4731 ipse
1616 4661 1827 4716 Rebec-

183 4769 309 4810 cam
334 4753 481 4808 falso
509 4752 723 4807 dixerit
745 4766 1004 4806 sororem
1023 4765 1190 4804 suam
1215 4765 1378 4811 cum;
1402 4765 1587 4821 genus
1600 4749 1648 4819 ej
1660 4766 1727 4804 us
1750 4749 1830 4804 ibi

183 4848 382 4915 aperte
405 4841 689 4913 scriptum
712 4840 789 4896 sit
805 4839 911 4912 (Id.
936 4856 1084 4906 xxv1,
1102 4840 1157 4907 7,
1182 4847 1236 4893 et
1251 4843 1439 4905 xx1v):
1464 4842 1519 4893 et
1539 4838 1610 4899 de
1629 4838 1827 4906 Jacob,

184 4932 338 5001 quod
371 4930 632 5003 quotidie
654 4934 943 4985 certamen
968 4931 1123 4983 esset
1164 4927 1317 4982 inter
1336 4931 1544 4998 quator
1572 4926 1699 4997 ejus
1736 4944 1833 4982 ux-

184 5036 337 5088 ores,
368 5037 638 5093 quaenam
660 5018 828 5074 illum
852 5019 922 5074 de
935 5033 1072 5088 agro
1089 5016 1415 5071 venientem
1434 5016 1591 5087 prior
1612 5018 1680 5070 ad
1702 5034 1833 5073 con-

186 5111 455 5165 cubitum
486 5112 740 5181 raperet;
783 5107 938 5178 quod
987 5105 1106 5160 illic
1136 5104 1395 5160 omnimo
1430 5121 1720 5176 nusquam
1751 5106 1832 5161 1e-

189 5197 349 5269 gisse
380 5197 763 5253 convincitur.
791 5196 931 5251 Ecce
962 5192 1156 5266 qualis
1176 5193 1347 5248 homo
1372 5194 1837 5249 mendacesdivi-

193 5302 404 5343 norum
441 5288 745 5343 Librorum
775 5284 1085 5356 scriptores
1117 5299 1178 5337 se
1203 5282 1392 5337 odisse
1415 5282 1711 5352 gloriatur,
1737 5284 1837 5355 qui

193 5376 369 5433 etiam
384 5378 456 5433 de
469 5374 800 5449 evangelico
811 5378 987 5429 tanta:
1002 5371 1363 5428 auctoritatis
1384 5371 1641 5427 culmine
1653 5373 1838 5427 omni-

197 5467 309 5523 bus
330 5468 525 5538 noto‘,
547 5464 782 5522 mentiri
810 5463 893 5520 sic
914 5462 1111 5527 audet,
1140 5464 1206 5516 ut
1235 5477 1351 5515 non
1376 5460 1732 5531 Matthaeum,
1766 5479 1838 5519 ne

266 5688 285 5723 ι
304 5685 417 5738 Am.
430 5684 520 5736 Er.
533 5685 587 5734 et
596 5680 777 5747 plures
786 5678 935 5741 Mem,
946 5676 1008 5728 de
1016 5675 1299 5743 Evangelia
1308 5680 1447 5728 noto.
1466 5677 1530 5729 Et
1548 5690 1614 5728 ex
1631 5678 1839 5733 iisdem.

1320 346 1553 406 LIBER
1599 345 2028 407 VIGESIMUS
2074 348 2438 412 TERTIUS.

3469 351 3589 411 470

1946 479 2247 550 apostolici
2268 483 2521 538 nominis
2536 485 2787 555 pondere
2809 482 3251 555 comprimatur,
3269 483 3371 538 sed
3392 482 3585 539 nescio

1945 584 2116 638 Quem
2145 568 2324 625 alium
2350 572 2458 626 sub
2480 573 2730 631 Matthaai
2755 572 2989 628 nomine
3009 572 3142 628 velit
3163 570 3355 643 putari
3400 573 3582 644 scrip—

1944 657 2092 712 sisse
2117 659 2186 713 de
2217 659 2467 726 Christo,
2495 662 2613 732 qud
2646 679 2758 717 non
2783 661 2905 716 vult
2930 662 3179 728 credere,
3206 666 3261 715 et
3308 661 3462 732 quod
3490 677 3581 716 ca-

1941 744 2235 802 lumniosa
2265 751 2518 804 versutia
2548 750 2798 806 refutare
2842 756 3103 806 conatur.

2011 835 2241 892 CAPUT
2264 838 2449 893 VII.—
2474 839 2565 893 Sic
2596 856 2733 911 ergo
2760 841 2831 894 de
2861 838 3001 894 ccelo
3034 840 3253 895 dictum
3287 843 3375 895 est
3404 856 3583 911 super

1937 940 2150 995 aquam
2178 928 2472 993 Jordanis,
2494 930 2602 983 Hic
2631 933 2713 983 est
2740 929 2921 1015 Filius
2942 944 3095 984 meus
3124 928 3372 995 dilectus,
3394 929 3455 983 in
3476 944 3580 1001 quo

1937 1015 2077 1068 mihi
2126 1016 2470 1086 complacui;
2512 1018 3009 1088 quemadmodum
3060 1018 3281 1073 dictum
3314 1023 3403 1073 est
3432 1022 3490 1074 et
3517 1018 3576 1073 in

1935 1108 2133 1158 monte
2154 1104 2371 1175 (Matth.
2407 1123 2542 1176 xvn,
2578 1108 2657 1175 5).
2701 1107 2900 1178 Neque
2929 1108 3084 1162 enim
3117 1108 3255 1178 quia
3294 1112 3352 1163 et
3393 1108 3473 1162 ibi
3506 1108 3576 1164 de

1932 1190 2073 1246 ccelo
2095 1209 2200 1248 vox
2220 1193 2349 1265 ipsa
2369 1196 2586 1266 sonuit,
2612 1195 2793 1251 Filius
2813 1195 2909 1250 Dei
2932 1200 3065 1251 ante
3088 1212 3201 1251 non
3220 1196 3368 1251 fuit:
3395 1212 3575 1267 quan-

1930 1279 2243 1352 doquidem
2267 1300 2334 1338 cx
2358 1289 2522 1339 utero
2541 1284 2781 1357 virginis
2802 1284 2899 1339 ille
2915 1283 3135 1356 accepit
3153 1288 3389 1356 formam
3410 1287 3571 1352 servi,

1928 1372 2170 1441 quicum
2188 1373 2245 1426 in
2267 1376 2448 1442 [arma
2470 1375 2564 1429 Dei
2586 1383 2741 1441 esset,
2766 1390 2873 1431 non
2894 1376 3150 1446 rapinam
3171 1375 3473 1430 arbitratus
3496 1382 3574 1430 est

1926 1475 2037 1515 esse
2065 1462 2299 1531 aquaelis
2320 1464 2424 1518 Deo
2444 1464 2715 1535 (Philipp.
2743 1480 2803 1530 11,
2826 1465 2880 1531 7,
2905 1465 2981 1531 6).
3002 1464 3259 1535 Denique
3281 1462 3574 1535 idemipse

1924 1548 2219 1619 apostolus
2241 1551 2457 1606 Paulus
2480 1551 2591 1606 alio
2616 1552 2739 1607 loco
2763 1551 3135 1623 apertissime
3156 1552 3457 1617 dicit,Cum
3478 1569 3575 1607 au-

1922 1645 2032 1692 tem
2058 1641 2205 1694 venit
2217 1640 2499 1711 plenitudo
2524 1644 2804 1712 temporis,
2830 1642 2980 1697 misit
3001 1643 3139 1697 Deus
3160 1642 3365 1697 Filium
3384 1658 3568 1710 suum,

1920 1727 2128 1796 factum
2154 1744 2222 1783 eo:
2237 1730 2484 1800 muliere,
2492 1730 2704 1801 factum
2726 1731 2823 1785 sub
2840 1732 2977 1801 Lege
2999 1728 3203 1801 (Galat.
3229 1747 3304 1801 v1,
3325 1732 3376 1798 4)
3397 1747 3409 1785 :
3431 1748 3561 1786 mu-

1922 1814 2121 1871 lierem
2146 1817 2368 1873 scilicct
2408 1836 2566 1874 more
2614 1818 2925 1874 locutionis
2961 1819 3241 1875 hebraicm
3282 1819 3561 1876 feminam

1921 1904 2243 1975 appellans.
2271 1912 2400 1978 Ipse
2431 1924 2565 1979 ergo
2590 1912 2677 1963 est
2696 1909 2875 1963 Filius
2912 1908 3033 1975 Dei,
3068 1909 3166 1980 qui
3198 1912 3254 1963 et
3282 1908 3564 1965 Dominus

1921 1992 2097 2049 David
2126 1995 2452 2051 secundum
2483 1997 2862 2063 divinitatem;
2886 2002 2941 2052 et
2958 1998 3113 2053 idem
3135 1999 3262 2069 ipse
3284 1997 3437 2053 ﬁlius
3454 1998 3564 2054 Da-

1919 2080 2110 2149 vid,ex
2126 2084 2347 2139 semine
2374 2085 2545 2139 David
2571 2087 2896 2141 secundum
2916 2103 3171 2142 carnem.
3197 2088 3358 2151 Quod
3382 2087 3431 2142 si
3456 2104 3563 2142 no-

1920 2169 2011 2226 bis
2039 2173 2274 2228 credere
2295 2190 2408 2229 non
2426 2175 2745 2246 prodesset,
2770 2192 2884 2230 non
2908 2175 3017 2231 hoc
3038 2180 3157 2231 tam
3180 2180 3396 2231 attente
3412 2176 3565 2231 idem

1920 2260 2221 2331 apostolus
2270 2262 2575 2319 Timotheo
2624 2265 3081 2333 commendaret,
3115 2265 3335 2333 dicens,
3362 2266 3568 2320 Memor

1919 2354 2030 2405 esto
2054 2350 2327 2406 Christum
2344 2354 2529 2408 Iesum
2548 2355 2881 2409 resurexisse
2902 2370 2934 2408 a
2956 2356 3209 2424 mortuis,
3250 2371 3324 2411 ea:
3365 2356 3571 2410 semine

1920 2439 2115 2506 David,
2157 2441 2456 2496 secundum
2504 2443 2862 2513 Evangelzum
2898 2458 3081 2497 meum
3124 2442 3197 2513 (II
3247 2444 3376 2498 Tim.
3405 2443 3568 2515 11,8).

1923 2528 2132 2584 Contra
2148 2530 2299 2600 quod
2326 2530 2698 2602 Evangeliam
2721 2531 2991 2603 quisquis
3006 2531 3165 2587 aliud
3185 2533 3569 2588 annuntiave-

1924 2616 2017 2687 rit,
2052 2622 2117 2673 ut
2145 2619 2457 2674 anathema
2488 2620 2583 2691 sit,
2618 2636 2831 2692 magna
2861 2637 3002 2675 cura
3033 2620 3233 2677 fideles
3267 2621 3573 2677 admonuit

1924 2706 2123 2779 (Galat.
2159 2724 2198 2775 1,
2229 2708 2285 2773 8,
2314 2708 2392 2779 9).

1995 2795 2231 2851 CAPUT
2251 2796 2399 2851 VIII.
2419 2828 2485 2838 —
2500 2797 2647 2863 Quid
2671 2813 2806 2869 ergo
2813 2799 2938 2869 jam
2955 2802 3181 2853 moveat
3197 2798 3383 2855 sancti
3396 2799 3573 2855 Evan-

1926 2882 2037 2955 geli
2062 2886 2555 2958 sectatorem,qud
2580 2885 2707 2941 sine
2729 2886 3042 2941 concubitu
3063 2887 3274 2959 loseph
3298 2887 3569 2944 Christus

1928 2978 2104 3028 natus
2154 2990 2223 3029 ex
2270 2973 2516 3046 virgine,
2550 2974 2706 3029 ﬁlius
2756 2978 2951 3030 tamen
2993 2975 3171 3031 David
3222 2975 3569 3048 appellatur,

1928 3077 2058 3117 cum
2090 3063 2553 3133 generatiomum
2593 3064 2801 3119 seriem
2826 3080 2938 3119 non
2973 3080 3161 3135 usque
3203 3066 3273 3120 ad
3304 3065 3571 3132 Mariam,

1928 3151 2029 3204 sed
2058 3167 2244 3223 usque
2271 3152 2341 3206 ad
2373 3151 2590 3224 Joseph
2622 3152 2926 3208 Mattheus
2965 3153 3322 3225 evangelista
3358 3154 3573 3224 perdu-

1928 3243 2021 3294 cat
2038 3239 2065 3295 ‘l
2085 3240 2301 3307 Primo,
2326 3241 2465 3312 quia
2488 3242 2682 3297 mariti
2712 3243 2840 3312 ejus
2864 3242 3068 3309 fuerat,
3093 3247 3327 3315 propter
3346 3242 3571 3298 virilem

1929 3342 2155 3394 sexum,
2182 3330 2376 3400 potius
2399 3330 2741 3386 honoranda
2758 3347 3238 3402 personazneque
3258 3332 3412 3387 enim
3436 3333 3576 3403 quia

1930 3417 2239 3473 concubitu
2268 3435 2383 3473 non
2408 3419 2856 3490 pemixtus,ideo
2873 3437 2986 3475 non
3012 3419 3423 3487 maritus,cum
3448 3421 3573 3492 ipse

1929 3504 2242 3563 Matthieus
2265 3512 2462 3562 narret
2485 3509 2555 3563 ab
2579 3508 2783 3580 angelo
2806 3508 3048 3563 Mariam
3063 3509 3573 3580 conjugemipsius

1929 3594 2305 3665 appellatam,
2341 3597 2439 3667 qui
2464 3601 2662 3652 narrat
2692 3597 2843 3668 quod
2878 3614 2992 3651 non
3023 3596 3213 3668 ipsius
3234 3599 3569 3667 concubitu,

1929 3685 2029 3739 sed
2067 3685 2137 3739 de
2178 3684 2372 3755 Spiriu
2398 3689 2601 3740 sancto
2633 3687 3163 3756 conceperat.Quod
3197 3685 3245 3741 si
3277 3702 3393 3741 non
3423 3689 3571 3741 Mat-

1928 3772 2116 3827 thaeus
2149 3773 2447 3844 apostolus
2478 3773 2592 3829 ista
2613 3789 2765 3843 vera,
2791 3773 2892 3829 sed
2916 3772 3131 3845 aliquis
3148 3772 3298 3831 alius
3319 3776 3429 3830 sub
3442 3776 3571 3846 ejus

1929 3862 2184 3930 nomine,
2210 3862 2362 3917 sicut
2389 3862 2682 3917 Manichzei
2708 3866 2937 3933 putant,
2976 3878 3042 3917 ea
3064 3861 3207 3917 falsa
3239 3863 3571 3919 conscribe-

1929 3955 2035 4019 ret;
2072 3951 2229 4005 itane
2257 3951 2370 4006 sibi
2402 3951 2579 4006 etiam
2622 3952 2745 4023 ipse
2777 3950 2836 4005 in
2869 3952 3042 4005 rebus
3084 3951 3474 4022 apertissimis
3514 3956 3572 4007 et

1928 4044 2050 4094 tam
2092 4041 2160 4095 de
2200 4041 2463 4112 proximo
2492 4039 2774 4095 contextis
2805 4041 3097 4095 contraria
3127 4041 3476 4111 loqueretur,
3508 4045 3575 4098 ut

1930 4145 2102 4201 quem
2135 4129 2351 4185 diceret
2371 4129 2549 4185 David
2570 4128 2789 4184 Filium
2814 4129 2884 4184 de
2903 4128 3085 4183 Maria
3100 4128 3319 4200 virgine
3340 4129 3465 4187 sine
3478 4146 3576 4185 cu-

1923 4217 2207 4289 jusquam
2250 4217 2356 4272 viri
2398 4216 2710 4273 concubitu
2743 4221 2969 4283 natum,
3002 4216 3265 4287 ejusdem
3307 4224 3573 4290 parentes

1931 4306 2218 4379 gradatim
2245 4322 2619 4373 enumerans,
2655 4322 2841 4377 usque
2860 4306 2930 4360 ad
2962 4321 3096 4360 eum
3120 4304 3245 4360 sine
3271 4304 3467 4377 aliqua
3489 4325 3576 4363 ra-

1930 4396 2086 4450 tione
2109 4397 2470 4467 perduceret,
2495 4410 2669 4466 quem
2702 4411 2815 4450 non
2839 4392 3219 4449 commixtum
3236 4394 3428 4450 Mariis
3449 4396 3575 4468 ipse

1930 4483 2223 4539 dixisset?
2252 4482 2312 4538 Si
2344 4483 2496 4538 enim
2532 4482 2682 4538 alius
2712 4490 3079 4537 enumeraret
3099 4488 3577 4553 progeneratores

1931 4571 2141 4628 Christi
2161 4589 2195 4626 a
2216 4571 2394 4627 David
2420 4588 2603 4643 usque
2626 4572 2697 4626 ad
2719 4570 2957 4642 Joseph,
2981 4569 3214 4625 discens
3231 4587 3363 4626 eum
3387 4571 3574 4628 filium

1932 4660 2196 4730 David,et
2216 4660 2366 4715 alius
2388 4675 2521 4716 eum
2536 4660 2663 4715 sine
2684 4658 2858 4714 ullius
2871 4660 2976 4715 viri
2988 4658 3298 4715 concubitu
3312 4676 3381 4716 ex
3398 4661 3579 4717 Maria

1932 4750 2155 4822 virgine
2178 4754 2380 4805 natum
2405 4750 2641 4815 diceret,
2668 4764 2771 4804 nec
2793 4766 2927 4804 eum
2954 4748 3140 4804 filium
3175 4748 3357 4804 David
3378 4750 3575 4822 appel-

1933 4839 2114 4908 laret;
2149 4856 2253 4894 nec
2271 4839 2355 4894 sic
2377 4837 2651 4895 continuo
2684 4841 2889 4909 putare
2911 4837 3293 4905 deberemus,
3324 4854 3424 4893 eos
3465 4838 3577 4895 sibi

1934 4928 2055 4984 haec
2085 4928 2375 4984 contraria
2395 4927 2620 4982 locutos
2655 4926 2858 4993 fuisse,
2894 4930 2958 4980 ut
2992 4925 3081 4981 vel
3112 4926 3285 4980 ambo
3311 4925 3398 4981 vel
3422 4943 3576 4982 unus

1935 5034 2135 5073 eorum
2158 5016 2431 5071 falsitatis
2457 5015 2915 5071 convinceretur.
2938 5013 3203 5086 Cogitare
3228 5014 3384 5069 enim
3407 5014 3579 5069 debe-

1936 5123 2134 5162 remus
2160 5106 2280 5161 ﬁeri
2313 5105 2572 5176 potuisse
2590 5109 2654 5159 ut
2671 5104 2843 5159 ambo
2864 5119 2998 5158 vera
3018 5103 3293 5168 dicerent,
3324 5107 3386 5156 ut
3402 5107 3457 5157 et
3484 5106 3581 5157 Jo-

1934 5196 2080 5267 seph
2097 5195 2344 5250 maritus
2355 5194 2547 5249 Mariae
2563 5192 3104 5262 diceretur,habeus
3127 5205 3256 5244 eam
3269 5191 3578 5263 conjugem

1938 5283 2322 5351 continenter,
2361 5299 2474 5339 non
2498 5281 2830 5351 concubitu,
2867 5281 2969 5336 sed
2992 5278 3230 5344 affectu;
3265 5294 3379 5333 non
3413 5296 3579 5335 com-

1939 5371 2219 5429 mixtione
2238 5388 2571 5443 corporum,
2594 5371 2693 5426 sed
2718 5367 3103 5441 copulatione,
3129 5366 3283 5437 quod
3318 5372 3407 5423 est
3435 5368 3581 5425 cha-

1940 5462 2085 5533 rius,
2105 5461 2435 5517 animorum
2456 5479 2470 5517 :
2490 5460 2687 5516 etideo
2711 5474 2826 5513 non
2841 5454 3115 5512 debuisse
3127 5456 3316 5511 virum
3336 5458 3580 5531 virginis

1940 5616 2065 5665 Mss.
2106 5613 2350 5673 nonnuli,
2388 5612 2450 5662 de
2482 5608 2778 5673 Evangelia,
2809 5608 2953 5658 tanta
2998 5608 3321 5659 auctoritatis
3357 5610 3579 5663 culmine

1940 5676 2174 5729 omnibus
2192 5679 2329 5728 noto.
