2000 3089
212 173 271 204 m

214 239 317 268 matris
332 238 438 267 Christi
448 238 575 275 separari
586 246 602 266 θ.
618 237 691 265 serie
706 239 860 273 parentum
873 236 996 269 Christi;
1009 238 1037 263 et

214 284 310 321 ipsam
327 283 446 311 Mariam
458 283 586 319 aliquam
599 284 634 310 de
649 283 741 318 stirpe
756 282 844 310 David
857 290 958 310 venam
970 289 1037 309 san-

215 328 313 365 guinis
323 328 439 361 ducere,
456 330 488 355 ut
496 336 562 355 caro
573 327 680 355 Christi
691 327 778 355 etiam
797 334 831 354 ex
848 326 960 362 virgine
973 333 1039 361 pro-

215 375 310 401 creata
322 372 385 400 sine
397 372 484 399 David
501 372 613 399 semine
624 380 689 399 esse
700 379 758 398 non
772 375 881 406 posset.
891 373 961 397 Cum
974 377 1039 397 vero

217 425 294 444 unus
305 416 441 452 idemque
451 419 583 443 narrator
595 418 754 451 utrumque
777 415 864 448 dicat,
882 417 1040 449 utrumque

217 460 411 492 commendet,
424 462 451 487 et
463 460 557 487 virum
571 460 668 487 Mariae
679 459 787 495 Joseph
800 463 828 486 et
838 459 944 487 Christi
958 458 1042 493 virgi-

218 513 285 533 nem
298 507 463 539 matrem,et
474 504 620 532 Christum
632 513 665 531 ex
673 505 783 531 semine
795 504 884 531 David
897 506 925 530 et
934 503 1041 538 Joseph

218 550 249 577 in
265 549 339 577 serie
350 553 604 585 progeneratorum
617 548 722 576 Christi
735 557 768 576 ex
782 548 889 575 David:
902 548 971 583 quid
984 556 1043 575 res-

218 596 262 622 tat
278 595 308 621 ut
322 593 432 626 credat,
445 593 494 629 qui
510 593 582 621 vult‘
600 593 697 620 divino
712 592 878 628 Evangelia,
892 600 980 628 quam
990 592 1044 619 hie-

221 638 377 666 reticorum
394 637 502 665 fabulis
513 638 639 669 credere,
653 637 744 664 nisiet
754 637 873 665 Mariam
886 644 941 663 non
955 636 1046 663 fuisse

222 685 389 711 extraneum
406 691 422 710 a
433 682 604 718 cognatione
616 682 715 714 David,
727 684 754 708 et
773 689 837 709 eam
851 680 961 716 Joseph
974 689 1045 708 con-

220 728 323 764 jugem
339 735 397 754 non
413 727 520 754 frustra
536 726 845 762 appellatam,propter
856 725 988 753 ordinem
1001 733 1047 752 se-

223 780 279 800 xus
294 774 323 799 et
334 771 498 799 animorum
510 770 794 803 confaaderationem,
805 770 939 805 quamvis
951 770 975 796 ei
990 777 1047 797 non

226 815 313 844 fuerit
328 823 414 843 carne
430 816 623 849 commixtus;
636 817 665 842 et
679 815 787 850 Joseph
809 815 906 850 potius
932 817 1049 850 propter

227 859 399 896 dignitatem
415 859 528 887 virilem
541 860 576 887 ab
588 860 688 887 ordine
697 859 917 894 generationum
932 858 1047 886 illarum

229 913 285 933 non
303 904 393 932 fuisse
408 904 614 940 separandum,
632 912 667 931 ne
694 904 747 931 hoc
769 903 832 939 ipso
848 903 996 930 videretur
1016 903 1052 930 ab

228 949 280 977 illa
295 949 403 977 femina
419 951 582 984 separatus,
594 948 639 976 cui
654 957 721 976 eum
733 948 930 983 conjungebat
946 947 1053 974 mentis

234 994 369 1026 atl‘eclus;
387 995 415 1021 et
437 1001 472 1021 ne
496 993 631 1020 homines
655 992 754 1020 fideles
779 992 898 1026 Christi,
926 993 953 1019 id
975 992 1051 1027 quod

233 1038 289 1065 sibi
305 1038 443 1073 conjuges
464 1045 549 1065 carne
576 1038 744 1071 miscentur,
771 1039 832 1064 tam
858 1045 998 1072 magnum
1024 1036 1053 1063 in

232 1082 368 1118 conjugio
384 1082 565 1117 deputarent,
583 1084 614 1109 ut
629 1082 691 1109 sine
703 1082 756 1109 hoc
767 1082 906 1117 conjuges
917 1089 980 1108 esse
997 1089 1053 1108 non

232 1127 399 1155 crederent:
410 1127 458 1154 sed
468 1127 566 1162 potius
577 1127 705 1154 dicerent
718 1126 815 1153 lidelia
825 1126 888 1160 conj
897 1125 974 1160 ugia,
992 1133 1055 1152 mu-

231 1169 272 1197 lto
288 1169 451 1197 familiarus
466 1177 497 1197 se
509 1170 655 1197 adhaerere
668 1169 807 1196 membris
815 1169 930 1202 Christi,
946 1171 1055 1204 quanto

231 1214 396 1250 potuissent
411 1214 518 1241 imitari
536 1216 669 1249 parentes
686 1213 792 1240 Christi
806 1213 819 1239 εἰ

266 1258 382 1286 CAPUT
404 1258 492 1286 IV.—
503 1258 561 1285 Nos
576 1267 643 1294 ergo
664 1258 809 1286 credimus
825 1258 915 1285 etiam
932 1257 1053 1284 Mariam

234 1302 325 1330 fuisse
335 1302 363 1329 in
374 1302 546 1338 cognatione
558 1303 657 1335 David,
671 1303 738 1338 quia
749 1301 906 1338 Scripturis
915 1301 956 1329 eis
966 1302 1055 1329 credi-

233 1355 308 1378 mus,
326 1355 387 1382 quze
406 1349 564 1382 utrumque
583 1347 694 1380 dicunt,
706 1349 734 1373 et
746 1346 933 1373 Christumex
945 1345 1056 1373 semine

233 1391 323 1420 David
341 1392 504 1419 secundum
520 1399 635 1419 carnem
650 1391 735 1427 (Rom.
749 1400 770 1422 ι,
780 1391 808 1423 3,
819 1394 844 1418 et
855 1391 879 1417 II
893 1391 958 1418 Tim.
975 1399 1006 1423 ιι,
1017 1390 1055 1425 8),

234 1436 332 1471 etejus
341 1438 462 1463 matrem
478 1436 608 1469 Mariam,
617 1444 673 1462 non
681 1444 746 1463 cum
756 1436 815 1462 viro
823 1435 1054 1468 concumbendo,

234 1480 284 1508 sed
300 1480 439 1514 virginem
455 1480 563 1515 (Matth.
574 1489 591 1513 ι,
602 1481 671 1514 18,et
679 1481 742 1507 Luc.
753 1489 770 1512 ι,
783 1480 988 1515 27).Quisquis
999 1479 1057 1507 ita-

237 1532 294 1559 que
306 1524 376 1551 dicit
396 1524 516 1551 Mariam
530 1525 564 1551 ad
585 1524 868 1560 consanguinitatem
893 1524 978 1551 David
1000 1532 1055 1550 non

237 1568 615 1604 pertinuisse,manifestum
626 1569 752 1604 estquod
761 1569 883 1596 istarum
896 1568 1057 1603 Scriptura-

235 1620 300 1640 rum
317 1618 375 1639 tam
387 1612 536 1640 excellenti
547 1613 711 1640 auctoritati
723 1613 886 1640 obluctetur
902 1622 907 1640 ε
922 1613 1056 1648 ipseergo

236 1656 387 1684 convincat
399 1665 455 1684 non
473 1665 535 1684 eam
562 1657 736 1692 pertinuisse
756 1658 790 1684 ad
808 1666 905 1684 semen
918 1657 1018 1691 David,
1030 1660 1058 1684 et

235 1700 290 1729 hoc
301 1702 444 1733 ostendat,
459 1710 514 1728 non
525 1709 558 1728 ex
571 1701 928 1737 quibuscumquelitteris,
943 1702 993 1729 sed
1009 1710 1056 1728 ec-

235 1744 418 1777 olesiasticis.
430 1745 588 1778 canonicis,
602 1746 763 1773 catholicis.
777 1746 845 1773 Aliae
858 1747 965 1782 quippe
981 1746 1058 1781 apud

235 1798 287 1818 nos
297 1798 353 1817 non
363 1790 471 1818 habent
482 1790 516 1817 ad
525 1790 577 1817 has
584 1799 629 1817 res
637 1790 728 1817 ullum
738 1791 852 1826 pondus
861 1790 1056 1818 auctoritatis:

237 1834 305 1871 ipsa:
321 1836 390 1862 sunt
405 1835 482 1862 enim
500 1843 574 1870 quas
587 1835 688 1870 recipit
703 1838 730 1862 et
746 1837 824 1862 tenet
848 1835 974 1862 Ecclesia
1000 1837 1058 1862 toto

235 1879 304 1907 orbe
317 1879 501 1915 diffusaque
520 1888 569 1915 per
583 1879 648 1906 illas
664 1881 708 1906 est
718 1879 806 1906 etiam
823 1879 1015 1914 prophetata;
1031 1882 1057 1906 et

237 1924 483 1960 quemadmodum
496 1923 648 1958 promissa,
661 1923 702 1950 sic
714 1924 835 1951 reddita.
848 1926 888 1951 Ac
899 1931 950 1958 per
960 1923 1014 1950 hoc
1024 1923 1057 1950 il-

235 1967 286 1995 lud
296 1968 372 2003 quod
380 1968 415 1994 de
424 1968 609 2003 generatione
619 1968 712 1994 Maria:
724 1968 847 1994 Faustus
855 1967 963 2003 posuit,
981 1968 1058 2002 quod

236 2014 348 2049 patrem
360 2012 495 2039 habuerit
505 2020 538 2038 ex
550 2011 625 2038 tribu
640 2012 701 2038 Levi
712 2012 889 2039 sacerdotem
902 2012 1058 2047 quemdam

236 2056 354 2084 nomine
369 2055 512 2087 Joachim,
524 2056 593 2090 quia
611 2056 783 2083 canonicum
803 2064 859 2083 non
873 2059 928 2090 est,
944 2064 1000 2083 non
1014 2065 1059 2084 me

235 2100 430 2136 constringit:
444 2100 493 2127 sed
504 2100 617 2127 etiamsi
630 2100 684 2127 hoc
692 2101 950 2135 crederem,ipsum
963 2101 1059 2136 potius

235 2145 367 2173 Joachim
379 2145 505 2172 dicerem
523 2145 622 2180 aliquo
640 2145 725 2172 modo
735 2145 769 2172 ad
783 2145 868 2171 David
885 2145 1058 2180 sanguinem

236 2189 459 2225 pertinuisse,et
470 2188 568 2225 aliquo
582 2190 668 2216 modo
684 2197 717 2216 ex
733 2190 809 2216 tribu
822 2189 898 2217 Juda
909 2189 938 2216 in
949 2190 1058 2217 tribum

238 2234 303 2262 Levi
321 2234 411 2261 fuisse
424 2235 605 2269 adoptatum,
621 2234 664 2261 vel
682 2234 777 2269 ipsum
793 2234 837 2261 vel
848 2235 912 2269 ejus
931 2234 1059 2269 aliquem

237 2281 503 2314 progeneratorem,
516 2278 558 2305 vel
571 2278 682 2306 certein
695 2278 772 2305 tribu
786 2278 847 2306 Levi
859 2279 899 2305 ita
913 2281 1060 2312 natum,ut

239 2323 274 2351 de
282 2323 372 2358 stirpe
387 2323 472 2349 David
486 2323 769 2358 consanguinitatem
782 2323 910 2359 aliquam
923 2324 1057 2350 duceret:

238 2367 316 2395 sicut
331 2367 391 2394 lieri
404 2366 533 2402 potuisse
545 2367 619 2394 idem
630 2368 753 2395 Faustus
763 2368 913 2402 fatetur,ut
927 2367 1058 2395 Mariadn

238 2411 315 2440 tribu
328 2412 394 2439 Levi
406 2414 491 2444 esset,
506 2420 592 2447 quam
610 2414 707 2439 tamen
720 2414 835 2439 constat
851 2413 987 2440 traditam
1000 2413 1059 2439 viro

238 2456 387 2492 quifuerit
403 2456 438 2483 de
460 2456 549 2492 stirpe
561 2456 661 2487 David,
679 2456 707 2483 id
724 2457 815 2484 estde
833 2457 907 2484 tribu
923 2457 1012 2490 Juda;
1030 2460 1059 2484 et

236 2501 277 2529 ita
294 2501 365 2528 dicit
381 2501 510 2537 potuisse
526 2500 627 2536 accipi,
647 2500 796 2528 Christum
812 2501 904 2528 filium
917 2501 1017 2536 David,
1035 2501 1058 2528 si

236 2546 326 2574 Maria
342 2545 402 2573 filia
419 2545 526 2581 Joseph
548 2545 678 2578 luisset',
701 2545 823 2573 Proinde
838 2546 862 2573 si
875 2545 936 2573 ﬁlia
950 2545 1057 2581 Joseph

267 2650 274 2665 ¹
292 2649 364 2676 Lov.,
375 2656 389 2680 q
397 2647 534 2672 uimavult.
544 2646 611 2671 Editi
623 2648 712 2680 autem
721 2647 765 2671 alii
777 2649 803 2671 et
810 2647 881 2680 Mss,
891 2648 935 2680 qui
950 2648 1004 2673 uult
1019 2648 1059 2673 di-

235 2679 297 2711 vino
308 2679 455 2711 Evangelia,
467 2686 554 2711 quam,
570 2681 617 2711 etc.
628 2679 670 2711 Sic
681 2685 744 2703 vero
755 2679 852 2710 passim
862 2679 1036 2710 Augustinus.

266 2710 277 2727 ³
292 2710 372 2739 Istud,
383 2711 405 2734 si
415 2710 498 2734 Maria
505 2710 561 2741 ﬁlia
569 2710 659 2742 Joseph
667 2711 768 2741 fuisset,
780 2710 854 2735 abest
865 2711 897 2735 ab
909 2710 987 2735 editis
999 2712 1057 2736 Am.

236 2740 280 2764 Er.
294 2743 320 2765 et
334 2742 468 2766 nonnullis
484 2740 544 2766 lites.

591 172 750 203 CONTRA
771 169 958 202 FAUSTUM
979 169 1241 206 MANICIIEUM,
1264 169 1297 200 S.
1319 170 1533 202 AUGUSTINI

1843 173 1897 204 £72

1092 244 1129 263 nu
1136 236 1224 271 pisset
1239 236 1269 263 in
1280 236 1357 264 tribu
1372 236 1447 269 Levi,
1462 245 1518 264 non
1531 237 1654 265 absurde
1665 237 1806 266 diceretur
1815 238 1893 267 etiam

1094 280 1172 308 filius
1190 281 1287 314 David,
1297 281 1431 317 quisquis
1445 282 1480 309 de
1490 281 1540 309 illa
1550 283 1579 309 ct
1593 282 1622 309 in
1643 282 1720 309 tribu
1743 282 1807 310 Levi
1822 287 1899 312 natus

1094 324 1198 352 fuisset
1211 333 1218 352 :
1231 325 1272 352 ita
1288 325 1311 353 si
1328 328 1420 353 mater
1435 325 1513 353 illius
1529 325 1673 358 Joachim,
1694 334 1777 362 quem
1799 329 1899 362 patrem

1094 369 1189 396 Mariae
1199 370 1323 397 Faustus
1334 371 1593 404 commemorat,de
1605 371 1680 398 tribu
1691 371 1765 398 Juda
1772 373 1799 398 et
1809 379 1901 407 genere

1096 413 1184 441 David
1196 415 1295 450 nupsit
1308 415 1335 441 in
1344 414 1419 441 tribu
1433 415 1506 449 Levi,
1516 423 1571 442 non
1582 415 1725 442 immerito
1736 415 1901 450 etJoachim,

1097 460 1126 485 et
1139 458 1241 493 Maria,
1255 462 1282 486 et
1298 459 1375 486 tilius
1391 459 1487 487 Maria
1507 459 1594 487 etiam
1608 460 1649 487 sic
1666 468 1699 486 ex
1708 459 1793 486 David
1805 460 1904 488 semine

1098 503 1237 530 veraciter
1249 503 1447 539 perhibentur.
1461 503 1519 531 Hoc
1530 511 1597 539 ergo
1611 503 1718 539 potius,
1740 503 1782 531 vel
1796 504 1849 531 tale
1858 504 1904 531 ali-

1099 547 1169 582 quid
1188 547 1381 580 crederem,si
1399 547 1478 575 illius
1496 547 1666 584 apocrypha
1690 547 1846 583 scripturas,
1861 549 1903 576 ubi

1099 591 1231 618 Joachim
1249 594 1329 627 pater
1341 592 1438 620 Mariae
1453 592 1568 628 legitur,
1581 592 1752 620 auctoritate
1763 592 1904 626 detinerer,

1101 643 1189 671 quam
1207 636 1322 663 mentiri
1339 636 1526 672 Evangelium
1544 636 1571 663 in
1588 645 1646 672 quo
1663 636 1803 672 scriptum
1818 639 1867 671 est;
1883 639 1907 665 et

1100 681 1199 708 Iesum
1216 680 1363 708 Christum
1380 681 1484 709 Filiam
1496 681 1545 709 Dei
1557 681 1734 709 Salvatorem
1746 683 1872 709 nostrum
1881 689 1908 709 ex

1102 724 1212 751 semine
1220 725 1307 752 David
1320 726 1482 752 secundum
1495 728 1656 758 carnem,et
1662 733 1712 761 per
1718 724 1851 762 virginem
1858 725 1909 753 Ma-

1102 769 1175 796 riam
1193 772 1386 805 procreatum.
1397 770 1510 797 Sufficit
1520 778 1587 806 ergo
1605 770 1690 797 nobis
1702 769 1778 805 quod
1791 770 1908 805 Scriptu-

1103 822 1140 840 rze
1157 822 1221 849 qum
1238 813 1290 840 hoc
1307 814 1418 849 dicunt,
1436 817 1464 841 et
1484 815 1592 850 quibus
1608 814 1766 847 credimus,
1779 814 1814 841 ab
1824 814 1912 842 inimi-

1104 858 1146 886 cis
1159 858 1221 885 suis
1235 858 1269 885 de
1286 858 1367 886 nulla
1384 861 1509 894 possunt
1524 858 1653 886 falsitate
1672 858 1812 886 convinci.

1143 902 1259 930 CAPUT
1276 905 1309 930 Χ.
1324 919 1355 923 -
1369 903 1430 931 Non
1448 903 1517 930 mihi
1534 911 1602 939 ergo
1617 903 1747 931 vicissim
1763 902 1913 931 dicatzEtsi

1108 955 1160 982 ego
1173 956 1228 974 non
1240 948 1362 974 ostendo
1375 947 1493 975 Mariam
1511 956 1567 975 non
1587 948 1677 975 fuisse
1699 948 1735 975 de
1759 947 1915 983 cognatione

1109 992 1243 1025 David,tu
1256 993 1332 1027 quod
1342 992 1410 1019 inde
1424 992 1510 1019 fuerit
1521 992 1716 1020 ostende.Hoc
1725 992 1915 1019 enimostendo

1109 1036 1272 1063 clarissimo
1284 1037 1369 1071 plane
1379 1040 1465 1072 atque
1483 1037 1643 1064 fortissimo
1655 1038 1838 1067 documento,
1849 1036 1915 1072 quod

1110 1080 1262 1116 Scriptura
1270 1089 1332 1108 com
1339 1082 1543 1108 ﬁrmatissimaa
1555 1081 1739 1109 auctoritatis
1746 1084 1774 1108 et
1783 1080 1914 1108 Christum

1110 1125 1180 1152 dicit
1195 1134 1228 1152 ex
1240 1125 1350 1152 semine
1373 1125 1472 1158 David,
1491 1128 1519 1153 et
1539 1126 1602 1160 ejus
1627 1128 1751 1153 matrem
1768 1125 1829 1153 sine
1840 1124 1916 1152 ullius

1109 1169 1266 1197 concubitu
1286 1169 1426 1205 virginem
1438 1170 1568 1197 Mariam.
1581 1171 1675 1203 Quam
1691 1178 1758 1198 vero
1774 1169 1828 1197 sibi
1840 1169 1916 1197 Faus-

1110 1217 1158 1242 tus
1169 1215 1323 1248 cujusdam
1340 1215 1423 1251 quasi
1440 1215 1632 1250 turpitudinis
1645 1214 1726 1242 visus
1735 1216 1778 1242 est
1795 1222 1918 1242 verecun-

1110 1259 1253 1286 dissimus
1263 1259 1431 1292 detestator,
1447 1267 1513 1286 cum
1530 1259 1639 1287 diceret
1659 1268 1664 1286 :
1691 1261 1805 1287 Frustra
1823 1266 1866 1286 vos
1882 1266 1919 1285 ca-

1111 1303 1246 1330 lumniam
1261 1304 1387 1338 ingeritis
1398 1304 1670 1339 scriptori,tanquam
1686 1304 1733 1331 Dei
1744 1304 1887 1331 illcFilium
1897 1311 1920 1329 in

1111 1352 1187 1376 utero
1201 1349 1327 1375 mulieri:
1342 1349 1506 1376 incluserit!
1517 1348 1577 1375 Non
1597 1347 1684 1384 plane
1701 1347 1920 1379 catholicaﬁdes,

1112 1401 1176 1428 quae
1191 1393 1338 1420 Christum
1347 1393 1395 1420 Dei
1412 1393 1516 1420 Filium
1531 1395 1631 1420 natum
1645 1393 1808 1420 secundum
1817 1399 1918 1419 carnem

1112 1437 1203 1465 credit
1217 1446 1251 1465 ex
1266 1438 1386 1473 virgine,
1411 1437 1469 1464 ullo
1497 1437 1582 1464 modo
1607 1437 1745 1464 eumdem
1762 1436 1810 1464 Dei
1827 1435 1919 1463 Filium

1112 1483 1154 1509 sic
1169 1483 1198 1509 in
1217 1484 1297 1509 utero
1314 1482 1445 1509 mulieris
1461 1482 1594 1514 includit,
1606 1482 1693 1517 quasi
1717 1484 1796 1509 extra
1810 1489 1864 1508 non
1878 1480 1919 1512 sit,

1113 1527 1197 1562 quasi
1213 1526 1275 1553 cmli
1297 1531 1325 1553 et
1341 1529 1423 1553 terrae
1448 1525 1734 1553 administrationem
1760 1523 1918 1557 deseruerit,

1113 1571 1195 1606 quasi
1212 1579 1228 1597 a
1245 1570 1327 1597 Patre
1339 1571 1485 1597 recesserit
1500 1579 1506 1597 ε
1524 1570 1578 1598 Sed
1595 1578 1656 1603 vos,
1674 1569 1834 1601 Manichtei,
1845 1568 1921 1596 corde

1112 1615 1171 1650 illo,
1184 1623 1239 1650 quo
1256 1615 1327 1641 nihil
1346 1615 1466 1650 potestis
1483 1615 1537 1642 nisi
1559 1615 1723 1650 corporalia
1732 1614 1922 1650 phantasmata

1113 1659 1239 1694 cogitare
1265 1659 1321 1685 ista
1346 1659 1465 1686 omnino
1491 1667 1547 1686 non
1573 1658 1688 1694 capitis,
1716 1658 1857 1694 quomodo
1879 1655 1923 1685 Dei

1112 1703 1251 1738 Verbum,
1271 1703 1316 1730 Dei
1334 1703 1433 1731 Virtus
1449 1706 1535 1738 atque
1547 1703 1709 1738 Sapientia,
1728 1703 1755 1730 in
1767 1711 1797 1730 se
1813 1708 1921 1730 manens

1113 1751 1141 1776 et
1155 1749 1231 1784 apud
1258 1749 1383 1781 Patrem,
1401 1751 1428 1775 et
1445 1749 1613 1775 universam
1631 1751 1798 1775 creaturam
1820 1754 1922 1783 regens,

1114 1794 1265 1829 pertendat
1280 1802 1296 1820 a
1314 1793 1369 1820 line
1386 1802 1478 1828 usque
1494 1793 1529 1820 ad
1547 1793 1632 1820 linem
1651 1793 1774 1826 fortiter,
1791 1794 1818 1820 et
1831 1791 1923 1826 dispo-

1114 1840 1163 1865 nat
1179 1837 1276 1864 omnia
1292 1837 1419 1864 suaviter
1434 1838 1508 1873 (Sep.
1535 1845 1595 1870 vm,
1613 1838 1649 1871 1).
1669 1837 1699 1864 ln
1712 1837 1797 1872 cujus
1812 1833 1924 1872 disposi-

1114 1882 1200 1909 tionis
1217 1881 1382 1909 admirabili
1398 1884 1426 1909 et
1438 1881 1586 1909 inell'abilli
1614 1881 1753 1908 facilitate
1769 1880 1822 1909 sibi
1846 1879 1922 1907 etiam

1115 1929 1238 1954 matrem
1256 1926 1284 1953 in
1301 1928 1378 1953 terra
1393 1926 1548 1962 disposuit,
1566 1929 1591 1953 et
1614 1929 1732 1962 propter
1747 1933 1843 1953 servos
1863 1930 1923 1951 suos

1114 1971 1149 1998 de
1164 1970 1360 2006 corruptionis
1375 1971 1513 1998 servitute
1539 1969 1705 1998 liberandos
1718 1971 1747 1997 in
1764 1978 1797 1998 ea
1812 1969 1922 1997 formam

1115 2015 1200 2047 servi,
1222 2015 1274 2042 hoc
1290 2017 1343 2048 est,
1359 2015 1479 2042 mortale
1500 2023 1605 2050 corpus
1633 2014 1756 2050 accepit,
1783 2015 1922 2048 acceptum

1117 2059 1466 2092 monstravit,monstratu
1473 2067 1560 2094 mque
1575 2062 1602 2086 et
1619 2061 1711 2086 morte
1720 2060 1877 2094 prostatum
1888 2063 1924 2083 re-

1117 2104 1295 2131 surrectione
1310 2112 1428 2130 sursum
1445 2104 1562 2137 erexit‘,
1579 2105 1607 2130 et
1626 2105 1768 2139 tanquam
1791 2101 1920 2137 templum

1115 2147 1243 2174 solutum
1259 2147 1364 2174 iterum
1376 2147 1536 2174 aedificavit.
1554 2147 1611 2175 Vos
1626 2149 1725 2175 tamen
1741 2147 1791 2183 qui
1806 2147 1863 2174 haec
1873 2151 1924 2172 ore.

1115 2192 1182 2219 dere
1197 2191 1280 2227 quasi
1298 2190 1438 2226 sacrilega
1454 2191 1628 2224 formidatis,
1654 2200 1711 2219 non
1739 2191 1865 2218 membra
1886 2186 1924 2215 dei

1115 2236 1200 2263 vestri
1218 2236 1246 2263 in
1264 2238 1345 2263 utero
1361 2235 1492 2271 virginis,
1509 2236 1558 2263 sed
1576 2236 1603 2262 in
1615 2236 1706 2263 uteris
1718 2235 1845 2263 omnium
1855 2231 1924 2260 femi-

1116 2289 1220 2308 narum
1238 2280 1398 2307 carnalium
1416 2280 1451 2307 ab
1466 2279 1629 2316 elephantis
1645 2288 1739 2316 usque
1759 2280 1794 2307 ad
1820 2283 1924 2305 muscas

1116 2325 1275 2352 includitis.
1293 2326 1335 2351 An
1353 2325 1416 2351 ideo
1432 2325 1512 2351 vobis
1521 2324 1634 2352 videtur
1645 2324 1728 2351 vilior
1738 2331 1821 2351 verus
1836 2320 1923 2350 Chris—

1114 2372 1173 2403 tus,
1201 2370 1269 2405 quia
1294 2370 1334 2396 sic
1352 2369 1479 2396 Verbum
1497 2369 1622 2396 dicimus
1641 2377 1758 2396 carnem
1775 2368 1877 2396 factum
1898 2364 1923 2391 in

1115 2416 1197 2441 utero
1211 2413 1396 2448 virginali,ut
1408 2413 1487 2440 nulla
1503 2413 1547 2440 sui
1559 2412 1821 2440 commutationein
1833 2411 1925 2438 natura

1114 2458 1230 2494 propria
1247 2457 1454 2485 inviolabititer
1467 2465 1641 2492 permanens
1657 2457 1799 2492 templum
1815 2454 1867 2483 sibi
1881 2453 1924 2481 ho-

1114 2502 1222 2530 minem
1252 2502 1408 2537 coaptarit;
1437 2504 1465 2529 et
1487 2501 1550 2528 ideo
1579 2501 1660 2529 vobis
1680 2501 1787 2528 charus
1801 2501 1843 2528 est
1862 2498 1924 2525 deus

1114 2550 1207 2574 Vester
1216 2547 1294 2582 quia,
1311 2549 1354 2573 tot
1368 2545 1493 2573 vinculis
1517 2546 1649 2573 carnium
1668 2545 1821 2581 colligatus
1841 2544 1867 2571 et
1884 2541 1921 2568 in-

1115 2591 1254 2627 quinatus
1270 2591 1299 2618 in
1321 2589 1371 2617 illa
1382 2592 1463 2626 parte
1479 2598 1536 2625 qua
1551 2590 1640 2617 etiam
1656 2590 1683 2617 in
1697 2589 1782 2625 gleba
1803 2586 1923 2624 figendi!!!

1113 2638 1167 2668 est,
1184 2636 1246 2662 sine
1261 2643 1349 2662 causa
1362 2635 1512 2670 suppetias
1529 2634 1709 2670 deprecatur,
1727 2636 1777 2662 aut
1786 2633 1869 2661 etiam
1879 2637 1921 2667 pe-

1114 2680 1194 2707 nitus
1209 2687 1368 2716 oppressus
1385 2679 1532 2715 deprecari
1550 2687 1604 2706 non
1618 2679 1733 2706 sinitur.

1146 2744 1154 2760 ¹
1171 2742 1262 2768 Plures
1279 2743 1352 2772 Msa,
1367 2749 1469 2766 rursum
1484 2742 1576 2766 erexit.
