4000 6178
466 364 586 423 483

466 494 683 551 anobis
714 492 1098 562 audiatis,cur
1125 490 1305 546 Eliam
1325 490 1624 545 hominem
1648 490 2109 557 natum,raptum

466 600 591 640 esse
621 581 899 638 divinitus
930 583 999 635 de
1044 586 1198 635 terra
1228 580 1557 647 credamus,
1588 578 1883 634 Christum
1917 580 2111 630 autem

466 679 522 729 et
551 690 617 727 ex
665 671 885 741 virgine
921 686 1045 725 vere
1093 674 1317 737 natum,
1354 675 1409 723 et
1458 669 1515 723 in
1565 683 1734 722 cruce
1783 681 1914 720 vere
1964 680 2113 719 mor-

465 765 631 816 tuum
668 779 680 815 :
714 760 833 815 haec
859 760 985 814 ideo
1019 757 1493 830 credimus,quia
1519 762 1575 812 et
1606 755 1751 810 illud
1784 755 1853 808 de
1883 753 2025 823 Elia,
2059 756 2114 807 et

466 850 573 905 hoc
605 851 674 904 de
705 849 932 905 Christo
984 852 1185 903 sancta
1236 846 1531 917 Scriptura
1577 850 1829 900 testatur
1854 843 1950 911 (1V
1982 843 2109 910 Reg.

466 958 526 1004 Il,
577 940 637 993 11
668 959 681 1008 ς
717 938 898 993 Matth.
956 953 993 1005 ι,
1044 938 1136 1004 25,
1167 945 1221 992 et
1262 953 1396 1004 xvu,
1446 935 1559 1006 50),
1613 934 1703 989 cui
1759 949 1929 988 nemo
1981 930 2110 1002 pius

463 1028 574 1084 nisi
608 1028 709 1100 qui
740 1028 945 1093 credit,
977 1026 1087 1081 nisi
1122 1025 1338 1097 impius
1369 1041 1538 1080 nemo
1570 1040 1683 1079 non
1715 1020 2107 1077 credit‘Jllud

465 1122 661 1173 autem
693 1118 763 1173 de
796 1116 920 1171 Elia
949 1132 1049 1170 vos
1078 1114 1324 1187 negatis,
1354 1114 1492 1185 quia
1531 1112 1726 1168 omnia
1774 1109 2064 1166 simulatis
2094 1126 2107 1163 :

463 1207 534 1262 de
564 1206 793 1262 Christo
824 1209 1016 1260 autem
1048 1204 1199 1275 quod
1234 1202 1389 1257 nasci
1424 1218 1535 1257 non
1582 1200 1832 1273 potuerit
1876 1203 1933 1254 et
1962 1197 2111 1253 mori

455 1296 840 1369 potuerit,nec
869 1312 970 1349 vos
1002 1292 1235 1360 dicitis;
1269 1293 1369 1347 sed
1401 1292 1528 1361 ejus
1559 1307 1625 1346 ex
1649 1290 1872 1360 virgine
1901 1287 2109 1344 nativi-

456 1391 642 1440 tatem
675 1384 1173 1450 nullam,mortem
1208 1387 1399 1436 autem
1422 1381 1480 1435 in
1510 1396 1680 1434 cruce
1703 1377 1907 1433 falsam
1934 1377 2111 1432 fuisse

459 1472 837 1539 contenditis,
870 1472 978 1527 hoc
1027 1475 1116 1527 est
1146 1471 1321 1525 etiam
1370 1469 1558 1540 ipsam
1610 1467 1850 1533 nullam,
1885 1467 1985 1522 sed
2037 1467 2107 1521 ad

458 1562 850 1617 ludiﬁcandos
881 1560 1170 1615 humanos
1218 1558 1415 1613 oculos
1446 1557 1781 1612 simulatam
1811 1581 1824 1623 ;
1857 1557 1928 1610 ad
1962 1554 2108 1609 nihil

459 1650 760 1717 aliud,nisi
785 1655 849 1705 ut
880 1650 950 1705 ab
982 1650 1064 1704 eis
1098 1647 1197 1720 qui
1230 1648 1342 1702 ista
1360 1644 1915 1713 crediderint,etiam
1947 1645 2109 1699 vobis

460 1739 657 1795 omnia
691 1738 1110 1793 mentientibus
1140 1738 1496 1809 ignoscatur.

529 1828 758 1884 CAPUT
788 1827 909 1881 VII.
932 1858 997 1867 —
1028 1826 1167 1893 Quis
1201 1830 1393 1880 autem
1424 1826 1585 1880 vobis
1617 1828 1919 1896 proponat,
1954 1824 2108 1895 quod

454 1918 565 1974 sibi
601 1917 767 1989 quasi
803 1934 870 1971 ex
924 1932 1170 1987 persona
1199 1914 1464 1970 catholici
1515 1914 1763 1969 Faustus
1821 1912 2107 1985 proponit,

452 2008 603 2064 Jesus
623 2009 673 2062 si
700 2010 873 2062 natus
903 2022 1011 2060 non
1043 2005 1413 2076 est,qu0modo
1435 2010 1687 2059 mortuus
1714 2007 1836 2058 est?
1868 2002 1975 2056 nisi
2010 2000 2108 2073 qui

455 2112 663 2169 parum
695 2095 1025 2150 considerat
1053 2093 1245 2165 ipsum
1280 2094 1462 2147 Adam
1487 2097 1545 2148 et
1578 2098 1779 2147 natum
1814 2108 1925 2146 non
1958 2107 2107 2154 esse,

455 2191 512 2240 et
540 2189 734 2240 tamen
787 2188 1083 2238 mortuum
1115 2182 1293 2237 esse?
1325 2182 1384 2237 Si
1436 2181 1718 2237 voluisset
1764 2197 1899 2251 ergo
1930 2179 2108 2234 Filius

456 2274 555 2331 Dei
588 2274 721 2329 inde
753 2272 864 2328 sibi
901 2274 1219 2327 humanam
1243 2288 1477 2326 carnem
1496 2286 1809 2339 veramque
1835 2270 2104 2336 formare,

461 2365 613 2419 unde
647 2364 913 2418 formavit
939 2367 994 2417 et
1026 2360 1108 2415 illi
1160 2361 1346 2431 primo
1377 2359 1622 2425 homini,
1654 2360 1932 2429 quoniam
1983 2375 2105 2413 om-

457 2453 555 2508 nia
584 2470 687 2525 per
715 2452 909 2524 ipsum
946 2451 1094 2506 facta
1119 2454 1257 2504 sunt
1286 2450 1461 2520 (Joan.
1492 2466 1531 2513 ι,
1564 2448 1639 2517 3),
1660 2447 1791 2519 quis
1821 2464 1953 2503 eum
1991 2464 2104 2502 non

456 2542 717 2614 potuisse
747 2541 959 2595 audeat
1009 2538 1348 2594 afﬁrmare?
1378 2537 1435 2592 Si
1471 2537 1723 2609 denique
1776 2538 1846 2591 de
1888 2536 2103 2591 cmlesti

452 2630 539 2686 vel
573 2646 739 2686 aerea
771 2629 856 2684 vel
889 2629 1134 2683 humida
1173 2632 1438 2682 creatura
1470 2643 1679 2698 corpus
1731 2630 2102 2696 assumptum

452 2719 624 2775 vellet
668 2724 1031 2774 commutare
1065 2717 1123 2771 in
1174 2716 1442 2771 humana)
1492 2715 1686 2771 carnis
1738 2715 2103 2770 verissimam

453 2808 821 2881 qualitatem,
847 2807 902 2860 in
939 2823 1052 2875 qua
1083 2811 1138 2860 et
1168 2805 1355 2860 vivere
1389 2810 1451 2859 ut
1481 2803 1744 2860 mortalis
1775 2804 1948 2859 homo
1972 2820 2103 2876 pos-

454 2902 563 2967 set,
596 2902 653 2952 et
682 2895 966 2962 mori,hoc
997 2911 1130 2949 eum
1164 2894 1425 2965 potuisse
1458 2894 1814 2964 facere,quis
1847 2896 2101 2965 negaret,

457 2985 915 3056 omnipotentem
967 2983 1381 3053 omnipotentis
1427 2981 1686 3037 Filium?
1719 2986 2015 3037 Postremo
2053 2982 2103 3037 si

453 3074 736 3130 voluisset
765 3074 834 3128 de
865 3072 1042 3128 nullis
1061 3071 1364 3127 elementis
1382 3072 1824 3142 corporeis,quae
1852 3088 1952 3142 per
1968 3088 2102 3126 eum

454 3168 645 3219 creata
676 3166 1050 3233 sunt,corpus
1082 3177 1402 3229 assumere,
1419 3161 1517 3215 sed
1548 3177 1789 3232 prorsus
1822 3176 1890 3215 ex
1920 3160 2101 3216 nihilo

451 3252 563 3308 sibi
595 3266 1031 3306 crearexveram
1082 3266 1336 3313 carnem,
1376 3248 1529 3304 sicut
1579 3265 1679 3320 per
1726 3266 1857 3304 eum
1910 3254 2105 3305 creata

452 3346 592 3396 sunt
621 3344 831 3394 cuncta
861 3356 989 3410 qua:
1023 3356 1138 3393 non
1183 3343 1382 3404 erant;
1410 3338 1541 3410 quis
1576 3342 1840 3393 nostrum
1874 3344 2101 3394 contra-

453 3429 664 3494 dicere,
697 3427 829 3499 quis
879 3432 1143 3483 nostrum
1180 3427 1300 3482 ﬁeri
1350 3444 1462 3482 non
1498 3427 1757 3500 potuisse
1788 3429 2103 3483 contende-

454 3521 586 3572 ret?
629 3518 752 3573 Non
802 3533 936 3588 ergo
986 3516 1113 3572 ideo
1163 3517 1458 3571 credimus
1514 3521 1715 3570 natum
1765 3533 1834 3571 ex
1882 3516 2103 3588 virgine

456 3607 657 3673 Maria,
691 3606 846 3678 quod
879 3605 1044 3661 aliter
1070 3605 1128 3659 in
1160 3621 1293 3660 vera
1322 3622 1493 3660 carne
1522 3606 1767 3660 existere
1797 3610 1969 3675 atque
2000 3606 2104 3661 ho-

458 3696 718 3751 minibus
751 3711 1029 3766 apparere
1059 3711 1173 3750 non
1222 3700 1420 3766 posset
1450 3710 1462 3748 :
1497 3694 1597 3748 sed
1641 3694 1779 3765 quia
1808 3695 1888 3748 sic
1920 3694 2102 3765 scrip-

454 3789 580 3840 tum
615 3790 702 3839 est
730 3783 789 3837 in
820 3800 885 3838 ea
913 3784 1233 3853 Scriptura,
1267 3783 1358 3837 cui
1394 3783 1505 3837 nisi
1537 3783 1973 3849 crediderimus,
1999 3799 2102 3840 nec

453 3872 759 3928 christiani
792 3888 896 3926 nec
927 3870 1069 3926 salvi
1103 3888 1230 3926 esse
1262 3870 1602 3942 poterimus.
1635 3871 1935 3926 Credimus
1964 3888 2099 3943 ergo

452 3977 520 4017 ex
553 3960 732 4016 Maria
781 3958 1001 4030 virgine
1033 3964 1234 4013 natum
1284 3958 1601 4027 Christum,
1637 3960 1775 4030 quia
1804 3959 1887 4014 sic
1918 3960 2097 4031 scrip-

452 4053 579 4105 tum
639 4054 728 4104 est
784 4048 839 4102 in
892 4046 1199 4118 Evangelio
1244 4064 1256 4101 :
1298 4048 1592 4103 credimus
1650 4048 1985 4102 cruciﬁxum
2045 4054 2101 4104 et

457 4143 774 4204 mortuum,
808 4136 945 4207 quia
994 4136 1077 4192 sic
1126 4137 1409 4208 scriptum
1438 4143 1525 4191 est
1572 4138 1629 4191 in
1663 4137 1968 4208 Evangelio
1998 4154 2010 4192 :
2046 4142 2101 4193 et

454 4243 587 4282 vere
644 4230 846 4281 natum
906 4230 964 4279 et
1010 4240 1138 4279 vere
1200 4229 1519 4293 mortuum,
1552 4225 1689 4295 quia
1744 4227 1959 4281 veritas
2015 4230 2104 4281 est

455 4310 856 4388 Evangelium.
908 4313 1023 4368 Cur
1078 4318 1271 4368 autem
1317 4312 1417 4368 illa
1462 4314 1659 4389 omnia
1688 4313 1770 4368 ’in
1822 4330 1992 4369 carne
2040 4331 2107 4369 ex

455 4410 618 4460 utero
652 4404 877 4459 feminae
909 4407 1215 4474 assumpta
1246 4403 1364 4473 pati
1396 4402 1658 4470 voluerit,
1692 4420 1925 4458 summa
1964 4420 2107 4458 con-

458 4493 574 4550 silii
608 4510 785 4564 penes
816 4492 981 4547 illum
1011 4497 1098 4547 est
1136 4510 1148 4547 :
1183 4492 1303 4547 sive
1333 4491 1488 4562 quod
1536 4496 1848 4562 utrumque
1880 4508 2105 4557 sexum,

455 4597 629 4654 quem
664 4586 978 4649 creaverat,
1013 4581 1187 4635 etiam
1220 4580 1329 4636 hoc
1362 4580 1534 4635 modo
1574 4582 2105 4636 commendandum

454 4670 980 4741 honorandumque
1049 4668 1352 4739 judicavit,
1427 4669 1780 4724 assumendo
1858 4670 2104 4725 formam

456 4757 584 4826 viri,
618 4764 675 4813 et
706 4758 999 4813 nascendo
1032 4758 1102 4812 de
1148 4758 1401 4825 femina;
1436 4759 1553 4813 sive
1583 4757 1779 4829 aliqua
1808 4757 1920 4812 alia
1969 4776 2104 4814 cau-

454 4865 546 4919 sa,
588 4864 856 4919 quasnam
906 4846 1006 4902 illa
1055 4846 1150 4914 sit,
1202 4864 1315 4901 non
1371 4852 1586 4902 temere
1639 4847 1903 4902 dixerim.
1956 4847 2102 4903 Illud

524 4992 540 5026 1
578 4991 724 5049 Lov.,
756 4990 942 5053 impius
970 5003 1131 5053 nemo,
1164 4988 1263 5037 nisi
1281 4988 1368 5051 qui
1400 5003 1503 5037 non
1531 4988 1930 5037 credit.Falsum
1962 4993 2014 5039 et
2041 5003 2105 5039 ex

451 5053 578 5165 ἔξω
612 5052 987 5116 corrigendum
1014 5052 1113 5101 hoc
1141 5053 1317 5110 modo,
1347 5054 1450 5101 nisi
1485 5052 1670 5116 impius
1701 5066 1845 5099 nemo
1876 5067 1973 5099 non
2003 5067 2109 5100 cre-

489 5132 504 5164 i
536 5152 549 5165 .

489 5132 549 5165 ιτ.

1263 359 1575 419 CONTRA
1620 354 1991 418 FAUSTUM
2042 352 2096 412 M

2218 354 2530 421 [CHIEUM
2547 403 2560 427 ,
2610 362 2675 417 Ξ.
2724 360 3149 421 AUGUSTINI

3728 374 3833 432 £84

2224 488 2418 542 tamen
2454 489 2699 545 ﬁdenter
2725 491 3049 557 dicam,ncc
3082 493 3248 549 aliter
3275 494 3484 551 factum
3516 513 3830 571 esse,quam

2226 576 2557 648 evangelica
2574 580 2786 635 veritas
2805 582 3002 637 docuit
3027 602 3040 650 ς
3073 600 3175 637 uec
3192 584 3356 639 aliter
3378 585 3495 640 fieri
3514 590 3832 660 oportuisse,

2226 681 2403 736 quam
2436 667 2536 722 Dei
2568 670 2858 741 sapientia
2881 672 3190 742 judicavit.
3214 674 3501 747 Evangelii
3536 677 3697 733 ﬁdem
3728 696 3835 735 om-

2226 754 2400 810 nibus
2431 756 2833 815 haereticorum
2882 761 3375 833 disputationibus
3414 766 3833 836 anteponimus:

2226 844 2534 900 consilium
2569 852 2761 903 autem
2813 850 3109 921 sapientia
3141 850 3238 905 Dei
3264 868 3441 923 supra
3471 868 3635 909 omne
3666 857 3835 912 consi-

2222 931 2369 988 lium
2402 939 2675 990 creaturee
2708 938 3134 1009 cujuscumque
3162 937 3489 997 laudamus.

2293 1023 2527 1079 CAPUT
2558 1026 2774 1080 VIII.—
2805 1029 3023 1083 Tamen
3056 1028 3396 1096 Faustus,ut
3428 1029 3537 1085 sibi
3560 1031 3839 1089 credamus

2223 1110 2495 1169 hortatur
2524 1115 2741 1183 dicens,
2777 1117 2841 1171 Et
2869 1119 2921 1172 si
2950 1118 3090 1172 mihi
3118 1135 3248 1173 vera
3277 1118 3481 1175 dicenti
3523 1120 3601 1174 vis
3629 1121 3839 1196 credere,

2222 1201 2449 1273 uterque
2476 1218 2661 1259 eorum
2690 1205 2845 1277 apud
2885 1207 3135 1263 Hebraeos
3182 1208 3383 1277 falsam
3431 1209 3609 1263 traxit
3654 1212 3840 1281 opinio-

2221 1294 2531 1357 nem,Jesus
2561 1292 2625 1347 de
2655 1302 2846 1362 morte,
2880 1304 2931 1349 et
2960 1294 3029 1349 de
3054 1296 3479 1350 immortalitate
3507 1297 3651 1352 Elius
3681 1313 3694 1352 :
3726 1315 3840 1355 cum

2218 1378 2393 1449 paulo
2424 1386 2556 1450 post
2588 1382 2763 1452 dicat,
2802 1385 2862 1439 Ut
2891 1385 3041 1439 enim
3065 1385 3134 1438 ab
3191 1386 3352 1439 initio
3381 1388 3599 1456 sumpta
3627 1386 3843 1443 hominis

2218 1470 2584 1525 similitudine
2612 1486 2799 1526 omnes
2822 1473 3086 1529 humanae
3113 1472 3442 1528 conditionis
3470 1475 3740 1529 simulavit
3765 1478 3841 1546 af-

2216 1559 2391 1627 fectus
2415 1561 2533 1619 ;sic
2560 1560 2627 1614 ab
2662 1577 2718 1614 re
2747 1577 2853 1615 non
2886 1562 3088 1621 παιδί
3105 1563 3166 1616 in
3195 1563 3302 1633 [ine
3333 1578 3540 1633 quoque
3556 1566 3848 1634 consignan-

2219 1645 2306 1703 ἅδε
2334 1651 2655 1704 eeconomiae
2683 1654 2859 1721 gratia
2889 1652 3081 1722 fuisset
3112 1653 3258 1706 visus
3288 1655 3339 1707 et
3366 1651 3708 1708 mori.Homo
3735 1670 3842 1725 pes-

2220 1734 2366 1790 sime
2416 1753 2483 1791 ac
2533 1737 2929 1803 fallacissime,
2964 1739 3256 1810 quomodo
3306 1740 3411 1795 tibi
3460 1756 3562 1812 ego
3613 1742 3840 1811 credam,

2220 1825 2389 1896 quasi
2435 1842 2567 1881 vera
2615 1827 2852 1895 dicenti,
2888 1845 3019 1883 cum
3071 1828 3368 1884 Christum
3419 1829 3578 1885 dicas
3624 1834 3843 1887 mortem

2222 1914 2481 1984 potuisse
2530 1915 2814 1969 mentiri?
2845 1916 2990 1987 Ergo
3038 1916 3135 1972 ille
3184 1917 3593 1984 mentiebatur,
3638 1918 3842 1988 quando

2220 2002 2468 2070 dicebat,
2505 2008 2737 2075 Oportet
2768 2006 2971 2059 Filium
3001 2004 3239 2060 hominis
3269 2005 3466 2076 occidi,
3498 2010 3547 2061 et
3587 2009 3745 2061 tertia
3771 2005 3845 2063 die

2218 2108 2506 2163 resurgere
2534 2093 2682 2163 (Luc.
2716 2111 2864 2159 XXIV,
2896 2094 2951 2165 7)
2987 2112 2999 2150 :
3034 2099 3087 2148 et
3124 2100 3184 2149 tu
3220 2111 3337 2149 non
3378 2094 3659 2161 mentiris,
3692 2099 3742 2150 et
3769 2095 3843 2150 di-

2219 2182 2302 2236 cis
2336 2188 2398 2236 ut
2424 2182 2529 2236 tibi
2580 2200 2715 2237 vera
2767 2184 2981 2238 dicenti
3032 2184 3346 2239 credamus
3371 2184 3398 2238 ‘2
3427 2183 3689 2240 Veracior
3729 2201 3844 2255 ergo

2218 2270 2443 2339 Petrus,
2477 2272 2710 2342 quando
2742 2271 2791 2325 ei
2826 2272 2994 2337 dixit,
3023 2272 3191 2341 Absit,
3251 2275 3502 2339 Domine,
3536 2289 3640 2328 non
3676 2274 3758 2344 ﬁet
3782 2274 3844 2327 is-

2218 2359 2349 2423 tud;
2401 2365 2457 2414 et
2508 2360 2660 2414 unde
2713 2362 2927 2415 meruit
2977 2361 3201 2426 audire,
3252 2363 3391 2417 Redi
3435 2366 3598 2427 retro,
3645 2367 3845 2417 satanas

2218 2449 2426 2519 (Matth.
2460 2465 2573 2519 xv1,
2606 2452 2694 2519 22,
2725 2450 2836 2520 23).
2876 2451 2939 2504 Et
2969 2449 3065 2505 ille
3097 2450 3339 2522 quidem
3374 2468 3487 2505 non
3515 2451 3618 2505 hoc
3647 2450 3841 2505 infruc-

2216 2540 2383 2592 tuose
2434 2538 2673 2606 audivit,
2726 2538 2825 2608 qui
2876 2555 3004 2593 eam
3062 2543 3263 2610 postea
3315 2540 3609 2595 veritatem
3663 2538 3843 2594 mortis

2216 2626 2429 2682 Christi
2463 2643 2648 2698 usque
2682 2628 2751 2682 ad
2805 2644 2973 2682 suam
3008 2633 3254 2683 mortem
3306 2636 3601 2684 correctus
3647 2630 3840 2700 perfec-

2214 2719 2429 2786 tusque
2462 2715 3033 2786 pradicavitﬂerum
3066 2717 3113 2771 si
3146 2716 3409 2786 ille,quia
3439 2722 3662 2772 tantum
3695 2722 3840 2788 puta-

2213 2804 2296 2858 vit
2323 2803 2620 2858 Christum
2655 2821 2769 2858 non
2803 2806 3174 2871 moriturum,
3210 2806 3417 2861 audire
3448 2806 3672 2873 meruit,
3696 2805 3838 2860 Sata-

2214 2911 2353 2957 nas;
2384 2900 2447 2949 tu
2479 2895 2619 2965 quid
2669 2894 2909 2950 mereris
2941 2896 3165 2961 audire,
3200 2894 3299 2966 qui
3336 2914 3449 2952 non
3500 2913 3673 2968 negas
3704 2912 3834 2950 mor-

2212 2987 2399 3049 tuum,
2434 2983 2533 3037 sed
2588 2984 2761 3039 etiam
2794 2983 2939 3039 dicis
2990 2990 3235 3040 mortem
3278 2984 3462 3041 fuisse
3512 2982 3838 3041 mentitum?

2212 3072 2323 3127 Sed
2356 3071 2983 3143 ideo,inquis,mortem
3017 3090 3248 3143 quoque
3278 3074 3594 3130 simulasse
3624 3073 3839 3129 creden-

2213 3162 2323 3215 dus
2356 3161 2610 3233 est,quia
2637 3178 2840 3217 omnes
2874 3161 3143 3217 humanas
3178 3163 3533 3219 conditionis
3566 3160 3841 3219 simulavit

2214 3250 2622 3315 aﬂ'ectus.Quis
2649 3251 2805 3307 enim
2829 3251 2934 3306 tibi
2963 3250 3071 3306 hoc
3100 3257 3303 3308 contra
3320 3252 3690 3326 Evangelium
3721 3267 3840 3305 con-

2213 3357 2487 3395 cessurus
2519 3345 2625 3411 est,
2661 3342 2813 3414 quod
2847 3358 3051 3396 omnes
3082 3341 3356 3396 humanae
3409 3340 3752 3398 conditionis
3779 3337 3845 3392 si-

2214 3428 2456 3483 mulavit
2502 3429 2793 3484 afi‘ectus?
2842 3434 3091 3485 Prorsus
3141 3430 3189 3485 si
3242 3431 3449 3486 ‘dixit
3495 3427 3844 3501 evangelista,

2218 3517 2496 3573 Dormivit
2544 3519 2717 3573 Jesus
2750 3518 2845 3588 (Id.
2878 3536 2998 3586 VIII,
3030 3520 3159 3591 24);
3197 3519 3245 3573 si
3277 3520 3448 3588 dixit,
3480 3519 3723 3575 Esurivit
3750 3516 3845 3587 (Id.

2215 3622 2288 3671 ιν,
2322 3606 2401 3677 2),
2436 3606 2617 3661 sitivit
2664 3608 2843 3677 (Joan.
2898 3610 3033 3678 xxx),
3082 3608 3466 3664 coniristatus
3516 3614 3603 3664 est
3652 3602 3842 3679 (Matth.

2214 3712 2367 3760 xxv1,
2398 3696 2513 3765 37),
2560 3694 2917 3750 exhilaratus
2966 3702 3077 3765 est,
3110 3696 3245 3752 etsi
3286 3713 3410 3768 qua
3460 3696 3597 3753 talia
3627 3715 3639 3763 ;
3674 3692 3846 3752 omnia

2215 3800 2350 3838 vera
2381 3789 2679 3855 sunt,qua
2710 3785 2789 3839 ita
2821 3791 3054 3840 narrata
3083 3790 3240 3852 sunt,
3276 3792 3341 3840 ut
3373 3804 3487 3842 non
3524 3803 3652 3841 eum
3683 3784 3843 3839 simu-

2214 3871 2387 3943 lasse,
2422 3873 2522 3927 sed
2555 3873 2725 3943 plane
2772 3873 2976 3929 fecisse
3023 3872 3110 3928 vel
3157 3875 3495 3931 exhibuisse
3545 3872 3845 3943 conscripta

2211 3962 2496 4025 sint,sane
2528 3978 2639 4016 non
2670 3963 3013 4018 necessitate
3033 3962 3521 4027 conditionis,sed
3548 3956 3843 4034 magisterii

2209 4048 2594 4115 voluntate,et
2624 4049 2820 4105 divina
2852 4051 3026 4105 etiam
3062 4053 3519 4122 potestate.Nam
3552 4052 3715 4106 homo
3736 4046 3841 4121 ple-

2213 4154 2464 4208 rumque
2494 4138 2600 4192 etsi
2636 4137 2800 4207 nolit,
2837 4138 3089 4205 dormit;
3122 4139 3229 4194 etsi
3264 4138 3432 4209 nolit,
3465 4138 3840 4200 contristatur;

2218 4226 2325 4281 etsi
2357 4225 2520 4288 nolit,
2572 4226 2823 4294 dormit;
2858 4228 2965 4281 etsi
3001 4227 3166 4291 nolit.
3212 4230 3423 4296 esurit,
3457 4247 3522 4285 ac
3572 4228 3691 4284 sitit
3721 4243 3731 4279 :
3764 4222 3844 4278 ille

2217 4320 2412 4370 autem
2446 4316 2642 4369 omnia
2674 4315 2977 4387 ista’,quia
3010 4316 3312 4372 voluit.Sic
3344 4318 3521 4373 etiam
3554 4318 3844 4372 nascuntur

2217 4402 2483 4459 homines
2512 4409 2686 4475 atque
2718 4405 3169 4475 patiuntur,non
3202 4406 3339 4477 quia
3358 4406 3686 4471 volunt,nec
3708 4398 3839 4473 quod

2216 4489 2418 4547 volunt
2447 4493 2505 4560 3;
2537 4491 2637 4548 ille
2669 4499 2863 4548 autem
2898 4493 3075 4549 etiam
3108 4493 3241 4565 ista,
3276 4494 3414 4566 quia
3442 4492 3840 4550 voluit.Tamen

2215 4598 2349 4636 vera
2370 4580 2488 4636 haec
2520 4586 2575 4637 et
2606 4582 2675 4637 de
2705 4582 2804 4637 illo
2838 4582 3085 4638 ﬁdeliter
3115 4584 3511 4656 veraciterque
3542 4578 3842 4648 conscripta

2216 4675 2373 4741 sunt,
2409 4675 2473 4725 ut
2501 4669 2768 4742 quisquis
2801 4671 3107 4743 Evangelio
3137 4673 3265 4743 ejus
3296 4668 3841 4737 crediderit,veritate

2216 4759 2561 4825 instruatur,
2595 4776 2709 4815 non
2742 4760 3060 4816 mendaciis
3091 4760 3391 4818 illudatur.

2279 4868 2295 4900 ί
2327 4866 2442 4915 Αω.
2475 4868 2557 4931 Er.
2590 4870 2641 4931 et
2671 4867 2847 4931 plures
2898 4866 3019 4931 Mss.
3051 4867 3152 4917 hoc
3181 4873 3233 4918 et
3264 4869 3502 4930 proximo
3531 4868 3642 4918 loco
3680 4864 3840 4931 preti;-

2214 4933 2373 4977 reunt
2402 4926 2734 4994 particulam,
2763 4930 2824 4994 si.
2854 4930 3015 4994 Paulo
3047 4934 3166 4992 post
3195 4926 3335 4994 apud
3359 4933 3480 4981 Lov.
3503 4935 3554 4980 et
3583 4926 3839 4994 δίει-κεῖ·

2213 4995 2316 5056 tur,
2330 4995 2391 5056 ,ει
2404 4987 2614 5056 siquid
2639 4987 2804 5056 aliud.
2835 4992 2987 5053 Apud
3020 4987 3132 5040 A'm.
3160 4998 3213 5042 et
3230 4987 3343 5051 'Er.,
3375 4999 3422 5043 et
3454 4995 3500 5041 si
3527 5007 3631 5056 qua,
3653 4987 3782 5038 talia.

2278 5054 2298 5119 ξ
2326 5054 2383 5119 I_n
2416 5053 2585 5119 editis,
2618 5055 2761 5115 fecit.
2791 5057 2911 5118 quia
2944 5056 3119 5104 voluit.
3144 5056 3327 5119 Abest.
3358 5057 3497 5119 fecit,
3533 5053 3563 5104 ὸ,
3591 5055 3711 5109 ΜΒ..

2276 5117 2297 5149 ³
2328 5116 2507 5164 Plures
2536 5117 2681 5175 Mss,
2716 5116 2810 5166 nec
2832 5119 3039 5180 quando
3069 5117 3259 5167 volunt.

1233 5286 1615 5379 LIBER
1693 5286 2361 5382 VIGESIMUS
2442 5288 3080 5385 SEPTIMUS.

525 5514 751 5571 CAPUT
792 5517 1099 5575 PRIMUM.
1132 5550 1199 5559 -—
1246 5517 1505 5574 FAUSTUS
1553 5517 1699 5571 dixit
1750 5534 1761 5572 :
1815 5518 1871 5572 Si
1924 5525 2094 5575 natus

452 5619 567 5659 non
600 5610 688 5659 est
717 5605 908 5675 Jesus,
937 5626 1037 5663 nec
1061 5626 1268 5681 passus
1291 5613 1379 5665 est
1404 5625 1415 5663 :
1440 5607 1486 5663 si
1515 5612 1708 5662 autem
1742 5624 1952 5677 passus
1984 5614 2090 5679 est,

448 5708 583 5765 ergo
614 5698 672 5748 et
701 5698 873 5749 natus
895 5702 1134 5753 est.Non
1154 5699 1317 5756 vobis
1339 5697 1743 5770 expedit,mihi
1765 5698 1999 5771 credite,
2031 5699 2092 5757 in

2205 5522 2295 5576 his
2329 5522 2501 5577 rebus
2534 5524 3009 5592 consequentiam
3040 5540 3295 5595 quaerere
3327 5509 3829 5589 naturaeﬁalioquin

2200 5610 2594 5667 inﬁrmabitur
2614 5610 2803 5667 omnis
2820 5618 3009 5669 vestra
3024 5613 3188 5670 ﬁdes.
3211 5614 3358 5671 Nam
3381 5617 3435 5669 et
3456 5608 3748 5668 vosJesum
3771 5611 3829 5653 ex

2198 5700 2423 5775 virgine
2454 5705 2657 5759 natum
2677 5700 2804 5759 sine
2828 5701 2933 5758 viri
2958 5701 3119 5764 coitu
3146 5704 3409 5777 creditis,
3423 5704 3487 5761 et
3506 5697 3558 5758 si
3576 5711 3643 5754 ex
3660 5699 3837 5750 conte-
