  <div class='ocr_page' id='page_1' title='image "/cluster/home/n/w/nwhite01/storage/ocr_20150623/42/hvd.32044096580642/250.png"; bbox 0 0 4000 6178; ppageno 0'>
   <div class='ocr_carea' id='block_1_1' title="bbox 158 371 261 430">
    <p class='ocr_par' dir='ltr' id='par_1_1' title="bbox 158 371 261 430">
     <span class='ocr_line' id='line_1_1' title="bbox 158 371 261 430; baseline -0.019 0"><span class='ocrx_word' id='word_1_1' title='bbox 158 371 261 430; x_wconf 70' lang='grc'>489</span> 
     </span>
    </p>
   </div>
   <div class='ocr_carea' id='block_1_2' title="bbox 156 498 1778 572">
    <p class='ocr_par' dir='ltr' id='par_1_2' title="bbox 156 498 1778 572">
     <span class='ocr_line' id='line_1_2' title="bbox 156 498 1778 572; baseline -0.002 -14"><span class='ocrx_word' id='word_1_2' title='bbox 156 501 534 567; x_wconf 87' lang='lat' dir='ltr'>umbraticam,</span> <span class='ocrx_word' id='word_1_3' title='bbox 563 498 995 572; x_wconf 83' lang='lat' dir='ltr'>imaginariam,</span> <span class='ocrx_word' id='word_1_4' title='bbox 1023 499 1405 571; x_wconf 87' lang='lat' dir='ltr'>fallacemque</span> <span class='ocrx_word' id='word_1_5' title='bbox 1419 499 1628 554; x_wconf 88' lang='lat' dir='ltr'>dicatis</span> <span class='ocrx_word' id='word_1_6' title='bbox 1648 515 1660 554; x_wconf 93' lang='lat'>:</span> <span class='ocrx_word' id='word_1_7' title='bbox 1683 515 1778 554; x_wconf 85' lang='lat' dir='ltr'>ne-</span> 
     </span>
    </p>
   </div>
   <div class='ocr_carea' id='block_1_3' title="bbox 155 591 1775 665">
    <p class='ocr_par' dir='ltr' id='par_1_3' title="bbox 155 591 1775 665">
     <span class='ocr_line' id='line_1_3' title="bbox 155 591 1775 665; baseline -0.003 -18"><span class='ocrx_word' id='word_1_8' title='bbox 155 609 252 665; x_wconf 89' lang='lat' dir='ltr'>que</span> <span class='ocrx_word' id='word_1_9' title='bbox 273 591 424 647; x_wconf 90' lang='lat' dir='ltr'>enim</span> <span class='ocrx_word' id='word_1_10' title='bbox 447 593 570 661; x_wconf 89' lang='lat' dir='ltr'>ejus</span> <span class='ocrx_word' id='word_1_11' title='bbox 594 591 691 662; x_wconf 88' lang='lat' dir='ltr'>qui</span> <span class='ocrx_word' id='word_1_12' title='bbox 719 608 836 646; x_wconf 89' lang='lat' dir='ltr'>non</span> <span class='ocrx_word' id='word_1_13' title='bbox 851 606 979 646; x_wconf 86' lang='lat' dir='ltr'>vere</span> <span class='ocrx_word' id='word_1_14' title='bbox 997 595 1266 646; x_wconf 91' lang='lat' dir='ltr'>mortuus</span> <span class='ocrx_word' id='word_1_15' title='bbox 1285 595 1679 657; x_wconf 88' lang='lat' dir='ltr'>est,veraesse</span> <span class='ocrx_word' id='word_1_16' title='bbox 1693 604 1775 643; x_wconf 84' lang='lat' dir='ltr'>re-</span> 
     </span>
    </p>
   </div>
   <div class='ocr_carea' id='block_1_4' title="bbox 154 677 1770 752">
    <p class='ocr_par' dir='ltr' id='par_1_4' title="bbox 154 677 1770 752">
     <span class='ocr_line' id='line_1_4' title="bbox 154 677 1770 752; baseline -0.003 -15"><span class='ocrx_word' id='word_1_17' title='bbox 154 681 416 738; x_wconf 89' lang='lat' dir='ltr'>surrectio</span> <span class='ocrx_word' id='word_1_18' title='bbox 442 685 646 752; x_wconf 78' lang='lat' dir='ltr'>potest.</span> <span class='ocrx_word' id='word_1_19' title='bbox 671 681 752 734; x_wconf 90' lang='lat' dir='ltr'>Ita</span> <span class='ocrx_word' id='word_1_20' title='bbox 776 680 840 733; x_wconf 84' lang='lat' dir='ltr'>fit</span> <span class='ocrx_word' id='word_1_21' title='bbox 863 684 924 734; x_wconf 93' lang='lat' dir='ltr'>ut</span> <span class='ocrx_word' id='word_1_22' title='bbox 945 683 1000 734; x_wconf 93' lang='lat' dir='ltr'>et</span> <span class='ocrx_word' id='word_1_23' title='bbox 1023 679 1319 735; x_wconf 81' lang='lat' dir='ltr'>cicatrices</span> <span class='ocrx_word' id='word_1_24' title='bbox 1341 677 1646 750; x_wconf 86' lang='lat' dir='ltr'>discipulis</span> <span class='ocrx_word' id='word_1_25' title='bbox 1663 678 1770 732; x_wconf 89' lang='lat' dir='ltr'>du-</span> 
     </span>
    </p>
   </div>
   <div class='ocr_carea' id='block_1_5' title="bbox 151 767 1772 835">
    <p class='ocr_par' dir='ltr' id='par_1_5' title="bbox 151 767 1772 835">
     <span class='ocr_line' id='line_1_5' title="bbox 151 767 1772 835; baseline -0.003 -10"><span class='ocrx_word' id='word_1_26' title='bbox 151 769 451 826; x_wconf 84' lang='lat' dir='ltr'>bitantibus</span> <span class='ocrx_word' id='word_1_27' title='bbox 484 768 661 824; x_wconf 90' lang='lat' dir='ltr'>falsos</span> <span class='ocrx_word' id='word_1_28' title='bbox 690 769 1052 835; x_wconf 87' lang='lat' dir='ltr'>ostenderit;</span> <span class='ocrx_word' id='word_1_29' title='bbox 1094 785 1197 824; x_wconf 89' lang='lat' dir='ltr'>nec</span> <span class='ocrx_word' id='word_1_30' title='bbox 1230 768 1487 823; x_wconf 80' lang='lat' dir='ltr'>Thomas</span> <span class='ocrx_word' id='word_1_31' title='bbox 1537 767 1772 822; x_wconf 85' lang='lat' dir='ltr'>veritate</span> 
     </span>
    </p>
   </div>
   <div class='ocr_carea' id='block_1_6' title="bbox 150 855 1773 927">
    <p class='ocr_par' dir='ltr' id='par_1_6' title="bbox 150 855 1773 927">
     <span class='ocr_line' id='line_1_6' title="bbox 150 855 1773 927; baseline -0.003 -14"><span class='ocrx_word' id='word_1_32' title='bbox 150 858 524 923; x_wconf 89' lang='lat' dir='ltr'>conﬁrmatus,</span> <span class='ocrx_word' id='word_1_33' title='bbox 547 857 646 912; x_wconf 91' lang='lat' dir='ltr'>sed</span> <span class='ocrx_word' id='word_1_34' title='bbox 669 855 900 912; x_wconf 85' lang='lat' dir='ltr'>fallacia</span> <span class='ocrx_word' id='word_1_35' title='bbox 918 857 1192 927; x_wconf 88' lang='lat' dir='ltr'>deceptus</span> <span class='ocrx_word' id='word_1_36' title='bbox 1210 855 1495 926; x_wconf 88' lang='lat' dir='ltr'>clamarit,</span> <span class='ocrx_word' id='word_1_37' title='bbox 1511 857 1773 910; x_wconf 88' lang='lat' dir='ltr'>Dominus</span> 
     </span>
    </p>
   </div>
   <div class='ocr_carea' id='block_1_7' title="bbox 150 945 1770 1016">
    <p class='ocr_par' dir='ltr' id='par_1_7' title="bbox 150 945 1770 1016">
     <span class='ocr_line' id='line_1_7' title="bbox 150 945 1770 1016; baseline -0.002 -15"><span class='ocrx_word' id='word_1_38' title='bbox 150 962 282 1001; x_wconf 88' lang='lat' dir='ltr'>meus</span> <span class='ocrx_word' id='word_1_39' title='bbox 309 950 356 1001; x_wconf 86' lang='lat' dir='ltr'>et</span> <span class='ocrx_word' id='word_1_40' title='bbox 387 947 521 1001; x_wconf 84' lang='lat' dir='ltr'>Deus</span> <span class='ocrx_word' id='word_1_41' title='bbox 549 962 702 1000; x_wconf 86' lang='lat' dir='ltr'>meus</span> <span class='ocrx_word' id='word_1_42' title='bbox 734 949 918 1015; x_wconf 86' lang='lat' dir='ltr'>(Joan.</span> <span class='ocrx_word' id='word_1_43' title='bbox 954 962 1050 1014; x_wconf 86' lang='lat' dir='ltr'>xx,</span> <span class='ocrx_word' id='word_1_44' title='bbox 1081 945 1172 1016; x_wconf 91' lang='lat'>28)</span> <span class='ocrx_word' id='word_1_45' title='bbox 1198 962 1209 999; x_wconf 95' lang='lat'>:</span> <span class='ocrx_word' id='word_1_46' title='bbox 1235 949 1292 1000; x_wconf 91' lang='lat' dir='ltr'>et</span> <span class='ocrx_word' id='word_1_47' title='bbox 1312 951 1505 1000; x_wconf 90' lang='lat' dir='ltr'>tamen</span> <span class='ocrx_word' id='word_1_48' title='bbox 1532 960 1770 1015; x_wconf 86' lang='lat' dir='ltr'>persua-</span> 
     </span>
    </p>
   </div>
   <div class='ocr_carea' id='block_1_8' title="bbox 150 1032 1769 1106">
    <p class='ocr_par' dir='ltr' id='par_1_8' title="bbox 150 1032 1769 1106">
     <span class='ocr_line' id='line_1_8' title="bbox 150 1032 1769 1106; baseline -0.002 -16"><span class='ocrx_word' id='word_1_49' title='bbox 150 1038 264 1090; x_wconf 89' lang='lat' dir='ltr'>dere</span> <span class='ocrx_word' id='word_1_50' title='bbox 293 1033 604 1105; x_wconf 88' lang='lat' dir='ltr'>conamini,</span> <span class='ocrx_word' id='word_1_51' title='bbox 639 1032 841 1106; x_wconf 83' lang='lat' dir='ltr'>lingua</span> <span class='ocrx_word' id='word_1_52' title='bbox 870 1050 970 1089; x_wconf 91' lang='lat' dir='ltr'>vos</span> <span class='ocrx_word' id='word_1_53' title='bbox 1002 1032 1162 1104; x_wconf 89' lang='lat' dir='ltr'>loqui</span> <span class='ocrx_word' id='word_1_54' title='bbox 1195 1050 1416 1101; x_wconf 91' lang='lat' dir='ltr'>verum,</span> <span class='ocrx_word' id='word_1_55' title='bbox 1450 1049 1583 1088; x_wconf 90' lang='lat' dir='ltr'>cum</span> <span class='ocrx_word' id='word_1_56' title='bbox 1606 1032 1769 1088; x_wconf 90' lang='lat' dir='ltr'>Chri-</span> 
     </span>
    </p>
   </div>
   <div class='ocr_carea' id='block_1_9' title="bbox 147 1123 1772 1194">
    <p class='ocr_par' dir='ltr' id='par_1_9' title="bbox 147 1123 1772 1194">
     <span class='ocr_line' id='line_1_9' title="bbox 147 1123 1772 1194; baseline -0.002 -15"><span class='ocrx_word' id='word_1_57' title='bbox 147 1131 281 1179; x_wconf 84' lang='lat' dir='ltr'>stum</span> <span class='ocrx_word' id='word_1_58' title='bbox 303 1123 508 1178; x_wconf 79' lang='lat' dir='ltr'>dicatis</span> <span class='ocrx_word' id='word_1_59' title='bbox 533 1127 649 1178; x_wconf 89' lang='lat' dir='ltr'>toto</span> <span class='ocrx_word' id='word_1_60' title='bbox 673 1139 911 1194; x_wconf 90' lang='lat' dir='ltr'>corpore</span> <span class='ocrx_word' id='word_1_61' title='bbox 934 1123 1116 1178; x_wconf 90' lang='lat' dir='ltr'>fuisse</span> <span class='ocrx_word' id='word_1_62' title='bbox 1137 1123 1468 1178; x_wconf 89' lang='lat' dir='ltr'>mentitum.</span> <span class='ocrx_word' id='word_1_63' title='bbox 1489 1123 1616 1177; x_wconf 65' lang='lat' dir='ltr'>Haec</span> <span class='ocrx_word' id='word_1_64' title='bbox 1634 1126 1772 1177; x_wconf 90' lang='lat' dir='ltr'>sunt</span> 
     </span>
    </p>
   </div>
   <div class='ocr_carea' id='block_1_10' title="bbox 145 1211 1770 1284">
    <p class='ocr_par' dir='ltr' id='par_1_10' title="bbox 145 1211 1770 1284">
     <span class='ocr_line' id='line_1_10' title="bbox 145 1211 1770 1284; baseline -0.002 -16"><span class='ocrx_word' id='word_1_65' title='bbox 145 1230 252 1284; x_wconf 63' lang='lat' dir='ltr'>qua</span> <span class='ocrx_word' id='word_1_66' title='bbox 271 1213 428 1268; x_wconf 85' lang='lat' dir='ltr'>vobis</span> <span class='ocrx_word' id='word_1_67' title='bbox 446 1212 830 1283; x_wconf 85' lang='lat' dir='ltr'>objiciuntur,</span> <span class='ocrx_word' id='word_1_68' title='bbox 850 1211 950 1282; x_wconf 91' lang='lat' dir='ltr'>qui</span> <span class='ocrx_word' id='word_1_69' title='bbox 969 1211 1143 1267; x_wconf 88' lang='lat' dir='ltr'>talem</span> <span class='ocrx_word' id='word_1_70' title='bbox 1166 1211 1456 1268; x_wconf 86' lang='lat' dir='ltr'>Christum</span> <span class='ocrx_word' id='word_1_71' title='bbox 1479 1211 1642 1267; x_wconf 85' lang='lat' dir='ltr'>vobis</span> <span class='ocrx_word' id='word_1_72' title='bbox 1661 1211 1770 1266; x_wconf 87' lang='lat' dir='ltr'>ﬁn-</span> 
     </span>
    </p>
   </div>
   <div class='ocr_carea' id='block_1_11' title="bbox 146 1300 1770 1373">
    <p class='ocr_par' dir='ltr' id='par_1_11' title="bbox 146 1300 1770 1373">
     <span class='ocr_line' id='line_1_11' title="bbox 146 1300 1770 1373; baseline -0.001 -15"><span class='ocrx_word' id='word_1_73' title='bbox 146 1303 310 1369; x_wconf 81' lang='lat' dir='ltr'>xistis,</span> <span class='ocrx_word' id='word_1_74' title='bbox 344 1303 516 1372; x_wconf 88' lang='lat' dir='ltr'>cujus</span> <span class='ocrx_word' id='word_1_75' title='bbox 547 1300 819 1373; x_wconf 89' lang='lat' dir='ltr'>discipuli</span> <span class='ocrx_word' id='word_1_76' title='bbox 850 1301 967 1356; x_wconf 91' lang='lat' dir='ltr'>veri</span> <span class='ocrx_word' id='word_1_77' title='bbox 1001 1319 1115 1356; x_wconf 90' lang='lat' dir='ltr'>non</span> <span class='ocrx_word' id='word_1_78' title='bbox 1148 1301 1296 1369; x_wconf 86' lang='lat' dir='ltr'>sitis,</span> <span class='ocrx_word' id='word_1_79' title='bbox 1323 1301 1438 1357; x_wconf 86' lang='lat' dir='ltr'>nisi</span> <span class='ocrx_word' id='word_1_80' title='bbox 1461 1301 1770 1357; x_wconf 88' lang='lat' dir='ltr'>mendaces</span> 
     </span>
    </p>
   </div>
   <div class='ocr_carea' id='block_1_12' title="bbox 144 1389 1769 1462">
    <p class='ocr_par' dir='ltr' id='par_1_12' title="bbox 144 1389 1769 1462">
     <span class='ocr_line' id='line_1_12' title="bbox 144 1389 1769 1462; baseline -0.001 -16"><span class='ocrx_word' id='word_1_81' title='bbox 144 1407 226 1446; x_wconf 91' lang='lat' dir='ltr'>vos</span> <span class='ocrx_word' id='word_1_82' title='bbox 255 1406 482 1461; x_wconf 87' lang='lat' dir='ltr'>quoque</span> <span class='ocrx_word' id='word_1_83' title='bbox 516 1390 765 1446; x_wconf 90' lang='lat' dir='ltr'>fueritis.</span> <span class='ocrx_word' id='word_1_84' title='bbox 799 1390 924 1445; x_wconf 93' lang='lat' dir='ltr'>Non</span> <span class='ocrx_word' id='word_1_85' title='bbox 959 1395 1154 1446; x_wconf 91' lang='lat' dir='ltr'>autem</span> <span class='ocrx_word' id='word_1_86' title='bbox 1206 1391 1335 1447; x_wconf 91' lang='lat' dir='ltr'>ideo</span> <span class='ocrx_word' id='word_1_87' title='bbox 1369 1390 1560 1462; x_wconf 88' lang='lat' dir='ltr'>magia</span> <span class='ocrx_word' id='word_1_88' title='bbox 1587 1389 1769 1446; x_wconf 89' lang='lat' dir='ltr'>videri</span> 
     </span>
    </p>
   </div>
   <div class='ocr_carea' id='block_1_13' title="bbox 144 1478 1769 1551">
    <p class='ocr_par' dir='ltr' id='par_1_13' title="bbox 144 1478 1769 1551">
     <span class='ocr_line' id='line_1_13' title="bbox 144 1478 1769 1551; baseline 0 -18"><span class='ocrx_word' id='word_1_89' title='bbox 144 1484 304 1550; x_wconf 79' lang='lat' dir='ltr'>potest</span> <span class='ocrx_word' id='word_1_90' title='bbox 327 1483 464 1534; x_wconf 89' lang='lat' dir='ltr'>nata</span> <span class='ocrx_word' id='word_1_91' title='bbox 486 1495 556 1533; x_wconf 86' lang='lat' dir='ltr'>ex</span> <span class='ocrx_word' id='word_1_92' title='bbox 569 1479 793 1551; x_wconf 91' lang='lat' dir='ltr'>virgine</span> <span class='ocrx_word' id='word_1_93' title='bbox 807 1478 1066 1534; x_wconf 91' lang='lat' dir='ltr'>hominis</span> <span class='ocrx_word' id='word_1_94' title='bbox 1080 1496 1234 1546; x_wconf 90' lang='lat' dir='ltr'>caro,</span> <span class='ocrx_word' id='word_1_95' title='bbox 1252 1480 1390 1551; x_wconf 88' lang='lat' dir='ltr'>quia</span> <span class='ocrx_word' id='word_1_96' title='bbox 1403 1496 1537 1535; x_wconf 88' lang='lat' dir='ltr'>caro</span> <span class='ocrx_word' id='word_1_97' title='bbox 1556 1478 1769 1534; x_wconf 89' lang='lat' dir='ltr'>Christi</span> 
     </span>
    </p>
   </div>
   <div class='ocr_carea' id='block_1_14' title="bbox 147 1567 1771 1641">
    <p class='ocr_par' dir='ltr' id='par_1_14' title="bbox 147 1567 1771 1641">
     <span class='ocr_line' id='line_1_14' title="bbox 147 1567 1771 1641; baseline 0.001 -18"><span class='ocrx_word' id='word_1_98' title='bbox 147 1569 247 1623; x_wconf 89' lang='lat' dir='ltr'>sola</span> <span class='ocrx_word' id='word_1_99' title='bbox 268 1568 340 1622; x_wconf 90' lang='lat' dir='ltr'>ita</span> <span class='ocrx_word' id='word_1_100' title='bbox 363 1572 505 1623; x_wconf 89' lang='lat' dir='ltr'>nata</span> <span class='ocrx_word' id='word_1_101' title='bbox 527 1572 616 1623; x_wconf 91' lang='lat' dir='ltr'>est</span> <span class='ocrx_word' id='word_1_102' title='bbox 640 1585 651 1622; x_wconf 94' lang='lat'>:</span> <span class='ocrx_word' id='word_1_103' title='bbox 680 1568 832 1622; x_wconf 88' lang='lat' dir='ltr'>sicut</span> <span class='ocrx_word' id='word_1_104' title='bbox 853 1585 958 1624; x_wconf 92' lang='lat' dir='ltr'>nec</span> <span class='ocrx_word' id='word_1_105' title='bbox 989 1567 1090 1623; x_wconf 90' lang='lat' dir='ltr'>illa</span> <span class='ocrx_word' id='word_1_106' title='bbox 1119 1568 1305 1640; x_wconf 91' lang='lat' dir='ltr'>magis</span> <span class='ocrx_word' id='word_1_107' title='bbox 1335 1573 1444 1635; x_wconf 90' lang='lat' dir='ltr'>est,</span> <span class='ocrx_word' id='word_1_108' title='bbox 1479 1569 1616 1641; x_wconf 91' lang='lat' dir='ltr'>quia</span> <span class='ocrx_word' id='word_1_109' title='bbox 1648 1567 1771 1624; x_wconf 88' lang='lat' dir='ltr'>sola</span> 
     </span>
    </p>
   </div>
   <div class='ocr_carea' id='block_1_15' title="bbox 144 1657 1770 1729">
    <p class='ocr_par' dir='ltr' id='par_1_15' title="bbox 144 1657 1770 1729">
     <span class='ocr_line' id='line_1_15' title="bbox 144 1657 1770 1729; baseline 0.001 -16"><span class='ocrx_word' id='word_1_110' title='bbox 144 1657 322 1713; x_wconf 86' lang='lat' dir='ltr'>Christi</span> <span class='ocrx_word' id='word_1_111' title='bbox 352 1674 488 1712; x_wconf 91' lang='lat' dir='ltr'>caro</span> <span class='ocrx_word' id='word_1_112' title='bbox 514 1657 604 1712; x_wconf 91' lang='lat' dir='ltr'>die</span> <span class='ocrx_word' id='word_1_113' title='bbox 626 1657 794 1712; x_wconf 91' lang='lat' dir='ltr'>tertio</span> <span class='ocrx_word' id='word_1_114' title='bbox 823 1658 1158 1723; x_wconf 85' lang='lat' dir='ltr'>resurrexit,</span> <span class='ocrx_word' id='word_1_115' title='bbox 1188 1675 1491 1729; x_wconf 88' lang='lat' dir='ltr'>nunquam</span> <span class='ocrx_word' id='word_1_116' title='bbox 1526 1657 1770 1714; x_wconf 89' lang='lat' dir='ltr'>ulterius</span> 
     </span>
    </p>
   </div>
   <div class='ocr_carea' id='block_1_16' title="bbox 146 1745 1766 1819">
    <p class='ocr_par' dir='ltr' id='par_1_16' title="bbox 146 1745 1766 1819">
     <span class='ocr_line' id='line_1_16' title="bbox 146 1745 1766 1819; baseline 0.001 -19"><span class='ocrx_word' id='word_1_117' title='bbox 146 1745 656 1817; x_wconf 84' lang='lat' dir='ltr'>moritura.Alioqui</span> <span class='ocrx_word' id='word_1_118' title='bbox 669 1764 700 1799; x_wconf 89' lang='grc' dir='ltr'>ιι</span> <span class='ocrx_word' id='word_1_119' title='bbox 717 1747 914 1801; x_wconf 90' lang='lat' dir='ltr'>omnia</span> <span class='ocrx_word' id='word_1_120' title='bbox 930 1746 1316 1802; x_wconf 89' lang='lat' dir='ltr'>miraculaDei</span> <span class='ocrx_word' id='word_1_121' title='bbox 1336 1747 1561 1819; x_wconf 90' lang='lat' dir='ltr'>magica</span> <span class='ocrx_word' id='word_1_122' title='bbox 1575 1751 1766 1816; x_wconf 90' lang='lat' dir='ltr'>erunt,</span> 
     </span>
    </p>
   </div>
   <div class='ocr_carea' id='block_1_17' title="bbox 143 1835 1776 1906">
    <p class='ocr_par' dir='ltr' id='par_1_17' title="bbox 143 1835 1776 1906">
     <span class='ocr_line' id='line_1_17' title="bbox 143 1835 1776 1906; baseline 0.002 -17"><span class='ocrx_word' id='word_1_123' title='bbox 143 1837 254 1906; x_wconf 89' lang='lat' dir='ltr'>quia</span> <span class='ocrx_word' id='word_1_124' title='bbox 275 1835 653 1906; x_wconf 89' lang='lat' dir='ltr'>singulariter</span> <span class='ocrx_word' id='word_1_125' title='bbox 678 1836 828 1890; x_wconf 90' lang='lat' dir='ltr'>facta</span> <span class='ocrx_word' id='word_1_126' title='bbox 849 1841 1017 1890; x_wconf 82' lang='lat' dir='ltr'>sunt:</span> <span class='ocrx_word' id='word_1_127' title='bbox 1046 1837 1146 1891; x_wconf 90' lang='lat' dir='ltr'>sed</span> <span class='ocrx_word' id='word_1_128' title='bbox 1176 1853 1304 1892; x_wconf 82' lang='lat' dir='ltr'>vere</span> <span class='ocrx_word' id='word_1_129' title='bbox 1329 1837 1482 1891; x_wconf 87' lang='lat' dir='ltr'>facta</span> <span class='ocrx_word' id='word_1_130' title='bbox 1508 1843 1664 1906; x_wconf 84' lang='lat' dir='ltr'>sunt,</span> <span class='ocrx_word' id='word_1_131' title='bbox 1688 1855 1776 1892; x_wconf 83' lang='lat' dir='ltr'>ve-</span> 
     </span>
    </p>
   </div>
   <div class='ocr_carea' id='block_1_18' title="bbox 145 1925 1767 1997">
    <p class='ocr_par' dir='ltr' id='par_1_18' title="bbox 145 1925 1767 1997">
     <span class='ocr_line' id='line_1_18' title="bbox 145 1925 1767 1997; baseline 0.002 -19"><span class='ocrx_word' id='word_1_132' title='bbox 145 1941 357 1996; x_wconf 88' lang='lat' dir='ltr'>rumque</span> <span class='ocrx_word' id='word_1_133' title='bbox 371 1925 908 1994; x_wconf 89' lang='lat' dir='ltr'>ostenderunt,non</span> <span class='ocrx_word' id='word_1_134' title='bbox 927 1925 1123 1981; x_wconf 72' lang='lat' dir='ltr'>oculos</span> <span class='ocrx_word' id='word_1_135' title='bbox 1139 1925 1444 1981; x_wconf 89' lang='lat' dir='ltr'>hominum</span> <span class='ocrx_word' id='word_1_136' title='bbox 1459 1925 1767 1997; x_wconf 61' lang='lat' dir='ltr'>praestigiis</span> 
     </span>
    </p>
   </div>
   <div class='ocr_carea' id='block_1_19' title="bbox 144 2012 1763 2084">
    <p class='ocr_par' dir='ltr' id='par_1_19' title="bbox 144 2012 1763 2084">
     <span class='ocr_line' id='line_1_19' title="bbox 144 2012 1763 2084; baseline 0 -18"><span class='ocrx_word' id='word_1_137' title='bbox 144 2012 412 2067; x_wconf 81' lang='lat' dir='ltr'>fallacibus</span> <span class='ocrx_word' id='word_1_138' title='bbox 450 2012 807 2066; x_wconf 89' lang='lat' dir='ltr'>illuserunt:</span> <span class='ocrx_word' id='word_1_139' title='bbox 844 2030 972 2084; x_wconf 68' lang='lat' dir='ltr'>qua:</span> <span class='ocrx_word' id='word_1_140' title='bbox 1004 2013 1241 2083; x_wconf 90' lang='lat' dir='ltr'>quidem</span> <span class='ocrx_word' id='word_1_141' title='bbox 1274 2017 1475 2069; x_wconf 88' lang='lat' dir='ltr'>contra</span> <span class='ocrx_word' id='word_1_142' title='bbox 1496 2017 1763 2067; x_wconf 89' lang='lat' dir='ltr'>naturam</span> 
     </span>
    </p>
   </div>
   <div class='ocr_carea' id='block_1_20' title="bbox 141 2100 1762 2173">
    <p class='ocr_par' dir='ltr' id='par_1_20' title="bbox 141 2100 1762 2173">
     <span class='ocr_line' id='line_1_20' title="bbox 141 2100 1762 2173; baseline 0.001 -18"><span class='ocrx_word' id='word_1_143' title='bbox 141 2101 445 2173; x_wconf 87' lang='lat' dir='ltr'>plerumque</span> <span class='ocrx_word' id='word_1_144' title='bbox 459 2100 856 2173; x_wconf 89' lang='lat' dir='ltr'>appellantur,</span> <span class='ocrx_word' id='word_1_145' title='bbox 884 2118 998 2156; x_wconf 91' lang='lat' dir='ltr'>non</span> <span class='ocrx_word' id='word_1_146' title='bbox 1024 2103 1175 2171; x_wconf 94' lang='lat' dir='ltr'>quod</span> <span class='ocrx_word' id='word_1_147' title='bbox 1199 2106 1422 2156; x_wconf 65' lang='lat' dir='ltr'>natura</span> <span class='ocrx_word' id='word_1_148' title='bbox 1456 2102 1762 2156; x_wconf 85' lang='lat' dir='ltr'>adversen-</span> 
     </span>
    </p>
   </div>
   <div class='ocr_carea' id='block_1_21' title="bbox 138 2189 1766 2261">
    <p class='ocr_par' dir='ltr' id='par_1_21' title="bbox 138 2189 1766 2261">
     <span class='ocr_line' id='line_1_21' title="bbox 138 2189 1766 2261; baseline 0.001 -17"><span class='ocrx_word' id='word_1_149' title='bbox 138 2196 230 2247; x_wconf 87' lang='lat' dir='ltr'>tur.</span> <span class='ocrx_word' id='word_1_150' title='bbox 253 2191 343 2246; x_wconf 89' lang='lat' dir='ltr'>sed</span> <span class='ocrx_word' id='word_1_151' title='bbox 367 2191 529 2261; x_wconf 91' lang='lat' dir='ltr'>quod</span> <span class='ocrx_word' id='word_1_152' title='bbox 553 2194 772 2244; x_wconf 73' lang='lat' dir='ltr'>natura:</span> <span class='ocrx_word' id='word_1_153' title='bbox 796 2191 1060 2257; x_wconf 91' lang='lat' dir='ltr'>modum,</span> <span class='ocrx_word' id='word_1_154' title='bbox 1084 2190 1179 2261; x_wconf 85' lang='lat' dir='ltr'>qui</span> <span class='ocrx_word' id='word_1_155' title='bbox 1204 2191 1370 2245; x_wconf 89' lang='lat' dir='ltr'>nobis</span> <span class='ocrx_word' id='word_1_156' title='bbox 1388 2194 1476 2245; x_wconf 91' lang='lat' dir='ltr'>est</span> <span class='ocrx_word' id='word_1_157' title='bbox 1492 2189 1766 2245; x_wconf 80' lang='lat' dir='ltr'>usitatus-</span> 
     </span>
    </p>
   </div>
   <div class='ocr_carea' id='block_1_22' title="bbox 142 2278 1764 2351">
    <p class='ocr_par' dir='ltr' id='par_1_22' title="bbox 142 2278 1764 2351">
     <span class='ocr_line' id='line_1_22' title="bbox 142 2278 1764 2351; baseline 0 -18"><span class='ocrx_word' id='word_1_158' title='bbox 142 2281 400 2334; x_wconf 83' lang='lat' dir='ltr'>excedant.</span> <span class='ocrx_word' id='word_1_159' title='bbox 428 2278 694 2351; x_wconf 82' lang='lat' dir='ltr'>Repellat</span> <span class='ocrx_word' id='word_1_160' title='bbox 717 2295 852 2351; x_wconf 92' lang='lat' dir='ltr'>ergo</span> <span class='ocrx_word' id='word_1_161' title='bbox 875 2278 1159 2334; x_wconf 87' lang='lat' dir='ltr'>Dominus</span> <span class='ocrx_word' id='word_1_162' title='bbox 1182 2297 1214 2333; x_wconf 88' lang='lat' dir='ltr'>a</span> <span class='ocrx_word' id='word_1_163' title='bbox 1239 2279 1612 2350; x_wconf 88' lang='lat' dir='ltr'>parvulorum</span> <span class='ocrx_word' id='word_1_164' title='bbox 1631 2294 1764 2333; x_wconf 91' lang='lat' dir='ltr'>suo-</span> 
     </span>
    </p>
   </div>
   <div class='ocr_carea' id='block_1_23' title="bbox 139 2366 1768 2438">
    <p class='ocr_par' dir='ltr' id='par_1_23' title="bbox 139 2366 1768 2438">
     <span class='ocr_line' id='line_1_23' title="bbox 139 2366 1768 2438; baseline 0 -18"><span class='ocrx_word' id='word_1_165' title='bbox 139 2366 242 2422; x_wconf 83' lang='lat' dir='ltr'>rum</span> <span class='ocrx_word' id='word_1_166' title='bbox 267 2369 587 2437; x_wconf 89' lang='lat' dir='ltr'>mentibus,</span> <span class='ocrx_word' id='word_1_167' title='bbox 613 2367 764 2438; x_wconf 91' lang='lat' dir='ltr'>quod</span> <span class='ocrx_word' id='word_1_168' title='bbox 790 2367 958 2438; x_wconf 90' lang='lat' dir='ltr'>quasi</span> <span class='ocrx_word' id='word_1_169' title='bbox 981 2368 1348 2423; x_wconf 87' lang='lat' dir='ltr'>admonendo</span> <span class='ocrx_word' id='word_1_170' title='bbox 1374 2368 1622 2423; x_wconf 88' lang='lat' dir='ltr'>Faustus</span> <span class='ocrx_word' id='word_1_171' title='bbox 1645 2382 1768 2438; x_wconf 90' lang='lat' dir='ltr'>per-</span> 
     </span>
    </p>
   </div>
   <div class='ocr_carea' id='block_1_24' title="bbox 141 2455 1765 2528">
    <p class='ocr_par' dir='ltr' id='par_1_24' title="bbox 141 2455 1765 2528">
     <span class='ocr_line' id='line_1_24' title="bbox 141 2455 1765 2528; baseline -0.001 -18"><span class='ocrx_word' id='word_1_172' title='bbox 141 2457 351 2512; x_wconf 83' lang='lat' dir='ltr'>suadere</span> <span class='ocrx_word' id='word_1_173' title='bbox 374 2460 629 2512; x_wconf 80' lang='lat' dir='ltr'>conatus</span> <span class='ocrx_word' id='word_1_174' title='bbox 653 2462 760 2526; x_wconf 88' lang='lat' dir='ltr'>est,</span> <span class='ocrx_word' id='word_1_175' title='bbox 787 2461 851 2510; x_wconf 94' lang='lat' dir='ltr'>ut</span> <span class='ocrx_word' id='word_1_176' title='bbox 870 2455 1047 2511; x_wconf 91' lang='lat' dir='ltr'>etiam</span> <span class='ocrx_word' id='word_1_177' title='bbox 1074 2472 1180 2510; x_wconf 91' lang='lat' dir='ltr'>nos</span> <span class='ocrx_word' id='word_1_178' title='bbox 1202 2455 1631 2528; x_wconf 86' lang='lat' dir='ltr'>imaginariam,</span> <span class='ocrx_word' id='word_1_179' title='bbox 1651 2472 1765 2510; x_wconf 93' lang='lat' dir='ltr'>non</span> 
     </span>
    </p>
   </div>
   <div class='ocr_carea' id='block_1_25' title="bbox 141 2544 1768 2616">
    <p class='ocr_par' dir='ltr' id='par_1_25' title="bbox 141 2544 1768 2616">
     <span class='ocr_line' id='line_1_25' title="bbox 141 2544 1768 2616; baseline 0.001 -18"><span class='ocrx_word' id='word_1_180' title='bbox 141 2562 302 2600; x_wconf 87' lang='lat' dir='ltr'>veram</span> <span class='ocrx_word' id='word_1_181' title='bbox 333 2545 700 2600; x_wconf 90' lang='lat' dir='ltr'>nativitatem</span> <span class='ocrx_word' id='word_1_182' title='bbox 747 2544 962 2600; x_wconf 87' lang='lat' dir='ltr'>Christi</span> <span class='ocrx_word' id='word_1_183' title='bbox 1012 2545 1434 2616; x_wconf 86' lang='lat' dir='ltr'>proﬁteamur:</span> <span class='ocrx_word' id='word_1_184' title='bbox 1483 2550 1655 2616; x_wconf 87' lang='lat' dir='ltr'>atque</span> <span class='ocrx_word' id='word_1_185' title='bbox 1689 2545 1768 2600; x_wconf 88' lang='lat' dir='ltr'>ita</span> 
     </span>
    </p>
   </div>
   <div class='ocr_carea' id='block_1_26' title="bbox 141 2634 1767 2700">
    <p class='ocr_par' dir='ltr' id='par_1_26' title="bbox 141 2634 1767 2700">
     <span class='ocr_line' id='line_1_26' title="bbox 141 2634 1767 2700; baseline 0 -12"><span class='ocrx_word' id='word_1_186' title='bbox 141 2635 263 2689; x_wconf 86' lang='lat' dir='ltr'>inter</span> <span class='ocrx_word' id='word_1_187' title='bbox 290 2651 390 2690; x_wconf 88' lang='lat' dir='ltr'>nos</span> <span class='ocrx_word' id='word_1_188' title='bbox 423 2635 627 2690; x_wconf 89' lang='lat' dir='ltr'>omnis</span> <span class='ocrx_word' id='word_1_189' title='bbox 661 2634 955 2689; x_wconf 89' lang='lat' dir='ltr'>contentio</span> <span class='ocrx_word' id='word_1_190' title='bbox 1003 2634 1238 2690; x_wconf 87' lang='lat' dir='ltr'>ﬁniatur</span> <span class='ocrx_word' id='word_1_191' title='bbox 1265 2660 1278 2700; x_wconf 86' lang='lat'><strong>;</strong></span> <span class='ocrx_word' id='word_1_192' title='bbox 1329 2635 1444 2689; x_wconf 91' lang='lat' dir='ltr'>imo</span> <span class='ocrx_word' id='word_1_193' title='bbox 1475 2651 1606 2690; x_wconf 89' lang='lat' dir='ltr'>vero</span> <span class='ocrx_word' id='word_1_194' title='bbox 1639 2651 1767 2688; x_wconf 91' lang='lat' dir='ltr'>ma-</span> 
     </span>
    </p>
   </div>
   <div class='ocr_carea' id='block_1_27' title="bbox 144 2723 1767 2795">
    <p class='ocr_par' dir='ltr' id='par_1_27' title="bbox 144 2723 1767 2795">
     <span class='ocr_line' id='line_1_27' title="bbox 144 2723 1767 2795; baseline 0.001 -19"><span class='ocrx_word' id='word_1_195' title='bbox 144 2729 252 2777; x_wconf 87' lang='lat' dir='ltr'>neat</span> <span class='ocrx_word' id='word_1_196' title='bbox 279 2724 444 2779; x_wconf 88' lang='lat' dir='ltr'>nebis</span> <span class='ocrx_word' id='word_1_197' title='bbox 483 2723 764 2779; x_wconf 88' lang='lat' dir='ltr'>adversus</span> <span class='ocrx_word' id='word_1_198' title='bbox 797 2723 928 2778; x_wconf 93' lang='lat' dir='ltr'>illos</span> <span class='ocrx_word' id='word_1_199' title='bbox 964 2725 1158 2794; x_wconf 93' lang='lat' dir='ltr'>potius</span> <span class='ocrx_word' id='word_1_200' title='bbox 1191 2741 1292 2795; x_wconf 93' lang='lat' dir='ltr'>pro</span> <span class='ocrx_word' id='word_1_201' title='bbox 1327 2724 1564 2778; x_wconf 88' lang='lat' dir='ltr'>veritate</span> <span class='ocrx_word' id='word_1_202' title='bbox 1587 2728 1767 2779; x_wconf 86' lang='lat' dir='ltr'>certa-</span> 
     </span>
    </p>
   </div>
   <div class='ocr_carea' id='block_1_28' title="bbox 146 2812 1535 2884">
    <p class='ocr_par' dir='ltr' id='par_1_28' title="bbox 146 2812 1535 2884">
     <span class='ocr_line' id='line_1_28' title="bbox 146 2812 1535 2884; baseline 0 -18"><span class='ocrx_word' id='word_1_203' title='bbox 146 2829 274 2883; x_wconf 89' lang='lat' dir='ltr'>men,</span> <span class='ocrx_word' id='word_1_204' title='bbox 305 2829 490 2884; x_wconf 86' lang='lat' dir='ltr'>quam</span> <span class='ocrx_word' id='word_1_205' title='bbox 523 2829 656 2868; x_wconf 92' lang='lat' dir='ltr'>cum</span> <span class='ocrx_word' id='word_1_206' title='bbox 688 2813 803 2867; x_wconf 90' lang='lat' dir='ltr'>illis</span> <span class='ocrx_word' id='word_1_207' title='bbox 834 2812 891 2866; x_wconf 91' lang='lat' dir='ltr'>in</span> <span class='ocrx_word' id='word_1_208' title='bbox 927 2812 1178 2867; x_wconf 84' lang='lat' dir='ltr'>falsitate</span> <span class='ocrx_word' id='word_1_209' title='bbox 1209 2813 1535 2868; x_wconf 88' lang='lat' dir='ltr'>concordia.</span> 
     </span>
    </p>
   </div>
   <div class='ocr_carea' id='block_1_29' title="bbox 201 2901 1768 2973">
    <p class='ocr_par' dir='ltr' id='par_1_29' title="bbox 201 2901 1768 2973">
     <span class='ocr_line' id='line_1_29' title="bbox 201 2901 1768 2973; baseline 0.001 -17"><span class='ocrx_word' id='word_1_210' title='bbox 201 2901 409 2958; x_wconf 81' lang='lat' dir='ltr'>CAPUT</span> <span class='ocrx_word' id='word_1_211' title='bbox 443 2902 553 2958; x_wconf 86' lang='lat' dir='ltr'>IlI.</span> <span class='ocrx_word' id='word_1_212' title='bbox 584 2933 650 2942; x_wconf 89' lang='lat'><strong>—-</strong></span> <span class='ocrx_word' id='word_1_213' title='bbox 686 2906 1098 2957; x_wconf 85' lang='lat' dir='ltr'>Verumtamen</span> <span class='ocrx_word' id='word_1_214' title='bbox 1123 2919 1314 2973; x_wconf 73' lang='lat' dir='ltr'>quaero</span> <span class='ocrx_word' id='word_1_215' title='bbox 1338 2903 1408 2956; x_wconf 88' lang='lat' dir='ltr'>ab</span> <span class='ocrx_word' id='word_1_216' title='bbox 1431 2902 1535 2971; x_wconf 90' lang='lat' dir='ltr'>eis,</span> <span class='ocrx_word' id='word_1_217' title='bbox 1564 2901 1609 2956; x_wconf 92' lang='lat' dir='ltr'>si</span> <span class='ocrx_word' id='word_1_218' title='bbox 1637 2919 1768 2957; x_wconf 90' lang='lat' dir='ltr'>nos-</span> 
     </span>
    </p>
   </div>
   <div class='ocr_carea' id='block_1_30' title="bbox 143 2991 1769 3058">
    <p class='ocr_par' dir='ltr' id='par_1_30' title="bbox 143 2991 1769 3058">
     <span class='ocr_line' id='line_1_30' title="bbox 143 2991 1769 3058; baseline 0.001 -15"><span class='ocrx_word' id='word_1_219' title='bbox 143 2993 214 3045; x_wconf 88' lang='lat' dir='ltr'>tra</span> <span class='ocrx_word' id='word_1_220' title='bbox 240 2991 535 3046; x_wconf 85' lang='lat' dir='ltr'>contentio</span> <span class='ocrx_word' id='word_1_221' title='bbox 567 2991 918 3046; x_wconf 89' lang='lat' dir='ltr'>terminatur</span> <span class='ocrx_word' id='word_1_222' title='bbox 965 3007 1098 3046; x_wconf 90' lang='lat' dir='ltr'>cum</span> <span class='ocrx_word' id='word_1_223' title='bbox 1149 2991 1258 3045; x_wconf 90' lang='lat' dir='ltr'>hoc</span> <span class='ocrx_word' id='word_1_224' title='bbox 1298 2991 1636 3058; x_wconf 87' lang='lat' dir='ltr'>dixerimus,</span> <span class='ocrx_word' id='word_1_225' title='bbox 1665 3009 1769 3046; x_wconf 93' lang='lat' dir='ltr'>cur</span> 
     </span>
    </p>
   </div>
   <div class='ocr_carea' id='block_1_31' title="bbox 141 3078 1764 3151">
    <p class='ocr_par' dir='ltr' id='par_1_31' title="bbox 141 3078 1764 3151">
     <span class='ocr_line' id='line_1_31' title="bbox 141 3078 1764 3151; baseline 0.001 -19"><span class='ocrx_word' id='word_1_226' title='bbox 141 3078 228 3134; x_wconf 86' lang='lat' dir='ltr'>hoc</span> <span class='ocrx_word' id='word_1_227' title='bbox 257 3080 362 3151; x_wconf 92' lang='lat' dir='ltr'>ipsi</span> <span class='ocrx_word' id='word_1_228' title='bbox 395 3097 521 3134; x_wconf 90' lang='lat' dir='ltr'>non</span> <span class='ocrx_word' id='word_1_229' title='bbox 555 3079 757 3134; x_wconf 90' lang='lat' dir='ltr'>dicunt</span> <span class='ocrx_word' id='word_1_230' title='bbox 778 3081 805 3133; x_wconf 84' lang='lat'><strong>?</strong></span> <span class='ocrx_word' id='word_1_231' title='bbox 835 3080 950 3134; x_wconf 88' lang='lat' dir='ltr'>Cur</span> <span class='ocrx_word' id='word_1_232' title='bbox 979 3079 1091 3151; x_wconf 91' lang='lat' dir='ltr'>ipsi</span> <span class='ocrx_word' id='word_1_233' title='bbox 1124 3083 1370 3135; x_wconf 89' lang='lat' dir='ltr'>mortem</span> <span class='ocrx_word' id='word_1_234' title='bbox 1405 3097 1518 3135; x_wconf 89' lang='lat' dir='ltr'>non</span> <span class='ocrx_word' id='word_1_235' title='bbox 1547 3097 1764 3149; x_wconf 90' lang='lat' dir='ltr'>veram,</span> 
     </span>
    </p>
   </div>
   <div class='ocr_carea' id='block_1_32' title="bbox 139 3168 1768 3240">
    <p class='ocr_par' dir='ltr' id='par_1_32' title="bbox 139 3168 1768 3240">
     <span class='ocr_line' id='line_1_32' title="bbox 139 3168 1768 3240; baseline 0.001 -18"><span class='ocrx_word' id='word_1_236' title='bbox 139 3168 219 3222; x_wconf 85' lang='lat' dir='ltr'>sed</span> <span class='ocrx_word' id='word_1_237' title='bbox 251 3168 662 3240; x_wconf 83' lang='lat' dir='ltr'>imaginariam</span> <span class='ocrx_word' id='word_1_238' title='bbox 687 3168 904 3223; x_wconf 88' lang='lat' dir='ltr'>Christi</span> <span class='ocrx_word' id='word_1_239' title='bbox 927 3169 1226 3224; x_wconf 86' lang='lat' dir='ltr'>afﬁrmant</span> <span class='ocrx_word' id='word_1_240' title='bbox 1248 3187 1261 3236; x_wconf 82' lang='lat'><strong>;</strong></span> <span class='ocrx_word' id='word_1_241' title='bbox 1288 3168 1645 3224; x_wconf 84' lang='lat' dir='ltr'>nativitatem</span> <span class='ocrx_word' id='word_1_242' title='bbox 1671 3187 1768 3224; x_wconf 87' lang='lat' dir='ltr'>au-</span> 
     </span>
    </p>
   </div>
   <div class='ocr_carea' id='block_1_33' title="bbox 140 3257 1768 3328">
    <p class='ocr_par' dir='ltr' id='par_1_33' title="bbox 140 3257 1768 3328">
     <span class='ocr_line' id='line_1_33' title="bbox 140 3257 1768 3328; baseline 0.002 -18"><span class='ocrx_word' id='word_1_243' title='bbox 140 3262 236 3312; x_wconf 89' lang='lat' dir='ltr'>tem</span> <span class='ocrx_word' id='word_1_244' title='bbox 262 3276 371 3313; x_wconf 90' lang='lat' dir='ltr'>non</span> <span class='ocrx_word' id='word_1_245' title='bbox 403 3257 624 3314; x_wconf 86' lang='lat' dir='ltr'>saltem</span> <span class='ocrx_word' id='word_1_246' title='bbox 679 3257 877 3328; x_wconf 85' lang='lat' dir='ltr'>talem,</span> <span class='ocrx_word' id='word_1_247' title='bbox 919 3259 1016 3312; x_wconf 90' lang='lat' dir='ltr'>sed</span> <span class='ocrx_word' id='word_1_248' title='bbox 1053 3275 1292 3328; x_wconf 89' lang='lat' dir='ltr'>prorsus</span> <span class='ocrx_word' id='word_1_249' title='bbox 1323 3258 1544 3313; x_wconf 89' lang='lat' dir='ltr'>nullam</span> <span class='ocrx_word' id='word_1_250' title='bbox 1577 3259 1768 3314; x_wconf 87' lang='lat' dir='ltr'>dicere</span> 
     </span>
    </p>
   </div>
   <div class='ocr_carea' id='block_1_34' title="bbox 138 3345 1767 3419">
    <p class='ocr_par' dir='ltr' id='par_1_34' title="bbox 138 3345 1767 3419">
     <span class='ocr_line' id='line_1_34' title="bbox 138 3345 1767 3419; baseline 0.002 -20"><span class='ocrx_word' id='word_1_251' title='bbox 138 3345 450 3416; x_wconf 79' lang='lat' dir='ltr'>delegerunt</span> <span class='ocrx_word' id='word_1_252' title='bbox 472 3351 497 3402; x_wconf 78' lang='grc' dir='ltr'><strong><em>Ρ</em></strong></span> <span class='ocrx_word' id='word_1_253' title='bbox 520 3347 580 3401; x_wconf 91' lang='lat' dir='ltr'>Si</span> <span class='ocrx_word' id='word_1_254' title='bbox 607 3347 975 3402; x_wconf 90' lang='lat' dir='ltr'>auctoritatis</span> <span class='ocrx_word' id='word_1_255' title='bbox 998 3347 1337 3419; x_wconf 66' lang='lat' dir='ltr'>evangelicae</span> <span class='ocrx_word' id='word_1_256' title='bbox 1362 3349 1612 3419; x_wconf 82' lang='lat' dir='ltr'>pondere</span> <span class='ocrx_word' id='word_1_257' title='bbox 1638 3365 1767 3403; x_wconf 89' lang='lat' dir='ltr'>eru-</span> 
     </span>
    </p>
   </div>
   <div class='ocr_carea' id='block_1_35' title="bbox 139 3434 1770 3504">
    <p class='ocr_par' dir='ltr' id='par_1_35' title="bbox 139 3434 1770 3504">
     <span class='ocr_line' id='line_1_35' title="bbox 139 3434 1770 3504; baseline 0.001 -16"><span class='ocrx_word' id='word_1_258' title='bbox 139 3434 423 3504; x_wconf 67' lang='lat' dir='ltr'>bueruut‘,</span> <span class='ocrx_word' id='word_1_259' title='bbox 464 3442 525 3491; x_wconf 91' lang='lat' dir='ltr'>et</span> <span class='ocrx_word' id='word_1_260' title='bbox 557 3436 684 3491; x_wconf 91' lang='lat' dir='ltr'>ideo</span> <span class='ocrx_word' id='word_1_261' title='bbox 711 3453 827 3490; x_wconf 89' lang='lat' dir='ltr'>non</span> <span class='ocrx_word' id='word_1_262' title='bbox 859 3436 987 3491; x_wconf 90' lang='lat' dir='ltr'>ausi</span> <span class='ocrx_word' id='word_1_263' title='bbox 1021 3441 1158 3491; x_wconf 91' lang='lat' dir='ltr'>sunt</span> <span class='ocrx_word' id='word_1_264' title='bbox 1188 3436 1481 3492; x_wconf 86' lang='lat' dir='ltr'>Christum</span> <span class='ocrx_word' id='word_1_265' title='bbox 1517 3455 1630 3492; x_wconf 90' lang='lat' dir='ltr'>non</span> <span class='ocrx_word' id='word_1_266' title='bbox 1662 3435 1770 3492; x_wconf 86' lang='lat' dir='ltr'>sal-</span> 
     </span>
    </p>
   </div>
   <div class='ocr_carea' id='block_1_36' title="bbox 142 3524 1769 3598">
    <p class='ocr_par' dir='ltr' id='par_1_36' title="bbox 142 3524 1769 3598">
     <span class='ocr_line' id='line_1_36' title="bbox 142 3524 1769 3598; baseline 0.002 -21"><span class='ocrx_word' id='word_1_267' title='bbox 142 3529 238 3578; x_wconf 88' lang='lat' dir='ltr'>tem</span> <span class='ocrx_word' id='word_1_268' title='bbox 267 3524 623 3597; x_wconf 87' lang='lat' dir='ltr'>imaginarie</span> <span class='ocrx_word' id='word_1_269' title='bbox 673 3542 912 3597; x_wconf 86' lang='lat' dir='ltr'>passum</span> <span class='ocrx_word' id='word_1_270' title='bbox 947 3525 1176 3580; x_wconf 87' lang='lat' dir='ltr'>dicere:</span> <span class='ocrx_word' id='word_1_271' title='bbox 1232 3526 1594 3582; x_wconf 89' lang='lat' dir='ltr'>nativitatem</span> <span class='ocrx_word' id='word_1_272' title='bbox 1629 3543 1769 3598; x_wconf 89' lang='lat' dir='ltr'>quo-</span> 
     </span>
    </p>
   </div>
   <div class='ocr_carea' id='block_1_37' title="bbox 142 3613 1770 3686">
    <p class='ocr_par' dir='ltr' id='par_1_37' title="bbox 142 3613 1770 3686">
     <span class='ocr_line' id='line_1_37' title="bbox 142 3613 1770 3686; baseline 0.002 -20"><span class='ocrx_word' id='word_1_273' title='bbox 142 3630 234 3683; x_wconf 89' lang='lat' dir='ltr'>que</span> <span class='ocrx_word' id='word_1_274' title='bbox 261 3616 385 3684; x_wconf 77' lang='lat' dir='ltr'>eius</span> <span class='ocrx_word' id='word_1_275' title='bbox 417 3615 630 3670; x_wconf 89' lang='lat' dir='ltr'>eadem</span> <span class='ocrx_word' id='word_1_276' title='bbox 664 3613 999 3686; x_wconf 88' lang='lat' dir='ltr'>evangelica</span> <span class='ocrx_word' id='word_1_277' title='bbox 1020 3619 1263 3670; x_wconf 89' lang='lat' dir='ltr'>testatur</span> <span class='ocrx_word' id='word_1_278' title='bbox 1287 3617 1624 3670; x_wconf 87' lang='lat' dir='ltr'>auctoritas.</span> <span class='ocrx_word' id='word_1_279' title='bbox 1651 3615 1770 3671; x_wconf 89' lang='lat' dir='ltr'>Etsi</span> 
     </span>
    </p>
   </div>
   <div class='ocr_carea' id='block_1_38' title="bbox 142 3702 1770 3776">
    <p class='ocr_par' dir='ltr' id='par_1_38' title="bbox 142 3702 1770 3776">
     <span class='ocr_line' id='line_1_38' title="bbox 142 3702 1770 3776; baseline 0.002 -21"><span class='ocrx_word' id='word_1_280' title='bbox 142 3702 272 3757; x_wconf 88' lang='lat' dir='ltr'>enim</span> <span class='ocrx_word' id='word_1_281' title='bbox 302 3705 418 3759; x_wconf 91' lang='lat' dir='ltr'>duo</span> <span class='ocrx_word' id='word_1_282' title='bbox 456 3703 829 3775; x_wconf 63' lang='lat' dir='ltr'>evangelista:</span> <span class='ocrx_word' id='word_1_283' title='bbox 860 3703 1056 3775; x_wconf 92' lang='lat' dir='ltr'>ipsum</span> <span class='ocrx_word' id='word_1_284' title='bbox 1092 3710 1324 3776; x_wconf 90' lang='lat' dir='ltr'>partum</span> <span class='ocrx_word' id='word_1_285' title='bbox 1357 3705 1550 3759; x_wconf 65' lang='lat' dir='ltr'>Mariae</span> <span class='ocrx_word' id='word_1_286' title='bbox 1572 3721 1770 3759; x_wconf 91' lang='lat' dir='ltr'>narra-</span> 
     </span>
    </p>
   </div>
   <div class='ocr_carea' id='block_1_39' title="bbox 143 3793 1771 3863">
    <p class='ocr_par' dir='ltr' id='par_1_39' title="bbox 143 3793 1771 3863">
     <span class='ocr_line' id='line_1_39' title="bbox 143 3793 1771 3863; baseline 0.004 -21"><span class='ocrx_word' id='word_1_287' title='bbox 143 3798 324 3847; x_wconf 84' lang='lat' dir='ltr'>verunt</span> <span class='ocrx_word' id='word_1_288' title='bbox 353 3793 588 3860; x_wconf 82' lang='lat' dir='ltr'>(Matth.</span> <span class='ocrx_word' id='word_1_289' title='bbox 624 3810 661 3861; x_wconf 89' lang='grc' dir='ltr'>ι,</span> <span class='ocrx_word' id='word_1_290' title='bbox 713 3794 804 3856; x_wconf 84' lang='grc'>25,</span> <span class='ocrx_word' id='word_1_291' title='bbox 857 3802 907 3847; x_wconf 85' lang='lat' dir='ltr'>et</span> <span class='ocrx_word' id='word_1_292' title='bbox 953 3793 1082 3848; x_wconf 81' lang='lat' dir='ltr'>Luc.</span> <span class='ocrx_word' id='word_1_293' title='bbox 1127 3811 1189 3861; x_wconf 87' lang='grc' dir='ltr'>ιι,</span> <span class='ocrx_word' id='word_1_294' title='bbox 1218 3794 1315 3863; x_wconf 80' lang='lat'>7);</span> <span class='ocrx_word' id='word_1_295' title='bbox 1350 3793 1548 3848; x_wconf 86' lang='lat' dir='ltr'>nullus</span> <span class='ocrx_word' id='word_1_296' title='bbox 1576 3798 1771 3848; x_wconf 90' lang='lat' dir='ltr'>tamen</span> 
     </span>
    </p>
   </div>
   <div class='ocr_carea' id='block_1_40' title="bbox 145 3879 1773 3953">
    <p class='ocr_par' dir='ltr' id='par_1_40' title="bbox 145 3879 1773 3953">
     <span class='ocr_line' id='line_1_40' title="bbox 145 3879 1773 3953; baseline 0.003 -20"><span class='ocrx_word' id='word_1_297' title='bbox 145 3879 637 3953; x_wconf 84' lang='lat' dir='ltr'>Evangelistarum</span> <span class='ocrx_word' id='word_1_298' title='bbox 669 3881 870 3947; x_wconf 90' lang='lat' dir='ltr'>tacuit,</span> <span class='ocrx_word' id='word_1_299' title='bbox 904 3885 1054 3952; x_wconf 89' lang='lat' dir='ltr'>quod</span> <span class='ocrx_word' id='word_1_300' title='bbox 1104 3882 1373 3937; x_wconf 89' lang='lat' dir='ltr'>habuerit</span> <span class='ocrx_word' id='word_1_301' title='bbox 1404 3888 1650 3938; x_wconf 91' lang='lat' dir='ltr'>matrem</span> <span class='ocrx_word' id='word_1_302' title='bbox 1679 3882 1773 3938; x_wconf 87' lang='lat' dir='ltr'>Je-</span> 
     </span>
    </p>
   </div>
   <div class='ocr_carea' id='block_1_41' title="bbox 143 3971 1770 4042">
    <p class='ocr_par' dir='ltr' id='par_1_41' title="bbox 143 3971 1770 4042">
     <span class='ocr_line' id='line_1_41' title="bbox 143 3971 1770 4042; baseline 0.002 -20"><span class='ocrx_word' id='word_1_303' title='bbox 143 3986 224 4024; x_wconf 85' lang='lat' dir='ltr'>sus</span> <span class='ocrx_word' id='word_1_304' title='bbox 254 3971 488 4042; x_wconf 76' lang='lat' dir='ltr'>(Matth.</span> <span class='ocrx_word' id='word_1_305' title='bbox 525 3987 588 4035; x_wconf 95' lang='grc' dir='ltr'>ιι,</span> <span class='ocrx_word' id='word_1_306' title='bbox 616 3971 675 4024; x_wconf 84' lang='grc'><strong>11</strong></span> <span class='ocrx_word' id='word_1_307' title='bbox 709 3987 722 4037; x_wconf 91' lang='grc'>;</span> <span class='ocrx_word' id='word_1_308' title='bbox 748 3975 923 4026; x_wconf 81' lang='lat' dir='ltr'>Marc.</span> <span class='ocrx_word' id='word_1_309' title='bbox 948 3987 1035 4035; x_wconf 85' lang='grc' dir='ltr'><strong>ιιι,</strong></span> <span class='ocrx_word' id='word_1_310' title='bbox 1061 3971 1132 4024; x_wconf 88' lang='lat'>32</span> <span class='ocrx_word' id='word_1_311' title='bbox 1159 3988 1173 4038; x_wconf 86' lang='lat'><strong>;</strong></span> <span class='ocrx_word' id='word_1_312' title='bbox 1197 3974 1321 4026; x_wconf 88' lang='lat' dir='ltr'>Luc.</span> <span class='ocrx_word' id='word_1_313' title='bbox 1345 3988 1406 4041; x_wconf 84' lang='grc' dir='ltr'>ιι,</span> <span class='ocrx_word' id='word_1_314' title='bbox 1427 3972 1516 4038; x_wconf 88' lang='grc'>33,</span> <span class='ocrx_word' id='word_1_315' title='bbox 1540 3980 1593 4027; x_wconf 87' lang='lat' dir='ltr'>et</span> <span class='ocrx_word' id='word_1_316' title='bbox 1614 3973 1770 4028; x_wconf 79' lang='lat' dir='ltr'>Joan.</span> 
     </span>
    </p>
   </div>
   <div class='ocr_carea' id='block_1_42' title="bbox 142 4059 1776 4131">
    <p class='ocr_par' dir='ltr' id='par_1_42' title="bbox 142 4059 1776 4131">
     <span class='ocr_line' id='line_1_42' title="bbox 142 4059 1776 4131; baseline 0.002 -20"><span class='ocrx_word' id='word_1_317' title='bbox 142 4072 195 4122; x_wconf 88' lang='grc' dir='ltr'>ιι,</span> <span class='ocrx_word' id='word_1_318' title='bbox 223 4060 290 4130; x_wconf 83' lang='grc'>1).</span> <span class='ocrx_word' id='word_1_319' title='bbox 325 4067 413 4114; x_wconf 84' lang='lat' dir='ltr'>An</span> <span class='ocrx_word' id='word_1_320' title='bbox 451 4059 590 4114; x_wconf 90' lang='lat' dir='ltr'>ideo</span> <span class='ocrx_word' id='word_1_321' title='bbox 622 4059 810 4131; x_wconf 90' lang='lat' dir='ltr'>piguit</span> <span class='ocrx_word' id='word_1_322' title='bbox 839 4060 1015 4114; x_wconf 89' lang='lat' dir='ltr'>etiam</span> <span class='ocrx_word' id='word_1_323' title='bbox 1049 4059 1156 4114; x_wconf 80' lang='lat' dir='ltr'>hoc</span> <span class='ocrx_word' id='word_1_324' title='bbox 1180 4060 1492 4131; x_wconf 84' lang='lat' dir='ltr'>praedicare</span> <span class='ocrx_word' id='word_1_325' title='bbox 1513 4059 1776 4116; x_wconf 89' lang='lat' dir='ltr'>simulta-</span> 
     </span>
    </p>
   </div>
   <div class='ocr_carea' id='block_1_43' title="bbox 141 4147 1776 4220">
    <p class='ocr_par' dir='ltr' id='par_1_43' title="bbox 141 4147 1776 4220">
     <span class='ocr_line' id='line_1_43' title="bbox 141 4147 1776 4220; baseline 0.004 -21"><span class='ocrx_word' id='word_1_326' title='bbox 141 4151 266 4218; x_wconf 88' lang='lat' dir='ltr'>tum,</span> <span class='ocrx_word' id='word_1_327' title='bbox 297 4149 442 4219; x_wconf 90' lang='lat' dir='ltr'>quia</span> <span class='ocrx_word' id='word_1_328' title='bbox 474 4147 876 4220; x_wconf 86' lang='lat' dir='ltr'>generationes</span> <span class='ocrx_word' id='word_1_329' title='bbox 905 4147 1050 4203; x_wconf 89' lang='lat' dir='ltr'>alias</span> <span class='ocrx_word' id='word_1_330' title='bbox 1071 4147 1399 4216; x_wconf 77' lang='lat' dir='ltr'>Mattheeus,</span> <span class='ocrx_word' id='word_1_331' title='bbox 1423 4148 1566 4204; x_wconf 87' lang='lat' dir='ltr'>alias</span> <span class='ocrx_word' id='word_1_332' title='bbox 1592 4151 1776 4205; x_wconf 87' lang='lat' dir='ltr'>Lucas</span> 
     </span>
    </p>
   </div>
   <div class='ocr_carea' id='block_1_44' title="bbox 140 4236 1777 4308">
    <p class='ocr_par' dir='ltr' id='par_1_44' title="bbox 140 4236 1777 4308">
     <span class='ocr_line' id='line_1_44' title="bbox 140 4236 1777 4308; baseline 0.003 -19"><span class='ocrx_word' id='word_1_333' title='bbox 140 4239 486 4308; x_wconf 78' lang='lat' dir='ltr'>exsequitur,</span> <span class='ocrx_word' id='word_1_334' title='bbox 523 4237 676 4291; x_wconf 85' lang='lat' dir='ltr'>unde</span> <span class='ocrx_word' id='word_1_335' title='bbox 708 4236 979 4292; x_wconf 90' lang='lat' dir='ltr'>videntur</span> <span class='ocrx_word' id='word_1_336' title='bbox 1010 4254 1123 4292; x_wconf 91' lang='lat' dir='ltr'>non</span> <span class='ocrx_word' id='word_1_337' title='bbox 1159 4238 1267 4292; x_wconf 90' lang='lat' dir='ltr'>sibi</span> <span class='ocrx_word' id='word_1_338' title='bbox 1294 4238 1597 4294; x_wconf 89' lang='lat' dir='ltr'>convenire</span> <span class='ocrx_word' id='word_1_339' title='bbox 1618 4238 1645 4292; x_wconf 70' lang='lat'>‘2</span> <span class='ocrx_word' id='word_1_340' title='bbox 1668 4239 1777 4294; x_wconf 88' lang='lat' dir='ltr'>Sed</span> 
     </span>
    </p>
   </div>
   <div class='ocr_carea' id='block_1_45' title="bbox 140 4325 1777 4398">
    <p class='ocr_par' dir='ltr' id='par_1_45' title="bbox 140 4325 1777 4398">
     <span class='ocr_line' id='line_1_45' title="bbox 140 4325 1777 4398; baseline 0.003 -21"><span class='ocrx_word' id='word_1_341' title='bbox 140 4325 199 4379; x_wconf 91' lang='lat' dir='ltr'>da</span> <span class='ocrx_word' id='word_1_342' title='bbox 226 4325 529 4382; x_wconf 87' lang='lat' dir='ltr'>hominem</span> <span class='ocrx_word' id='word_1_343' title='bbox 583 4326 683 4397; x_wconf 90' lang='lat' dir='ltr'>qui</span> <span class='ocrx_word' id='word_1_344' title='bbox 741 4343 852 4380; x_wconf 91' lang='lat' dir='ltr'>non</span> <span class='ocrx_word' id='word_1_345' title='bbox 902 4326 1207 4398; x_wconf 89' lang='lat' dir='ltr'>intelligat,</span> <span class='ocrx_word' id='word_1_346' title='bbox 1254 4327 1481 4398; x_wconf 87' lang='lat' dir='ltr'>putabit</span> <span class='ocrx_word' id='word_1_347' title='bbox 1511 4327 1682 4381; x_wconf 88' lang='lat' dir='ltr'>etiam</span> <span class='ocrx_word' id='word_1_348' title='bbox 1717 4328 1777 4382; x_wconf 91' lang='lat' dir='ltr'>in</span> 
     </span>
    </p>
   </div>
   <div class='ocr_carea' id='block_1_46' title="bbox 140 4414 1776 4487">
    <p class='ocr_par' dir='ltr' id='par_1_46' title="bbox 140 4414 1776 4487">
     <span class='ocr_line' id='line_1_46' title="bbox 140 4414 1776 4487; baseline 0.002 -20"><span class='ocrx_word' id='word_1_349' title='bbox 140 4414 318 4470; x_wconf 90' lang='lat' dir='ltr'>multis</span> <span class='ocrx_word' id='word_1_350' title='bbox 349 4432 486 4487; x_wconf 73' lang='lat' dir='ltr'>quae</span> <span class='ocrx_word' id='word_1_351' title='bbox 516 4415 586 4469; x_wconf 89' lang='lat' dir='ltr'>ad</span> <span class='ocrx_word' id='word_1_352' title='bbox 620 4415 829 4470; x_wconf 89' lang='lat' dir='ltr'>Christi</span> <span class='ocrx_word' id='word_1_353' title='bbox 865 4416 1205 4486; x_wconf 90' lang='lat' dir='ltr'>passionem</span> <span class='ocrx_word' id='word_1_354' title='bbox 1243 4415 1555 4486; x_wconf 89' lang='lat' dir='ltr'>pertinent,</span> <span class='ocrx_word' id='word_1_355' title='bbox 1593 4420 1776 4471; x_wconf 81' lang='lat' dir='ltr'>Evan-</span> 
     </span>
    </p>
   </div>
   <div class='ocr_carea' id='block_1_47' title="bbox 139 4503 1776 4575">
    <p class='ocr_par' dir='ltr' id='par_1_47' title="bbox 139 4503 1776 4575">
     <span class='ocr_line' id='line_1_47' title="bbox 139 4503 1776 4575; baseline 0.002 -18"><span class='ocrx_word' id='word_1_356' title='bbox 139 4503 357 4573; x_wconf 85' lang='lat' dir='ltr'>gelistas</span> <span class='ocrx_word' id='word_1_357' title='bbox 390 4505 510 4561; x_wconf 89' lang='lat' dir='ltr'>sibi</span> <span class='ocrx_word' id='word_1_358' title='bbox 543 4521 656 4558; x_wconf 89' lang='lat' dir='ltr'>non</span> <span class='ocrx_word' id='word_1_359' title='bbox 691 4505 1030 4562; x_wconf 90' lang='lat' dir='ltr'>convenire:</span> <span class='ocrx_word' id='word_1_360' title='bbox 1065 4505 1139 4558; x_wconf 89' lang='lat' dir='ltr'>da</span> <span class='ocrx_word' id='word_1_361' title='bbox 1171 4521 1303 4558; x_wconf 91' lang='lat' dir='ltr'>vero</span> <span class='ocrx_word' id='word_1_362' title='bbox 1337 4505 1435 4575; x_wconf 91' lang='lat' dir='ltr'>qui</span> <span class='ocrx_word' id='word_1_363' title='bbox 1469 4505 1776 4575; x_wconf 86' lang='lat' dir='ltr'>intelligat,</span> 
     </span>
    </p>
   </div>
   <div class='ocr_carea' id='block_1_48' title="bbox 139 4593 1779 4666">
    <p class='ocr_par' dir='ltr' id='par_1_48' title="bbox 139 4593 1779 4666">
     <span class='ocr_line' id='line_1_48' title="bbox 139 4593 1779 4666; baseline 0.004 -22"><span class='ocrx_word' id='word_1_364' title='bbox 139 4598 183 4645; x_wconf 88' lang='lat' dir='ltr'>et</span> <span class='ocrx_word' id='word_1_365' title='bbox 211 4596 426 4666; x_wconf 89' lang='lat' dir='ltr'>ubique</span> <span class='ocrx_word' id='word_1_366' title='bbox 481 4594 852 4649; x_wconf 89' lang='lat' dir='ltr'>conveniunt.</span> <span class='ocrx_word' id='word_1_367' title='bbox 902 4596 988 4648; x_wconf 85' lang='lat' dir='ltr'>An</span> <span class='ocrx_word' id='word_1_368' title='bbox 1040 4593 1178 4664; x_wconf 89' lang='lat' dir='ltr'>quia</span> <span class='ocrx_word' id='word_1_369' title='bbox 1219 4598 1467 4647; x_wconf 88' lang='lat' dir='ltr'>mortem</span> <span class='ocrx_word' id='word_1_370' title='bbox 1500 4593 1779 4650; x_wconf 91' lang='lat' dir='ltr'>simulare</span> 
     </span>
    </p>
   </div>
   <div class='ocr_carea' id='block_1_49' title="bbox 141 4678 1781 4749">
    <p class='ocr_par' dir='ltr' id='par_1_49' title="bbox 141 4678 1781 4749">
     <span class='ocr_line' id='line_1_49' title="bbox 141 4678 1781 4749; baseline 0.003 -15"><span class='ocrx_word' id='word_1_371' title='bbox 141 4678 441 4739; x_wconf 86' lang='lat' dir='ltr'>honestum</span> <span class='ocrx_word' id='word_1_372' title='bbox 476 4687 584 4749; x_wconf 89' lang='lat' dir='ltr'>est,</span> <span class='ocrx_word' id='word_1_373' title='bbox 621 4682 983 4738; x_wconf 88' lang='lat' dir='ltr'>nativitatem</span> <span class='ocrx_word' id='word_1_374' title='bbox 1030 4687 1225 4737; x_wconf 90' lang='lat' dir='ltr'>autem</span> <span class='ocrx_word' id='word_1_375' title='bbox 1266 4681 1445 4738; x_wconf 86' lang='lat' dir='ltr'>etiam</span> <span class='ocrx_word' id='word_1_376' title='bbox 1503 4682 1781 4739; x_wconf 89' lang='lat' dir='ltr'>simulare</span> 
     </span>
    </p>
   </div>
   <div class='ocr_carea' id='block_1_50' title="bbox 193 4805 1778 4869">
    <p class='ocr_par' dir='ltr' id='par_1_50' title="bbox 193 4805 1778 4869">
     <span class='ocr_line' id='line_1_50' title="bbox 193 4805 1778 4869; baseline 0.001 -15"><span class='ocrx_word' id='word_1_377' title='bbox 193 4808 218 4869; x_wconf 17' lang='lat'><em>‘7</em></span> <span class='ocrx_word' id='word_1_378' title='bbox 241 4805 322 4854; x_wconf 85' lang='lat' dir='ltr'>Sic</span> <span class='ocrx_word' id='word_1_379' title='bbox 352 4808 478 4856; x_wconf 84' lang='lat' dir='ltr'>Am.</span> <span class='ocrx_word' id='word_1_380' title='bbox 507 4807 590 4855; x_wconf 86' lang='lat' dir='ltr'>Er.</span> <span class='ocrx_word' id='word_1_381' title='bbox 625 4811 676 4856; x_wconf 90' lang='lat' dir='ltr'>et</span> <span class='ocrx_word' id='word_1_382' title='bbox 707 4807 885 4868; x_wconf 87' lang='lat' dir='ltr'>plures</span> <span class='ocrx_word' id='word_1_383' title='bbox 915 4810 1055 4855; x_wconf 70' lang='lat' dir='ltr'>notae</span> <span class='ocrx_word' id='word_1_384' title='bbox 1077 4807 1201 4855; x_wconf 87' lang='lat' dir='ltr'>Mss.</span> <span class='ocrx_word' id='word_1_385' title='bbox 1230 4806 1307 4854; x_wconf 81' lang='lat' dir='ltr'>Ab</span> <span class='ocrx_word' id='word_1_386' title='bbox 1329 4806 1411 4855; x_wconf 86' lang='lat' dir='ltr'>his</span> <span class='ocrx_word' id='word_1_387' title='bbox 1447 4807 1669 4869; x_wconf 89' lang='lat' dir='ltr'>propius</span> <span class='ocrx_word' id='word_1_388' title='bbox 1693 4821 1778 4857; x_wconf 85' lang='lat' dir='ltr'>re-</span> 
     </span>
    </p>
   </div>
   <div class='ocr_carea' id='block_1_51' title="bbox 143 4868 1780 4943">
    <p class='ocr_par' dir='ltr' id='par_1_51' title="bbox 143 4868 1780 4943">
     <span class='ocr_line' id='line_1_51' title="bbox 143 4868 1780 4943; baseline 0.003 -30"><span class='ocrx_word' id='word_1_389' title='bbox 143 4868 325 4917; x_wconf 83' lang='lat' dir='ltr'>cedunt</span> <span class='ocrx_word' id='word_1_390' title='bbox 351 4873 605 4943; x_wconf 59' lang='lat' dir='ltr'>quatuor</span> <span class='ocrx_word' id='word_1_391' title='bbox 661 4870 919 4943; x_wconf 74' lang='lat' dir='ltr'>Vaticani,</span> <span class='ocrx_word' id='word_1_392' title='bbox 979 4870 1068 4943; x_wconf 72' lang='lat' dir='ltr'>qui</span> <span class='ocrx_word' id='word_1_393' title='bbox 1125 4869 1340 4943; x_wconf 67' lang='lat' dir='ltr'>habent,</span> <span class='ocrx_word' id='word_1_394' title='bbox 1365 4869 1429 4943; x_wconf 55' lang='grc' dir='ltr'>ξε</span> <span class='ocrx_word' id='word_1_395' title='bbox 1446 4868 1780 4943; x_wconf 63' lang='lat' dir='ltr'>auctoritatis</span> 
     </span>
    </p>
   </div>
   <div class='ocr_carea' id='block_1_52' title="bbox 142 4930 1784 5058">
    <p class='ocr_par' dir='ltr' id='par_1_52' title="bbox 142 4930 1784 5058">
     <span class='ocr_line' id='line_1_52' title="bbox 142 4930 1781 5004; baseline 0.005 -31"><span class='ocrx_word' id='word_1_396' title='bbox 142 4930 436 5004; x_wconf 62' lang='lat' dir='ltr'>euangelica</span> <span class='ocrx_word' id='word_1_397' title='bbox 462 4933 691 5004; x_wconf 69' lang='lat' dir='ltr'>pondera</span> <span class='ocrx_word' id='word_1_398' title='bbox 748 4930 1094 5002; x_wconf 41' lang='lat' dir='ltr'>Habuerunt.</span> <span class='ocrx_word' id='word_1_399' title='bbox 1138 4933 1196 5003; x_wconf 72' lang='lat' dir='ltr'>lu</span> <span class='ocrx_word' id='word_1_400' title='bbox 1233 4931 1334 4980; x_wconf 88' lang='lat' dir='ltr'>alio</span> <span class='ocrx_word' id='word_1_401' title='bbox 1365 4933 1617 4981; x_wconf 83' lang='lat' dir='ltr'>Vaticano</span> <span class='ocrx_word' id='word_1_402' title='bbox 1649 4936 1701 4981; x_wconf 81' lang='lat' dir='ltr'>et</span> <span class='ocrx_word' id='word_1_403' title='bbox 1729 4934 1781 4982; x_wconf 87' lang='lat' dir='ltr'>in</span> 
     </span>
     <span class='ocr_line' id='line_1_53' title="bbox 143 4990 1784 5058; baseline 0.004 -20"><span class='ocrx_word' id='word_1_404' title='bbox 143 4990 478 5058; x_wconf 74' lang='lat' dir='ltr'>CisterCIensi</span> <span class='ocrx_word' id='word_1_405' title='bbox 511 4994 733 5058; x_wconf 82' lang='lat' dir='ltr'>legitur:</span> <span class='ocrx_word' id='word_1_406' title='bbox 766 4994 870 5058; x_wconf 88' lang='lat' dir='ltr'>Sed</span> <span class='ocrx_word' id='word_1_407' title='bbox 898 4994 1555 5058; x_wconf 10' lang='lat' dir='ltr'>auctomtatisrevangelicx</span> <span class='ocrx_word' id='word_1_408' title='bbox 1580 5009 1784 5058; x_wconf 75' lang='lat' dir='ltr'>ponere</span> 
     </span>
    </p>
   </div>
   <div class='ocr_carea' id='block_1_53' title="bbox 135 5057 1786 5114">
    <p class='ocr_par' dir='ltr' id='par_1_53' title="bbox 135 5057 1786 5114">
     <span class='ocr_line' id='line_1_54' title="bbox 135 5057 1786 5114; baseline 0.004 -14"><span class='ocrx_word' id='word_1_409' title='bbox 135 5058 291 5114; x_wconf 85' lang='lat' dir='ltr'>premi</span> <span class='ocrx_word' id='word_1_410' title='bbox 324 5057 661 5105; x_wconf 74' lang='lat' dir='ltr'>erubuemnt.</span> <span class='ocrx_word' id='word_1_411' title='bbox 695 5057 754 5104; x_wconf 92' lang='lat' dir='ltr'>ln</span> <span class='ocrx_word' id='word_1_412' title='bbox 785 5057 1017 5105; x_wconf 89' lang='lat' dir='ltr'>editione</span> <span class='ocrx_word' id='word_1_413' title='bbox 1049 5057 1495 5107; x_wconf 86' lang='lat' dir='ltr'>Lovaniensium:</span> <span class='ocrx_word' id='word_1_414' title='bbox 1529 5057 1587 5106; x_wconf 84' lang='lat' dir='ltr'>Si</span> <span class='ocrx_word' id='word_1_415' title='bbox 1599 5057 1786 5107; x_wconf 78' lang='lat' dir='ltr'>aucto-</span> 
     </span>
    </p>
   </div>
   <div class='ocr_carea' id='block_1_54' title="bbox 136 5117 1318 5183">
    <p class='ocr_par' dir='ltr' id='par_1_54' title="bbox 136 5117 1318 5183">
     <span class='ocr_line' id='line_1_55' title="bbox 136 5117 1318 5183; baseline 0.005 -21"><span class='ocrx_word' id='word_1_416' title='bbox 136 5119 272 5167; x_wconf 78' lang='lat' dir='ltr'>ritati</span> <span class='ocrx_word' id='word_1_417' title='bbox 299 5117 613 5183; x_wconf 72' lang='lat' dir='ltr'>evangelicae</span> <span class='ocrx_word' id='word_1_418' title='bbox 651 5119 960 5183; x_wconf 79' lang='lat' dir='ltr'>respondere</span> <span class='ocrx_word' id='word_1_419' title='bbox 990 5118 1318 5168; x_wconf 79' lang='lat' dir='ltr'>erubuerunt.</span> 
     </span>
    </p>
   </div>
   <div class='ocr_carea' id='block_1_55' title="bbox 1436 364 2210 426">
    <p class='ocr_par' dir='ltr' id='par_1_55' title="bbox 1436 364 2210 426">
     <span class='ocr_line' id='line_1_56' title="bbox 1436 364 2210 426; baseline -0.003 0"><span class='ocrx_word' id='word_1_420' title='bbox 1436 364 1666 426; x_wconf 77' lang='lat' dir='ltr'>LIBER</span> <span class='ocrx_word' id='word_1_421' title='bbox 1709 364 2210 426; x_wconf 79' lang='lat' dir='ltr'>TBIGESIMUS.</span> 
     </span>
    </p>
   </div>
   <div class='ocr_carea' id='block_1_56' title="bbox 3415 369 3535 431">
    <p class='ocr_par' dir='ltr' id='par_1_56' title="bbox 3415 369 3535 431">
     <span class='ocr_line' id='line_1_57' title="bbox 3415 369 3535 431; baseline 0.025 -3"><span class='ocrx_word' id='word_1_422' title='bbox 3415 369 3535 431; x_wconf 76' lang='lat'>490</span> 
     </span>
    </p>
   </div>
   <div class='ocr_carea' id='block_1_57' title="bbox 1887 499 3533 574">
    <p class='ocr_par' dir='ltr' id='par_1_57' title="bbox 1887 499 3533 574">
     <span class='ocr_line' id='line_1_58' title="bbox 1887 499 3533 574; baseline 0.002 -21"><span class='ocrx_word' id='word_1_423' title='bbox 1887 502 2053 569; x_wconf 90' lang='lat' dir='ltr'>turpe</span> <span class='ocrx_word' id='word_1_424' title='bbox 2085 503 2172 554; x_wconf 92' lang='lat' dir='ltr'>est</span> <span class='ocrx_word' id='word_1_425' title='bbox 2196 500 2223 553; x_wconf 74' lang='lat' dir='ltr'>‘I</span> <span class='ocrx_word' id='word_1_426' title='bbox 2252 499 2368 554; x_wconf 93' lang='lat' dir='ltr'>Cur</span> <span class='ocrx_word' id='word_1_427' title='bbox 2396 516 2530 571; x_wconf 89' lang='lat' dir='ltr'>ergo</span> <span class='ocrx_word' id='word_1_428' title='bbox 2563 516 2667 554; x_wconf 92' lang='lat' dir='ltr'>nos</span> <span class='ocrx_word' id='word_1_429' title='bbox 2690 499 2956 554; x_wconf 89' lang='lat' dir='ltr'>hortatur</span> <span class='ocrx_word' id='word_1_430' title='bbox 2975 499 3084 554; x_wconf 88' lang='lat' dir='ltr'>hoc</span> <span class='ocrx_word' id='word_1_431' title='bbox 3106 501 3389 563; x_wconf 82' lang='lat' dir='ltr'>conﬁteri.</span> <span class='ocrx_word' id='word_1_432' title='bbox 3418 519 3533 574; x_wconf 91' lang='lat' dir='ltr'>quo</span> 
     </span>
    </p>
   </div>
   <div class='ocr_carea' id='block_1_58' title="bbox 1884 587 3536 662">
    <p class='ocr_par' dir='ltr' id='par_1_58' title="bbox 1884 587 3536 662">
     <span class='ocr_line' id='line_1_59' title="bbox 1884 587 3536 662; baseline 0.002 -21"><span class='ocrx_word' id='word_1_433' title='bbox 1884 587 2071 658; x_wconf 91' lang='lat' dir='ltr'>possit</span> <span class='ocrx_word' id='word_1_434' title='bbox 2105 592 2308 643; x_wconf 89' lang='lat' dir='ltr'>nostra</span> <span class='ocrx_word' id='word_1_435' title='bbox 2339 588 2631 643; x_wconf 88' lang='lat' dir='ltr'>contentio</span> <span class='ocrx_word' id='word_1_436' title='bbox 2665 588 2956 660; x_wconf 83' lang='lat' dir='ltr'>profligari</span> <span class='ocrx_word' id='word_1_437' title='bbox 2981 590 3008 643; x_wconf 81' lang='lat'>‘?</span> <span class='ocrx_word' id='word_1_438' title='bbox 3038 589 3202 644; x_wconf 90' lang='lat' dir='ltr'>Unde</span> <span class='ocrx_word' id='word_1_439' title='bbox 3232 607 3368 662; x_wconf 90' lang='lat' dir='ltr'>ergo</span> <span class='ocrx_word' id='word_1_440' title='bbox 3391 591 3536 646; x_wconf 89' lang='lat' dir='ltr'>mihi</span> 
     </span>
    </p>
   </div>
   <div class='ocr_carea' id='block_1_59' title="bbox 1881 676 3534 747">
    <p class='ocr_par' dir='ltr' id='par_1_59' title="bbox 1881 676 3534 747">
     <span class='ocr_line' id='line_1_60' title="bbox 1881 676 3534 747; baseline 0.003 -17"><span class='ocrx_word' id='word_1_441' title='bbox 1881 676 2149 732; x_wconf 89' lang='lat' dir='ltr'>videatur</span> <span class='ocrx_word' id='word_1_442' title='bbox 2176 676 2536 732; x_wconf 90' lang='lat' dir='ltr'>nativitatem</span> <span class='ocrx_word' id='word_1_443' title='bbox 2571 676 2803 747; x_wconf 89' lang='lat' dir='ltr'>Christi,</span> <span class='ocrx_word' id='word_1_444' title='bbox 2838 694 2941 732; x_wconf 90' lang='lat' dir='ltr'>nec</span> <span class='ocrx_word' id='word_1_445' title='bbox 2965 677 3170 733; x_wconf 85' lang='lat' dir='ltr'>saltem</span> <span class='ocrx_word' id='word_1_446' title='bbox 3195 679 3348 734; x_wconf 90' lang='lat' dir='ltr'>sicut</span> <span class='ocrx_word' id='word_1_447' title='bbox 3373 697 3534 735; x_wconf 88' lang='lat' dir='ltr'>mor-</span> 
     </span>
    </p>
   </div>
   <div class='ocr_carea' id='block_1_60' title="bbox 1881 765 3534 838">
    <p class='ocr_par' dir='ltr' id='par_1_60' title="bbox 1881 765 3534 838">
     <span class='ocr_line' id='line_1_61' title="bbox 1881 765 3534 838; baseline 0.004 -20"><span class='ocrx_word' id='word_1_448' title='bbox 1881 768 1997 819; x_wconf 91' lang='lat' dir='ltr'>tem</span> <span class='ocrx_word' id='word_1_449' title='bbox 2030 765 2390 835; x_wconf 90' lang='lat' dir='ltr'>simulatam,</span> <span class='ocrx_word' id='word_1_450' title='bbox 2421 767 2520 821; x_wconf 90' lang='lat' dir='ltr'>sed</span> <span class='ocrx_word' id='word_1_451' title='bbox 2555 783 2798 837; x_wconf 89' lang='lat' dir='ltr'>prorsus</span> <span class='ocrx_word' id='word_1_452' title='bbox 2831 766 3053 822; x_wconf 90' lang='lat' dir='ltr'>nullam</span> <span class='ocrx_word' id='word_1_453' title='bbox 3095 768 3406 838; x_wconf 69' lang='lat' dir='ltr'>praedicare</span> <span class='ocrx_word' id='word_1_454' title='bbox 3437 785 3534 824; x_wconf 92' lang='lat' dir='ltr'>vo-</span> 
     </span>
    </p>
   </div>
   <div class='ocr_carea' id='block_1_61' title="bbox 1881 853 3533 928">
    <p class='ocr_par' dir='ltr' id='par_1_61' title="bbox 1881 853 3533 928">
     <span class='ocr_line' id='line_1_62' title="bbox 1881 853 3533 928; baseline 0.002 -20"><span class='ocrx_word' id='word_1_455' title='bbox 1881 853 2084 921; x_wconf 87' lang='lat' dir='ltr'>luisse,</span> <span class='ocrx_word' id='word_1_456' title='bbox 2119 854 2177 909; x_wconf 92' lang='lat' dir='ltr'>in</span> <span class='ocrx_word' id='word_1_457' title='bbox 2232 855 2496 925; x_wconf 87' lang='lat' dir='ltr'>sequenti</span> <span class='ocrx_word' id='word_1_458' title='bbox 2552 871 2820 911; x_wconf 91' lang='lat' dir='ltr'>sermone</span> <span class='ocrx_word' id='word_1_459' title='bbox 2871 857 3191 928; x_wconf 88' lang='lat' dir='ltr'>apparebit,</span> <span class='ocrx_word' id='word_1_460' title='bbox 3234 857 3335 912; x_wconf 91' lang='lat' dir='ltr'>ubi</span> <span class='ocrx_word' id='word_1_461' title='bbox 3365 857 3533 914; x_wconf 90' lang='lat' dir='ltr'>alteri</span> 
     </span>
    </p>
   </div>
   <div class='ocr_carea' id='block_1_62' title="bbox 1880 944 2734 1016">
    <p class='ocr_par' dir='ltr' id='par_1_62' title="bbox 1880 944 2734 1016">
     <span class='ocr_line' id='line_1_63' title="bbox 1880 944 2734 1016; baseline 0.001 -18"><span class='ocrx_word' id='word_1_462' title='bbox 1880 944 2375 1014; x_wconf 90' lang='lat' dir='ltr'>respondebimus</span> <span class='ocrx_word' id='word_1_463' title='bbox 2406 944 2734 1016; x_wconf 75' lang='lat' dir='ltr'>quaestioni.</span> 
     </span>
    </p>
   </div>
   <div class='ocr_carea' id='block_1_63' title="bbox 1952 1031 3531 1092">
    <p class='ocr_par' dir='ltr' id='par_1_63' title="bbox 1952 1031 3531 1092">
     <span class='ocr_line' id='line_1_64' title="bbox 1952 1031 3531 1092; baseline 0.003 -6"><span class='ocrx_word' id='word_1_464' title='bbox 1952 1031 2186 1088; x_wconf 86' lang='lat' dir='ltr'>CAPUT</span> <span class='ocrx_word' id='word_1_465' title='bbox 2208 1033 2300 1088; x_wconf 90' lang='lat' dir='ltr'>IV.</span> <span class='ocrx_word' id='word_1_466' title='bbox 2327 1065 2394 1073; x_wconf 90' lang='lat'><strong><em>—</em></strong></span> <span class='ocrx_word' id='word_1_467' title='bbox 2418 1032 2587 1089; x_wconf 84' lang='lat' dir='ltr'>Absit</span> <span class='ocrx_word' id='word_1_468' title='bbox 2615 1039 2809 1088; x_wconf 87' lang='lat' dir='ltr'>autem</span> <span class='ocrx_word' id='word_1_469' title='bbox 2836 1037 2901 1087; x_wconf 93' lang='lat' dir='ltr'>ut</span> <span class='ocrx_word' id='word_1_470' title='bbox 2921 1034 2996 1088; x_wconf 92' lang='lat' dir='ltr'>sit</span> <span class='ocrx_word' id='word_1_471' title='bbox 3016 1034 3073 1088; x_wconf 89' lang='lat' dir='ltr'>in</span> <span class='ocrx_word' id='word_1_472' title='bbox 3099 1035 3380 1092; x_wconf 88' lang='lat' dir='ltr'>membris</span> <span class='ocrx_word' id='word_1_473' title='bbox 3403 1053 3531 1092; x_wconf 88' lang='lat' dir='ltr'>san-</span> 
     </span>
    </p>
   </div>
   <div class='ocr_carea' id='block_1_64' title="bbox 1881 1121 3533 1194">
    <p class='ocr_par' dir='ltr' id='par_1_64' title="bbox 1881 1121 3533 1194">
     <span class='ocr_line' id='line_1_65' title="bbox 1881 1121 3533 1194; baseline 0.004 -19"><span class='ocrx_word' id='word_1_474' title='bbox 1881 1124 2108 1176; x_wconf 91' lang='lat' dir='ltr'>ctorum</span> <span class='ocrx_word' id='word_1_475' title='bbox 2124 1123 2298 1176; x_wconf 89' lang='lat' dir='ltr'>etiam</span> <span class='ocrx_word' id='word_1_476' title='bbox 2317 1121 2669 1193; x_wconf 88' lang='lat' dir='ltr'>genitalibus</span> <span class='ocrx_word' id='word_1_477' title='bbox 2693 1121 2890 1193; x_wconf 88' lang='lat' dir='ltr'>aliqua</span> <span class='ocrx_word' id='word_1_478' title='bbox 2908 1123 3226 1194; x_wconf 89' lang='lat' dir='ltr'>turpitudo.</span> <span class='ocrx_word' id='word_1_479' title='bbox 3250 1123 3533 1180; x_wconf 88' lang='lat' dir='ltr'>Dicuntur</span> 
     </span>
    </p>
   </div>
   <div class='ocr_carea' id='block_1_65' title="bbox 1881 1210 3529 1283">
    <p class='ocr_par' dir='ltr' id='par_1_65' title="bbox 1881 1210 3529 1283">
     <span class='ocr_line' id='line_1_66' title="bbox 1881 1210 3529 1283; baseline 0.002 -19"><span class='ocrx_word' id='word_1_480' title='bbox 1881 1211 2118 1281; x_wconf 91' lang='lat' dir='ltr'>quidem</span> <span class='ocrx_word' id='word_1_481' title='bbox 2142 1211 2472 1280; x_wconf 89' lang='lat' dir='ltr'>inhonesta,</span> <span class='ocrx_word' id='word_1_482' title='bbox 2499 1211 2766 1283; x_wconf 90' lang='lat' dir='ltr'>quianon</span> <span class='ocrx_word' id='word_1_483' title='bbox 2786 1210 3002 1266; x_wconf 86' lang='lat' dir='ltr'>habent</span> <span class='ocrx_word' id='word_1_484' title='bbox 3018 1228 3145 1267; x_wconf 90' lang='lat' dir='ltr'>eam</span> <span class='ocrx_word' id='word_1_485' title='bbox 3166 1213 3415 1283; x_wconf 91' lang='lat' dir='ltr'>speciem</span> <span class='ocrx_word' id='word_1_486' title='bbox 3431 1214 3529 1268; x_wconf 86' lang='lat' dir='ltr'>de-</span> 
     </span>
    </p>
   </div>
   <div class='ocr_carea' id='block_1_66' title="bbox 1883 1299 3530 1374">
    <p class='ocr_par' dir='ltr' id='par_1_66' title="bbox 1883 1299 3530 1374">
     <span class='ocr_line' id='line_1_67' title="bbox 1883 1299 3530 1374; baseline 0.002 -20"><span class='ocrx_word' id='word_1_487' title='bbox 1883 1299 2057 1367; x_wconf 91' lang='lat' dir='ltr'>coris,</span> <span class='ocrx_word' id='word_1_488' title='bbox 2083 1315 2258 1370; x_wconf 91' lang='lat' dir='ltr'>quam</span> <span class='ocrx_word' id='word_1_489' title='bbox 2280 1301 2545 1355; x_wconf 92' lang='lat' dir='ltr'>membra</span> <span class='ocrx_word' id='word_1_490' title='bbox 2561 1317 2688 1373; x_wconf 67' lang='lat' dir='ltr'>quae</span> <span class='ocrx_word' id='word_1_491' title='bbox 2706 1301 2763 1355; x_wconf 89' lang='lat' dir='ltr'>in</span> <span class='ocrx_word' id='word_1_492' title='bbox 2783 1305 3056 1372; x_wconf 88' lang='lat' dir='ltr'>promptu</span> <span class='ocrx_word' id='word_1_493' title='bbox 3075 1300 3259 1357; x_wconf 89' lang='lat' dir='ltr'>locata</span> <span class='ocrx_word' id='word_1_494' title='bbox 3277 1306 3415 1356; x_wconf 88' lang='lat' dir='ltr'>sunt</span> <span class='ocrx_word' id='word_1_495' title='bbox 3429 1301 3530 1374; x_wconf 89' lang='lat' dir='ltr'>(a).</span> 
     </span>
    </p>
   </div>
   <div class='ocr_carea' id='block_1_67' title="bbox 1878 1389 3531 1462">
    <p class='ocr_par' dir='ltr' id='par_1_67' title="bbox 1878 1389 3531 1462">
     <span class='ocr_line' id='line_1_68' title="bbox 1878 1389 3531 1462; baseline 0.002 -19"><span class='ocrx_word' id='word_1_496' title='bbox 1878 1389 1986 1444; x_wconf 90' lang='lat' dir='ltr'>Sed</span> <span class='ocrx_word' id='word_1_497' title='bbox 2010 1389 2197 1444; x_wconf 90' lang='lat' dir='ltr'>videte</span> <span class='ocrx_word' id='word_1_498' title='bbox 2218 1390 2359 1460; x_wconf 92' lang='lat' dir='ltr'>quid</span> <span class='ocrx_word' id='word_1_499' title='bbox 2382 1390 2540 1444; x_wconf 91' lang='lat' dir='ltr'>dicat</span> <span class='ocrx_word' id='word_1_500' title='bbox 2560 1389 2894 1462; x_wconf 88' lang='lat' dir='ltr'>Apostolus,</span> <span class='ocrx_word' id='word_1_501' title='bbox 2920 1406 3054 1445; x_wconf 91' lang='lat' dir='ltr'>cum</span> <span class='ocrx_word' id='word_1_502' title='bbox 3085 1405 3151 1444; x_wconf 84' lang='lat' dir='ltr'>ex</span> <span class='ocrx_word' id='word_1_503' title='bbox 3184 1390 3312 1462; x_wconf 89' lang='lat' dir='ltr'>ipsa</span> <span class='ocrx_word' id='word_1_504' title='bbox 3342 1407 3531 1446; x_wconf 86' lang='lat' dir='ltr'>mem-</span> 
     </span>
    </p>
   </div>
   <div class='ocr_carea' id='block_1_68' title="bbox 1880 1477 3536 1550">
    <p class='ocr_par' dir='ltr' id='par_1_68' title="bbox 1880 1477 3536 1550">
     <span class='ocr_line' id='line_1_69' title="bbox 1880 1477 3536 1550; baseline 0 -17"><span class='ocrx_word' id='word_1_505' title='bbox 1880 1477 2119 1534; x_wconf 89' lang='lat' dir='ltr'>brorum</span> <span class='ocrx_word' id='word_1_506' title='bbox 2144 1479 2407 1550; x_wconf 92' lang='lat' dir='ltr'>corporis</span> <span class='ocrx_word' id='word_1_507' title='bbox 2432 1479 2616 1534; x_wconf 90' lang='lat' dir='ltr'>nostri</span> <span class='ocrx_word' id='word_1_508' title='bbox 2637 1479 2859 1534; x_wconf 90' lang='lat' dir='ltr'>unitate</span> <span class='ocrx_word' id='word_1_509' title='bbox 2879 1483 3054 1550; x_wconf 90' lang='lat' dir='ltr'>atque</span> <span class='ocrx_word' id='word_1_510' title='bbox 3069 1494 3349 1550; x_wconf 86' lang='lat' dir='ltr'>compage</span> <span class='ocrx_word' id='word_1_511' title='bbox 3367 1478 3536 1535; x_wconf 89' lang='lat' dir='ltr'>clari-</span> 
     </span>
    </p>
   </div>
   <div class='ocr_carea' id='block_1_69' title="bbox 1882 1567 3536 1639">
    <p class='ocr_par' dir='ltr' id='par_1_69' title="bbox 1882 1567 3536 1639">
     <span class='ocr_line' id='line_1_70' title="bbox 1882 1567 3536 1639; baseline 0.002 -18"><span class='ocrx_word' id='word_1_512' title='bbox 1882 1571 2062 1622; x_wconf 89' lang='lat' dir='ltr'>tatem</span> <span class='ocrx_word' id='word_1_513' title='bbox 2089 1569 2399 1638; x_wconf 91' lang='lat' dir='ltr'>persuadet</span> <span class='ocrx_word' id='word_1_514' title='bbox 2419 1567 2710 1639; x_wconf 75' lang='lat' dir='ltr'>Ecclesiae,</span> <span class='ocrx_word' id='word_1_515' title='bbox 2741 1569 2907 1624; x_wconf 79' lang='lat' dir='ltr'>Multo</span> <span class='ocrx_word' id='word_1_516' title='bbox 2938 1570 3132 1639; x_wconf 86' lang='lat' dir='ltr'>magis,</span> <span class='ocrx_word' id='word_1_517' title='bbox 3166 1568 3377 1639; x_wconf 90' lang='lat' dir='ltr'>inquit,</span> <span class='ocrx_word' id='word_1_518' title='bbox 3412 1582 3536 1638; x_wconf 70' lang='lat' dir='ltr'>quae</span> 
     </span>
    </p>
   </div>
   <div class='ocr_carea' id='block_1_70' title="bbox 1882 1655 3536 1728">
    <p class='ocr_par' dir='ltr' id='par_1_70' title="bbox 1882 1655 3536 1728">
     <span class='ocr_line' id='line_1_71' title="bbox 1882 1655 3536 1728; baseline 0.002 -18"><span class='ocrx_word' id='word_1_519' title='bbox 1882 1655 2138 1711; x_wconf 86' lang='lat' dir='ltr'>videntur</span> <span class='ocrx_word' id='word_1_520' title='bbox 2176 1658 2422 1712; x_wconf 89' lang='lat' dir='ltr'>membra</span> <span class='ocrx_word' id='word_1_521' title='bbox 2453 1659 2696 1728; x_wconf 84' lang='lat' dir='ltr'>corporis</span> <span class='ocrx_word' id='word_1_522' title='bbox 2731 1659 3042 1728; x_wconf 83' lang='lat' dir='ltr'>inﬁrmiora</span> <span class='ocrx_word' id='word_1_523' title='bbox 3063 1673 3197 1724; x_wconf 86' lang='lat' dir='ltr'>esse,</span> <span class='ocrx_word' id='word_1_524' title='bbox 3225 1660 3536 1713; x_wconf 83' lang='lat' dir='ltr'>necessaria</span> 
     </span>
    </p>
   </div>
   <div class='ocr_carea' id='block_1_71' title="bbox 1882 1745 3532 1817">
    <p class='ocr_par' dir='ltr' id='par_1_71' title="bbox 1882 1745 3532 1817">
     <span class='ocr_line' id='line_1_72' title="bbox 1882 1745 3532 1817; baseline 0.002 -19"><span class='ocrx_word' id='word_1_525' title='bbox 1882 1749 2007 1800; x_wconf 84' lang='lat' dir='ltr'>sunt</span> <span class='ocrx_word' id='word_1_526' title='bbox 2019 1762 2038 1805; x_wconf 90' lang='grc'><em>;</em></span> <span class='ocrx_word' id='word_1_527' title='bbox 2055 1750 2106 1800; x_wconf 86' lang='lat' dir='ltr'>et</span> <span class='ocrx_word' id='word_1_528' title='bbox 2125 1761 2247 1816; x_wconf 68' lang='lat' dir='ltr'>quae</span> <span class='ocrx_word' id='word_1_529' title='bbox 2265 1745 2517 1800; x_wconf 87' lang='lat' dir='ltr'>videntur</span> <span class='ocrx_word' id='word_1_530' title='bbox 2539 1747 2734 1801; x_wconf 80' lang='lat' dir='ltr'>viliora</span> <span class='ocrx_word' id='word_1_531' title='bbox 2756 1761 2868 1802; x_wconf 87' lang='lat' dir='ltr'>esse</span> <span class='ocrx_word' id='word_1_532' title='bbox 2879 1748 3137 1817; x_wconf 87' lang='lat' dir='ltr'>corporis,</span> <span class='ocrx_word' id='word_1_533' title='bbox 3160 1747 3231 1800; x_wconf 88' lang='lat' dir='ltr'>iis</span> <span class='ocrx_word' id='word_1_534' title='bbox 3245 1746 3532 1802; x_wconf 85' lang='lat' dir='ltr'>abundan-</span> 
     </span>
    </p>
   </div>
   <div class='ocr_carea' id='block_1_72' title="bbox 1884 1835 3533 1906">
    <p class='ocr_par' dir='ltr' id='par_1_72' title="bbox 1884 1835 3533 1906">
     <span class='ocr_line' id='line_1_73' title="bbox 1884 1835 3533 1906; baseline 0.002 -18"><span class='ocrx_word' id='word_1_535' title='bbox 1884 1835 2079 1889; x_wconf 87' lang='lat' dir='ltr'>tiorem</span> <span class='ocrx_word' id='word_1_536' title='bbox 2101 1835 2358 1890; x_wconf 84' lang='lat' dir='ltr'>honorem</span> <span class='ocrx_word' id='word_1_537' title='bbox 2381 1837 2876 1906; x_wconf 82' lang='lat' dir='ltr'>circumponimus:</span> <span class='ocrx_word' id='word_1_538' title='bbox 2902 1839 2952 1890; x_wconf 85' lang='lat' dir='ltr'>et</span> <span class='ocrx_word' id='word_1_539' title='bbox 2971 1850 3094 1906; x_wconf 58' lang='lat' dir='ltr'>qua:</span> <span class='ocrx_word' id='word_1_540' title='bbox 3108 1838 3393 1891; x_wconf 86' lang='lat' dir='ltr'>inhonesta</span> <span class='ocrx_word' id='word_1_541' title='bbox 3404 1845 3533 1891; x_wconf 83' lang='lat' dir='ltr'>sunt</span> 
     </span>
    </p>
   </div>
   <div class='ocr_carea' id='block_1_73' title="bbox 1882 1924 3529 1996">
    <p class='ocr_par' dir='ltr' id='par_1_73' title="bbox 1882 1924 3529 1996">
     <span class='ocr_line' id='line_1_74' title="bbox 1882 1924 3529 1996; baseline 0.001 -19"><span class='ocrx_word' id='word_1_542' title='bbox 1882 1928 2098 1991; x_wconf 84' lang='lat' dir='ltr'>nostra,</span> <span class='ocrx_word' id='word_1_543' title='bbox 2123 1924 2585 1980; x_wconf 74' lang='lat' dir='ltr'>abundantiorem</span> <span class='ocrx_word' id='word_1_544' title='bbox 2609 1925 2953 1980; x_wconf 76' lang='lat' dir='ltr'>honestatem</span> <span class='ocrx_word' id='word_1_545' title='bbox 2971 1925 3198 1980; x_wconf 84' lang='lat' dir='ltr'>habent:</span> <span class='ocrx_word' id='word_1_546' title='bbox 3212 1941 3339 1996; x_wconf 67' lang='lat' dir='ltr'>quae</span> <span class='ocrx_word' id='word_1_547' title='bbox 3351 1927 3529 1980; x_wconf 77' lang='lat' dir='ltr'>autem</span> 
     </span>
    </p>
   </div>
   <div class='ocr_carea' id='block_1_74' title="bbox 1880 2012 3532 2085">
    <p class='ocr_par' dir='ltr' id='par_1_74' title="bbox 1880 2012 3532 2085">
     <span class='ocr_line' id='line_1_75' title="bbox 1880 2012 3532 2085; baseline 0.001 -18"><span class='ocrx_word' id='word_1_548' title='bbox 1880 2012 2106 2068; x_wconf 83' lang='lat' dir='ltr'>honesta</span> <span class='ocrx_word' id='word_1_549' title='bbox 2145 2019 2275 2069; x_wconf 85' lang='lat' dir='ltr'>sunt</span> <span class='ocrx_word' id='word_1_550' title='bbox 2298 2024 2503 2082; x_wconf 80' lang='lat' dir='ltr'>nostra,</span> <span class='ocrx_word' id='word_1_551' title='bbox 2537 2030 2643 2069; x_wconf 87' lang='lat' dir='ltr'>non</span> <span class='ocrx_word' id='word_1_552' title='bbox 2679 2031 2811 2085; x_wconf 86' lang='lat' dir='ltr'>opus</span> <span class='ocrx_word' id='word_1_553' title='bbox 2843 2014 3078 2069; x_wconf 83' lang='lat' dir='ltr'>habent:</span> <span class='ocrx_word' id='word_1_554' title='bbox 3111 2015 3200 2068; x_wconf 88' lang='lat' dir='ltr'>sed</span> <span class='ocrx_word' id='word_1_555' title='bbox 3228 2016 3365 2069; x_wconf 85' lang='lat' dir='ltr'>Deus</span> <span class='ocrx_word' id='word_1_556' title='bbox 3395 2018 3532 2069; x_wconf 87' lang='lat' dir='ltr'>tem-</span> 
     </span>
    </p>
   </div>
   <div class='ocr_carea' id='block_1_75' title="bbox 1874 2103 3532 2174">
    <p class='ocr_par' dir='ltr' id='par_1_75' title="bbox 1874 2103 3532 2174">
     <span class='ocr_line' id='line_1_76' title="bbox 1874 2103 3532 2174; baseline 0.001 -18"><span class='ocrx_word' id='word_1_557' title='bbox 1874 2105 2092 2173; x_wconf 87' lang='lat' dir='ltr'>peravit</span> <span class='ocrx_word' id='word_1_558' title='bbox 2112 2119 2324 2174; x_wconf 83' lang='lat' dir='ltr'>corpus,</span> <span class='ocrx_word' id='word_1_559' title='bbox 2347 2105 2418 2173; x_wconf 87' lang='lat' dir='ltr'>ei,</span> <span class='ocrx_word' id='word_1_560' title='bbox 2441 2105 2533 2158; x_wconf 87' lang='lat' dir='ltr'>cui</span> <span class='ocrx_word' id='word_1_561' title='bbox 2552 2104 2761 2170; x_wconf 83' lang='lat' dir='ltr'>deerat,</span> <span class='ocrx_word' id='word_1_562' title='bbox 2796 2104 3064 2174; x_wconf 82' lang='lat' dir='ltr'>majorem</span> <span class='ocrx_word' id='word_1_563' title='bbox 3096 2103 3354 2159; x_wconf 85' lang='lat' dir='ltr'>honorem</span> <span class='ocrx_word' id='word_1_564' title='bbox 3372 2104 3532 2171; x_wconf 88' lang='lat' dir='ltr'>dans,</span> 
     </span>
    </p>
   </div>
   <div class='ocr_carea' id='block_1_76' title="bbox 1877 2192 3529 2263">
    <p class='ocr_par' dir='ltr' id='par_1_76' title="bbox 1877 2192 3529 2263">
     <span class='ocr_line' id='line_1_77' title="bbox 1877 2192 3529 2263; baseline 0.001 -17"><span class='ocrx_word' id='word_1_565' title='bbox 1877 2201 1937 2246; x_wconf 88' lang='lat' dir='ltr'>ut</span> <span class='ocrx_word' id='word_1_566' title='bbox 1966 2209 2076 2246; x_wconf 87' lang='lat' dir='ltr'>non</span> <span class='ocrx_word' id='word_1_567' title='bbox 2105 2198 2282 2248; x_wconf 79' lang='lat' dir='ltr'>essent</span> <span class='ocrx_word' id='word_1_568' title='bbox 2310 2194 2571 2249; x_wconf 76' lang='lat' dir='ltr'>scissurae</span> <span class='ocrx_word' id='word_1_569' title='bbox 2599 2194 2660 2247; x_wconf 88' lang='lat' dir='ltr'>in</span> <span class='ocrx_word' id='word_1_570' title='bbox 2688 2208 2912 2263; x_wconf 88' lang='lat' dir='ltr'>corpore</span> <span class='ocrx_word' id='word_1_571' title='bbox 2941 2193 2986 2263; x_wconf 91' lang='grc' dir='ltr'>(Ι</span> <span class='ocrx_word' id='word_1_572' title='bbox 3016 2192 3140 2247; x_wconf 86' lang='lat' dir='ltr'>Cor.</span> <span class='ocrx_word' id='word_1_573' title='bbox 3173 2209 3275 2257; x_wconf 85' lang='lat' dir='ltr'>xn,</span> <span class='ocrx_word' id='word_1_574' title='bbox 3311 2193 3529 2263; x_wconf 86' lang='lat'>22-25).</span> 
     </span>
    </p>
   </div>
   <div class='ocr_carea' id='block_1_77' title="bbox 1876 2280 3530 2353">
    <p class='ocr_par' dir='ltr' id='par_1_77' title="bbox 1876 2280 3530 2353">
     <span class='ocr_line' id='line_1_78' title="bbox 1876 2280 3530 2353; baseline 0.001 -19"><span class='ocrx_word' id='word_1_575' title='bbox 1876 2280 2120 2336; x_wconf 84' lang='lat' dir='ltr'>lllicitus</span> <span class='ocrx_word' id='word_1_576' title='bbox 2154 2281 2372 2352; x_wconf 91' lang='lat' dir='ltr'>itaque,</span> <span class='ocrx_word' id='word_1_577' title='bbox 2405 2286 2462 2337; x_wconf 89' lang='lat' dir='ltr'>et</span> <span class='ocrx_word' id='word_1_578' title='bbox 2492 2282 2891 2353; x_wconf 67' lang='lat' dir='ltr'>temperantiae</span> <span class='ocrx_word' id='word_1_579' title='bbox 2917 2281 3143 2353; x_wconf 87' lang='lat' dir='ltr'>legibus</span> <span class='ocrx_word' id='word_1_580' title='bbox 3166 2299 3279 2336; x_wconf 90' lang='lat' dir='ltr'>non</span> <span class='ocrx_word' id='word_1_581' title='bbox 3304 2282 3530 2352; x_wconf 89' lang='lat' dir='ltr'>subjec-</span> 
     </span>
    </p>
   </div>
   <div class='ocr_carea' id='block_1_78' title="bbox 1876 2369 3531 2442">
    <p class='ocr_par' dir='ltr' id='par_1_78' title="bbox 1876 2369 3531 2442">
     <span class='ocr_line' id='line_1_79' title="bbox 1876 2369 3531 2442; baseline 0.001 -18"><span class='ocrx_word' id='word_1_582' title='bbox 1876 2373 1974 2425; x_wconf 91' lang='lat' dir='ltr'>tus</span> <span class='ocrx_word' id='word_1_583' title='bbox 2005 2371 2406 2426; x_wconf 91' lang='lat' dir='ltr'>membrorum</span> <span class='ocrx_word' id='word_1_584' title='bbox 2443 2370 2678 2426; x_wconf 90' lang='lat' dir='ltr'>illorum</span> <span class='ocrx_word' id='word_1_585' title='bbox 2716 2387 2859 2425; x_wconf 90' lang='lat' dir='ltr'>usus</span> <span class='ocrx_word' id='word_1_586' title='bbox 2889 2375 2977 2426; x_wconf 90' lang='lat' dir='ltr'>est</span> <span class='ocrx_word' id='word_1_587' title='bbox 3006 2371 3196 2442; x_wconf 90' lang='lat' dir='ltr'>turpis</span> <span class='ocrx_word' id='word_1_588' title='bbox 3222 2388 3235 2438; x_wconf 93' lang='lat'>;</span> <span class='ocrx_word' id='word_1_589' title='bbox 3260 2386 3375 2425; x_wconf 93' lang='lat' dir='ltr'>non</span> <span class='ocrx_word' id='word_1_590' title='bbox 3399 2369 3531 2441; x_wconf 90' lang='lat' dir='ltr'>ipsa</span> 
     </span>
    </p>
   </div>
   <div class='ocr_carea' id='block_1_79' title="bbox 1877 2458 3531 2531">
    <p class='ocr_par' dir='ltr' id='par_1_79' title="bbox 1877 2458 3531 2531">
     <span class='ocr_line' id='line_1_80' title="bbox 1877 2458 3531 2531; baseline 0.001 -18"><span class='ocrx_word' id='word_1_591' title='bbox 1877 2460 2165 2525; x_wconf 90' lang='lat' dir='ltr'>membra,</span> <span class='ocrx_word' id='word_1_592' title='bbox 2199 2476 2325 2529; x_wconf 81' lang='lat' dir='ltr'>quae</span> <span class='ocrx_word' id='word_1_593' title='bbox 2377 2475 2492 2514; x_wconf 90' lang='lat' dir='ltr'>non</span> <span class='ocrx_word' id='word_1_594' title='bbox 2546 2459 2735 2514; x_wconf 90' lang='lat' dir='ltr'>solum</span> <span class='ocrx_word' id='word_1_595' title='bbox 2772 2458 2831 2513; x_wconf 93' lang='lat' dir='ltr'>in</span> <span class='ocrx_word' id='word_1_596' title='bbox 2863 2458 3162 2515; x_wconf 85' lang='lat' dir='ltr'>excellenti</span> <span class='ocrx_word' id='word_1_597' title='bbox 3195 2458 3531 2531; x_wconf 86' lang='lat' dir='ltr'>integritate</span> 
     </span>
    </p>
   </div>
   <div class='ocr_carea' id='block_1_80' title="bbox 1877 2547 3526 2620">
    <p class='ocr_par' dir='ltr' id='par_1_80' title="bbox 1877 2547 3526 2620">
     <span class='ocr_line' id='line_1_81' title="bbox 1877 2547 3526 2620; baseline 0.001 -18"><span class='ocrx_word' id='word_1_598' title='bbox 1877 2547 2107 2603; x_wconf 85' lang='lat' dir='ltr'>caelibes</span> <span class='ocrx_word' id='word_1_599' title='bbox 2139 2552 2194 2602; x_wconf 88' lang='lat' dir='ltr'>et</span> <span class='ocrx_word' id='word_1_600' title='bbox 2223 2547 2477 2620; x_wconf 89' lang='lat' dir='ltr'>virgines</span> <span class='ocrx_word' id='word_1_601' title='bbox 2500 2553 2750 2614; x_wconf 88' lang='lat' dir='ltr'>servant,</span> <span class='ocrx_word' id='word_1_602' title='bbox 2777 2549 2876 2603; x_wconf 90' lang='lat' dir='ltr'>sed</span> <span class='ocrx_word' id='word_1_603' title='bbox 2902 2548 3012 2620; x_wconf 90' lang='lat' dir='ltr'>ipsi</span> <span class='ocrx_word' id='word_1_604' title='bbox 3041 2549 3337 2620; x_wconf 89' lang='lat' dir='ltr'>conjugati</span> <span class='ocrx_word' id='word_1_605' title='bbox 3361 2565 3526 2604; x_wconf 88' lang='lat' dir='ltr'>sanc-</span> 
     </span>
    </p>
   </div>
   <div class='ocr_carea' id='block_1_81' title="bbox 1877 2636 3528 2709">
    <p class='ocr_par' dir='ltr' id='par_1_81' title="bbox 1877 2636 3528 2709">
     <span class='ocr_line' id='line_1_82' title="bbox 1877 2636 3528 2709; baseline 0.001 -19"><span class='ocrx_word' id='word_1_606' title='bbox 1877 2637 1921 2691; x_wconf 91' lang='lat' dir='ltr'>ti</span> <span class='ocrx_word' id='word_1_607' title='bbox 1953 2642 2145 2707; x_wconf 90' lang='lat' dir='ltr'>patres</span> <span class='ocrx_word' id='word_1_608' title='bbox 2176 2653 2240 2691; x_wconf 90' lang='lat' dir='ltr'>ac</span> <span class='ocrx_word' id='word_1_609' title='bbox 2279 2641 2514 2703; x_wconf 89' lang='lat' dir='ltr'>matres,</span> <span class='ocrx_word' id='word_1_610' title='bbox 2549 2638 2632 2692; x_wconf 89' lang='lat' dir='ltr'>sic</span> <span class='ocrx_word' id='word_1_611' title='bbox 2666 2636 2749 2691; x_wconf 91' lang='lat' dir='ltr'>eis</span> <span class='ocrx_word' id='word_1_612' title='bbox 2781 2637 3136 2709; x_wconf 89' lang='lat' dir='ltr'>generationi</span> <span class='ocrx_word' id='word_1_613' title='bbox 3172 2642 3528 2692; x_wconf 87' lang='lat' dir='ltr'>tantummo-</span> 
     </span>
    </p>
   </div>
   <div class='ocr_carea' id='block_1_82' title="bbox 1879 2724 3525 2794">
    <p class='ocr_par' dir='ltr' id='par_1_82' title="bbox 1879 2724 3525 2794">
     <span class='ocr_line' id='line_1_83' title="bbox 1879 2724 3525 2794; baseline 0.001 -15"><span class='ocrx_word' id='word_1_614' title='bbox 1879 2725 1951 2779; x_wconf 91' lang='lat' dir='ltr'>do</span> <span class='ocrx_word' id='word_1_615' title='bbox 1984 2724 2357 2780; x_wconf 92' lang='lat' dir='ltr'>consulentes</span> <span class='ocrx_word' id='word_1_616' title='bbox 2403 2725 2737 2794; x_wconf 88' lang='lat' dir='ltr'>utebantur,</span> <span class='ocrx_word' id='word_1_617' title='bbox 2772 2729 2836 2780; x_wconf 92' lang='lat' dir='ltr'>ut</span> <span class='ocrx_word' id='word_1_618' title='bbox 2884 2725 2981 2780; x_wconf 91' lang='lat' dir='ltr'>ille</span> <span class='ocrx_word' id='word_1_619' title='bbox 3012 2725 3297 2780; x_wconf 89' lang='lat' dir='ltr'>naturalis</span> <span class='ocrx_word' id='word_1_620' title='bbox 3329 2729 3525 2780; x_wconf 90' lang='lat' dir='ltr'>motus</span> 
     </span>
    </p>
   </div>
   <div class='ocr_carea' id='block_1_83' title="bbox 1878 2813 3523 2885">
    <p class='ocr_par' dir='ltr' id='par_1_83' title="bbox 1878 2813 3523 2885">
     <span class='ocr_line' id='line_1_84' title="bbox 1878 2813 3523 2885; baseline 0.001 -17"><span class='ocrx_word' id='word_1_621' title='bbox 1878 2813 2039 2868; x_wconf 92' lang='lat' dir='ltr'>nullo</span> <span class='ocrx_word' id='word_1_622' title='bbox 2068 2815 2240 2869; x_wconf 93' lang='lat' dir='ltr'>modo</span> <span class='ocrx_word' id='word_1_623' title='bbox 2262 2815 2453 2885; x_wconf 91' lang='lat' dir='ltr'>turpis</span> <span class='ocrx_word' id='word_1_624' title='bbox 2474 2819 2646 2879; x_wconf 90' lang='lat' dir='ltr'>esset,</span> <span class='ocrx_word' id='word_1_625' title='bbox 2676 2815 2774 2884; x_wconf 91' lang='lat' dir='ltr'>qui</span> <span class='ocrx_word' id='word_1_626' title='bbox 2804 2831 2916 2870; x_wconf 90' lang='lat' dir='ltr'>non</span> <span class='ocrx_word' id='word_1_627' title='bbox 2941 2813 3192 2880; x_wconf 91' lang='lat' dir='ltr'>libidini,</span> <span class='ocrx_word' id='word_1_628' title='bbox 3221 2816 3320 2869; x_wconf 90' lang='lat' dir='ltr'>sed</span> <span class='ocrx_word' id='word_1_629' title='bbox 3349 2813 3523 2870; x_wconf 89' lang='lat' dir='ltr'>ratio-</span> 
     </span>
    </p>
   </div>
   <div class='ocr_carea' id='block_1_84' title="bbox 1877 2903 3518 2974">
    <p class='ocr_par' dir='ltr' id='par_1_84' title="bbox 1877 2903 3518 2974">
     <span class='ocr_line' id='line_1_85' title="bbox 1877 2903 3518 2974; baseline -0.001 -17"><span class='ocrx_word' id='word_1_630' title='bbox 1877 2903 1936 2957; x_wconf 92' lang='lat' dir='ltr'>ni</span> <span class='ocrx_word' id='word_1_631' title='bbox 1968 2904 2224 2959; x_wconf 87' lang='lat' dir='ltr'>serviret.</span> <span class='ocrx_word' id='word_1_632' title='bbox 2277 2903 2502 2966; x_wconf 89' lang='lat' dir='ltr'>Quanto</span> <span class='ocrx_word' id='word_1_633' title='bbox 2555 2903 2742 2974; x_wconf 91' lang='lat' dir='ltr'>magis</span> <span class='ocrx_word' id='word_1_634' title='bbox 2790 2919 2925 2974; x_wconf 91' lang='lat' dir='ltr'>ergo</span> <span class='ocrx_word' id='word_1_635' title='bbox 2957 2903 3015 2958; x_wconf 90' lang='lat' dir='ltr'>in</span> <span class='ocrx_word' id='word_1_636' title='bbox 3065 2907 3266 2958; x_wconf 87' lang='lat' dir='ltr'>sancta</span> <span class='ocrx_word' id='word_1_637' title='bbox 3295 2903 3518 2974; x_wconf 87' lang='lat' dir='ltr'>virgine</span> 
     </span>
    </p>
   </div>
   <div class='ocr_carea' id='block_1_85' title="bbox 1878 2991 3520 3062">
    <p class='ocr_par' dir='ltr' id='par_1_85' title="bbox 1878 2991 3520 3062">
     <span class='ocr_line' id='line_1_86' title="bbox 1878 2991 3520 3062; baseline 0 -16"><span class='ocrx_word' id='word_1_638' title='bbox 1878 2991 2080 3061; x_wconf 88' lang='lat' dir='ltr'>Maria,</span> <span class='ocrx_word' id='word_1_639' title='bbox 2113 3009 2238 3062; x_wconf 71' lang='lat' dir='ltr'>quae</span> <span class='ocrx_word' id='word_1_640' title='bbox 2270 2991 2484 3046; x_wconf 89' lang='lat' dir='ltr'>Christi</span> <span class='ocrx_word' id='word_1_641' title='bbox 2516 3008 2747 3046; x_wconf 91' lang='lat' dir='ltr'>carnem</span> <span class='ocrx_word' id='word_1_642' title='bbox 2777 2992 2888 3046; x_wconf 88' lang='lat' dir='ltr'>ﬁde</span> <span class='ocrx_word' id='word_1_643' title='bbox 2925 2994 3208 3062; x_wconf 87' lang='lat' dir='ltr'>concepit,</span> <span class='ocrx_word' id='word_1_644' title='bbox 3240 2991 3382 3047; x_wconf 92' lang='lat' dir='ltr'>nihil</span> <span class='ocrx_word' id='word_1_645' title='bbox 3416 2991 3520 3046; x_wconf 88' lang='lat' dir='ltr'>ha-</span> 
     </span>
    </p>
   </div>
   <div class='ocr_carea' id='block_1_86' title="bbox 1878 3079 3526 3152">
    <p class='ocr_par' dir='ltr' id='par_1_86' title="bbox 1878 3079 3526 3152">
     <span class='ocr_line' id='line_1_87' title="bbox 1878 3079 3526 3152; baseline -0.001 -17"><span class='ocrx_word' id='word_1_646' title='bbox 1878 3081 2132 3135; x_wconf 86' lang='lat' dir='ltr'>buerunt</span> <span class='ocrx_word' id='word_1_647' title='bbox 2153 3079 2537 3152; x_wconf 89' lang='lat' dir='ltr'>turpitudinis</span> <span class='ocrx_word' id='word_1_648' title='bbox 2559 3081 2842 3151; x_wconf 89' lang='lat' dir='ltr'>membra,</span> <span class='ocrx_word' id='word_1_649' title='bbox 2863 3098 2988 3152; x_wconf 77' lang='lat' dir='ltr'>quae</span> <span class='ocrx_word' id='word_1_650' title='bbox 3006 3098 3110 3136; x_wconf 90' lang='lat' dir='ltr'>nec</span> <span class='ocrx_word' id='word_1_651' title='bbox 3128 3081 3384 3136; x_wconf 87' lang='lat' dir='ltr'>humano</span> <span class='ocrx_word' id='word_1_652' title='bbox 3407 3079 3526 3136; x_wconf 86' lang='lat' dir='ltr'>lici-</span> 
     </span>
    </p>
   </div>
   <div class='ocr_carea' id='block_1_87' title="bbox 1878 3169 3525 3242">
    <p class='ocr_par' dir='ltr' id='par_1_87' title="bbox 1878 3169 3525 3242">
     <span class='ocr_line' id='line_1_88' title="bbox 1878 3169 3525 3242; baseline 0 -17"><span class='ocrx_word' id='word_1_653' title='bbox 1878 3173 2054 3241; x_wconf 88' lang='lat' dir='ltr'>teque</span> <span class='ocrx_word' id='word_1_654' title='bbox 2081 3170 2411 3241; x_wconf 89' lang='lat' dir='ltr'>conceptui,</span> <span class='ocrx_word' id='word_1_655' title='bbox 2446 3171 2547 3224; x_wconf 90' lang='lat' dir='ltr'>sed</span> <span class='ocrx_word' id='word_1_656' title='bbox 2580 3169 2775 3224; x_wconf 90' lang='lat' dir='ltr'>divino</span> <span class='ocrx_word' id='word_1_657' title='bbox 2823 3174 3052 3226; x_wconf 89' lang='lat' dir='ltr'>tantum</span> <span class='ocrx_word' id='word_1_658' title='bbox 3092 3170 3284 3242; x_wconf 89' lang='lat' dir='ltr'>partui</span> <span class='ocrx_word' id='word_1_659' title='bbox 3314 3170 3525 3226; x_wconf 87' lang='lat' dir='ltr'>servie-</span> 
     </span>
    </p>
   </div>
   <div class='ocr_carea' id='block_1_88' title="bbox 1881 3257 3529 3330">
    <p class='ocr_par' dir='ltr' id='par_1_88' title="bbox 1881 3257 3529 3330">
     <span class='ocr_line' id='line_1_89' title="bbox 1881 3257 3529 3330; baseline 0.001 -17"><span class='ocrx_word' id='word_1_660' title='bbox 1881 3257 2064 3313; x_wconf 83' lang='lat' dir='ltr'>runt?</span> <span class='ocrx_word' id='word_1_661' title='bbox 2097 3257 2302 3314; x_wconf 90' lang='lat' dir='ltr'>Merito</span> <span class='ocrx_word' id='word_1_662' title='bbox 2334 3257 2503 3330; x_wconf 90' lang='lat' dir='ltr'>plane</span> <span class='ocrx_word' id='word_1_663' title='bbox 2532 3259 2616 3314; x_wconf 90' lang='lat' dir='ltr'>sic</span> <span class='ocrx_word' id='word_1_664' title='bbox 2670 3258 2996 3327; x_wconf 90' lang='lat' dir='ltr'>honestata,</span> <span class='ocrx_word' id='word_1_665' title='bbox 3042 3265 3104 3314; x_wconf 94' lang='lat' dir='ltr'>ut</span> <span class='ocrx_word' id='word_1_666' title='bbox 3134 3260 3302 3316; x_wconf 89' lang='lat' dir='ltr'>nobis</span> <span class='ocrx_word' id='word_1_667' title='bbox 3328 3259 3529 3315; x_wconf 88' lang='lat' dir='ltr'>Chris-</span> 
     </span>
    </p>
   </div>
   <div class='ocr_carea' id='block_1_89' title="bbox 1880 3347 3526 3420">
    <p class='ocr_par' dir='ltr' id='par_1_89' title="bbox 1880 3347 3526 3420">
     <span class='ocr_line' id='line_1_90' title="bbox 1880 3347 3526 3420; baseline 0.001 -19"><span class='ocrx_word' id='word_1_668' title='bbox 1880 3351 2026 3417; x_wconf 90' lang='lat' dir='ltr'>tum,</span> <span class='ocrx_word' id='word_1_669' title='bbox 2061 3364 2235 3418; x_wconf 90' lang='lat' dir='ltr'>quem</span> <span class='ocrx_word' id='word_1_670' title='bbox 2268 3347 2544 3402; x_wconf 90' lang='lat' dir='ltr'>cordibus</span> <span class='ocrx_word' id='word_1_671' title='bbox 2596 3347 2840 3419; x_wconf 89' lang='lat' dir='ltr'>integris</span> <span class='ocrx_word' id='word_1_672' title='bbox 2874 3349 3160 3403; x_wconf 90' lang='lat' dir='ltr'>credendo</span> <span class='ocrx_word' id='word_1_673' title='bbox 3193 3349 3526 3420; x_wconf 87' lang='lat' dir='ltr'>concipere-</span> 
     </span>
    </p>
   </div>
   <div class='ocr_carea' id='block_1_90' title="bbox 1881 3436 3524 3509">
    <p class='ocr_par' dir='ltr' id='par_1_90' title="bbox 1881 3436 3524 3509">
     <span class='ocr_line' id='line_1_91' title="bbox 1881 3436 3524 3509; baseline 0 -18"><span class='ocrx_word' id='word_1_674' title='bbox 1881 3453 2034 3502; x_wconf 89' lang='lat' dir='ltr'>mus,</span> <span class='ocrx_word' id='word_1_675' title='bbox 2070 3441 2124 3491; x_wconf 90' lang='lat' dir='ltr'>et</span> <span class='ocrx_word' id='word_1_676' title='bbox 2154 3436 2484 3492; x_wconf 85' lang='lat' dir='ltr'>confitendo</span> <span class='ocrx_word' id='word_1_677' title='bbox 2512 3437 2942 3507; x_wconf 91' lang='lat' dir='ltr'>quodammodo</span> <span class='ocrx_word' id='word_1_678' title='bbox 2967 3453 3325 3509; x_wconf 90' lang='lat' dir='ltr'>pareremus,</span> <span class='ocrx_word' id='word_1_679' title='bbox 3348 3437 3524 3492; x_wconf 85' lang='lat' dir='ltr'>etiam</span> 
     </span>
    </p>
   </div>
   <div class='ocr_carea' id='block_1_91' title="bbox 1881 3523 3530 3597">
    <p class='ocr_par' dir='ltr' id='par_1_91' title="bbox 1881 3523 3530 3597">
     <span class='ocr_line' id='line_1_92' title="bbox 1881 3523 3530 3597; baseline -0.001 -16"><span class='ocrx_word' id='word_1_680' title='bbox 1881 3525 2256 3597; x_wconf 87' lang='lat' dir='ltr'>corporaliter</span> <span class='ocrx_word' id='word_1_681' title='bbox 2277 3530 2502 3580; x_wconf 87' lang='lat' dir='ltr'>servata</span> <span class='ocrx_word' id='word_1_682' title='bbox 2525 3525 2860 3597; x_wconf 88' lang='lat' dir='ltr'>integritate</span> <span class='ocrx_word' id='word_1_683' title='bbox 2883 3527 3335 3581; x_wconf 90' lang='lat' dir='ltr'>transfunderet.</span> <span class='ocrx_word' id='word_1_684' title='bbox 3360 3523 3530 3580; x_wconf 90' lang='lat' dir='ltr'>Nullo</span> 
     </span>
    </p>
   </div>
   <div class='ocr_carea' id='block_1_92' title="bbox 1881 3613 3526 3670">
    <p class='ocr_par' dir='ltr' id='par_1_92' title="bbox 1881 3613 3526 3670">
     <span class='ocr_line' id='line_1_93' title="bbox 1881 3613 3526 3670; baseline -0.001 0"><span class='ocrx_word' id='word_1_685' title='bbox 1881 3616 2052 3670; x_wconf 90' lang='lat' dir='ltr'>modo</span> <span class='ocrx_word' id='word_1_686' title='bbox 2085 3613 2240 3669; x_wconf 89' lang='lat' dir='ltr'>enim</span> <span class='ocrx_word' id='word_1_687' title='bbox 2272 3613 2540 3668; x_wconf 89' lang='lat' dir='ltr'>Christus</span> <span class='ocrx_word' id='word_1_688' title='bbox 2573 3619 2820 3669; x_wconf 91' lang='lat' dir='ltr'>matrem</span> <span class='ocrx_word' id='word_1_689' title='bbox 2854 3615 3146 3669; x_wconf 89' lang='lat' dir='ltr'>nascendo</span> <span class='ocrx_word' id='word_1_690' title='bbox 3180 3614 3393 3668; x_wconf 87' lang='lat' dir='ltr'>faceret</span> <span class='ocrx_word' id='word_1_691' title='bbox 3426 3613 3526 3668; x_wconf 87' lang='lat' dir='ltr'>de-</span> 
     </span>
    </p>
   </div>
   <div class='ocr_carea' id='block_1_93' title="bbox 1882 3700 3528 3769">
    <p class='ocr_par' dir='ltr' id='par_1_93' title="bbox 1882 3700 3528 3769">
     <span class='ocr_line' id='line_1_94' title="bbox 1882 3700 3528 3769; baseline -0.002 -11"><span class='ocrx_word' id='word_1_692' title='bbox 1882 3703 2153 3759; x_wconf 90' lang='lat' dir='ltr'>teriorem</span> <span class='ocrx_word' id='word_1_693' title='bbox 2183 3719 2196 3769; x_wconf 87' lang='lat'><strong>;</strong></span> <span class='ocrx_word' id='word_1_694' title='bbox 2231 3707 2295 3756; x_wconf 92' lang='lat' dir='ltr'>ut</span> <span class='ocrx_word' id='word_1_695' title='bbox 2325 3702 2419 3757; x_wconf 92' lang='lat' dir='ltr'>cui</span> <span class='ocrx_word' id='word_1_696' title='bbox 2450 3719 2668 3757; x_wconf 90' lang='lat' dir='ltr'>munus</span> <span class='ocrx_word' id='word_1_697' title='bbox 2701 3702 3078 3757; x_wconf 87' lang='lat' dir='ltr'>fecunditatis</span> <span class='ocrx_word' id='word_1_698' title='bbox 3101 3700 3396 3768; x_wconf 90' lang='lat' dir='ltr'>attulerat,</span> <span class='ocrx_word' id='word_1_699' title='bbox 3431 3701 3528 3755; x_wconf 88' lang='lat' dir='ltr'>de-</span> 
     </span>
    </p>
   </div>
   <div class='ocr_carea' id='block_1_94' title="bbox 1883 3787 3527 3863">
    <p class='ocr_par' dir='ltr' id='par_1_94' title="bbox 1883 3787 3527 3863">
     <span class='ocr_line' id='line_1_95' title="bbox 1883 3787 3527 3863; baseline -0.003 -16"><span class='ocrx_word' id='word_1_700' title='bbox 1883 3809 1988 3848; x_wconf 90' lang='lat' dir='ltr'>cus</span> <span class='ocrx_word' id='word_1_701' title='bbox 2017 3791 2371 3863; x_wconf 90' lang='lat' dir='ltr'>virginitatis</span> <span class='ocrx_word' id='word_1_702' title='bbox 2403 3791 2677 3846; x_wconf 87' lang='lat' dir='ltr'>auferret.</span> <span class='ocrx_word' id='word_1_703' title='bbox 2719 3792 2844 3845; x_wconf 71' lang='lat' dir='ltr'>Haac</span> <span class='ocrx_word' id='word_1_704' title='bbox 2890 3791 3184 3859; x_wconf 82' lang='lat' dir='ltr'>veraciter,</span> <span class='ocrx_word' id='word_1_705' title='bbox 3214 3805 3329 3844; x_wconf 91' lang='lat' dir='ltr'>non</span> <span class='ocrx_word' id='word_1_706' title='bbox 3363 3787 3527 3844; x_wconf 90' lang='lat' dir='ltr'>falla-</span> 
     </span>
    </p>
   </div>
   <div class='ocr_carea' id='block_1_95' title="bbox 1885 3876 3524 3946">
    <p class='ocr_par' dir='ltr' id='par_1_95' title="bbox 1885 3876 3524 3946">
     <span class='ocr_line' id='line_1_96' title="bbox 1885 3876 3524 3946; baseline -0.003 -9"><span class='ocrx_word' id='word_1_707' title='bbox 1885 3882 2027 3937; x_wconf 86' lang='lat' dir='ltr'>citer</span> <span class='ocrx_word' id='word_1_708' title='bbox 2058 3880 2208 3935; x_wconf 90' lang='lat' dir='ltr'>facta</span> <span class='ocrx_word' id='word_1_709' title='bbox 2239 3884 2414 3934; x_wconf 91' lang='lat' dir='ltr'>sunt:</span> <span class='ocrx_word' id='word_1_710' title='bbox 2449 3879 2549 3934; x_wconf 91' lang='lat' dir='ltr'>sed</span> <span class='ocrx_word' id='word_1_711' title='bbox 2583 3895 2731 3934; x_wconf 91' lang='lat' dir='ltr'>nova</span> <span class='ocrx_word' id='word_1_712' title='bbox 2773 3883 2936 3946; x_wconf 89' lang='lat' dir='ltr'>sunt,</span> <span class='ocrx_word' id='word_1_713' title='bbox 2969 3879 3069 3934; x_wconf 91' lang='lat' dir='ltr'>sed</span> <span class='ocrx_word' id='word_1_714' title='bbox 3099 3876 3335 3933; x_wconf 89' lang='lat' dir='ltr'>insolita</span> <span class='ocrx_word' id='word_1_715' title='bbox 3366 3881 3524 3944; x_wconf 91' lang='lat' dir='ltr'>sunt,</span> 
     </span>
    </p>
   </div>
   <div class='ocr_carea' id='block_1_96' title="bbox 1885 3964 3528 4038">
    <p class='ocr_par' dir='ltr' id='par_1_96' title="bbox 1885 3964 3528 4038">
     <span class='ocr_line' id='line_1_97' title="bbox 1885 3964 3528 4038; baseline -0.003 -12"><span class='ocrx_word' id='word_1_716' title='bbox 1885 3971 2218 4026; x_wconf 87' lang='lat' dir='ltr'>sed-contra</span> <span class='ocrx_word' id='word_1_717' title='bbox 2247 3972 2468 4023; x_wconf 65' lang='lat' dir='ltr'>natura:</span> <span class='ocrx_word' id='word_1_718' title='bbox 2499 3983 2736 4023; x_wconf 91' lang='lat' dir='ltr'>cursum</span> <span class='ocrx_word' id='word_1_719' title='bbox 2787 3966 3160 4022; x_wconf 90' lang='lat' dir='ltr'>notissimum</span> <span class='ocrx_word' id='word_1_720' title='bbox 3195 3971 3354 4034; x_wconf 88' lang='lat' dir='ltr'>sunt,</span> <span class='ocrx_word' id='word_1_721' title='bbox 3389 3964 3528 4038; x_wconf 89' lang='lat' dir='ltr'>quia</span> 
     </span>
    </p>
   </div>
   <div class='ocr_carea' id='block_1_97' title="bbox 1885 4055 3527 4130">
    <p class='ocr_par' dir='ltr' id='par_1_97' title="bbox 1885 4055 3527 4130">
     <span class='ocr_line' id='line_1_98' title="bbox 1885 4055 3527 4130; baseline -0.003 -16"><span class='ocrx_word' id='word_1_722' title='bbox 1885 4074 2120 4130; x_wconf 89' lang='lat' dir='ltr'>magna,</span> <span class='ocrx_word' id='word_1_723' title='bbox 2153 4059 2292 4128; x_wconf 91' lang='lat' dir='ltr'>quia</span> <span class='ocrx_word' id='word_1_724' title='bbox 2323 4057 2491 4124; x_wconf 83' lang='lat' dir='ltr'>mira,</span> <span class='ocrx_word' id='word_1_725' title='bbox 2525 4057 2660 4126; x_wconf 90' lang='lat' dir='ltr'>quia</span> <span class='ocrx_word' id='word_1_726' title='bbox 2690 4055 2921 4125; x_wconf 89' lang='lat' dir='ltr'>divina;</span> <span class='ocrx_word' id='word_1_727' title='bbox 2955 4060 3011 4111; x_wconf 92' lang='lat' dir='ltr'>et</span> <span class='ocrx_word' id='word_1_728' title='bbox 3048 4071 3114 4110; x_wconf 92' lang='lat' dir='ltr'>eo</span> <span class='ocrx_word' id='word_1_729' title='bbox 3157 4055 3345 4127; x_wconf 85' lang='lat' dir='ltr'>magis</span> <span class='ocrx_word' id='word_1_730' title='bbox 3371 4070 3527 4122; x_wconf 91' lang='lat' dir='ltr'>vera,</span> 
     </span>
    </p>
   </div>
   <div class='ocr_carea' id='block_1_98' title="bbox 1885 4147 2384 4217">
    <p class='ocr_par' dir='ltr' id='par_1_98' title="bbox 1885 4147 2384 4217">
     <span class='ocr_line' id='line_1_99' title="bbox 1885 4147 2384 4217; baseline -0.006 -14"><span class='ocrx_word' id='word_1_731' title='bbox 1885 4153 2063 4217; x_wconf 88' lang='lat' dir='ltr'>certa,</span> <span class='ocrx_word' id='word_1_732' title='bbox 2099 4147 2226 4200; x_wconf 90' lang='lat' dir='ltr'>ﬁrm</span> <span class='ocrx_word' id='word_1_733' title='bbox 2238 4148 2384 4201; x_wconf 77' lang='lat' dir='ltr'>ata&#39;.</span> 
     </span>
    </p>
   </div>
   <div class='ocr_carea' id='block_1_99' title="bbox 1956 4232 3535 4307">
    <p class='ocr_par' dir='ltr' id='par_1_99' title="bbox 1956 4232 3535 4307">
     <span class='ocr_line' id='line_1_100' title="bbox 1956 4232 3535 4307; baseline -0.002 -16"><span class='ocrx_word' id='word_1_734' title='bbox 1956 4238 2026 4291; x_wconf 89' lang='lat' dir='ltr'>Et</span> <span class='ocrx_word' id='word_1_735' title='bbox 2062 4235 2290 4307; x_wconf 84' lang='lat' dir='ltr'>Angeli,</span> <span class='ocrx_word' id='word_1_736' title='bbox 2315 4234 2527 4306; x_wconf 81' lang='lat' dir='ltr'>inquit,</span> <span class='ocrx_word' id='word_1_737' title='bbox 2548 4234 2658 4290; x_wconf 90' lang='lat' dir='ltr'>visi</span> <span class='ocrx_word' id='word_1_738' title='bbox 2682 4238 2738 4289; x_wconf 90' lang='lat' dir='ltr'>et</span> <span class='ocrx_word' id='word_1_739' title='bbox 2760 4232 2937 4289; x_wconf 90' lang='lat' dir='ltr'>locuti</span> <span class='ocrx_word' id='word_1_740' title='bbox 2961 4237 3116 4304; x_wconf 89' lang='lat' dir='ltr'>sunt,</span> <span class='ocrx_word' id='word_1_741' title='bbox 3143 4233 3411 4304; x_wconf 86' lang='lat' dir='ltr'>quamvis</span> <span class='ocrx_word' id='word_1_742' title='bbox 3437 4249 3535 4288; x_wconf 87' lang='lat' dir='ltr'>na-</span> 
     </span>
    </p>
   </div>
   <div class='ocr_carea' id='block_1_100' title="bbox 1888 4322 3530 4390">
    <p class='ocr_par' dir='ltr' id='par_1_100' title="bbox 1888 4322 3530 4390">
     <span class='ocr_line' id='line_1_101' title="bbox 1888 4322 3530 4390; baseline -0.003 -9"><span class='ocrx_word' id='word_1_743' title='bbox 1888 4327 1931 4381; x_wconf 92' lang='lat' dir='ltr'>ti</span> <span class='ocrx_word' id='word_1_744' title='bbox 1964 4343 2080 4380; x_wconf 91' lang='lat' dir='ltr'>non</span> <span class='ocrx_word' id='word_1_745' title='bbox 2114 4325 2346 4380; x_wconf 88' lang='lat' dir='ltr'>fuerint.</span> <span class='ocrx_word' id='word_1_746' title='bbox 2384 4324 2560 4389; x_wconf 89' lang='lat' dir='ltr'>Quasi</span> <span class='ocrx_word' id='word_1_747' title='bbox 2614 4341 2718 4378; x_wconf 88' lang='lat' dir='ltr'>nos</span> <span class='ocrx_word' id='word_1_748' title='bbox 2770 4323 3033 4378; x_wconf 88' lang='lat' dir='ltr'>dicamus</span> <span class='ocrx_word' id='word_1_749' title='bbox 3063 4322 3382 4390; x_wconf 89' lang='lat' dir='ltr'>Christum,</span> <span class='ocrx_word' id='word_1_750' title='bbox 3417 4322 3530 4378; x_wconf 89' lang='lat' dir='ltr'>nisi</span> 
     </span>
    </p>
   </div>
   <div class='ocr_carea' id='block_1_101' title="bbox 1889 4410 3534 4482">
    <p class='ocr_par' dir='ltr' id='par_1_101' title="bbox 1889 4410 3534 4482">
     <span class='ocr_line' id='line_1_102' title="bbox 1889 4410 3534 4482; baseline -0.003 -11"><span class='ocrx_word' id='word_1_751' title='bbox 1889 4419 2225 4471; x_wconf 89' lang='lat' dir='ltr'>nasceretur</span> <span class='ocrx_word' id='word_1_752' title='bbox 2253 4430 2320 4468; x_wconf 85' lang='lat' dir='ltr'>ex</span> <span class='ocrx_word' id='word_1_753' title='bbox 2353 4413 2587 4481; x_wconf 86' lang='lat' dir='ltr'>femina,</span> <span class='ocrx_word' id='word_1_754' title='bbox 2623 4429 2728 4468; x_wconf 91' lang='lat' dir='ltr'>nec</span> <span class='ocrx_word' id='word_1_755' title='bbox 2758 4413 2959 4478; x_wconf 90' lang='lat' dir='ltr'>videri,</span> <span class='ocrx_word' id='word_1_756' title='bbox 2993 4427 3096 4466; x_wconf 92' lang='lat' dir='ltr'>nec</span> <span class='ocrx_word' id='word_1_757' title='bbox 3127 4410 3284 4481; x_wconf 91' lang='lat' dir='ltr'>loqui</span> <span class='ocrx_word' id='word_1_758' title='bbox 3309 4411 3534 4482; x_wconf 85' lang='lat' dir='ltr'>potuis-</span> 
     </span>
    </p>
   </div>
   <div class='ocr_carea' id='block_1_102' title="bbox 1889 4500 3532 4571">
    <p class='ocr_par' dir='ltr' id='par_1_102' title="bbox 1889 4500 3532 4571">
     <span class='ocr_line' id='line_1_103' title="bbox 1889 4500 3532 4571; baseline -0.002 -11"><span class='ocrx_word' id='word_1_759' title='bbox 1889 4521 1968 4560; x_wconf 89' lang='lat' dir='ltr'>se.</span> <span class='ocrx_word' id='word_1_760' title='bbox 2005 4502 2216 4567; x_wconf 90' lang='lat' dir='ltr'>Potuit,</span> <span class='ocrx_word' id='word_1_761' title='bbox 2252 4503 2348 4558; x_wconf 86' lang='lat' dir='ltr'>sed</span> <span class='ocrx_word' id='word_1_762' title='bbox 2385 4501 2608 4556; x_wconf 90' lang='lat' dir='ltr'>noluit:</span> <span class='ocrx_word' id='word_1_763' title='bbox 2649 4505 2707 4556; x_wconf 90' lang='lat' dir='ltr'>et</span> <span class='ocrx_word' id='word_1_764' title='bbox 2748 4501 2855 4556; x_wconf 91' lang='lat' dir='ltr'>hoc</span> <span class='ocrx_word' id='word_1_765' title='bbox 2887 4500 3098 4555; x_wconf 90' lang='lat' dir='ltr'>melius</span> <span class='ocrx_word' id='word_1_766' title='bbox 3131 4504 3218 4555; x_wconf 92' lang='lat' dir='ltr'>est</span> <span class='ocrx_word' id='word_1_767' title='bbox 3248 4501 3402 4571; x_wconf 91' lang='lat' dir='ltr'>quod</span> <span class='ocrx_word' id='word_1_768' title='bbox 3436 4517 3532 4556; x_wconf 91' lang='lat' dir='ltr'>vo-</span> 
     </span>
    </p>
   </div>
   <div class='ocr_carea' id='block_1_103' title="bbox 1890 4589 3537 4661">
    <p class='ocr_par' dir='ltr' id='par_1_103' title="bbox 1890 4589 3537 4661">
     <span class='ocr_line' id='line_1_104' title="bbox 1890 4589 3537 4661; baseline -0.001 -15"><span class='ocrx_word' id='word_1_769' title='bbox 1890 4593 2018 4648; x_wconf 90' lang='lat' dir='ltr'>luit.</span> <span class='ocrx_word' id='word_1_770' title='bbox 2051 4592 2165 4647; x_wconf 91' lang='lat' dir='ltr'>Hoc</span> <span class='ocrx_word' id='word_1_771' title='bbox 2197 4594 2389 4646; x_wconf 91' lang='lat' dir='ltr'>autem</span> <span class='ocrx_word' id='word_1_772' title='bbox 2422 4606 2555 4645; x_wconf 89' lang='lat' dir='ltr'>eum</span> <span class='ocrx_word' id='word_1_773' title='bbox 2589 4589 2842 4645; x_wconf 91' lang='lat' dir='ltr'>voluisse</span> <span class='ocrx_word' id='word_1_774' title='bbox 2871 4590 2999 4645; x_wconf 91' lang='lat' dir='ltr'>ideo</span> <span class='ocrx_word' id='word_1_775' title='bbox 3023 4592 3243 4644; x_wconf 91' lang='lat' dir='ltr'>certum</span> <span class='ocrx_word' id='word_1_776' title='bbox 3267 4593 3374 4657; x_wconf 91' lang='lat' dir='ltr'>est,</span> <span class='ocrx_word' id='word_1_777' title='bbox 3399 4590 3537 4661; x_wconf 91' lang='lat' dir='ltr'>quia</span> 
     </span>
    </p>
   </div>
   <div class='ocr_carea' id='block_1_104' title="bbox 1890 4678 3536 4752">
    <p class='ocr_par' dir='ltr' id='par_1_104' title="bbox 1890 4678 3536 4752">
     <span class='ocr_line' id='line_1_105' title="bbox 1890 4678 3536 4752; baseline -0.004 -14"><span class='ocrx_word' id='word_1_778' title='bbox 1890 4683 1998 4738; x_wconf 92' lang='lat' dir='ltr'>hoc</span> <span class='ocrx_word' id='word_1_779' title='bbox 2030 4681 2180 4752; x_wconf 83' lang='lat' dir='ltr'>fecit,</span> <span class='ocrx_word' id='word_1_780' title='bbox 2217 4679 2316 4751; x_wconf 89' lang='lat' dir='ltr'>qui</span> <span class='ocrx_word' id='word_1_781' title='bbox 2368 4678 2513 4733; x_wconf 91' lang='lat' dir='ltr'>nihil</span> <span class='ocrx_word' id='word_1_782' title='bbox 2567 4680 2932 4749; x_wconf 85' lang='lat' dir='ltr'>necessitate,</span> <span class='ocrx_word' id='word_1_783' title='bbox 2969 4679 3124 4734; x_wconf 90' lang='lat' dir='ltr'>sicut</span> <span class='ocrx_word' id='word_1_784' title='bbox 3154 4678 3297 4733; x_wconf 90' lang='lat' dir='ltr'>deus</span> <span class='ocrx_word' id='word_1_785' title='bbox 3329 4683 3536 4749; x_wconf 90' lang='lat' dir='ltr'>vester,</span> 
     </span>
    </p>
   </div>
   <div class='ocr_carea' id='block_1_105' title="bbox 1892 4767 3536 4836">
    <p class='ocr_par' dir='ltr' id='par_1_105' title="bbox 1892 4767 3536 4836">
     <span class='ocr_line' id='line_1_106' title="bbox 1892 4767 3536 4836; baseline -0.002 -11"><span class='ocrx_word' id='word_1_786' title='bbox 1892 4772 2125 4835; x_wconf 89' lang='lat' dir='ltr'>faceret,</span> <span class='ocrx_word' id='word_1_787' title='bbox 2161 4769 2261 4824; x_wconf 91' lang='lat' dir='ltr'>sed</span> <span class='ocrx_word' id='word_1_788' title='bbox 2295 4769 2491 4824; x_wconf 91' lang='lat' dir='ltr'>omnia</span> <span class='ocrx_word' id='word_1_789' title='bbox 2512 4767 2826 4824; x_wconf 89' lang='lat' dir='ltr'>voluntate.</span> <span class='ocrx_word' id='word_1_790' title='bbox 2856 4768 2972 4822; x_wconf 88' lang='lat' dir='ltr'>Hoc</span> <span class='ocrx_word' id='word_1_791' title='bbox 2995 4784 3128 4823; x_wconf 90' lang='lat' dir='ltr'>vero</span> <span class='ocrx_word' id='word_1_792' title='bbox 3152 4783 3285 4822; x_wconf 91' lang='lat' dir='ltr'>eum</span> <span class='ocrx_word' id='word_1_793' title='bbox 3310 4767 3536 4836; x_wconf 89' lang='lat' dir='ltr'>fecisse,</span> 
     </span>
    </p>
   </div>
   <div class='ocr_carea' id='block_1_106' title="bbox 1892 4856 3536 4929">
    <p class='ocr_par' dir='ltr' id='par_1_106' title="bbox 1892 4856 3536 4929">
     <span class='ocr_line' id='line_1_107' title="bbox 1892 4856 3536 4929; baseline -0.003 -14"><span class='ocrx_word' id='word_1_794' title='bbox 1892 4861 2020 4915; x_wconf 90' lang='lat' dir='ltr'>ideo</span> <span class='ocrx_word' id='word_1_795' title='bbox 2054 4876 2165 4914; x_wconf 92' lang='lat' dir='ltr'>non</span> <span class='ocrx_word' id='word_1_796' title='bbox 2199 4857 2564 4922; x_wconf 88' lang='lat' dir='ltr'>dubitamus,</span> <span class='ocrx_word' id='word_1_797' title='bbox 2610 4857 2748 4929; x_wconf 89' lang='lat' dir='ltr'>quia</span> <span class='ocrx_word' id='word_1_798' title='bbox 2794 4874 2909 4912; x_wconf 93' lang='lat' dir='ltr'>non</span> <span class='ocrx_word' id='word_1_799' title='bbox 2941 4857 3214 4928; x_wconf 89' lang='lat' dir='ltr'>cuiquam</span> <span class='ocrx_word' id='word_1_800' title='bbox 3247 4856 3536 4926; x_wconf 68' lang='lat' dir='ltr'>haeretica,</span> 
     </span>
    </p>
   </div>
   <div class='ocr_carea' id='block_1_107' title="bbox 1894 4945 2822 5018">
    <p class='ocr_par' dir='ltr' id='par_1_107' title="bbox 1894 4945 2822 5018">
     <span class='ocr_line' id='line_1_108' title="bbox 1894 4945 2822 5018; baseline -0.005 -13"><span class='ocrx_word' id='word_1_801' title='bbox 1894 4949 1995 5006; x_wconf 83' lang='lat' dir='ltr'>sed</span> <span class='ocrx_word' id='word_1_802' title='bbox 2023 4948 2150 5018; x_wconf 90' lang='lat' dir='ltr'>ejus</span> <span class='ocrx_word' id='word_1_803' title='bbox 2179 4945 2486 5018; x_wconf 85' lang='lat' dir='ltr'>Evangelio</span> <span class='ocrx_word' id='word_1_804' title='bbox 2507 4946 2822 5002; x_wconf 89' lang='lat' dir='ltr'>credimus.</span> 
     </span>
    </p>
   </div>
   <div class='ocr_carea' id='block_1_108' title="bbox 1961 5052 2917 5116">
    <p class='ocr_par' dir='ltr' id='par_1_108' title="bbox 1961 5052 2917 5116">
     <span class='ocr_line' id='line_1_109' title="bbox 1961 5052 2917 5116; baseline -0.003 -11"><span class='ocrx_word' id='word_1_805' title='bbox 1961 5058 1978 5092; x_wconf 79' lang='grc'><strong>1</strong></span> <span class='ocrx_word' id='word_1_806' title='bbox 2013 5056 2098 5104; x_wconf 90' lang='lat' dir='ltr'>Er.</span> <span class='ocrx_word' id='word_1_807' title='bbox 2129 5053 2291 5116; x_wconf 86' lang='lat' dir='ltr'>Lugd.</span> <span class='ocrx_word' id='word_1_808' title='bbox 2325 5056 2377 5102; x_wconf 89' lang='lat' dir='ltr'>et</span> <span class='ocrx_word' id='word_1_809' title='bbox 2404 5052 2559 5113; x_wconf 84' lang='lat' dir='ltr'>Ven.,</span> <span class='ocrx_word' id='word_1_810' title='bbox 2580 5052 2753 5113; x_wconf 77' lang='lat' dir='ltr'>firma.</span> <span class='ocrx_word' id='word_1_811' title='bbox 2850 5053 2917 5102; x_wconf 80' lang='grc' dir='ltr'>Μ.</span> 
     </span>
    </p>
   </div>
   <div class='ocr_carea' id='block_1_109' title="bbox 1963 5118 2762 5181">
    <p class='ocr_par' dir='ltr' id='par_1_109' title="bbox 1963 5118 2762 5181">
     <span class='ocr_line' id='line_1_110' title="bbox 1963 5118 2762 5181; baseline -0.003 -14"><span class='ocrx_word' id='word_1_812' title='bbox 1963 5120 2037 5181; x_wconf 90' lang='lat' dir='ltr'>(a)</span> <span class='ocrx_word' id='word_1_813' title='bbox 2069 5119 2111 5166; x_wconf 88' lang='lat' dir='ltr'>Il</span> <span class='ocrx_word' id='word_1_814' title='bbox 2143 5118 2391 5174; x_wconf 84' lang='lat' dir='ltr'>Retract.,</span> <span class='ocrx_word' id='word_1_815' title='bbox 2422 5129 2536 5178; x_wconf 88' lang='lat' dir='ltr'>cap.</span> <span class='ocrx_word' id='word_1_816' title='bbox 2561 5118 2608 5176; x_wconf 83' lang='grc' dir='ltr'><strong>Ἰ,</strong></span> <span class='ocrx_word' id='word_1_817' title='bbox 2640 5128 2693 5163; x_wconf 92' lang='lat' dir='ltr'>n.</span> <span class='ocrx_word' id='word_1_818' title='bbox 2716 5118 2762 5165; x_wconf 91' lang='lat'>3.</span> 
     </span>
    </p>
   </div>
   <div class='ocr_carea' id='block_1_110' title="bbox 1226 5313 2461 5413">
    <p class='ocr_par' dir='ltr' id='par_1_110' title="bbox 1226 5313 2461 5413">
     <span class='ocr_line' id='line_1_111' title="bbox 1226 5313 2461 5413; baseline -0.002 -4"><span class='ocrx_word' id='word_1_819' title='bbox 1226 5316 1603 5413; x_wconf 83' lang='lat' dir='ltr'>LIBER</span> <span class='ocrx_word' id='word_1_820' title='bbox 1673 5313 2461 5412; x_wconf 84' lang='lat' dir='ltr'>TBIGESIMUS.</span> 
     </span>
    </p>
   </div>
   <div class='ocr_carea' id='block_1_111' title="bbox 197 5539 1779 5613">
    <p class='ocr_par' dir='ltr' id='par_1_111' title="bbox 197 5539 1779 5613">
     <span class='ocr_line' id='line_1_112' title="bbox 197 5539 1779 5613; baseline 0.002 -18"><span class='ocrx_word' id='word_1_821' title='bbox 197 5539 436 5596; x_wconf 82' lang='lat' dir='ltr'>CAPUT</span> <span class='ocrx_word' id='word_1_822' title='bbox 459 5541 765 5599; x_wconf 83' lang='lat' dir='ltr'>PRIMUM.</span> <span class='ocrx_word' id='word_1_823' title='bbox 790 5575 854 5584; x_wconf 94' lang='lat'><strong>—</strong></span> <span class='ocrx_word' id='word_1_824' title='bbox 878 5547 1134 5598; x_wconf 62' lang='lat' dir='ltr'>Faus&#39;ws</span> <span class='ocrx_word' id='word_1_825' title='bbox 1160 5539 1330 5596; x_wconf 82' lang='lat' dir='ltr'>dixit:</span> <span class='ocrx_word' id='word_1_826' title='bbox 1348 5539 1427 5596; x_wconf 91' lang='lat' dir='ltr'>De</span> <span class='ocrx_word' id='word_1_827' title='bbox 1446 5541 1779 5613; x_wconf 86' lang='lat' dir='ltr'>vobisjam-</span> 
     </span>
    </p>
   </div>
   <div class='ocr_carea' id='block_1_112' title="bbox 135 5626 1779 5705">
    <p class='ocr_par' dir='ltr' id='par_1_112' title="bbox 135 5626 1779 5705">
     <span class='ocr_line' id='line_1_113' title="bbox 135 5626 1779 5705; baseline 0.004 -24"><span class='ocrx_word' id='word_1_828' title='bbox 135 5626 350 5684; x_wconf 89' lang='lat' dir='ltr'>dudum</span> <span class='ocrx_word' id='word_1_829' title='bbox 360 5632 578 5687; x_wconf 88' lang='lat' dir='ltr'>Paulus</span> <span class='ocrx_word' id='word_1_830' title='bbox 590 5634 978 5705; x_wconf 87' lang='lat' dir='ltr'>scripsit,quia</span> <span class='ocrx_word' id='word_1_831' title='bbox 991 5631 1268 5687; x_wconf 80' lang='lat' dir='ltr'>discedent</span> <span class='ocrx_word' id='word_1_832' title='bbox 1282 5630 1549 5702; x_wconf 78' lang='lat' dir='ltr'>quidama</span> <span class='ocrx_word' id='word_1_833' title='bbox 1563 5632 1779 5702; x_wconf 82' lang='lat' dir='ltr'>ﬁde,in-</span> 
     </span>
    </p>
   </div>
   <div class='ocr_carea' id='block_1_113' title="bbox 135 5718 1780 5794">
    <p class='ocr_par' dir='ltr' id='par_1_113' title="bbox 135 5718 1780 5794">
     <span class='ocr_line' id='line_1_114' title="bbox 135 5718 1780 5794; baseline 0.004 -23"><span class='ocrx_word' id='word_1_834' title='bbox 135 5718 416 5776; x_wconf 81' lang='lat' dir='ltr'>tendentes</span> <span class='ocrx_word' id='word_1_835' title='bbox 425 5723 702 5792; x_wconf 75' lang='lat' dir='ltr'>spiritibus</span> <span class='ocrx_word' id='word_1_836' title='bbox 713 5722 1051 5794; x_wconf 84' lang='lat' dir='ltr'>seductoriis,</span> <span class='ocrx_word' id='word_1_837' title='bbox 1071 5721 1338 5778; x_wconf 79' lang='lat' dir='ltr'>doctrtnis</span> <span class='ocrx_word' id='word_1_838' title='bbox 1360 5719 1780 5790; x_wconf 69' lang='lat' dir='ltr'>daemoniorum,</span> 
     </span>
    </p>
   </div>
   <div class='ocr_carea' id='block_1_114' title="bbox 458 5847 943 5914">
    <p class='ocr_par' dir='ltr' id='par_1_114' title="bbox 458 5847 943 5914">
     <span class='ocr_line' id='line_1_115' title="bbox 458 5847 943 5914; baseline 0.008 -7"><span class='ocrx_word' id='word_1_839' title='bbox 458 5847 715 5913; x_wconf 77' lang='lat' dir='ltr'>PATROL.</span> <span class='ocrx_word' id='word_1_840' title='bbox 760 5849 943 5914; x_wconf 82' lang='lat' dir='ltr'>XLII.</span> 
     </span>
    </p>
   </div>
   <div class='ocr_carea' id='block_1_115' title="bbox 1887 5535 3542 5614">
    <p class='ocr_par' dir='ltr' id='par_1_115' title="bbox 1887 5535 3542 5614">
     <span class='ocr_line' id='line_1_116' title="bbox 1887 5535 3542 5614; baseline -0.005 -16"><span class='ocrx_word' id='word_1_841' title='bbox 1887 5543 1945 5598; x_wconf 82' lang='lat' dir='ltr'>in</span> <span class='ocrx_word' id='word_1_842' title='bbox 1962 5541 2242 5614; x_wconf 84' lang='lat' dir='ltr'>hypocrisi</span> <span class='ocrx_word' id='word_1_843' title='bbox 2258 5537 2919 5610; x_wconf 79' lang='lat' dir='ltr'>loquentesmendacium,</span> <span class='ocrx_word' id='word_1_844' title='bbox 2936 5538 3310 5592; x_wconf 84' lang='lat' dir='ltr'>cauleriatam</span> <span class='ocrx_word' id='word_1_845' title='bbox 3333 5535 3542 5590; x_wconf 79' lang='lat' dir='ltr'>haben-</span> 
     </span>
    </p>
   </div>
   <div class='ocr_carea' id='block_1_116' title="bbox 1889 5626 3546 5697">
    <p class='ocr_par' dir='ltr' id='par_1_116' title="bbox 1889 5626 3546 5697">
     <span class='ocr_line' id='line_1_117' title="bbox 1889 5626 3546 5697; baseline -0.005 -9"><span class='ocrx_word' id='word_1_846' title='bbox 1889 5641 1966 5688; x_wconf 87' lang='lat' dir='ltr'>tes</span> <span class='ocrx_word' id='word_1_847' title='bbox 1983 5631 2375 5687; x_wconf 84' lang='lat' dir='ltr'>conscientiam</span> <span class='ocrx_word' id='word_1_848' title='bbox 2394 5644 2571 5696; x_wconf 85' lang='lat' dir='ltr'>suam,</span> <span class='ocrx_word' id='word_1_849' title='bbox 2595 5626 2938 5697; x_wconf 82' lang='lat' dir='ltr'>prohibentes</span> <span class='ocrx_word' id='word_1_850' title='bbox 2959 5630 3182 5693; x_wconf 87' lang='lat' dir='ltr'>nubere,</span> <span class='ocrx_word' id='word_1_851' title='bbox 3207 5627 3546 5682; x_wconf 81' lang='lat' dir='ltr'>abstinentes</span> 
     </span>
    </p>
   </div>
   <div class='ocr_carea' id='block_1_117' title="bbox 1891 5716 3538 5793">
    <p class='ocr_par' dir='ltr' id='par_1_117' title="bbox 1891 5716 3538 5793">
     <span class='ocr_line' id='line_1_118' title="bbox 1891 5716 3538 5793; baseline -0.004 -16"><span class='ocrx_word' id='word_1_852' title='bbox 1891 5723 2078 5778; x_wconf 85' lang='lat' dir='ltr'>acibis</span> <span class='ocrx_word' id='word_1_853' title='bbox 2099 5735 2228 5793; x_wconf 80' lang='lat' dir='ltr'>quos</span> <span class='ocrx_word' id='word_1_854' title='bbox 2255 5719 2392 5773; x_wconf 84' lang='lat' dir='ltr'>Deus</span> <span class='ocrx_word' id='word_1_855' title='bbox 2412 5717 2637 5784; x_wconf 87' lang='lat' dir='ltr'>creavit,</span> <span class='ocrx_word' id='word_1_856' title='bbox 2664 5716 2734 5772; x_wconf 87' lang='lat' dir='ltr'>ad</span> <span class='ocrx_word' id='word_1_857' title='bbox 2749 5718 3167 5790; x_wconf 85' lang='lat' dir='ltr'>percipiendum</span> <span class='ocrx_word' id='word_1_858' title='bbox 3187 5732 3310 5772; x_wconf 90' lang='lat' dir='ltr'>cum</span> <span class='ocrx_word' id='word_1_859' title='bbox 3330 5722 3538 5788; x_wconf 73' lang='lat' dir='ltr'>gratia-</span> 
     </span>
    </p>
   </div>
   <div class='ocr_carea' id='block_1_118' title="bbox 3148 5843 3223 5904">
    <p class='ocr_par' dir='ltr' id='par_1_118' title="bbox 3148 5843 3223 5904">
     <span class='ocr_line' id='line_1_119' title="bbox 3148 5843 3223 5904; baseline 0.013 -1"><span class='ocrx_word' id='word_1_860' title='bbox 3148 5843 3223 5904; x_wconf 78' lang='grc'>16</span> 
     </span>
    </p>
   </div>
  </div>
