4046 6184
1776 0 1823 15 Γ-

2492 54 2541 69 cp,
2808 56 2863 65 di,
2936 52 2939 59 ι
3074 54 3081 57 ,

0 5844 325 6184 ’ἱ

336 352 446 410 ιρι
1080 352 1392 411 CONTRA
1438 352 1813 415 FAUSTUM
1861 347 2379 418 MANltIIl/EITM,
2433 351 2498 409 s.
2544 348 2968 411 AUGUSTINI
3509 322 3743 441 ωλι(θῖμῇ

334 500 459 538 rum
481 485 697 573 actione
717 482 967 553 ﬁdelibus
987 486 1029 555 (Ι
1056 487 1187 540 Tim.
1218 504 1291 551 iv,
1319 488 1443 553 1-3).
1470 486 1775 573 Nunquam
1803 482 1973 573 plane
2086 482 2545 573 quaicapitulum
2566 481 2675 536 hoc
2691 481 2928 573 aDeoAad
2952 479 3170 573 percipi
3373 487 3599 551 nobiscrea.

334 574 437 627 tibi
464 589 567 643 ego
587 572 706 627 haec
732 573 802 627 ab
822 575 1096 643 Apostolo
1116 577 1270 629 dicta
1286 592 1413 630 esse
1435 572 1845 635 consenserim,
1862 569 1974 623 nisi
2093 574 2151 623 ta
2163 570 2323 635 dicit,
2338 572 2765 625 etdaamonioru
2777 588 2829 624 m
2844 571 2972 624 insu
2985 587 3083 641 per
3098 570 3180 624 do.
3373 582 3587 637 ivocatabg

336 662 1004 734 anteacontitearisipse,
1026 664 1257 735 Moysen
1276 662 1658 732 etProphetas
1680 657 1977 713 doctrinas
2084 658 2391 713 tinentiam
2409 661 2834 731 praedictorum.
2854 660 2999 722 Quid
3021 676 3187 731 ergoe
3377 660 3606 727 harissimi‘?

337 752 605 806 attulisse
624 752 1067 817 daemoniorum,
1094 758 1149 806 et
1168 750 1477 807 scductorii
1504 749 1743 820 spiritus
1768 764 1831 801 ac
1857 764 1981 802 ma-
2089 748 2867 803 ritunetuncdaamoniorum
2887 748 3196 817 vivitis,cui
3373 756 3613 829 avobispas.
3847 736 3853 803 ἱ

337 839 478 912 ligni
504 840 683 896 fuisse
709 841 1068 911 interpretes,
1094 841 1190 910 qui
1216 858 1249 895 a
1271 840 1505 910 porcina
1526 842 1582 891 et
1604 836 1823 891 caeteris
1855 853 1981 891 car-
2091 836 2274 891 sionis
2287 837 2502 892 Christi
2519 837 2885 892 celebrantur
2906 837 3201 909 mysteria,
3376 846 3601 919 uctoriispi

341 930 535 995 nibus,
558 946 706 1001 quas
728 930 1062 985 immundae
1078 933 1301 991 vocant,
1324 926 1568 981 sollicite
1586 926 1832 981 doceant
1848 925 1984 980 abs-
2098 926 2245 980 ritus
2259 926 2462 981 fraude
2479 926 2776 999 capimini,
2796 932 2851 982 et
2870 928 2927 981 in
2943 926 3211 998 hypocris
3379 930 3498 986 imini
3513 951 3623 992 men-
3867 968 3873 1035 ι

348 1019 382 1035 ι·
527 1020 540 1035 ι
702 1024 738 1035 n
792 1018 803 1035 I
838 1020 847 1029 ο
908 1034 913 1035 ,
1010 1034 1019 1035 κ
1086 1014 1959 1035 7f,__-J_IEL_U-_j___-_n-L2_A‘L
2100 1015 2317 1035 JA_2--__
2387 1022 2431 1035 ,ι
2474 1017 2679 1035 --ηιξηῗ
2726 1021 2835 1035 1,“-
2892 1016 3109 1035 ‘,_LAA,.,
3168 1032 3215 1035 ,Α
3412 1019 3437 1035 ι’

342 1019 672 1074 tinendum.
700 1024 773 1073 De
792 1018 1030 1088 hisergo
1046 1016 1683 1087 primodeliberandum
1699 1014 1984 1080 vobisest,
2091 1015 2347 1083 dacium,
2379 1022 2435 1071 et
2464 1017 2844 1071 cauteriatam
2892 1016 3118 1071 habetis
3161 1032 3220 1070 cc
3374 1019 3516 1076 etiam
3541 1041 3628 1080 ves-
3868 1014 3879 1095 ’κ

344 1113 403 1163 et
422 1109 523 1162 diu
548 1107 911 1176 multumque
932 1105 1328 1175 cogitandum,
1354 1104 1472 1159 haec
1495 1104 1593 1175 qui
1618 1104 1869 1159 debeant
1892 1118 1985 1158 ae-
2092 1110 2241 1159 tram
2265 1104 2292 1157 ?
2310 1105 2470 1169 Quod
2494 1106 2541 1159 si
2563 1104 2772 1160 horum
2795 1104 2939 1160 nihil
2963 1122 3097 1171 vos;
3123 1120 3227 1160 nec
3373 1106 3515 1178 igitur.
3533 1113 3635 1176 Quit

343 1198 456 1269 cipi
476 1200 515 1266 ¹,
540 1196 598 1251 in
648 1195 837 1250 Deone
876 1193 986 1264 ipsi
1014 1193 1156 1259 haec,
1189 1210 1260 1247 an
1297 1192 1355 1247 in
1389 1194 1673 1248 daemonio
1705 1192 1881 1246 locuti
1912 1190 1989 1245 vi-
2095 1210 2231 1264 ergo
2250 1192 2361 1248 sibi
2378 1193 2498 1247 vult
2520 1194 2839 1266 capitulum
2864 1194 2991 1261 hoc,
3010 1200 3112 1249 aut
3135 1212 3166 1249 a
3190 1211 3225 1266 q
3374 1195 3549 1267 riptum
3568 1219 3645 1272 pu-
3887 1198 3895 1283 ἢ

342 1288 484 1341 dean
495 1292 607 1339 tur.
633 1284 748 1337 Hac
768 1282 921 1337 enim
941 1286 1035 1337 ten
1047 1285 1476 1354 us,autMoyses
1499 1288 1555 1337 et
1575 1281 1875 1353 Prophetas
1894 1296 1991 1334 no-
2096 1283 2375 1349 tabimus,
2392 1288 2449 1337 et
2463 1289 2661 1338 contra
2677 1300 2844 1354 quos,
2866 1284 3020 1355 quod
3040 1300 3141 1338 nec
3157 1284 3242 1337 Vei
3378 1285 3649 1346 Testamenti

340 1374 565 1429 hiscum
589 1370 848 1425 damnati
872 1377 1065 1437 erunt,
1095 1377 1196 1425 aut
1218 1376 1273 1425 et
1298 1388 1402 1426 nos
1425 1387 1555 1425 cum
1576 1370 1693 1426 illis
1715 1369 1988 1425 absoluti.
2096 1371 2461 1438 traditiones,
2488 1390 2589 1427 nec
2614 1373 2749 1426 Novi
2776 1373 3080 1430 conﬁrmet
3102 1372 3248 1427 scita
3373 1375 3662 1444 quidemhcc

338 1462 533 1531 Neque
557 1458 709 1515 enim
728 1459 892 1528 justa
914 1459 1033 1514 haec
1067 1477 1220 1515 nunc
1252 1464 1445 1515 vestra
1477 1459 1763 1515 sententia
1794 1462 1901 1523 est,
1928 1462 1993 1512 ut
2098 1460 2170 1514 ab
2193 1462 2488 1528 omnibus,
2516 1467 2579 1516 ut
2601 1479 2667 1516 ex
2688 1462 2853 1517 vobis
2879 1462 3023 1532 ipsis
3059 1478 3258 1533 appari
3373 1461 3488 1518 illud
3515 1482 3617 1521 vero
3640 1485 3666 1522 a
3908 1428 3913 1493 ι

338 1567 444 1605 nos
458 1549 719 1620 quidem,
736 1548 1042 1620 quisolum
1061 1551 1116 1603 in
1136 1549 1299 1620 plebe
1314 1549 1669 1605 sacerdotale
1685 1547 1993 1603 hominum
2100 1550 2455 1620 quibusdam
2480 1552 2768 1621 quamvis,
2788 1550 3066 1606 abstineri
3087 1556 3264 1606 tamex
3376 1557 3672 1610 cetzsenten-

339 1656 524 1711 genus
547 1654 861 1694 censemus
882 1638 1199 1693 acarnibus
1222 1640 1512 1694 abstinere
1527 1640 1756 1705 debere,
1773 1638 1994 1691 dmmo-
2100 1638 2181 1692 tia
2202 1655 2333 1693 vero
2357 1640 2478 1694 haec
2498 1643 2688 1694 vestra
2705 1646 2976 1694 cunctam
2996 1640 3227 1710 penitus
3244 1656 3272 1693 c
3373 1639 3541 1696 talium
3557 1644 3681 1700 cibo-

343 1727 574 1783 niorum
598 1727 874 1782 doctrinas
897 1727 1201 1782 videamur
1220 1728 1383 1783 vobis
1405 1732 1791 1783 assectatores
1816 1743 1829 1781 :
1864 1743 1997 1781 ves-
2104 1745 2232 1781 rum
2254 1728 2690 1799 abstinentiam,
2710 1728 3132 1783 daemoniorum
3152 1728 3275 1783 vult
3373 1745 3414 1783 ie
3426 1730 3686 1788 doctrinas.
3934 1726 3935 1743 ¹

344 1823 466 1873 tros
489 1832 618 1871 vero
641 1816 979 1887 Prophetas,
1007 1822 1181 1888 atque
1206 1817 1398 1887 ipsum
1429 1818 1572 1871 adeo
1605 1818 1863 1889 Moysen,
1897 1814 1997 1886 qui

344 1906 573 1979 primus
596 1922 709 1960 non
726 1905 1093 1961 antistitibus
1114 1906 1327 1975 solum,
1349 1907 1448 1961 sed
1469 1906 1627 1960 omni
1648 1906 1887 1960 confuse
1901 1904 2001 1959 ho-

348 1995 575 2050 minum
600 1995 797 2068 generi
825 1994 1001 2051 suilla
1022 1995 1408 2059 interdixerit,
1434 2000 1491 2050 et
1514 1995 1798 2066 leporina,
1822 2000 1877 2050 et
1898 1995 1998 2050 he-

351 2085 567 2140 ricina’
598 2101 790 2150 carne,
824 2090 881 2140 et
912 2085 1091 2156 sepiis
1122 2102 1187 2140 ac
1237 2084 1621 2157 lolliginibus,
1664 2084 2001 2155 caeterisque

352 2175 661 2246 generibus
708 2174 957 2245 piscium
1009 2175 1344 2229 carentibus
1395 2191 1643 2245 squama
1673 2175 1860 2244 (Leuit.
1896 2177 1998 2241 x1),

353 2281 469 2320 non
502 2265 559 2319 in
592 2264 801 2336 spiritu
837 2265 1164 2319 seductorio
1197 2265 1325 2328 hoc,
1361 2281 1464 2319 nec
1496 2264 1554 2318 in
1586 2263 1850 2318 doctrina
1883 2263 2002 2316 dae—

353 2353 704 2421 moniorum,
738 2354 838 2408 sed
888 2353 946 2407 in
992 2354 1107 2408 Deo
1146 2354 1340 2426 potius
1372 2357 1428 2408 et
1458 2352 1516 2407 in
1548 2357 1750 2408 sancto
1780 2351 2001 2422 Spiritu

350 2441 575 2496 locutos
605 2457 732 2496 esse
763 2442 1154 2496 arbitremini.
1194 2441 1378 2513 Igitur
1410 2445 1474 2495 ut
1503 2440 1612 2495 hoc
1636 2440 1741 2494 tibi
1766 2439 2001 2494 interim

349 2530 594 2585 Paulum
626 2530 841 2585 dixisse
870 2532 1205 2598 concedam,
1239 2530 1427 2585 victus
1460 2535 1653 2585 tamen
1679 2530 1787 2583 abs
1809 2533 1863 2583 te
1886 2545 2001 2583 non

351 2623 484 2674 ante
514 2618 694 2686 fuero,
729 2635 904 2690 quam
926 2623 986 2673 tu
1018 2619 1249 2690 Moysen
1274 2618 1643 2674 damnaveris
1668 2623 1726 2674 et
1753 2617 2001 2689 Prophe-

348 2712 477 2763 tas:
513 2716 573 2763 ut
601 2709 757 2779 quod
782 2708 1006 2763 ratione
1034 2710 1334 2764 convictus
1356 2714 1413 2764 et
1432 2709 1674 2763 veritate
1698 2723 2002 2777 nunquam

354 2797 603 2851 fortasse
633 2796 890 2864 fecisses,
919 2797 977 2852 id
1031 2813 1186 2854 nunc
1235 2798 1451 2853 ventris
1493 2814 1671 2853 causa
1703 2798 1889 2851 facere
1920 2795 2004 2849 vi-

356 2886 569 2952 dearis,
602 2885 1010 2957 blasphemare
1046 2887 1304 2959 Moysen.

428 2974 659 3030 CAPUT
680 2979 747 3030 ll.
764 3006 831 3016 -—
845 2976 1086 3030 Estvero
1101 2980 1155 3030 et
1169 2975 1321 3030 aliud
1342 2976 1411 3029 de
1434 2974 1623 3030 tribus
1639 2974 1834 3047 pueris
1848 2974 2003 3045 apud

359 3080 461 3119 vos
486 3064 546 3118 in
578 3063 835 3134 Daniele,
868 3080 982 3135 quo
1016 3065 1388 3119 vehementer
1419 3065 1655 3136 perinde
1685 3063 2005 3119 confunde-

363 3152 531 3221 mini,
556 3152 603 3208 si
634 3153 793 3208 istud
825 3153 1172 3223 constiterit,
1205 3171 1238 3208 a
1266 3152 1409 3209 cibis
1439 3154 1752 3221 abstinere,
1788 3153 2006 3207 daemo-

364 3243 597 3298 niorum
618 3258 745 3298 esse
759 3241 979 3313 religio.
1008 3241 1095 3295 Illi
1116 3241 1272 3296 enim
1294 3258 1404 3295 non
1429 3245 1659 3296 tantum
1680 3242 1750 3297 ab
1774 3240 2010 3296 interdi-

363 3331 470 3387 ctis
498 3332 666 3403 Lege,
692 3332 793 3387 sed
815 3330 986 3387 etiam
1011 3330 2009 3401 aconcessisabstinuisseleguntur

364 3422 524 3492 (Dan.
568 3438 607 3486 1,
644 3422 730 3491 12)
757 3438 769 3475 :
805 3437 952 3491 quos
980 3420 1351 3474 vehementer
1382 3419 1578 3474 mirari
1614 3418 1830 3483 soletis,
1860 3422 1916 3472 et
1946 3416 2005 3471 in

362 3509 718 3582 martyribus
764 3524 1100 3575 numerare;
1133 3524 1265 3563 cum
1294 3508 1411 3562 sint
1436 3513 1492 3563 et
1526 3507 1637 3578 ipsi
1680 3507 2005 3562 doctrinam

359 3598 609 3653 assecuti
643 3597 1082 3663 daemoniorum,
1110 3596 1158 3650 si
1184 3596 1291 3650 hoc
1312 3614 1439 3651 esse
1460 3595 1717 3666 Apostoli
1743 3596 2002 3651 testimo-

358 3687 521 3741 nium
554 3690 797 3741 constat.
831 3686 914 3741 Ad
948 3686 1067 3741 bzec
1100 3690 1157 3740 et
1187 3685 1387 3740 Daniel
1421 3686 1545 3757 ipse
1575 3686 1764 3739 tribus
1794 3685 2007 3740 hebdo-

358 3776 548 3830 madis
581 3775 806 3830 dierum
823 3775 1127 3845 jejunasse
1150 3791 1212 3829 se
1235 3773 1523 3845 perhibet,
1547 3778 1604 3829 et
1629 3790 1864 3829 carnem
1889 3789 2005 3828 non

361 3864 574 3929 edisse,
608 3881 711 3919 nec
730 3863 949 3918 bibisse
970 3864 1191 3929 vinum,
1218 3864 1358 3918 dum
1382 3869 1641 3918 exoraret
1664 3880 1765 3934 pro
1791 3862 2005 3935 populo

362 3970 467 4009 suo
499 3952 599 4021 (Id.
632 3970 686 4020 x,
718 3954 772 4023 2,
806 3953 880 4021 3).
915 3952 1062 4016 Quid
1090 3968 1225 4023 ergo
1248 3958 1305 4006 et
1327 3953 1417 4007 hic
1440 3953 1497 4006 in
1524 3952 1784 4007 doctrina
1805 3970 1866 4007 se
1892 3953 2004 4007 dae-

362 4042 692 4097 moniorum
754 4041 1109 4113 magniﬁcat,
1166 4046 1223 4096 et
1281 4043 1350 4096 de
1406 4041 1721 4096 scductorii
1760 4041 2004 4112 spiritus

359 4136 687 4185 commento
718 4129 962 4201 gloriam
1007 4134 1220 4200 captat.

427 4218 658 4273 CAPUT
682 4219 776 4275 IIl.
804 4250 871 4258 —
895 4218 979 4272 De
993 4218 1154 4273 vobis
1175 4217 1459 4289 veroquid
1482 4218 1667 4272 dicam
1686 4217 1712 4271 ?
1731 4218 1783 4273 id
1806 4224 1913 4287 est,
1935 4219 2004 4274 de

355 4306 859 4363 christianioribus
881 4307 1033 4377 apud
1056 4324 1175 4377 vos,
1193 4323 1443 4378 quorum
1477 4307 1741 4361 nonnulli
1768 4309 2003 4377 quidem

353 4398 614 4469 porcina,
640 4397 904 4469 plerique
924 4412 1056 4451 vero
1081 4396 1455 4467 quadrupede
1487 4397 1669 4463 omni,
1698 4396 1794 4451 alii
1826 4398 2003 4453 etiam

278 4548 279 4551 η
352 4492 560 4542 cuncto
584 4486 820 4541 animali
848 4485 1081 4557 penitus
1103 4484 1425 4550 abstinent,
1455 4485 1681 4556 fertque
1704 4486 1776 4540 ob
1809 4486 1915 4541 hoc
1946 4486 2004 4541 in

350 4576 536 4631 oculis
553 4592 650 4630 eos
664 4575 853 4629 omnis
867 4573 1146 4639 Ecclesia,
1161 4578 1217 4629 et
1231 4590 1471 4629 summa
1485 4590 1617 4628 eum
1634 4576 2005 4631 veneratione

349 4665 697 4736 suspiciens,
720 4663 908 4719 solum
927 4680 1043 4719 non
1063 4664 1199 4718 deos
1214 4663 1530 4718 existimat.
1548 4667 1663 4718 Nec
1677 4663 1905 4730 videtis,
1923 4665 2010 4729 in,

349 4754 587 4821 dociles,
614 4753 751 4824 quia
775 4754 820 4807 si
847 4753 953 4807 hoc
978 4769 1197 4821 verum,
1221 4758 1276 4807 et
1298 4753 1369 4807 ab
1403 4752 1668 4823 Apostolo
1686 4753 1905 4807 dictum
1925 4758 2008 4809 te-

350 4838 1245 4907 stimoniumest,dzemoniorum
1262 4842 1442 4913 etipsi
1464 4840 2008 4897 suntludiﬁcatido-

350 4933 575 4989 ctrinis.
601 4932 747 4997 Quid
775 4947 905 4985 vero
928 4930 1075 4984 etde
1096 4928 1193 4984 illo
1211 4930 1497 5000 dicemus,
1518 4930 1674 5002 quod
1693 4947 1831 4986 sane
1851 4932 2005 4987 frus-

348 5022 491 5077 trari
515 5021 648 5093 quis
676 5021 888 5075 audeat
906 5024 1007 5073 aut
1023 5020 1327 5088 abnegare,
1347 5035 1477 5073 cum
1494 5024 1715 5075 constet
1729 5019 1835 5075 hoc
1854 5021 2007 5077 inter

348 5128 572 5175 omnes,
597 5114 653 5164 et
674 5124 837 5180 eaque
860 5124 960 5180 per
979 5108 1177 5162 orbem
1196 5112 1487 5162 terrarum
1509 5109 1824 5179 quotannis
1842 5110 2005 5166 omni

348 5216 479 5254 cum
498 5199 693 5254 studio
712 5197 1103 5253 celebreturin
1121 5202 1405 5252 conventu
1424 5197 1880 5254 catholico?Dico
1896 5216 2001 5254 au-

344 5291 462 5342 tem
486 5287 1033 5359 Quadragesimam,
1062 5302 1240 5357 quam
1265 5286 1367 5357 qui
1390 5286 1543 5341 inter
1566 5304 1667 5342 vos
1684 5287 1793 5342 rite
1811 5288 2005 5343 obser-

344 5376 592 5431 vandam
618 5375 925 5447 putaverit,
951 5374 1250 5430 abstineat
1267 5391 1505 5431 necesse
1518 5380 1606 5431 est
1620 5376 1893 5431 omnibus
1912 5375 2002 5431 his

410 5518 432 5582 ί.
461 5515 561 5582 Εη
582 5516 752 5582 Ιιιιεῴ
777 5517 929 5582 νων
960 5515 1145 5580 ecquid
1172 5515 1353 5566 debeat
1376 5517 1556 5581 accipi.
1580 5519 1730 5578 Lov.,
1747 5518 1851 5575 haec
1870 5518 2003 5582 quid

345 5576 564 5640 debeant
594 5576 767 5640 acc'ipi.
866 5581 934 5629 Μ.

346 5639 605 5759 “tua?”
636 5639 850 5689 hiccine.
880 5641 1071 5692 Verius
1099 5642 1227 5692 editi
1257 5641 1346 5691 alii
1378 5642 1432 5691 et
1467 5641 1590 5691 Μαι.
1623 5642 1849 5693 hericina
1880 5646 1995 5707 aut,

2104 1816 2205 1869 Cui
2232 1816 2279 1870 si
2305 1822 2361 1870 et
2380 1832 2481 1870 vos
2502 1817 2757 1885 creditis,
2782 1818 2984 1872 eadem
3009 1818 3221 1888 saepius
3238 1816 3290 1871 di
3374 1834 3454 1885 ro,
3470 1819 3699 1878 damnate

2105 1904 2360 1975 Moysen,
2390 1906 2716 1961 renuntiate
2738 1906 3060 1978 Prophetis,
3086 1906 3227 1961 ferte
3268 1923 3296 1977 p
3378 1923 3461 1961 em
3483 1913 3531 1962 et
3548 1910 3607 1964 de
3623 1928 3699 1966 νο·
3947 1888 3955 1973 i

2106 1994 2195 2047 bis
2221 1992 2366 2065 ipsis
2389 1994 2736 2049 sententiam
2764 2012 2776 2049 :
2803 1995 2943 2066 quia
2975 1999 3039 2049 ut
3068 1993 3147 2048 illi
3181 2011 3303 2049 sem
3373 2012 3418 2049 3r
3442 2013 3472 2050 a
3500 1998 3709 2068 quibus-
3956 1980 3957 1995 χ

2106 2081 2239 2135 dam
2256 2082 2538 2151 ciborum,
2556 2082 2639 2137 sic
2655 2100 2753 2137 vos
2767 2083 3061 2138 interdum
3079 2083 3312 2138 abtineti
3376 2085 3442 2139 ab
3455 2087 3710 2143 omnibus.
3968 2118 3973 2183 ι

2179 2170 2456 2225 CAPPUT
2484 2172 2572 2225 IV.
2599 2204 2664 2211 —
2684 2175 2795 2226 Aut
2820 2172 2869 2227 si
2895 2172 3122 2244 Moyses
3151 2171 3315 2227 vobis
3373 2178 3409 2228 et
3436 2175 3723 2247 praphete,

2108 2275 2240 2313 cum
2263 2277 2423 2315 escas
2446 2261 2790 2330 dijudicant,
2808 2261 2904 2316 Dei
2930 2260 3112 2329 legem
3137 2262 3326 2316 sancir
3392 2263 3657 2333 videntur,
3679 2270 3727 2321 et

2109 2365 2222 2403 non
2246 2349 2697 2417 daemoniorum;
2724 2352 2769 2405 si
2794 2350 2995 2405 Daniel
3020 2351 3077 2404 in
3101 2351 3319 2422 Spiritu
3373 2358 3541 2408 aucto
3558 2354 3733 2409 obser-
3987 2348 3995 2435 Ιγ

2108 2437 2261 2491 vavit
2280 2443 2397 2493 tres
2420 2438 2817 2494 hebdomadas
2847 2457 2860 2506 ;
2885 2440 2934 2493 si
2964 2439 3238 2505 Ananiae,
3272 2446 3344 2494 A2
3373 2441 3533 2508 irias,
3567 2448 3619 2497 et
3645 2442 3738 2497 Mi-
3996 2440 3997 2455 ¹

2108 2525 2429 2598 saelpueri,
2454 2528 2657 2581 divina
2680 2528 2896 2584 mentis
2920 2529 3223 2599 instinctu,
3243 2529 3352 2584 olei
3374 2530 3746 2587 ibusubima-

2109 2615 2345 2671 luerunt
2366 2621 2423 2671 et
2443 2616 2873 2689 leguminibus;
2890 2618 2935 2673 si
2954 2617 3275 2689 deniquein
3292 2636 3359 2674 vo
3373 2619 3755 2692 bisquotquot

2110 2704 2422 2768 abstinent,
2441 2723 2553 2761 non
2568 2724 2601 2761 a
2618 2707 2920 2761 daemoniis
2938 2706 3181 2777 impulsi
3199 2705 3255 2761 id
3271 2707 3758 2776 faciuntgsiQua-

2111 2794 2441 2865 dragesima
2463 2796 2588 2851 sine
2609 2797 2739 2851 vino
2760 2800 2816 2850 et
2837 2795 3110 2851 carnibus
3143 2813 3255 2851 non
3289 2799 3710 2868 superstitiose
3740 2815 3773 2854 a

2110 2883 2293 2953 vobis,
2328 2885 2426 2939 sed
2456 2884 2651 2939 divina
2680 2884 2804 2956 lege
2836 2889 3101 2940 servatur
3127 2902 3140 2939 :
3176 2884 3395 2949 videte,
3432 2903 3661 2957 quaeso,
3690 2885 3773 2941 vi-

2110 2971 2259 3039 dete,
2296 2989 2367 3027 ne
2398 2990 2643 3029 summa:
2675 2974 2980 3029 dementiae
3012 2972 3121 3028 hoc
3152 2972 3227 3028 sit
3256 2990 3291 3027 a
3330 2974 3525 3031 Paulo
3562 2975 3789 3030 dictum

2112 3067 2337 3132 putare,
2371 3063 2527 3134 quod
2560 3063 2979 3118 daemoniorum
3012 3062 3277 3117 doctrina
3313 3064 3400 3119 sit
3424 3063 3796 3119 abstinentia

2113 3152 2303 3206 omnis
2317 3152 2602 3220 ciborum,
2617 3156 2672 3206 et
2686 3151 2990 3224 prohibere
3006 3152 3541 3223 nubere:quemad
3553 3154 3693 3208 mod
3707 3169 3805 3207 um

2114 3256 2219 3295 nec
2236 3239 2377 3295 illud
2399 3242 2552 3313 quod
2572 3241 2711 3296 dicit
2726 3242 2900 3296 etiam
2921 3240 3172 3313 virgines
3187 3240 3399 3298 dicare
3414 3242 3688 3311 Christo,
3706 3242 3815 3297 daa-

2116 3329 2446 3383 moniorum
2464 3347 2591 3385 esse
2604 3330 2929 3397 doctrinas;
2951 3331 3105 3401 quod
3121 3347 3220 3385 vos
3239 3330 3516 3401 perinde
3533 3332 3677 3387 sine
3692 3347 3835 3386 con-

2115 3417 2465 3473 sideratione
2489 3419 2764 3490 legentes,
2790 3423 2855 3473 ut
2876 3423 3104 3489 caetera,
3131 3418 3202 3473 ad
3232 3435 3350 3475 nos
3389 3420 3681 3474 subinde
3707 3435 3837 3474 res-

2116 3507 2341 3577 picitis:
2389 3523 2491 3562 nec
2521 3508 2728 3562 videtis
2758 3507 2895 3561 hinc
2926 3511 2983 3562 et
3011 3507 3265 3579 virgines
3304 3513 3575 3564 vestras
3614 3509 3848 3563 daemo-

2115 3594 2343 3651 niorum
2367 3596 2630 3651 doctrina
2650 3601 2849 3665 captas
2875 3595 3084 3665 notari,
3107 3602 3163 3651 et
3185 3613 3295 3652 vos
3324 3614 3482 3653 esse
3521 3597 3855 3653 antistites

2113 3685 2468 3740 dzemonioru
2480 3703 2555 3751 m,
2581 3684 2679 3755 qui
2702 3685 2965 3740 certatim
2991 3701 3223 3756 semper
3244 3686 3330 3740 ad
3351 3686 3544 3741 hanc
3565 3703 3685 3742 eas
3700 3684 3870 3741 incit.

2112 3776 2244 3829 tetis
2268 3774 2685 3845 professionem
2709 3774 3085 3829 suasionibus
3109 3774 3361 3842 vestris,
3395 3780 3474 3829 ut
3532 3791 3706 3846 pene
3726 3776 3867 3844 jam

2113 3864 2367 3933 majorin
2382 3862 2653 3919 Ecclesiis
2667 3863 2941 3919 omnibus
2956 3863 3253 3934 virginum
3279 3865 3479 3936 apud
3496 3880 3623 3919 vos
3638 3907 3654 3929 ,
3671 3878 3882 3935 quam

2112 3952 2423 4008 mulierum
2438 3952 2829 4007 numerositas
2842 3952 3324 4015 habeatur?Quid
3343 3968 3519 4024 ergo
3538 3969 3682 4007 non
3698 3956 3767 4006 et
3778 3965 3894 4005 vos

2106 4043 2226 4111 jam
2246 4042 2528 4097 desistitis
2546 4060 2577 4097 a
2594 4042 2810 4096 talibus
2830 4040 3285 4112 incmptisPQuid
3315 4042 3392 4096 in
3418 4042 3759 4096 fraudem
3776 4038 3903 4093 mi-

2114 4148 2274 4187 seras
2296 4132 2574 4186 inducitis
2608 4132 2759 4186 filias
2782 4130 3109 4201 hominum,
3138 4130 3185 4184 si
3212 4147 3359 4185 non
3390 4131 3469 4185 in
3504 4131 3613 4186 eis
3650 4127 3913 4185 Christi

2112 4220 2379 4276 voluntas
2404 4220 2702 4291 impletur,
2725 4221 2824 4274 sed
2847 4220 3286 4274 damoniorum
3316 4220 3353 4274 ?
3384 4220 3475 4275 Et
3509 4224 3764 4275 tamen
3786 4218 3922 4272 hoc.

2114 4312 2278 4367 nobis
2295 4310 2479 4382 primo
2495 4310 2891 4381 respondeatis
2904 4309 3097 4380 velim,
3115 4314 3353 4365 utrum
3374 4312 3697 4366 omnino
3726 4307 3938 4380 virgi-

2114 4418 2213 4455 nes
2234 4402 2439 4467 facere,
2465 4400 2729 4454 doctrina
2747 4400 2823 4455 sit
2845 4399 3323 4466 daemoniorum,
3372 4417 3472 4455 an
3517 4399 3771 4455 solum
3814 4413 3939 4469 per

2113 4489 2563 4561 prohibitionem
2588 4489 2769 4543 facere
2784 4487 3151 4543 nubendi?Si
3167 4504 3297 4559 per
3315 4488 3931 4560 prohibitionem
3948 4525 3966 4551 ,

2114 4578 2346 4633 nihilad
2369 4594 2501 4631 nos:
2527 4593 2661 4631 nam
2680 4576 2863 4648 etipsi
2884 4581 2999 4631 tam
3037 4575 3327 4631 stultum
3353 4578 3821 4647 judicamus
3857 4576 3967 4628 in-

2112 4668 2308 4723 hibere
2330 4666 2637 4731 volentem,
2662 4682 2837 4738 quam
2863 4666 3025 4720 nefas
3043 4665 3447 4737 etimpium
3481 4668 3685 4722 satis
3717 4664 3982 4720 nolen-

2113 4762 2227 4813 tem
2252 4771 2474 4827 cogere.
2498 4754 2553 4808 Si
2578 4771 2709 4809 vero
2733 4756 2919 4809 favere
2944 4754 3079 4809 huic
3113 4771 3417 4827 quoque
3464 4755 3876 4827 proposito
3915 4756 3989 4807 et

2114 4862 2227 4901 non
2243 4844 2511 4899 reluctari
2528 4841 2823 4909 volenti,id
2841 4859 3071 4914 quoque
3086 4843 3526 4899 doctrinam
3554 4862 3659 4915 pu
3674 4844 3867 4898 tatis
3883 4858 4007 4896 es-

2113 4951 2173 4989 se
2195 4932 2811 4996 daemoniorum,taceo
2830 4948 2985 4987 nunc
2998 4936 3299 4987 vestrum
3323 4933 3610 5003 pericu
3626 4932 3831 4999 lum,
3860 4930 4010 5000 ipsi

2104 5023 2231 5093 jam
2252 5023 2428 5076 timeo
2448 5019 2742 5092 Apostolo,
2770 5038 2840 5077 ne
2866 5021 3347 5075 daemoniorum
3393 5021 3878 5077 doctrinam
3907 5019 4029 5073 in-

2112 5110 2318 5166 tulisse
2350 5116 2486 5165 tunc
2518 5109 2781 5164 Iconium
2812 5110 3097 5177 videatur,
3129 5125 3317 5163 cum
3358 5109 3773 5165 Theclam
3810 5104 4038 5179 Oppi-

2113 5203 2412 5271 gneratam
2428 5199 2553 5269 jam
2572 5197 2851 5265 thalamo,
2876 5199 2934 5252 in
2955 5214 3239 5253 amorem
3265 5214 3683 5255 sermone
3704 5214 3863 5254 suo
3881 5209 4046 5269 por-

2113 5292 2295 5360 petuie
2314 5286 2957 5358 virginitatisineendit.
2978 5287 3124 5353 Quid
3148 5303 3353 5342 vero
3390 5292 3479 5342 et.
3511 5288 3619 5343 de
3652 5286 4046 5359 magistro

2110 5376 2238 5449 ipso
2260 5376 2546 5441 dicemus,
2569 5392 2634 5431 ac
2661 5376 3035 5432 sanctimonii
3061 5374 3287 5430 totius
3325 5380 3692 5433 auctore
3723 5377 3954 5445 Jesu,
3987 5375 4046 5431 et

2115 5465 2289 5536 hujus
2313 5466 2500 5533 ipsius
2523 5465 2901 5538 professionis
2920 5462 3306 5537 puellarum
3336 5465 3638 5522 caelibe
3665 5482 3983 5539 sponso
4005 5467 4046 5534 ί,

2113 5554 2213 5626 qui
2230 5554 2290 5611 in
2308 5554 2617 5627 Evangelio
2636 5554 2747 5610 tria
2762 5570 2975 5626 genera
2987 5559 3222 5611 taxans
3243 5556 3785 5630 spadonum,
3808 5570 4046 5613 unua

2175 5709 2192 5745 ι
2223 5707 2285 5757 In
2311 5706 2455 5769 Msa,
2486 5706 2651 5759 colite
2676 5719 2880 5771 cpomo.
