4046 6184
221 390 324 451 497

226 536 342 579 eum
369 534 380 572 :
417 515 562 585 Quod
582 532 680 585 ego
707 517 1067 586 sanctz’ﬁcavi,
1102 516 1448 571 immundum
1466 533 1536 572 ne
1574 517 1845 571 vocaveris

220 612 339 681 (Act.
368 625 419 675 x,
453 607 655 676 11-15).
693 607 854 671 Quod
888 607 1125 676 quidem
1160 607 1354 677 ipsum
1380 606 1513 661 licet
1534 611 1589 660 et
1621 623 1721 677 per
1750 605 1831 661 al-

225 698 470 770 legoriam
504 694 661 749 aliud
695 694 1000 765 quiddam,
1035 698 1091 748 et
1121 711 1233 749 non
1267 694 1720 750 indifferentiam
1750 694 1833 747 vi-

121 769 132 791 .
220 769 398 843 deatur
423 784 750 855 significare
774 784 1036 838 ciborum
1060 800 1073 850 ;
1092 788 1285 838 tamen
1305 784 1444 854 quia
1465 784 1627 839 vobis
1649 789 1703 838 et
1724 783 1833 838 hoc

216 876 283 931 ita
309 872 611 944 intelligere
642 871 849 944 placet,
905 872 1220 927 vescamini
1254 872 1431 942 igitur
1462 888 1696 927 necesse
1745 876 1835 927 est

217 964 409 1038 passim
441 960 651 1016 belluis
682 962 980 1028 omnibus,
1011 966 1068 1015 et
1118 960 1379 1015 echidnis
1404 964 1419 995 ¹
1452 964 1508 1015 et
1556 959 1830 1029 colubris,

211 1070 265 1108 ac
291 1051 497 1120 reliquo
529 1049 690 1105 omni
734 1066 946 1121 genere
994 1050 1328 1120 serpentino
1371 1050 1541 1119 juxta
1594 1049 1835 1104 horama

218 1140 357 1197 Petri.
388 1139 675 1194 Hactenus
702 1139 857 1193 enim
890 1154 1021 1193 vere
1053 1138 1206 1193 dicto
1238 1138 1544 1193 audientes
1576 1155 1674 1194 vos
1704 1155 1832 1194 esse

211 1228 498 1303 probabitis
526 1226 652 1282 voci
686 1244 863 1298 quam
896 1228 1081 1281 fertur
1110 1228 1383 1282 audisse:
1419 1232 1475 1281 et
1506 1235 1700 1282 tamen
1729 1228 1828 1281 hu-

204 1321 281 1390 jus
306 1333 524 1389 quoque
557 1316 946 1371 memineritis
978 1332 1225 1387 semper,
1262 1315 1398 1386 quia
1427 1321 1653 1387 Moyses
1693 1316 1828 1371 hinc

206 1412 252 1464 et
276 1406 554 1476 Prophetas
588 1404 851 1460 damnati
882 1409 1038 1473 sunt,
1075 1405 1174 1476 qui
1205 1406 1275 1459 de
1308 1405 1381 1459 iis
1431 1422 1559 1477 quae
1608 1406 1827 1460 sancti-

206 1496 423 1551 ﬁcaverit
451 1494 609 1549 Deus
634 1495 807 1564 juxta
837 1494 994 1549 vocis
1024 1494 1204 1565 hujus
1232 1496 1607 1561 sententiam,
1643 1495 1829 1549 multa

208 1584 506 1658 putaverint
536 1600 664 1639 esse
690 1582 929 1655 polluta.

259 1672 467 1730 CAPUT
515 1671 607 1727 IV.
644 1703 710 1713 —
762 1674 1143 1727 AUGUSTINUS
1172 1672 1507 1744 respondit:
1556 1676 1697 1727 Cum
1748 1674 1828 1727 ait

202 1760 505 1835 Apostolus,
532 1762 736 1817 Omnia
762 1762 965 1816 munda
982 1762 1203 1817 mundis
1226 1764 1349 1832 (Tit.
1377 1779 1415 1825 ι,
1445 1762 1559 1829 15),
1583 1768 1824 1818 naturas

204 1852 329 1923 ipsas
357 1850 602 1922 intelligi
639 1851 841 1917 voluit,
876 1868 1024 1921 quas
1056 1850 1209 1905 Deus
1240 1851 1473 1917 creavit,
1495 1852 1820 1905 secundum

202 1940 313 1995 illud
342 1940 493 2011 quod
523 1940 753 2011 Moyses
780 1940 836 1993 in
870 1940 1077 1994 Genesi
1114 1939 1373 2010 scripsit,
1404 1942 1473 1994 Et
1502 1941 1633 2009 fecit
1685 1940 1823 1995 Deus

206 2032 385 2085 omnia:
416 2038 467 2083 et
507 2044 624 2083 ecce
655 2030 792 2083 bona
814 2029 971 2083 valde
996 2028 1148 2097 (Gen.
1170 2046 1207 2097 ι,
1236 2029 1325 2098 31)
1352 2045 1364 2092 ;
1393 2045 1502 2083 non
1526 2028 1820 2099 significa-

203 2118 371 2185 tiones,
401 2118 735 2173 secundum
769 2134 916 2188 quas
949 2117 1103 2172 Deus
1136 2134 1236 2188 per
1262 2118 1535 2171 eumdem
1584 2118 1820 2188 Moysen

201 2200 257 2262 ab
278 2207 590 2262 immundis
613 2207 835 2261 munda
855 2205 1345 2273 discrevit(l.evit.
1366 2207 1444 2276 x1)
1469 2221 1483 2261 :
1510 2206 1661 2261 unde
1684 2208 1823 2278 quia

203 2295 482 2351 multaetm
499 2295 937 2364 ultislocisjam
968 2294 1244 2364 diximus,
1279 2312 1433 2350 nunc
1452 2296 1698 2350 breviter
1718 2297 1817 2351 ad-

204 2386 459 2440 monuisse
484 2384 807 2441 suffecerit.
845 2384 1085 2439 Proinde
1118 2383 1247 2439 illos
1279 2384 1377 2454 qui
1407 2384 1530 2455 jam
1557 2389 1819 2456 tempore

204 2474 474 2530 revelation
488 2475 545 2529 is
568 2472 1289 2539 NoviTestamenti,adhuc
1310 2472 1441 2527 illas
1459 2472 1700 2528 umbras
1729 2474 1817 2528 fu-

202 2566 423 2618 turorum
450 2563 545 2617 ita
567 2563 979 2618 custodiendas
999 2568 1289 2633 putarent,
1319 2566 1380 2616 ut
1401 2562 1526 2617 sine
1562 2561 1631 2617 iis
1666 2562 1817 2617 Gen-

197 2655 266 2705 tes
283 2652 549 2718 salutem,
577 2669 704 2723 quae
731 2651 789 2705 in
813 2650 1039 2706 Christo
1062 2654 1169 2715 est,
1198 2653 1490 2721 percipere
1509 2667 1622 2704 non
1648 2666 1817 2720 posse

197 2742 606 2807 contenderent,
640 2740 979 2796 immundos
1000 2740 1142 2793 dicit
1163 2738 1493 2809 Apostolus,
1521 2739 1673 2810 quod
1698 2754 1817 2792 car-

1276 384 1511 446 LIBER
1556 383 2035 445 TRIGESIMUS
2082 384 2515 447 SECUNDUS.

3483 383 3601 444 498

1956 514 2028 571 iis
2053 533 2176 586 quae
2196 517 2531 587 sumebant,
2556 534 2668 572 non
2694 518 2892 571 sancte
2915 516 3196 585 necjuste
3245 514 3595 571 utebantur:

1945 605 2097 660 sicut
2128 623 2332 661 omnes
2366 608 2604 677 quidem
2636 604 2931 673 infideles,
2975 605 3075 659 sed
3134 621 3236 659 vos
3288 604 3595 675 praecipue,

1944 693 2269 761 Manichzsi,
2296 696 2507 765 quibus
2526 695 2765 749 omnino
2795 694 2943 748 nihil
2967 699 3057 748 est
3079 694 3596 764 mundum.Neque

1943 784 2098 838 enim
2120 784 2285 837 cibus
2308 784 2431 854 ipse
2455 800 2628 854 quem
2655 783 2909 849 sumitis,
2936 783 3205 853 quamvis
3227 799 3361 837 eum
3384 800 3596 854 magna

1943 871 2248 943 diligentia
2274 874 2439 943 quasi
2467 889 2498 927 a
2519 872 2711 927 carnis
2732 872 3073 943 contagione
3097 873 3398 943 separetis,
3423 889 3594 927 mun-

1945 960 2053 1015 dus
2078 966 2165 1015 est
2187 961 2370 1027 vobis,
2406 977 2577 1032 quem
2605 966 2861 1015 creatum
2890 961 3000 1015 nisi
3035 978 3068 1015 a
3098 958 3327 1015 diabolo
3361 978 3471 1015 non
3507 961 3593 1015 di-

1942 1051 2093 1105 citis.
2125 1052 2185 1104 In
2210 1050 2308 1105 illo
2328 1050 2502 1106 etiam
2529 1050 2703 1104 deum
2730 1054 2989 1104 vestrum
3014 1049 3255 1122 ligatum
3276 1055 3447 1121 atque
3468 1050 3593 1122 p01-

1941 1138 2133 1195 lutum
2164 1157 2263 1195 vos
2294 1140 2518 1194 edendo
2552 1155 2801 1210 purgare
2836 1138 3176 1207 perhibetis.
3210 1142 3325 1193 Vos
3383 1140 3589 1195 saltem

1940 1229 2105 1284 vobis
2126 1228 2331 1284 mundi
2350 1228 2716 1295 videremini,
2743 1244 2996 1298 quorum
3015 1227 3317 1283 ventribus
3337 1233 3592 1284 meretur

1939 1315 2037 1371 ille
2060 1318 2314 1389 purgari.
2338 1319 2446 1371 Sed
2468 1322 2525 1371 et
2546 1321 2738 1371 vestra
2763 1332 3004 1388 corpora
3027 1321 3296 1371 naturam
3322 1321 3377 1372 et
3418 1318 3590 1389 opifio

1939 1405 2091 1460 cium
2109 1407 2298 1477 gentis
2323 1407 2694 1461 tenebrarum
2714 1421 2840 1461 esse
2863 1406 3469 1476 contenditis,animas
3492 1424 3591 1462 au-

1937 1498 2053 1551 tem
2078 1501 2301 1551 vestras
2321 1496 2464 1567 ipsis
2488 1495 2679 1550 adhuc
2701 1494 3041 1567 corporibus
3064 1495 3415 1565 inquinatas.
3440 1496 3587 1561 Quid

1936 1598 2073 1655 ergo
2099 1584 2260 1639 vobis
2283 1589 2371 1639 est
2395 1584 2683 1638 mundum
2708 1589 2730 1639 P
2753 1588 2877 1639 Non
2902 1602 3027 1655 quae
3047 1585 3301 1654 sumitis,
3333 1602 3448 1640 non
3471 1603 3585 1657 quo

1937 1672 2171 1727 mittitis
2194 1688 2261 1727 ea
2290 1690 2416 1744 qum
2450 1673 2699 1739 sumitis,
2735 1690 2847 1728 non
2894 1691 2995 1729 vos
3044 1673 3156 1745 ipsi
3206 1674 3307 1745 qui
3354 1681 3589 1746 sumpta

1936 1761 2219 1831 purgatis,
2248 1762 2470 1817 Videtis
2494 1778 2628 1833 ergo
2652 1766 2887 1833 propter
2909 1779 3056 1833 quos
3082 1767 3221 1817 tunc
3252 1763 3425 1818 istam
3449 1780 3586 1819 sen-

1934 1851 2179 1904 tentiam
2211 1850 2355 1904 dixit
2405 1850 2743 1922 Apostolus:
2798 1851 2972 1906 talem
3024 1856 3217 1907 tamen
3260 1852 3423 1923 dixit,
3457 1870 3583 1924 quae

1934 1954 2137 1994 omnes
2160 1939 2423 1994 infideles
2446 1946 2501 1994 et
2523 1940 2860 1995 immundos
2886 1946 3126 2010 teneret,
3168 1941 3267 1997 sed
3308 1958 3410 1997 vos
3444 1960 3585 2011 pras-

1932 2028 2100 2098 cipue
2133 2028 2497 2099 maximeque
2530 2029 2915 2084 convinceret.
2954 2033 3159 2087 Omnia
3188 2046 3321 2102 ergo
3380 2033 3587 2087 munda

1930 2117 2505 2185 mundis,secundum
2536 2123 2804 2172 naturam
2833 2120 2887 2172 in
2914 2135 3029 2189 qua
3050 2123 3242 2173 creata
3266 2125 3439 2175 sunt:
3468 2138 3582 2175 non

1931 2210 2124 2261 tamen
2140 2206 2335 2260 omnia
2351 2209 2671 2261 secundum
2705 2206 3190 2278 significationem
3221 2211 3439 2263 munda
3473 2210 3584 2280 pri-

1930 2310 2025 2349 mo
2058 2293 2272 2365 populo
2303 2294 2674 2349 Judaaorum:
2712 2311 2814 2349 nec
2848 2295 3016 2350 nobis
3046 2296 3263 2362 omnia,
3298 2296 3381 2351 vel
3408 2314 3584 2368 prop-

1928 2387 2016 2438 ter
2044 2382 2291 2438 salutem
2326 2384 2607 2454 corporis,
2664 2382 2746 2437 vel
2811 2387 3045 2455 propter
3094 2385 3579 2442 consuetudinem

1931 2470 2201 2526 humanae
2233 2471 2546 2537 societatis,
2579 2477 2715 2544 apta
2747 2478 2915 2540 sunt;
2951 2473 3051 2527 sed
3083 2488 3216 2527 cum
3241 2490 3348 2528 sua
3368 2474 3579 2546 cuique

1930 2562 2256 2616 redduntur
2285 2566 2342 2615 et
2372 2561 2695 2616 naturalem
2758 2562 3019 2638 ordinem
3085 2567 3338 2630 servant,
3391 2565 3580 2620 omnia

1927 2650 2143 2705 munda
2174 2655 2312 2703 sunt
2340 2649 2603 2712 mundis;
2640 2650 2935 2704 Immundis
2963 2659 3147 2706 autem
3167 2655 3219 2705 ct
3242 2651 3579 2722 inﬁdelibus,

1928 2738 2134 2809 quales
2151 2738 2439 2809 praecipue
2469 2756 2570 2793 vos
2600 2738 2760 2806 estis,
2792 2739 2939 2794 nihil
2954 2748 3032 2794 est
3051 2740 3339 2795 mundum.
3365 2743 3578 2798 Caetera

195 2828 367 2884 naliter
386 2847 487 2900 sap
505 2834 668 2884 erent
696 2833 787 2897 ;et
816 2827 1099 2895 infideles,
1126 2828 1279 2899 quod
1306 2832 1540 2898 tempus
1560 2828 1757 2899 gratiae
1784 2844 1819 2881 a
1920 2830 2044 2899 jam
2069 2828 2243 2882 verba
2273 2826 2531 2899 Apostoli
2559 2845 2685 2898 quae
2709 2832 3015 2899 sequntur,
3038 2845 3139 2883 vos
3167 2828 3279 2900 ipsi
3299 2829 3457 2885 vobis
3483 2848 3579 2886 sa-

191 2918 324 2990 Legis
352 2925 621 2990 tempore
654 2934 766 2973 non
806 2918 1221 2973 discernerent.
1256 2916 1481 2980 Quibus
1514 2916 1640 2971 ideo
1674 2916 1816 2969 dicit

194 3006 309 3061 nihil
337 3025 457 3063 esse
494 3007 813 3071 mundum,
847 3007 984 3078 quia
1014 3011 1071 3061 et
1100 3006 1173 3061 iis
1204 3022 1331 3078 quae
1359 3006 1732 3077 respuebant,
1758 3010 1816 3061 et

245 3106 259 3141 ⁸
287 3106 489 3170 Aliquot
518 3107 674 3164 Mss"
702 3108 752 3155 et
779 3104 987 3155 echinis.

1926 2917 2173 2972 lubriter
2204 2916 2491 2983 diceretis,
2526 2917 2575 2971 si
2597 2918 2976 2972 cauteriatam
3000 2922 3251 2974 vestram
3275 2919 3575 2975 conscien-

1926 3005 2070 3062 tiam
2102 3005 2295 3061 sanari
2326 3004 2570 3061 velletis.
2621 3005 2900 3077 Sequitur
2954 3006 3148 3063 enim:
3210 3006 3314 3063 Sed
3364 3009 3580 3079 polluta

1931 3098 2059 3151 sunt
2088 3112 2276 3151 eorum
2307 3103 2357 3150 et
2384 3112 2539 3150 mens
2568 3103 2619 3151 et
2648 3096 2993 3152 conscientia.

882 3338 1261 3431 LIBER
1337 3336 2094 3431 TRIGESIMUS
2176 3335 2858 3431 SECUNDUS.

246 3604 455 3662 CAPUT
495 3604 812 3661 PRIMUM.
845 3634 915 3646 —
946 3604 1211 3659 FAUSTUS
1250 3602 1396 3657 dixit
1429 3619 1441 3656 :
1490 3602 1547 3657 Si
1596 3602 1839 3674 accipis—

196 3690 561 3766 Evangelium,
599 3694 830 3749 credere
862 3693 1059 3749 omnia
1089 3692 1288 3759 debes,
1322 3709 1447 3763 qua:
1498 3692 1555 3745 in
1607 3693 1809 3747 eodem

192 3782 372 3854 scripta
391 3784 709 3848 sunt.Quid
732 3783 887 3838 enim
912 3789 994 3848 tu,
1029 3781 1360 3853 quiaVetus
1376 3780 1590 3853 accipis
1608 3782 1809 3835 Testa-

191 3877 440 3940 mentum,
462 3873 764 3928 idcircone
787 3872 979 3927 credis
1001 3872 1199 3925 omnia
1229 3869 1447 3941 passim
1471 3886 1599 3941 quae
1624 3870 1681 3923 in
1714 3885 1809 3924 eo-

192 3959 292 4015 dem
316 3963 531 4034 scripta
546 3961 727 4016 aunt?
742 3952 960 4031 Nempe
983 3959 1139 4014 solas
1160 3958 1421 4014 indidem
1437 3963 1810 4030 excerpentes

188 4049 487 4120 prophetiae
516 4067 647 4122 qua:
681 4066 875 4121 regem
906 4047 1125 4105 Judaeis
1164 4052 1477 4102 venturum
1510 4047 1810 4118 significa-

189 4135 319 4203 bant,
341 4140 479 4210 quia
500 4141 701 4211 ipsum
728 4138 953 4210 putatis
976 4154 1103 4192 esse
1120 4136 1324 4191 Jesum
1344 4161 1356 4203 ;
1380 4141 1435 4191 et
1454 4153 1639 4207 pauca
1661 4153 1811 4207 quae-

191 4223 294 4281 dam
315 4228 639 4300 disciplinae
667 4227 852 4283 civilis
880 4229 1166 4298 praecepta
1189 4226 1545 4293 communia,
1597 4230 1658 4280 ut
1699 4230 1806 4293 est,

188 4314 277 4369 Non
304 4318 527 4388 occides,
544 4318 664 4372 Non
684 4315 1355 4387 mcechaberz's(Exod.xx,
1380 4315 1460 4369 13.
1488 4315 1811 4387 14);caatera

189 4407 629 4475 praetermittitis,
648 4410 705 4460 et
723 4405 1090 4460 arbitramini
1118 4420 1245 4459 esse
1264 4421 1376 4459 non
1408 4404 1604 4459 minus
1631 4408 1809 4476 ntque

186 4494 355 4549 eadem
387 4512 517 4566 quae
556 4494 770 4549 Paulus
802 4494 1026 4565 putavit
1058 4502 1311 4547 stercora
1336 4493 1597 4563 (Philipp.
1620 4510 1704 4561 ιιι,
1727 4494 1806 4564 8).

189 4578 305 4641 Quid
336 4599 470 4657 ergo
507 4583 884 4657 peregrinum
916 4583 1046 4648 hoc,
1080 4586 1181 4636 aut
1211 4582 1351 4652 quid
1380 4581 1595 4636 mirum
1625 4586 1732 4649 est,
1758 4582 1807 4637 si

188 4674 228 4721 et
251 4687 344 4742 ego
373 4674 442 4728 de
471 4676 846 4728 Testamento
877 4671 1031 4727 Novo
1064 4670 1383 4743 purissima
1435 4687 1677 4741 qumque
1728 4669 1810 4726 le-

186 4771 303 4826 gens
332 4767 386 4817 et
415 4780 562 4818 mea
594 4761 770 4817 saluti
828 4760 1249 4826 convenientia,
1311 4777 1378 4815 ea
1434 4760 1809 4831 praetermitto

185 4861 286 4915 quae
316 4868 347 4905 a
373 4852 591 4907 vestris
621 4849 948 4921 majoribus
980 4848 1219 4904 inducta
1251 4848 1549 4919 fallaciter,
1581 4856 1638 4904 et
1684 4866 1806 4904 ma-

178 4932 415 5001 jestatem
448 4940 644 5013 ipsius
676 4943 733 4994 et
761 4938 1011 5010 gratiam
1044 4936 1415 4994 decolorent?

238 5024 449 5085 CAPUT
492 5031 564 5084 ΙΙ.
599 5060 668 5068 -—
696 5031 779 5082 An
812 5028 862 5083 si
915 5027 1098 5083 Patris
1145 5030 1583 5082 Testamentum
1634 5026 1809 5082 habet

183 5111 351 5185 aliqua
379 5118 439 5172 in
473 5116 694 5189 quibus
726 5132 935 5188 parum
970 5115 1176 5170 debeat
1206 5116 1393 5170 audiri
1417 5116 1629 5187 (Patris
1650 5116 1805 5171 enim

181 5215 284 5258 esse
303 5204 481 5261 vultis
514 5206 820 5261 Judaicam
857 5204 1068 5277 legem,
1104 5204 1275 5274 cujus
1308 5204 1577 5259 novimus
1629 5221 1805 5275 quam

182 5291 334 5349 multa
361 5295 531 5350 vobis
562 5294 882 5361 horrorem,
918 5310 1094 5365 quam
1143 5294 1333 5347 multa
1391 5294 1673 5365 pudorem
1731 5295 1812 5349 fa-

182 5378 327 5449 ciant,
362 5388 427 5439 ut
445 5388 738 5455 quantum
766 5383 835 5438 ad
860 5381 1497 5452 animumjamdudum
1522 5381 1807 5453 ipsijudi-

183 5472 416 5528 caveritis
450 5489 584 5528 eam
617 5489 728 5527 non
762 5487 888 5527 esse
921 5471 1236 5539 sinceram,
1269 5469 1537 5540 quamvis
1593 5472 1805 5543 partim

184 5558 493 5634 Pateripse,
518 5570 586 5616 ut
624 5561 882 5625 creditis,
908 5560 1087 5631 digito
1114 5576 1219 5615 suo
1242 5575 1369 5614 eam
1386 5558 1567 5629 vobis,
1594 5560 1804 5631 partim

185 5646 374 5719 Moyses
397 5648 1275 5721 scripserit,ﬁdelisetinteger),
1314 5646 1497 5703 solius
1526 5648 1651 5702 Filii
1697 5666 1804 5720 pu-

186 5736 303 5792 tatis
328 5739 766 5796 Testamentum
798 5755 911 5795 non
942 5738 1202 5812 potuisse
1248 5736 1565 5810 corrumpi,
1614 5738 1806 5796 solum

1922 3620 2038 3659 non
2072 3602 2286 3659 habere
2318 3602 2537 3674 aliquid
2573 3604 2725 3673 quod
2759 3602 2819 3657 in
2850 3619 2913 3659 se
2942 3602 3149 3658 debeat
3205 3604 3574 3675 improbari?

1921 3691 2243 3764 praesertim
2279 3692 2430 3763 quod
2464 3708 2567 3745 nec
2598 3692 2669 3746 ab
2702 3692 2830 3763 ipso
2856 3692 3141 3763 scriptum
3175 3696 3425 3759 constat,
3467 3710 3571 3748 nec

1921 3783 1992 3836 ab
2020 3782 2148 3851 ejus
2168 3780 2482 3851 Apostolis,
2502 3780 2602 3835 sed
2618 3780 2790 3852 longo
2812 3786 2944 3852 post
2965 3786 3247 3851 tempore,
3280 3781 3569 3851 aquibus-

1921 3870 2055 3924 dam
2081 3869 2285 3924 incerti
2305 3869 2557 3925 nominis
2578 3870 2737 3935 viris,
2760 3870 2861 3940 qui
2886 3885 2957 3925 ne
2978 3869 3087 3925 sibi
3108 3886 3221 3925 non
3256 3870 3571 3925 haberetur

1920 3958 2088 4024 ﬁdes,
2124 3957 2520 4013 scribentibus
2550 3974 2677 4029 quas
2704 3959 3016 4025 nescirent,
3034 3960 3245 4029 partim
3270 3958 3569 4030 Apostolo-

1920 4063 2049 4103 rum
2083 4049 2339 4115 nomina,
2366 4048 2579 4119 partim
2610 4064 2810 4103 eorum
2833 4048 2929 4118 qui
2954 4048 3263 4119 Apostolus
3284 4050 3467 4104 secuti
3489 4048 3570 4104 vi-

1919 4137 2218 4196 darentur.
2250 4138 2601 4208 scriptorum
2635 4153 2877 4192 suorum
2898 4138 3187 4193 frontibus
3208 4137 3565 4206 indiderunt,

1918 4228 2318 4279 asseverantes
2333 4225 2652 4279 secundum
2669 4240 2767 4279 eos
2781 4241 2841 4279 se
2856 4224 3163 4296 scripsisse
3176 4242 3302 4295 quae
3317 4226 3564 4297 scripse-

1918 4314 2184 4379 rint.Quo
2204 4313 2391 4385 magis
2408 4313 2547 4368 mihi
2566 4313 2834 4368 videntur
2861 4314 3075 4384 injuria
3106 4314 3266 4386 gravi
3299 4315 3562 4371 affecisse

1918 4401 2238 4473 discipulos
2260 4402 2469 4457 Christi
2496 4422 2509 4458 :
2545 4402 2683 4474 quia
2702 4420 2825 4473 qua:
2848 4403 3086 4458 dissona
3106 4403 3281 4459 iidem
3314 4410 3370 4459 et
3391 4420 3563 4476 repu-

1919 4491 2162 4564 gnantia
2200 4492 2311 4546 sibi
2360 4492 2700 4571 scriberent,
2736 4508 2804 4547 ea
2852 4493 3132 4547 referrent
3174 4493 3245 4547 ad
3281 4493 3463 4564 ipsos,
3510 4498 3568 4549 et

1918 4581 2240 4637 secundum
2256 4597 2354 4635 eos
2390 4581 2510 4635 haec
2526 4581 2778 4636 scribere
2800 4598 2862 4636 se
2886 4582 3293 4653 profiterentur
3314 4583 3564 4654 Evange-

1917 4669 2016 4735 lia,
2041 4687 2166 4741 quae
2191 4669 2367 4724 tantis
2390 4670 2507 4724 sint
2533 4669 2741 4724 referta
2782 4670 3098 4738 erroribus,
3124 4670 3303 4726 tantis
3334 4675 3564 4727 contra-

1920 4759 2226 4815 rietatibus
2260 4758 2662 4814 narrationum
2695 4758 2873 4813 simul
2904 4776 2970 4813 ac
3000 4760 3447 4826 sententiarum,
3498 4766 3565 4816 ut

1920 4864 2023 4903 nec
2049 4847 2160 4902 sibi
2184 4864 2447 4920 prorsus,
2477 4864 2581 4903 nec
2604 4848 2756 4903 inter
2776 4849 2984 4921 seipsa
3020 4850 3387 4905 conveniant.
3414 4849 3561 4913 Quid

1918 4953 2054 5009 ergo
2086 4937 2241 4992 aliud
2274 4942 2380 5007 est,
2423 4954 2598 5009 quam
2632 4937 2977 4993 calumniari
3000 4938 3203 5008 bonos,
3237 4944 3295 4994 et
3350 4938 3558 4993 Christi

1917 5025 2339 5097 discipulorum
2366 5027 2707 5082 concordem
2732 5032 2942 5082 ccetum
2961 5028 3020 5082 in
3044 5028 3263 5083 crimen
3281 5028 3558 5082 devocare

1918 5114 2262 5171 discordiae?
2293 5115 2425 5179 Qum
2452 5116 2588 5186 quia
2606 5133 2710 5171 nos
2740 5115 3017 5188 legentes,
3040 5115 3558 5172 animadvertimus

1918 5204 2108 5259 cordis
2138 5205 2343 5259 obtutu
2378 5205 2713 5275 sanissimo,
2746 5204 3559 5275 aequissimumjudicavimus

1918 5293 2163 5349 utilibus
2186 5293 2435 5366 acceptis
2458 5294 2773 5364 exiisdem,
2800 5295 2855 5349 id
2890 5298 2999 5363 est,
3038 5293 3110 5348 iis
3133 5310 3257 5364 quae
3296 5297 3353 5347 et
3384 5293 3559 5349 fidem

1919 5387 2176 5438 nostram
2231 5384 2535 5452 aedificent,
2568 5388 2625 5439 et
2663 5383 2879 5437 Christi
2930 5382 3159 5438 Domini
3216 5385 3390 5454 atque
3429 5383 3560 5454 ejus

1917 5471 2105 5528 Patris
2136 5473 2557 5544 omnipotentis
2578 5472 2675 5527 Dei
2707 5476 3026 5544 prepagent
3056 5470 3324 5542 gloriam,
3351 5476 3560 5528 caetera

1916 5562 2242 5633 repudiare,
2275 5580 2401 5635 quae
2434 5578 2537 5616 nec
2590 5562 2850 5631 ipsorum
2909 5560 3223 5631 majestati,
3276 5576 3381 5617 nec
3423 5562 3557 5618 fidei

1914 5656 2127 5707 nostris
2159 5652 2522 5707 conveniant.

1986 5740 2217 5796 CAPUT
2243 5742 2309 5796 lI.
2332 5739 2657 5797 —-Proinde
2676 5754 2911 5811 necvos,
2940 5740 3207 5796 utdicere
3243 5757 3552 5813 coeperam,
