4046 6184
486 375 602 432 499

490 508 558 561 de
586 508 961 561 Testamento
985 506 1186 558 Vetere
1205 505 1708 559 circumcisionem
1737 505 1972 558 creditis
1992 504 2138 558 acci-

492 595 767 666 piendam
795 593 1126 660 carnaliter,
1161 593 1430 663 quamvis
1454 592 1537 647 ita
1559 593 1633 647 sit
1653 593 1936 664 scriptum
1989 592 2139 663 (Gen.

492 700 630 748 xvn,
660 682 855 752 9-14):
893 698 1081 752 neque
1111 682 1219 735 sub
1249 681 1364 736 otio
1398 697 1464 737 ac
1497 682 1793 736 vacatione
1837 681 2143 736 colendum

498 773 832 835 sabbatum,
856 771 1126 841 quamvis
1147 770 1230 825 ita
1252 771 1478 841 legatur
1500 771 1695 842 (Exod.
1729 788 1882 837 χχιιι,
1901 771 1986 842 13)
2010 787 2022 836 ;
2045 771 2145 825 sed

498 877 602 915 nec
631 860 954 925 sacriticiis,
991 866 1055 914 ut
1087 859 1266 931 Moysi
1299 860 1546 927 videtur,
1574 859 2148 914 etimmolationibus

497 949 850 1020 placandum
868 949 1048 1003 Deum
1068 949 1310 1019 (Levita)
1333 965 1343 1002 :
1366 949 1466 1003 sed
1497 948 1614 1002 haec
1630 948 1863 1018 quidem
1887 953 1948 1002 ut
1961 947 2149 1002 aliena

499 1054 739 1108 prorsus
756 1042 810 1092 et
837 1037 1090 1109 procula
1111 1037 1225 1091 ritu
1247 1037 1570 1092 christiano
1590 1037 1797 1107 posita,
1818 1053 1883 1091 ac
1901 1035 2062 1090 nulla
2083 1051 2150 1089 ex

497 1131 658 1198 parte
687 1126 1011 1198 probabilia
1041 1125 1499 1196 contempsistis.
1537 1126 1769 1190 Qaadam
1797 1142 1926 1180 vero
1947 1140 2147 1179 eorum

494 1216 668 1270 etiam
685 1215 1037 1270 divisistisin
1058 1216 1256 1280 duo,et
1273 1214 1481 1286 partim
1506 1215 1741 1286 quidem
1760 1214 2148 1284 amplectimi-

494 1306 574 1372 ni,
607 1305 816 1375 partim
837 1320 972 1358 vero
995 1304 1304 1375 respuitis:
1335 1308 1397 1357 ut
1416 1303 1655 1368 Pascha,
1691 1304 1840 1373 quod
1859 1308 1947 1357 est
1975 1308 2032 1357 et
2063 1304 2148 1373 ip-

494 1409 626 1448 sum
659 1393 1016 1448 Testamenti
1051 1392 1274 1446 Veteris
1307 1392 1672 1446 anniversale
1704 1408 1957 1457 sacrum,
1981 1393 2149 1461 cujus

496 1483 553 1536 in
587 1480 974 1536 celebratione
1007 1498 1140 1536 cum
1177 1481 1255 1535 sit
1284 1480 1568 1551 scriptum
1599 1480 1784 1550 vobis,
1815 1496 1925 1534 non
1958 1479 2146 1535 solum

495 1587 713 1642 agnum
747 1575 1001 1625 mactare
1033 1557 1322 1624 edendum
1356 1570 1466 1624 sub
1500 1569 1808 1633 nocte,sed
1832 1569 2004 1623 etiam
2030 1569 2149 1624 die-

496 1661 609 1713 bus
651 1664 875 1730 septem
911 1660 1206 1714 abstinere
1247 1659 1550 1725 fermento,
1586 1663 1643 1713 et
1671 1674 1800 1712 esse
1847 1664 2151 1714 contentos

499 1764 699 1819 azymo
726 1765 858 1802 cum
894 1748 1157 1820 picridiis
1176 1747 1372 1817 (Exod.
1393 1750 1524 1815 xu):
1547 1764 1650 1802 vos
1669 1746 1891 1801 Pascha
1912 1747 2150 1817 quidem

499 1836 1273 1908 assumitis,praatermittitis
1287 1852 1420 1891 vero
1441 1836 1616 1889 ritum
1638 1834 1805 1889 illum
1825 1851 1888 1889 ac
1907 1851 2148 1903 morem,

501 1942 615 1995 quo
649 1931 882 1980 cautum
915 1931 1004 1980 est
1034 1925 1188 1979 idem
1220 1925 1428 1979 debere
1459 1924 1698 1980 servari.
1731 1928 1876 1978 Item
1928 1928 2149 1995 septem

501 2014 728 2068 dierum
760 2013 1178 2078 hebdomadas,
1214 2014 1269 2066 id
1303 2018 1412 2080 est,
1435 2017 1833 2078 Pentecosten,
1857 2029 2034 2082 quam
2061 2029 2152 2083 pe-

499 2104 664 2158 rinde
696 2103 922 2174 Moyses
952 2108 1106 2157 certo
1141 2103 1395 2173 quodam
1431 2101 1851 2157 sacrificiorum
1872 2106 2151 2171 etgenere

499 2197 555 2246 et
584 2207 827 2246 numero
859 2191 1240 2246 imbuendam
1303 2196 1501 2246 censet
1557 2192 1756 2258 (Leuit.
1819 2194 2000 2259 χχιιι),
2051 2206 2150 2243 vos

496 2295 658 2350 aeque
685 2278 903 2346 colitis;
940 2280 1039 2334 sed
1072 2281 1350 2334 damnata
1377 2284 1538 2350 parte
1559 2279 1772 2348 ejus,id
1803 2285 1910 2344 est,
1933 2277 2152 2332 litatio-

496 2368 672 2423 nibus
703 2368 849 2438 ipsis
881 2374 938 2423 et
968 2368 1296 2437 sacrificiis,
1331 2368 1468 2436 quia
1496 2367 1618 2422 hac
1649 2383 1782 2423 cum
1830 2367 2152 2421 christiana

497 2457 611 2511 fide
645 2473 756 2511 non
788 2463 1140 2529 congruunt.
1176 2457 1255 2511 De
1290 2456 1566 2511 mandata
1597 2472 1732 2510 vero
1764 2455 2152 2511 abstinendia

501 2545 650 2601 cibis
682 2547 1097 2600 communibus
1128 2547 1318 2601 visum
1353 2546 1515 2600 vobis
1546 2549 1634 2600 est
1665 2550 1722 2600 et
1777 2545 2151 2600 vehementer

499 2635 809 2701 creditum,
846 2634 1153 2690 morticina
1184 2634 1416 2705 quidem
1449 2639 1506 2689 et
1538 2633 1840 2689 immolata
1862 2651 1988 2689 esse
2009 2650 2149 2688 sane

497 2724 804 2779 immunda
839 2725 978 2792 (Act.
1013 2742 1102 2791 xv,
1131 2725 1221 2796 29)
1249 2740 1260 2778 :
1287 2724 1355 2778 de
1373 2722 1612 2795 porcina
1633 2739 1764 2778 vero
1789 2723 1942 2778 idem
1958 2724 2149 2778 crede-

498 2830 558 2868 re
589 2811 885 2880 noluistis,
916 2830 1018 2868 nec
1053 2813 1122 2868 de
1155 2813 1348 2884 lepore
1380 2816 1480 2867 aut
1509 2811 1827 2881 herinacio,
1861 2829 2050 2883 neque
2079 2813 2149 2866 de

500 2900 700 2956 mullis
732 2906 788 2954 et
833 2901 1215 2973 lolliginibus,
1271 2901 1612 2971 caeterisque
1652 2918 1780 2971 quae
1838 2901 2001 2956 vobis
2060 2918 2150 2956 sa-

502 3006 677 3060 puere
709 2990 1020 3061 generibus
1053 2989 1331 3061 piscium;
1368 2989 1637 3060 quamvis
1668 2990 1870 3044 eadem
1923 2990 2147 3060 Moyses

502 3076 700 3132 omnia
734 3077 1043 3132 immunda
1068 3093 1195 3132 esse
1225 3081 1472 3132 testetur
1501 3079 1694 3144 (Levii.
1726 3078 1826 3148 ιι).

571 3199 800 3255 CAPUT
829 3201 919 3255 IV.
970 3233 1006 3240 -
1046 3199 1147 3255 Illa
1175 3201 1448 3270 verojam
1473 3217 1543 3255 ne
1565 3200 1768 3255 audire
1790 3202 2024 3271 quidem
2049 3220 2148 3257 vos

496 3288 639 3344 velle
657 3290 824 3344 credo
843 3306 910 3344 ex
933 3291 1309 3344 Testamento
1335 3288 1562 3353 Vetere,
1583 3291 1800 3344 nedum
1821 3290 2144 3357 admittere,

494 3377 551 3430 id
575 3382 682 3448 est,
703 3394 932 3432 soceros
948 3378 1200 3432 dormire
1219 3393 1352 3432 cum
1371 3377 1926 3448 nuribus,tanquam
1942 3380 2146 3446 Judas;

494 3471 687 3537 patres
720 3483 853 3522 cum
887 3465 1141 3531 filiabus,
1162 3472 1441 3538 tanquam
1474 3467 1645 3522 Loth:
1676 3467 1995 3537 Prophetas
2012 3484 2146 3523 cum

493 3554 1273 3626 fornicatricibus,tanquam
1291 3555 1453 3611 Osee:
1477 3555 1718 3610 maritos
1742 3572 1986 3610 uxorum
2007 3573 2146 3611 sua-

496 3660 628 3698 rum
650 3649 848 3699 noctes
870 3645 1234 3699 amatoribus
1252 3645 1808 3714 vendere,tanquam
1834 3645 2144 3714 Abraham;

489 3732 719 3786 duabus
736 3734 1033 3803 germanis
1052 3734 1360 3789 sororibus
1377 3750 1561 3788 unum
1587 3734 1816 3788 misceri
1847 3735 2144 3802 maritum,

486 3823 768 3892 tanquam
791 3823 968 3877 Jacob
994 3839 1006 3889 ;
1028 3826 1280 3876 rectores
1295 3821 1517 3893 populi,
1537 3826 1591 3875 et
1610 3838 1757 3892 quos
1781 3823 2031 3878 maxime
2044 3839 2144 3878 en-

488 3909 655 3964 theos
679 3911 898 3977 credas,
924 3910 1180 3966 millenis
1203 3915 1259 3964 et
1284 3910 1543 3965 centenis
1561 3911 1806 3964 volutari
1828 3928 1960 3966 cum
1985 3928 2143 3967 scor-

493 3997 590 4061 tis,
613 4001 898 4068 tanquam
917 3998 1092 4052 David
1117 4003 1172 4053 et
1195 3998 1468 4054 Salomon
1493 4016 1506 4066 ;
1535 4004 1632 4052 aut
1657 3999 1802 4054 illud
1825 4001 1964 4055 item
1988 4003 2142 4072 quod

493 4084 619 4156 lege
637 4085 838 4140 uxoria
861 4092 1097 4141 cautum
1123 4088 1180 4141 in
1208 4087 1650 4142 Deuteronomio
1665 4089 1987 4152 est,debere
2003 4107 2140 4146 uxo-

485 4189 607 4227 rem
631 4174 889 4228 defuncti
911 4175 1190 4245 fratris,si
1214 4176 1366 4230 idem
1396 4177 1522 4230 sine
1545 4175 1680 4230 filiis
1704 4176 2142 4249 obierit,super-

484 4262 605 4317 stiti
640 4263 802 4317 fratri
835 4265 1074 4330 nubere,
1101 4269 1156 4319 et
1189 4266 1458 4320 eumdem
1483 4263 1739 4320 sobolem
1763 4281 1830 4320 ex
1852 4268 2049 4321 eadem
2081 4269 2140 4322 in

475 4348 678 4407 locum
719 4353 1004 4409 suscitare
1037 4354 1227 4409 fratris
1259 4373 1271 4409 :
1296 4355 1449 4426 quod
1475 4355 1660 4410 facere
1687 4355 1733 4409 si
1761 4355 2010 4412 noluerit
2031 4357 2138 4428 vir,

481 4439 691 4494 debere
715 4441 1124 4497 mulierculam
1150 4444 1302 4514 apud
1324 4444 1576 4515 majores
1598 4449 1736 4498 natu
1763 4445 2050 4516 deponere
2066 4447 2137 4501 de

482 4528 590 4582 hac
615 4528 916 4599 impietate
943 4532 1171 4604 cognati
1193 4533 1280 4587 sui
1309 4533 1629 4604 querelam,
1661 4537 1725 4586 ut
1749 4534 1920 4588 iidem
1947 4551 2139 4590 accer-

482 4617 662 4671 situm
683 4635 812 4672 eum
832 4621 1094 4676 censoria
1115 4622 1394 4691 gravitate
1411 4623 1838 4692 coerceant;qui
1861 4624 1907 4676 si
1936 4639 2135 4694 perne-

480 4707 717 4775 gaverit,
753 4710 902 4779 apud
937 4726 1036 4764 eos
1069 4727 1180 4765 non
1216 4712 1363 4766 ferat
1391 4711 1654 4782 impune,
1679 4711 1780 4765 sed
1805 4711 2134 4768 exalceatus

480 4795 667 4849 dextri
684 4797 846 4866 pedis
859 4797 1186 4853 calceamen
1196 4804 1314 4864 to,a
1331 4801 1604 4871 przedicta
1618 4798 1861 4855 muliere
1881 4801 2135 4856 caedatur

491 4881 550 4936 in
575 4883 804 4955 faciem,
829 4891 884 4940 et
905 4893 1228 4958 consputus
1251 4904 1316 4942 ac
1342 4888 1688 4942 maledictus
1709 4888 2130 4953 recedat,habi-

484 4977 654 5026 turus
676 4972 783 5028 hoc
805 4975 1180 5046 opprobrium
1199 4978 1620 5048 sempiternum
1647 4976 1702 5030 in
1729 4977 2003 5048 progenie
2023 4995 2131 5033 sua

479 5062 658 5127 (Deut.
690 5079 821 5129 xxv,
857 5064 1038 5135 5-10).
1073 5069 1204 5120 Haec
1237 5065 1414 5137 igitur
1445 5071 1619 5137 atque
1651 5065 1763 5121 alia
1789 5065 2129 5136 hujusmodi

475 5154 615 5203 sunt
647 5151 1008 5206 'I‘estamenti
1045 5153 1260 5208 Veteris
1292 5159 1347 5209 et
1367 5154 1631 5226 exempla
1659 5156 1895 5225 etjura:
1920 5171 2046 5225 quae
2079 5157 2127 5211 si

470 5239 618 5293 bona
646 5244 803 5305 sunt,
831 5256 937 5295 cur
956 5258 1064 5295 non
1093 5241 1409 5297 imitamini
1433 5243 1525 5297 ?si
1547 5243 1723 5312 mala;
1755 5259 1855 5297 cur
1887 5260 2001 5299 non
2027 5246 2129 5299 da-

474 5326 692 5382 mnatis
714 5330 1095 5400 auctorem,id
1125 5326 1682 5396 est,Testamentum
1705 5331 1898 5402 ipsum
1928 5333 2131 5388 Vetus?

477 5417 591 5466 Aut
622 5415 668 5469 ei
707 5417 850 5472 falsa
883 5418 1005 5474 hinc
1037 5420 1108 5487 ei,
1147 5426 1428 5491 tanquam
1463 5438 1568 5476 nos
1600 5422 1669 5476 de
1727 5422 1884 5477 Novo
1935 5423 2126 5477 credi-

479 5517 632 5567 mus,
662 5505 836 5558 etiam
867 5523 967 5562 vos
1011 5511 1226 5579 putatis
1258 5510 1499 5578 inserta,
1535 5526 1702 5581 pares
1734 5526 1870 5582 ergo
1896 5527 2125 5566 sumus.

481 5590 733 5645 Desinite
765 5594 884 5661 jam
922 5597 1160 5664 proinde
1191 5599 1248 5653 id
1280 5617 1313 5654 a
1345 5601 1511 5655 nobis
1545 5600 1771 5671 exigere
1822 5601 1879 5654 in
1927 5600 2127 5655 Testa-

477 5684 675 5733 mento
709 5680 883 5746 Novo,
919 5685 1071 5754 quod
1103 5703 1202 5741 vos
1234 5705 1345 5743 non
1380 5689 1622 5744 servatis
1653 5688 1713 5742 in
1742 5689 1964 5744 Vetere.

1252 371 1562 430 CONTRA
1609 372 1975 432 FAUSTUM
2030 369 2546 441 MANlCH/‘EUM,
2602 371 2663 427 S.
2711 367 3139 429 AUGUSTINI

3757 374 3858 436 500

2322 502 2549 556 CAPUT
2605 502 2674 556 V.
2709 531 2774 540 ——
2806 502 3089 571 Equidem
3132 516 3235 571 ego
3286 506 3567 571 quantum
3614 504 3848 571 arbitror,

2253 596 2541 661 quatenus
2565 591 2760 660 idjam
2787 605 3125 660 persuasum
3167 605 3293 644 esse
3329 588 3605 657 voluistis,
3637 595 3697 647 ut
3715 594 3858 650 sitex

2253 679 2366 733 Deo
2381 679 2554 733 etiam
2570 679 3016 733 Testamentum
3037 677 3239 746 Vetus,
3274 679 3630 735 commodius
3648 682 3775 737 satis
3788 689 3856 738 at-

2254 785 2366 839 que
2387 768 2718 823 excusatius
2734 767 2896 821 vobis
2927 771 3035 827 est,
3059 782 3173 821 non
3197 767 3560 822 servantibus
3578 770 3698 839 ejus
3719 787 3862 826 man-

2253 860 2407 923 data,
2434 858 2480 912 si
2505 857 2804 911 fateamini
2833 856 3168 925 incongruis
3189 871 3316 910 esse
3354 856 3757 924 adjectionibus
3791 862 3860 914 vi-

2253 946 2486 1012 tiatum,
2509 962 2684 1016 quam
2709 945 2756 999 si
2780 944 3118 999 inviolatum
3144 944 3296 998 idem
3319 945 3601 1014 spernatis
3623 952 3676 1000 et
3696 948 3860 1002 incor-

2253 1034 2768 1105 ruptum.Proinde
2790 1033 2938 1088 hanc
2952 1033 3020 1087 de
3037 1034 3200 1088 vobis
3221 1049 3325 1105 ego
3349 1034 3686 1089 sententiam
3710 1036 3862 1091 habui

2255 1139 2483 1194 semper
2505 1128 2560 1177 et
2585 1123 2789 1191 habeo,
2807 1122 3031 1192 quoties
3050 1122 3334 1192 quaeritur
3351 1139 3456 1176 cur
3475 1124 3861 1192 praevaricemi-

2256 1212 2312 1266 ni
2339 1210 3114 1281 TestamentiVeterisjussa,
3141 1211 3292 1281 quod
3311 1211 3439 1280 ejus
3457 1215 3557 1264 aut
3579 1217 3639 1265 ut
3660 1214 3865 1282 sapien-

2255 1305 2340 1354 tes
2363 1298 2734 1354 contemnitis
2754 1299 2917 1369 falsa,
2943 1305 3044 1354 aut
3062 1304 3126 1352 ut
3145 1303 3522 1354 contumaces
3552 1305 3607 1353 et
3643 1300 3871 1356 indevoti

2257 1387 2551 1459 negligitis
2569 1403 2718 1442 vera.
2746 1389 2983 1442 Interim
3008 1389 3144 1458 quia
3168 1404 3259 1442 me
3289 1388 3357 1441 ad
3383 1388 3668 1442 credenda
3691 1390 3866 1443 omnia

2257 1476 2891 1546 quaaNoviTestamenti
2907 1476 3534 1531 monumentisinserta
3547 1479 3862 1546 sunt,cogis,

2257 1565 2512 1636 siipsum
2540 1565 2818 1636 accipiam
2843 1585 2855 1632 ;
2877 1566 3029 1621 scias
3051 1570 3107 1620 et
3133 1570 3504 1636 te,quantum
3527 1567 3595 1620 ad
3620 1566 3880 1633 animum,

2258 1653 2440 1708 multa
2463 1672 2574 1708 non
2599 1655 2849 1723 credere,
2884 1671 3013 1724 quas
3045 1655 3103 1708 in
3127 1654 3333 1709 Vetere
3365 1654 3488 1709 sint
3510 1656 3875 1722 Testamento,

2255 1743 2523 1814 quamvis
2543 1744 2737 1814 ipsum
2758 1749 2811 1798 te
2830 1744 3153 1814 profitearis
3171 1743 3660 1815 accipere.Neque
3677 1744 3820 1798 enim
3834 1751 3881 1798 et

2255 1830 2396 1885 illud
2419 1832 2476 1885 in
2495 1831 2776 1887 confessis
2792 1849 2859 1887 cx
2876 1833 3075 1886 eodem
3106 1831 3285 1886 habes
3307 1837 3363 1886 et
3390 1831 3779 1898 credibilibus,
3805 1849 3881 1886 es-

2256 1935 2318 1974 se
2341 1919 2713 1974 maledictum
2737 1936 2967 1974 omnem
2993 1921 3090 1990 qui
3119 1920 3459 1991 pependerit
3480 1921 3536 1974 in
3553 1920 3861 1991 ligno(Deut

2255 2025 2369 2071 χχι,
2391 2009 2484 2074 23)
2510 2025 2521 2073 ;
2546 2009 2683 2079 quia
2705 2009 2761 2063 id
2786 2008 2985 2079 utique
3003 2009 3292 2080 pertineat
3329 2013 3386 2063 et
3423 2010 3492 2063 ad
3537 2010 3761 2064 Jesum:
3793 2015 3880 2063 aut

2255 2113 2385 2152 eum
2401 2097 2696 2169 quoquein
2721 2097 3044 2152 maledictis
3061 2097 3388 2168 haberi,qui
3405 2115 3520 2152 non
3541 2098 3884 2153 suscitaverit

2256 2202 2453 2241 semen
2472 2186 2530 2240 in
2557 2185 2729 2241 Israel
2750 2187 2909 2257 ;quia
2929 2187 2982 2240 id
3007 2186 3262 2258 virgines
3280 2202 3516 2258 quoque
3537 2203 3737 2242 omnes
3758 2203 3888 2241 com-

2254 2273 2593 2345 prehendat,
2618 2280 2672 2329 et
2692 2291 2899 2342 pueros
2924 2275 3018 2330 Dei
3046 2280 3178 2330 :aut
3223 2275 3495 2332 funditus
3535 2277 3885 2331 interiturum

2253 2379 2388 2418 eum
2414 2365 2485 2418 de
2506 2380 2714 2434 genere
2741 2381 2868 2432 suo,
2888 2365 2986 2436 qui
3019 2381 3133 2419 non
3159 2365 3334 2419 fuerit
3370 2380 3615 2419 carnem
3643 2363 3883 2434 praaputii

2255 2451 2637 2506 circumcisus
2656 2453 2810 2519 (Gen.
2835 2470 2973 2519 xvu,
3003 2453 3088 2516 14)
3115 2470 3128 2520 ;
3151 2452 3289 2524 quia
3310 2452 3424 2507 hoc
3447 2469 3679 2524 quoque
3695 2453 3758 2506 ad
3777 2468 3886 2506 om-

2255 2556 2386 2594 nem
2410 2540 2693 2610 pertineat
2713 2540 3230 2596 christianumzaut
3248 2541 3550 2611 lapidibus
3569 2543 3883 2612 extinguen-

2255 2629 2394 2683 dum
2411 2645 2544 2684 eurn
2571 2630 2671 2700 qui
2689 2630 3648 2701 solveritsabbatum(Num.xv,35)
3663 2635 3890 2684 :autnou

2254 2719 2608 2789 parcendum
2635 2720 2684 2773 ei
2709 2719 2806 2789 qui
2833 2736 3015 2774 unum
3039 2719 3338 2790 quodlibet
3359 2720 3721 2784 Testamenti
3743 2722 3888 2772 Vete-

2256 2808 2335 2862 ris
2360 2809 2701 2863 mandatum
2736 2809 2974 2878 ruperit.
3012 2809 3146 2872 Quae
3171 2808 3369 2863 omnia
3396 2810 3450 2863 si
3471 2815 3533 2863 tu
3562 2808 3781 2877 credas,
3810 2811 3892 2860 tir-

2256 2913 2537 2967 mumque
2559 2897 2777 2952 habeas
2796 2897 2935 2968 quia
2956 2897 3285 2952 sinteadem
3303 2914 3336 2952 a
3354 2903 3472 2953 Deo
3494 2898 3785 2961 mandata,
3804 2896 3894 2949 mi‘

2254 2984 2312 3038 hi
2344 2986 2532 3055 crede,
2562 3003 2773 3040 manus
2807 2986 2963 3056 prior
3010 2986 3310 3057 injecisses
3340 2987 3404 3041 in
3439 2986 3729 3041 Christum
3757 3003 3769 3052 ;
3800 2999 3891 3038 nec

2255 3091 2409 3128 nunc
2438 3074 2772 3130 irascereris
2801 3075 3037 3140 Iudaeis,
3071 3075 3170 3146 qui
3203 3075 3358 3131 hunc
3395 3075 3615 3130 animis
3660 3091 3724 3130 ac
3768 3071 3890 3128 viri-

2255 3164 2367 3217 bus
2402 3164 2709 3234 persecuti,
2746 3165 2843 3219 Dei
2870 3165 2960 3219 sui
2981 3165 3259 3220 mandata
3285 3165 3662 3236 complerint.

2323 3269 2553 3324 CAPUT
2576 3270 2666 3324 VI.
2689 3302 2754 3311 —
2777 3271 3054 3342 Equidem
3078 3271 3232 3326 haud
3253 3273 3462 3342 ignoro
3483 3271 3623 3343 quin
3657 3288 3756 3326 vos
3784 3269 3890 3323 haec

2253 3375 2366 3413 non
2398 3359 2661 3414 audeatis
2692 3360 2882 3416 dicere
2916 3360 3082 3427 falsa,
3117 3361 3217 3415 sed
3251 3361 3386 3429 quia
3425 3361 3548 3416 sint
3580 3361 3777 3415 eadem
3809 3374 3896 3429 pro

2253 3452 2512 3519 tempore
2542 3453 2681 3503 tunc
2713 3450 2994 3504 mandata
3021 3450 3239 3505 Iudaeis
3269 3466 3465 3520 usque
3497 3450 3570 3505 ad
3603 3450 3898 3504 adventum

2253 3536 2475 3592 scilicet
2493 3537 2653 3592 Jesu:
2677 3539 2776 3609 qui
2802 3539 3080 3608 quoniam
3097 3538 3315 3593 venerit
3332 3539 3409 3594 ab
3430 3541 3633 3594 eodem
3653 3553 3899 3610 praenun-

2251 3626 2731 3692 tiatus,utvu1tis,
2768 3628 2952 3682 Veteri
2973 3629 3373 3696 Testamento,
3403 3629 3666 3701 ipsejam
3690 3627 3896 3691 doceat,

2251 3715 2387 3787 quid
2414 3716 2820 3787 accipiendum
2847 3717 3015 3771 nobis
3037 3734 3104 3771 ex
3126 3717 3327 3771 eodem
3349 3717 3447 3782 sit,
3474 3723 3532 3772 et
3549 3718 3688 3788 quid
3734 3714 3895 3770 relin-

2249 3805 2571 3873 quendum.
2605 3805 2714 3859 Sed
2737 3822 2809 3859 an
2849 3805 3140 3876 prophetaa
3173 3805 3380 3860 Jesum
3407 3802 3891 3877 priesagiverint‘,

2250 3896 2448 3961 postea
2472 3893 2830 3948 videbimus:
2861 3893 3088 3947 interim
3113 3894 3185 3948 ad
3222 3893 3342 3947 haec
3368 3911 3462 3948 me
3487 3911 3644 3949 nunc
3678 3908 3897 3963 respon-

2249 3981 2384 4035 dere
2413 3987 2659 4052 oportet,
2684 3983 2823 4052 quid
2857 3982 2905 4036 si
2939 3983 3111 4037 Jesus
3137 3999 3238 4052 per
3260 3984 3715 4038 Testamentum
3738 3983 3898 4034 Vetus

2248 4071 2650 4134 annuntiatus,
2687 4086 2842 4124 nunc
2872 4071 3159 4140 diiudicat
3189 4076 3246 4126 et
3294 4073 3598 4128 carminat
3621 4074 3663 4137 ³,
3717 4073 3899 4126 docet-

2247 4175 2356 4228 que
2379 4175 2559 4229 pauca
2590 4159 2717 4228 ejus
2749 4159 3091 4230 accipienda
3137 4176 3285 4226 esse,
3352 4161 3726 4232 repudianda
3780 4173 3898 4211 vero

2246 4247 2714 4317 quamplurima;
2749 4253 2805 4303 et
2837 4249 3005 4303 nobis
3038 4249 3367 4304 Paracletus
3393 4267 3466 4305 ex
3507 4251 3666 4307 Novo
3723 4249 3902 4303 Testa-

2248 4341 2441 4390 mento
2467 4337 2791 4408 promissus
2819 4337 3055 4407 perinde
3071 4339 3410 4409 docet,quid
3439 4340 3706 4410 accipere
3733 4355 3797 4392 ex
3816 4351 3899 4389 eo-

2243 4425 2373 4479 dem
2408 4425 2749 4491 debeamus,
2773 4427 2986 4497 etquid
3021 4428 3328 4498 repudiare
3356 4446 3368 4494 ;
3396 4429 3470 4483 de
3499 4445 3617 4499 quo
3647 4427 3797 4482 ultro
3817 4423 3901 4478 Je-

2242 4531 2365 4577 sus,
2398 4531 2530 4569 cum
2552 4531 2685 4569 eum
2714 4517 3105 4586 promitteret,
3131 4517 3275 4570 dicit
3314 4517 3375 4572 in
3421 4517 3761 4588 Evangelio,
3791 4515 3900 4584 Ipse

2238 4620 2328 4658 vos
2350 4603 2568 4660 inducet
2587 4606 2647 4658 in
2669 4621 2883 4659 omnem
2911 4607 3195 4659 veritatem
3217 4609 3268 4659 et
3286 4607 3404 4676 ipse
3425 4607 3584 4662 vobis
3605 4605 3901 4661 annuntia-

2241 4693 2324 4746 bit
2341 4696 2552 4762 omnia,
2576 4696 2626 4748 et
2647 4695 3087 4748 commemorabit
3108 4711 3201 4748 vos
3228 4695 3408 4765 (Joan.
3441 4713 3564 4763 xvr,
3622 4695 3731 4767 15).
3765 4695 3901 4757 Qua-

2241 4787 2473 4852 propter
2504 4782 2675 4836 liceat
2705 4783 3073 4837 tantumdem
3105 4788 3161 4837 et
3193 4783 3362 4838 nobis
3417 4784 3479 4838 in
3535 4784 3899 4840 Testamento

2238 4873 2391 4924 Novo
2416 4885 2516 4941 per
2541 4871 2924 4937 Paracletum,
2943 4877 3229 4942 quantum
3247 4872 3413 4927 vobis
3435 4873 3497 4926 in
3521 4871 3901 4929 Veterelicere

2237 4959 2544 5014 ostenditis
2574 4975 2675 5029 per
2699 4958 2900 5014 Jesum
2937 4960 3048 5014 nisi
3077 4960 3222 5014 forte
3257 4959 3462 5030 plures
3496 4961 3668 5017 vobis
3708 4961 3896 5016 Testa-

2237 5054 2498 5102 mentum
2513 5048 3176 5119 videturFiliitanquam
3199 5049 3408 5114 Patris,
3445 5051 3690 5106 simodo
3717 5047 3896 5103 Patris

2235 5143 2337 5202 est,
2364 5141 2428 5192 ut
2449 5154 2582 5191 cum
2603 5137 2781 5192 exillo
2806 5139 3192 5208 reprobentur
3211 5145 3327 5192 tam
3357 5139 3573 5206 multa,
3599 5140 3780 5209 hujus
3807 5152 3894 5190 so-

2236 5226 2350 5280 lius
2371 5226 2513 5280 nihil
2538 5242 2650 5280 non
2670 5227 2880 5281 debeat
2901 5228 3208 5298 approbari
3241 5229 3602 5299 ;praesertim
3625 5228 3776 5299 quod
3798 5241 3894 5280 neo

2237 5314 2523 5369 aChristo
2554 5314 2839 5385 scriptum
2893 5320 3140 5385 constat,
3207 5323 3271 5370 ut
3329 5315 3618 5385 diximus,
3679 5332 3781 5370 nec
3828 5312 3890 5367 ab

2235 5404 2362 5474 ejus
2396 5403 2706 5474 Apostolie.

2305 5509 2541 5564 CAPUT
2584 5509 2706 5563 VII.
2732 5539 2802 5550 ——
2825 5509 3208 5580 Quapropter,
3232 5515 3294 5564 ut
3312 5527 3417 5565 vos
3454 5527 3526 5566 ex
3551 5511 3756 5566 Vetere
3797 5509 3892 5564 Te-

2299 5638 2313 5670 ¹
2349 5636 2463 5683 Am.
2496 5637 2583 5684 Er.
2615 5639 2668 5682 et
2697 5634 2840 5691 Mss.,
2869 5636 3296 5697 prasagaverint.

2300 5700 2318 5732 ²
2353 5699 2488 5755 Am.,
2518 5698 2781 5746 terminat.
2811 5696 3210 5756 Quidam’Mssq
3243 5698 3583 5747 determinat.
