4046 6184
208 373 321 434 505

212 507 596 579 Quaecumque
614 506 833 580 scripta
852 518 989 565 sunt
1010 510 1069 566 in
1088 510 1204 567 illis
1222 511 1389 569 libris
1411 513 1635 568 Veteris
1652 494 1867 569 Testa:

214 595 385 652 menti
416 596 633 662 omnia,
658 597 962 655 verissime
980 604 1153 671 atque
1178 602 1491 657 utilissime
1513 618 1614 673 pro
1636 607 1850 657 (eterna

211 686 551 757 vitascripta
573 702 702 743 esse
723 686 1055 753 laudamus,
1078 690 1850 762 accipimus,approbamus:

213 775 306 830 sed
330 792 457 846 qua
478 775 537 829 in
562 775 654 831 his
686 778 1001 833 mandata‘
1028 780 1318 851 corporali
1364 781 1701 853 operatione
1736 798 1852 836 non

215 865 609 929 observamus,
642 870 698 921 et
738 867 1061 924 rectissime
1092 874 1232 925 tunc
1269 870 1544 926 mandata
1576 870 1854 942 intelligi-

218 955 687 1019 mus,etumbras
716 956 1045 1011 futurorum
1082 975 1207 1013 esse
1243 960 1580 1030 didicimus,
1614 966 1669 1014 et
1699 976 1854 1015 nunc

212 1042 334 1113 jam
367 1042 601 1114 impleri
633 1046 1063 1115 cognoscimus.
1090 1050 1167 1103 Ac
1192 1066 1291 1120 per
1323 1055 1431 1105 hoc
1462 1050 1731 1121 quisquis
1756 1048 1855 1103 illa

216 1136 349 1186 tunc
379 1132 554 1187 etiam
575 1149 771 1205 opera,
804 1152 929 1206 quae
968 1136 989 1170 ²
1018 1137 1089 1192 ad
1115 1137 1567 1209 signiﬁcandum
1587 1139 1858 1210 agijube-

216 1221 443 1287 bantur,
478 1239 595 1277 non
630 1223 994 1291 observabat,
1026 1243 1226 1297 pcenas
1256 1226 1537 1283 divinitus
1573 1228 1855 1283 constitu-

218 1314 302 1364 tas
349 1310 675 1367 rectissimo
716 1313 941 1383 judicio
992 1315 1375 1386 persolvebat,
1413 1317 1565 1371 sicut
1614 1333 1767 1372 nunc
1808 1317 1858 1372 si

217 1397 343 1469 quis
376 1405 745 1455 sacramenta
776 1401 916 1457 Novi
946 1403 1305 1460 Testamenti
1329 1422 1431 1476 pro
1462 1406 1743 1477 temporis
1768 1423 1858 1460 ra-

218 1488 367 1542 tione
419 1488 702 1545 distincta
749 1491 923 1547 fuerit
964 1509 1145 1549 ausus
1202 1493 1485 1566 sacrilega
1535 1494 1862 1551 temeritate

219 1574 447 1632 violare.
501 1579 997 1643 Quemadmodum
1042 1583 1198 1638 enim
1234 1584 1541 1654 tuncjusti
1586 1583 1717 1655 viri,
1762 1584 1862 1656 qui

223 1680 317 1735 pro
376 1664 495 1722 illis
546 1670 929 1725 sacramentis
984 1688 1087 1726 nec
1133 1677 1377 1727 mortem
1428 1678 1861 1740 recusaverunt,

218 1755 342 1825 jure
366 1754 716 1824 laudantur;
737 1758 818 1815 ita
834 1776 989 1815 nunc
1010 1778 1109 1832 pro
1128 1761 1258 1817 istis
1277 1767 1560 1834 martyres
1582 1762 1865 1818 sancti.Et

228 1844 368 1899 sicut
416 1861 569 1916 aeger
615 1864 730 1902 non
763 1849 935 1904 debet
980 1850 1404 1921 reprehendere
1456 1850 1861 1907 medicinalem

232 1933 572 2001 doctrinam,
612 1938 659 1991 si
714 1936 872 1992 aliud
924 1937 1006 1993 illi
1059 1939 1231 1996 hodie
1292 1942 1644 2012 praeceperit,
1705 1941 1864 1996 aliud

239 2038 373 2087 cras,
404 2024 726 2095 prohibens
755 2026 930 2083 etiam
979 2030 1134 2100 quod
1182 2034 1317 2085 ante
1366 2035 1733 2102 przeceperat;
1782 2031 1867 2086 sic

240 2111 377 2167 enim
409 2128 471 2168 se
506 2113 681 2169 habet
701 2116 1094 2187 sanaudiejus
1116 2118 1561 2189 corporisratio:
1586 2120 1867 2191 itagenus

244 2200 553 2258 humanum
586 2206 658 2259 ab
690 2206 876 2260 Adam
910 2224 1096 2279 usque
1126 2208 1183 2262 in
1216 2210 1389 2264 ﬁnem
1414 2207 1629 2274 saeculi,
1659 2225 1867 2279 quam-

243 2291 326 2345 diu
370 2308 584 2364 corpus
624 2294 780 2363 quod
830 2296 1241 2367 corrumpitur,
1290 2302 1564 2369 aggravat
1611 2298 1867 2353 animam

239 2379 373 2451 (Sap.
406 2398 483 2449 1x,
522 2383 631 2452 15),
656 2400 877 2454 aegrum
901 2389 1073 2455 atque
1105 2386 1395 2453 saucium,
1428 2404 1565 2456 non,
1597 2387 1766 2442 debet
1790 2388 1873 2442 di-

241 2470 487 2525 vininam
516 2473 938 2543 reprehendere
962 2474 1399 2544 medicinam,si
1430 2476 1486 2530 in
1511 2477 1869 2547 quibusdam

238 2556 334 2613 hoc
355 2558 535 2624 idem,
566 2561 627 2615 in
660 2561 1012 2632 quibusdam
1042 2580 1174 2619 vero
1195 2562 1353 2620 aliud
1375 2566 1561 2635 prius,
1585 2565 1744 2620 aliud
1768 2582 1872 2637 po-

234 2649 451 2715 sterius,
476 2650 906 2707 observandum
925 2666 1053 2723 esse
1075 2653 1354 2725 praecipit;
1387 2654 1709 2723 praesertim
1732 2655 1871 2725 quia

236 2752 291 2792 se
316 2736 470 2793 aliud
499 2745 921 2812 praecepturam
957 2758 1084 2797 esse
1110 2742 1399 2812 promisit.

297 2826 531 2882 CAPUT
566 2828 683 2883 XV.
710 2861 771 2871 —
795 2829 969 2885 Nulla
999 2846 1135 2902 ergo
1168 2832 1522 2902 comparatio
1550 2836 1657 2899 est,
1688 2849 1869 2903 quam

233 2914 473 2973 Faustus
495 2918 778 2987 obtendit,
814 2919 893 2974 ita
921 2918 1083 2975 vobis
1119 2919 1479 2975 Paracletum
1496 2937 1563 2975 ex
1588 2920 1743 2976 Novo
1763 2921 1867 2976 Te-

232 3010 517 3062 stamento
544 3008 700 3078 quod
731 3008 979 3063 credatis
1010 3008 1275 3079 elegisse,
1309 3014 1365 3063 et
1395 3009 1547 3080 quod
1581 3010 1871 3081 respuatis

232 3094 739 3163 demonstravisse,
776 3114 907 3152 cum
948 3098 1071 3169 ipse
1113 3098 1268 3153 Novo
1298 3099 1671 3153 Testamento
1699 3099 1872 3155 fuerit

228 3185 625 3256 prophetatus:
651 3186 803 3241 sicut
825 3186 993 3241 nobis
1006 3186 1268 3242 Christus
1294 3188 1505 3243 fecitex
1524 3187 1870 3260 Vetere,quo

229 3272 493 3328 similiter
510 3274 1137 3347 prophetatusest.[loc
1154 3278 1305 3330 enim
1343 3275 1539 3347 aliqua
1564 3277 1869 3333 verisimili

230 3362 447 3418 ratione
478 3362 788 3431 diceretur,
826 3363 875 3419 si
907 3368 1057 3419 esset
1086 3363 1305 3435 aliquid
1340 3367 1399 3419 in
1430 3364 1656 3421 Veteris
1672 3367 1868 3421 Testa-

230 3452 413 3507 meuti
444 3451 631 3520 libris,
653 3454 806 3524 quod
827 3470 933 3509 nos
955 3453 1283 3509 diceremus
1306 3472 1418 3508 non
1441 3459 1593 3509 recte
1622 3455 1866 3526 dictum,

231 3557 343 3595 non
374 3542 929 3613 divinitusjussum,
949 3559 1061 3597 non
1092 3542 1371 3598 veraciter
1400 3544 1870 3615 scriptum.Nihil

230 3628 435 3685 horum
460 3629 861 3686 dicimuszsed
892 3631 1213 3703 accipimus
1235 3632 1429 3687 omnia
1454 3633 1576 3688 sive
1605 3650 1733 3704 quae
1764 3634 1871 3689 oh-

230 3734 550 3786 servamus,
577 3725 642 3774 ut
672 3726 823 3775 recte
846 3721 1134 3788 vivamus,-
1158 3722 1278 3777 sive
1295 3739 1420 3793 quas
1452 3739 1568 3777 non
1600 3723 1871 3778 observa-

228 3814 456 3871 mus,ut
472 3814 669 3865 tamen
694 3815 749 3865 et
769 3810 895 3882 ipsa
917 3814 1055 3865 tunc
1087 3810 1143 3864 in
1169 3811 1657 3882 prOphetiajussa
1687 3817 1743 3867 et
1773 3812 1873 3867 ob-

228 3904 450 3954 servata
466 3915 624 3954 nunc
635 3899 757 3970 jam
783 3898 1065 3971 compleri
1108 3900 1433 3956 videamus.
1460 3900 1672 3957 Deinde
1698 3901 1869 3957 Para-

227 3986 439 4042 cletum
462 3988 618 4043 sicut
644 3988 1003 4058 promissum
1027 3988 1275 4060 legimus
1304 3990 1361 4044 in
1394 3988 1466 4044 iis
1505 3990 1691 4059 libris,
1725 4006 1869 4062 quo-

233 4092 354 4131 rum
384 4093 503 4131 non
522 4078 719 4131 omnia
740 4076 918 4133 vultis
936 4078 1218 4149 accipere;
1256 4078 1337 4132 ita
1354 4082 1410 4132 et
1429 4078 1678 4134 missum
1727 4078 1868 4151 legi-

228 4181 353 4220 mus
376 4165 437 4220 in
461 4182 529 4221 eo
545 4164 897 4238 libro,quem
922 4168 1223 4222 nominare
1240 4168 1413 4223 etiam
1439 4168 1787 4236 formidatis,
1806 4169 1870 4223 In

230 4254 464 4309 Actibus
483 4255 698 4326 quippe
725 4254 1157 4327 Apostolorum,
1180 4255 1333 4312 sicut
1348 4262 1404 4311 et
1439 4272 1589 4328 saepe
1607 4262 1663 4313 et
1695 4257 1870 4329 paulo

227 4348 353 4399 ante
396 4344 875 4413 commemoravi,
908 4344 1276 4416 apertissime
1308 4345 1523 4418 legitur
1538 4347 1758 4403 missus
1778 4348 1871 4403 die

226 4431 593 4489 Pentecostes
614 4433 861 4504 Spiritus
885 4435 1442 4506 sanctus,quietiam
1475 4452 1647 4507 Opere
1678 4436 1869 4492 mani-

226 4518 601 4594 festavitquis
612 4525 784 4578 esset.
802 4522 1040 4595 Linguis
1054 4523 1207 4578 enim
1226 4523 1500 4579 omnibus
1515 4524 1690 4580 locuti
1710 4531 1869 4593 sunt,

224 4611 470 4681 quieum
485 4611 759 4684 primitus
785 4618 1133 4685 acceperunt
1150 4614 1263 4684 (Ac.
1290 4614 1353 4684 11)
1370 4630 1382 4667 :
1402 4617 1464 4668 ut
1481 4614 1773 4670 hocetiam
1798 4615 1873 4671 si-

222 4714 330 4772 gno
359 4701 1032 4774 promitteretinlinguis
1050 4703 1347 4771 omnibus,
1372 4702 1475 4757 hoc
1489 4706 1592 4767 est,
1612 4702 1666 4756 in
1687 4704 1873 4758 omni-

223 4786 327 4844 bus
340 4790 621 4861 gentibus
634 4790 890 4845 futuram
906 4790 1219 4847 Ecclesiam
1234 4836 1247 4857 ,
1268 4807 1396 4863 quae
1412 4790 1579 4846 illum
1595 4790 1864 4847 sicutPa-

224 4880 369 4933 trem
395 4883 452 4933 et
479 4877 694 4933 Filium
728 4879 1033 4937 verissime
1064 4880 1423 4950 pradicaret.

288 4967 524 5024 CAPUT
546 4967 776 5023 XVI.—
794 4968 913 5024 Vos
934 4970 1204 5041 ergojam
1226 4970 1399 5025 dicite
1419 4987 1597 5042 quare
1630 4987 1746 5025 non
1773 4986 1868 5024 ac-

223 5054 453 5128 cipiatis
475 5057 671 5113 omnia
684 5074 753 5113 ex
767 5058 931 5114 libris
944 5059 1083 5114 Novi
1101 5060 1485 5128 Testamenti;
1512 5066 1707 5115 utrum
1731 5060 1871 5131 quia

223 5160 332 5201 non
350 5151 496 5203 sunt
513 5146 923 5219 Apostolorum
942 5149 1019 5204 Ch
1031 5148 1257 5217 risti,au
1284 5151 1423 5220 quia
1450 5150 1608 5221 pravi
1642 5148 1866 5221 aliquid

221 5232 547 5291 docuerunt
576 5236 839 5308 Apostoli
872 5237 1104 5293 Christi.
1134 5238 1543 5310 Respondetis,
1575 5238 1721 5302 Quia
1752 5255 1867 5293 non

220 5330 354 5379 sunt
373 5325 782 5397 Apostolorum
800 5326 1038 5382 Christi.
1058 5326 1201 5382 Nam
1227 5327 1325 5383 illa
1340 5346 1446 5383 vox
1486 5327 1665 5383 altera
1688 5332 1868 5400 Paga-

222 5428 427 5469 norum
452 5419 541 5469 est
560 5414 660 5485 qui
688 5414 887 5470 dicunt
903 5418 1208 5487 Apostotos
1221 5415 1561 5473 Christinon
1582 5423 1737 5473 recta
1765 5416 1867 5474 do-

222 5502 552 5560 cuisse.Vos
567 5519 705 5576 ergo
725 5504 866 5575 quid
886 5504 1263 5569 dicitis,unde
1276 5506 1587 5562 ostenditis
1606 5507 1868 5579 Scriptu-

220 5606 309 5647 ras
325 5591 464 5648 illas
483 5609 597 5648 non
621 5593 692 5648 ab
714 5593 1007 5664 Apostolis
1028 5593 1429 5649 ministratus?
1456 5594 1862 5667 Respondetis,

276 5806 293 5840 ί
324 5804 504 5855 Editio
519 5806 665 5867 Lov.,
687 5805 938 5857 mandata
964 5809 1100 5857 sunt.
1131 5807 1309 5859 Minus
1337 5812 1501 5860 recte.

278 5867 303 5902 ³
323 5868 514 5920 Plures
539 5870 685 5931 Mss"
713 5870 867 5920 etiam
895 5884 1068 5934 opere,
1096 5869 1247 5935 quod.

1285 378 1516 439 LIBER
1570 379 2046 445 THIGESIMUS
2099 380 2528 444 SECUNDUS.

3502 383 3621 443 506

2033 513 2176 577 Quia
2208 514 2389 569 multa
2417 514 2638 570 suntin
2661 514 2745 571 eis
2765 517 2820 571 et
2838 513 2989 570 inter
3012 532 3073 571 se
3093 518 3148 570 et
3168 514 3276 570 sibi
3302 516 3617 572 contraria.

1958 601 2205 658 Omnino
2242 603 2627 660 falsissimum
2661 610 2778 671 est;
2804 621 2904 659 vos
2936 622 3050 659 non
3084 604 3433 677 intelligitis.
3468 604 3614 659 Nam

1952 691 2199 763 quiquid
2236 692 2347 747 tale
2380 693 2626 763 protulit
2657 694 2925 755 Faustus,
2961 695 3117 765 quod
3150 694 3313 749 vobis
3348 694 3429 749 ita
3457 695 3615 750 vide-

1956 786 2135 849 retur,
2171 780 2248 835 ita
2272 798 2385 837 non
2419 796 2546 837 esse
2572 788 2969 838 monstratum
2993 788 3083 838 est
3114 800 3126 836 :
3156 789 3211 838 et
3233 784 3479 855 quiquid
3499 783 3616 838 tale

1958 870 2169 926 avobis
2200 871 2490 941 prolatum
2515 872 2707 936 fuerit,
2730 872 2834 926 hoc
2858 872 3218 927 docebimus.
3242 871 3382 936 Quis
3405 878 3600 927 autem

1958 960 2123 1029 ferat,
2150 959 2419 1015 lectorem
2442 960 2527 1015 vel
2551 961 2896 1031 auditorem,
2916 962 3275 1033 Scripturam
3296 966 3465 1016 tanta:
3500 978 3602 1015 au-

1960 1050 2248 1105 ctoritatis
2268 1048 2499 1105 facilius
2522 1066 2695 1120 quam
2713 1050 2915 1104 vitium
2933 1068 3051 1105 suae
3074 1050 3605 1111 tarditatis.audere

1962 1137 2245 1210 culpare?
2267 1140 2351 1193 An
2408 1140 2514 1195 hoc
2565 1139 2756 1194 dicitis
2791 1156 2893 1193 vos
2931 1138 3284 1194 Paracletum
3308 1140 3608 1206 docuisse,

1958 1228 2183 1299 Scriptu
2195 1246 2287 1283 ras
2305 1229 2446 1283 istas
2458 1228 2867 1299 Apostolorum
2885 1245 2997 1283 non
3018 1229 3269 1293 esse,sed
3287 1228 3395 1282 sub
3410 1243 3611 1283 eorum

1963 1317 2301 1372 nominibus
2322 1318 2394 1372 ab
2416 1316 2532 1372 illis
2556 1334 2683 1373 esse
2706 1317 3127 1389 conscriptam?
3149 1321 3267 1371 Hoc
3289 1316 3492 1372 saltem
3518 1319 3620 1373 do-

1963 1405 2293 1473 cete,istum
2325 1407 2519 1478 ipsum
2552 1406 2912 1463 Paracletum
2935 1423 3084 1471 esse,
3110 1425 3143 1462 a
3174 1422 3290 1479 quo
3323 1406 3614 1462 didicistis

1966 1495 2086 1550 haec
2118 1496 2518 1567 apostolorum
2550 1514 2664 1552 non
2700 1512 2845 1552 esse.
2868 1498 2953 1551 An
2976 1496 3205 1562 dicetis,
3229 1497 3428 1567 Ipsum
3450 1494 3612 1549 Chri-

1968 1588 2096 1639 stus
2122 1583 2410 1655 promisit,
2434 1589 2489 1639 et
2507 1584 2698 1640 misit?
2726 1585 3130 1657 Respondetur
3152 1584 3335 1651 vobis,
3362 1583 3611 1639 Omnino

1968 1672 2149 1728 istum
2180 1674 2451 1729 Christus
2484 1690 2588 1729 nec
2608 1675 2897 1746 promisit,
2926 1691 3028 1729 nec
3052 1673 3304 1741 misit;et
3324 1673 3501 1729 simul
3525 1690 3618 1728 os-

1968 1762 2247 1827 tenditur,
2283 1762 2515 1834 quando
2542 1763 2767 1818 miserit
2786 1780 2955 1835 quem
2984 1763 3269 1834 promisit.
3297 1763 3457 1828 Quod
3481 1778 3616 1833 ergo

1970 1866 2101 1906 eum
2135 1851 2400 1906 Christus
2434 1852 2680 1916 miserit,
2730 1854 2837 1907 hoc
2870 1853 3127 1923 probate.
3163 1852 3327 1907 Unde
3355 1851 3617 1907 asseritis

1972 1957 2279 2010 personam
2332 1942 2505 1995 vestri
2538 1942 2816 2008 auctoris,
2859 1942 2944 1997 vel
2993 1942 3188 2012 potius
3234 1941 3560 2013 deceptoris
3592 1939 3620 1995 ?

1971 2030 2451 2100 ReSpondetis,ex
2470 2031 2773 2102 Evangelio
2796 2048 2895 2086 vos
2916 2032 3179 2102 probare.
3206 2031 3282 2085 Ex
3299 2046 3412 2101 quo
3440 2030 3619 2085 Evan-

1972 2119 2167 2191 gelio?
2216 2120 2376 2183 Quod
2418 2137 2532 2175 non
2574 2124 2760 2175 totum
2811 2120 3102 2192 accipitis,
3144 2120 3296 2190 quod
3340 2118 3615 2175 falsatum

1973 2225 2101 2264 esse
2132 2225 2231 2264 vos
2265 2209 2479 2264 dicitis.
2515 2210 2655 2273 Quis
2686 2226 2821 2282 ergo
2854 2214 3062 2265 testem
3094 2225 3267 2265 suum
3292 2208 3453 2280 prius
3488 2209 3611 2280 ipse

1974 2298 2161 2353 dicate
2195 2298 2445 2353 falsitate
2475 2314 2602 2354 esse
2650 2303 3011 2371 corruptum,
3054 2303 3110 2353 et
3147 2304 3286 2353 tunc
3335 2299 3616 2370 producta

1974 2387 2045 2442 ad
2077 2386 2479 2444 testimonium
2502 2392 2527 2441 .9
2557 2388 2614 2443 Si
2648 2388 2802 2442 enim
2827 2389 2981 2459 quod
3004 2387 3183 2442 vultis
3212 2387 3264 2443 ei
3295 2388 3610 2454 credimus,

1974 2481 2031 2531 et
2061 2478 2215 2548 quod
2249 2494 2363 2532 non
2395 2478 2573 2532 vultis
2604 2478 2654 2532 ei
2691 2494 2805 2532 non
2836 2478 3152 2545 credimus,
3185 2478 3311 2548 jam
3353 2494 3467 2532 non
3505 2478 3612 2546 illi,

1974 2567 2075 2621 sed
2107 2566 2269 2622 vobis
2305 2567 2620 2621 credimus.
2665 2566 2722 2621 Si
2754 2570 2948 2622 autem
2980 2566 3143 2621 vobis
3182 2566 3414 2622 credere
3443 2565 3623 2622 velle-

1976 2671 2131 2723 mus,
2166 2660 2373 2710 testem
2406 2672 2440 2709 a
2469 2653 2632 2711 vobis
2668 2672 2783 2710 non
2815 2655 3196 2723 exigeremus.
3224 2655 3438 2711 Deinde
3459 2672 3623 2727 para-

1974 2743 2159 2799 cletus
2191 2744 2445 2815 Spiritus
2480 2748 2718 2799 sanctus
2749 2744 2833 2799 sic
2862 2748 2953 2799 est
2982 2744 3330 2815 promissus,
3366 2748 3430 2798 ut
3458 2745 3619 2799 dice-

1974 2833 2278 2898 retur,lpse
2310 2849 2395 2887 vos
2424 2833 2642 2888 inducet
2675 2836 2737 2887 in
2757 2850 2976 2887 omnem
2996 2834 3279 2887 veritatem
3310 2834 3610 2903 (Joan.xv1,

1973 2922 2100 2989 13):
2142 2923 2432 2993 quomodo
2463 2939 2563 2977 vos
2593 2927 2787 2978 autem
2838 2921 2935 2977 ille
2963 2923 3184 2979 inducet
3213 2922 3269 2975 in
3302 2924 3606 2989 veritatem,

1974 3010 2074 3083 qui
2108 3028 2205 3067 vos
2236 3012 2401 3067 docet
2431 3012 2723 3067 Christum
2749 3027 2875 3068 esse
2896 3010 3159 3067 fallacem
3178 3011 3205 3065 ?
3224 3010 3345 3066 Huc
3368 3011 3613 3079 accedit,

1974 3100 2079 3172 qui
2104 3102 2152 3156 si
2184 3102 2379 3157 omnia
2409 3118 2534 3173 qua:
2556 3102 2626 3157 de
2646 3100 3032 3173 promissione
3055 3099 3331 3156 Paracleti
3355 3101 3415 3155 in
3438 3101 3616 3156 Evan-

1974 3189 2124 3261 gelio
2154 3190 2452 3263 leguntur,
2486 3190 2626 3245 talia
2670 3208 2795 3245 esse
2841 3189 3345 3255 demonstraretis,
3394 3194 3459 3245 ut
3504 3207 3619 3245 non

1974 3280 2213 3334 omnino
2246 3279 2357 3334 nisi
2391 3280 2461 3334 de
2505 3279 2821 3335 Manichaee
2854 3285 3046 3334 vestro
3078 3283 3316 3350 possent
3345 3278 3613 3351 intelligi,

1974 3368 2125 3423 sicut
2182 3370 2574 3423 ostenduntur
2622 3369 2678 3422 in
2738 3368 3035 3439 prophetis
3086 3384 3153 3423 ea
3198 3385 3325 3424 esse
3356 3367 3511 3423 dicta
3541 3368 3611 3423 de

1974 3457 2222 3523 Christo,
2258 3476 2385 3529 quae
2418 3459 2475 3511 in
2502 3458 2683 3512 alium
2704 3458 2907 3513 cadere
2930 3458 3166 3513 omnino
3192 3475 3304 3512 non
3324 3457 3608 3528 possint‘,

1972 3552 2166 3601 tamen
2186 3564 2318 3601 cum
2342 3563 2409 3601 ea
2425 3547 2494 3600 de
2515 3545 2584 3601 iis
2602 3546 2899 3601 codicibus
2920 3547 3396 3617 proferetis,quos
3417 3546 3612 3602 dicitis

1973 3635 2303 3701 infalsatos,
2326 3635 2433 3690 hoc
2450 3636 2641 3705 ipsum
2660 3634 2776 3690 illic
2810 3634 3022 3690 falsum
3038 3639 3094 3689 et
3116 3653 3149 3689 a
3171 3635 3610 3705 corruptoribus

1972 3725 2298 3795 majoribus
2327 3724 2535 3779 vestris
2560 3724 2893 3778 immissum
2930 3740 3058 3779 esse
3084 3724 3432 3792 diceremus,
3454 3724 3609 3795 quod

1973 3813 2092 3869 illic
2123 3815 2191 3868 de
2222 3812 2537 3868 Manichaeo
2582 3812 2663 3867 sic
2698 3812 2981 3883 scriptum
3017 3811 3291 3884 tegeritis,
3327 3817 3390 3866 ut
3418 3816 3475 3867 et
3505 3811 3617 3867 alio

1972 3902 2297 3974 intelligere
2328 3919 2443 3957 non
2468 3918 2773 3973 possemus
2801 3917 2813 3953 :
2840 3902 2978 3973 quid
3002 3901 3288 3965 faceretis,
3312 3900 3485 3956 dicite
3504 3901 3618 3955 mi-

1973 3990 2054 4058 hi,
2090 3990 2202 4046 nisi
2234 3990 2586 4060 clamaretis,
2619 3988 2777 4044 nullo
2798 3990 2968 4045 modo
2992 4006 3089 4044 vos
3114 3989 3373 4061 potuisse
3406 3989 3614 4045 falsare

1972 4080 2223 4144 codices,
2256 4079 2355 4151 qui
2377 4081 2502 4149 jam
2535 4078 2595 4133 in
2626 4078 2897 4133 manibus
2928 4082 3123 4134 essent
3153 4078 3415 4133 omnium
3446 4078 3616 4132 Chri-

1973 4170 2333 4225 stianorum?
2361 4169 2506 4234 Quia
2538 4184 2669 4223 mox
2700 4173 2764 4222 ut
2809 4168 2993 4223 facere
3029 4167 3374 4239 coepissetis,
3420 4174 3616 4223 vestu-

1975 4260 2220 4315 stiorum
2254 4257 2673 4330 exemplarium
2692 4257 2931 4312 veritate
2951 4257 3456 4314 convinceremini.
3494 4260 3618 4324 Qua

1973 4349 2152 4421 igitur
2199 4365 2374 4403 causa
2405 4365 2439 4403 a
2467 4348 2629 4403 vobis
2673 4347 2969 4417 corrumpi
3023 4363 3138 4401 non
3189 4351 3445 4418 possent,
3509 4347 3618 4403 hac

1974 4454 2147 4493 causa
2178 4455 2211 4492 a
2240 4437 2474 4492 nemine
2513 4441 2847 4508 potuerunt.
2882 4434 3159 4506 Quisquis
3189 4435 3344 4490 enim
3368 4435 3474 4491 hoc
3503 4436 3618 4506 pri-

1971 4528 2152 4582 mitus
2184 4543 2367 4581 ausus
2400 4531 2576 4595 esset,
2598 4524 2914 4579 multorum
2938 4524 3203 4579 codicum
3236 4525 3620 4581 vetustiorum

1972 4616 2282 4672 collatione
2308 4616 2735 4670 confutaretur:
2764 4613 3034 4680 maxime,
3064 4613 3200 4684 quia
3232 4630 3345 4668 non
3366 4631 3483 4669 una
3509 4613 3622 4670 lin-

1972 4721 2107 4777 gua,
2164 4705 2263 4760 sed
2296 4703 2503 4759 multis
2545 4704 2745 4757 eadem
2798 4702 3100 4775 Scriptura
3140 4703 3615 4759 continereretur.

1974 4796 2119 4851 Nam
2151 4795 2324 4850 etiam
2362 4810 2518 4848 nunc
2548 4791 2839 4847 nonnullae
2880 4792 3147 4848 codicum
3181 4792 3615 4863 mendositates,

1969 4884 2059 4940 vel
2114 4886 2185 4939 de
2241 4882 2693 4954 antiquioribus,
2745 4882 2831 4938 vel
2881 4883 2951 4937 de
3004 4882 3207 4954 lingua
3257 4882 3614 4953 przecedente

1970 4974 2375 5029 emendantur.
2409 4972 2492 5027 lta
2522 4989 2658 5044 ergo
2682 4977 2785 5027 aut
2815 4971 3089 5044 cogimini
3117 4988 3349 5027 veraces
3371 4970 3499 5026 illos
3516 4986 3609 5024 co-

1971 5064 2128 5118 dices
2160 5063 2440 5131 contiteri,
2474 5067 2531 5117 et
2562 5064 2837 5117 continuo
2877 5065 3145 5117 evertunt
3174 5060 3440 5114 haeresim
3491 5075 3615 5113 ves-

1969 5158 2143 5219 tram;
2177 5156 2279 5206 aut
2311 5151 2359 5206 si
2394 5150 2629 5206 fallaces
2659 5168 2755 5207 eos
2804 5150 3086 5222 dixeritis,
3118 5164 3315 5204 eorum
3368 5148 3619 5202 auctori-

1967 5246 2085 5297 tate
2117 5240 2479 5297 Paracletum
2520 5258 2635 5295 non
2668 5239 2883 5313 poteris
2912 5256 3190 5305 asserere,
3219 5241 3275 5292 et
3290 5253 3389 5293 vos
3408 5236 3614 5292 everti-

1966 5330 2044 5386 tis
2078 5328 2344 5383 haeresim
2379 5333 2653 5384 vestram.

2040 5418 2273 5475 CAPUT
2289 5418 2528 5473 XVII.—
2554 5419 2677 5472 Huc
2698 5418 2942 5483 accedit,
2966 5416 3104 5486 quia
3121 5432 3189 5469 ea
3210 5414 3366 5469 dicta
3383 5418 3524 5470 sunt
3556 5415 3612 5470 in

1967 5508 2357 5580 promissione
2374 5506 2743 5573 Paracleti,ul
2766 5504 3146 5559 Manicheum
3170 5508 3301 5575 post
3317 5508 3437 5559 tam
3461 5505 3613 5560 mul-

1967 5604 2058 5654 tos
2075 5614 2261 5653 annos
2282 5597 2628 5661 venientem,
2654 5595 2725 5649 ab
2750 5597 2862 5648 ista
2892 5593 3223 5662 suspicione
3242 5609 3483 5664 prorsus
3513 5609 3609 5648 ex-

1967 5686 2378 5749 cludant.0uia
2403 5683 2557 5739 enim
2583 5688 2713 5754 post
2730 5682 3214 5737 resurrectionem
3237 5685 3294 5736 et
3314 5683 3617 5737 ascensio-

1966 5791 2101 5832 nem
2123 5774 2354 5831 Domini
2367 5772 2641 5829 continuo
2655 5773 2939 5827 venturus
2950 5774 3075 5829 erat
3086 5770 3335 5845 Spiritus
3348 5775 3607 5843 sanctus,

2031 5874 2049 5909 ί
2079 5872 2235 5938 Apud
2262 5872 2350 5925 Er.
2379 5871 2544 5935 Lugd.
2579 5872 2710 5928 Ven.
2742 5870 2889 5935 Lov.,
2916 5873 3147 5939 possunt.
3265 5870 3336 5922 Μ.
