4046 6184
205 361 315 420 521

206 495 346 548 Tunc
374 491 594 563 aperuit
615 491 735 546 illis
756 506 998 560 sensum,
1024 494 1081 545 ut
1106 490 1486 561 intelligerent
1502 487 1821 558 Scripturas
1845 500 1863 539 :

200 593 247 638 et
278 581 427 637 dixit
455 583 554 651 eis,
589 583 871 652 Quoniam
891 583 969 636 sic
987 581 1268 650 scriptum
1285 586 1385 646 est,
1409 586 1461 633 et
1481 579 1559 633 sic
1579 579 1865 649 oportebat

211 670 489 726 Christum
506 672 627 741 pati
641 683 693 725 et
711 686 996 740 resurgere
1015 686 1049 723 a
1069 670 1306 723 mortuis
1327 667 1415 723 die
1436 669 1616 733 tertio,
1639 674 1690 723 et
1714 679 1862 736 pree-

200 760 382 815 dicari
394 760 452 814 in
466 760 687 814 nomine
698 761 816 830 ejus
826 759 1215 831 paenitentiam
1226 762 1278 812 et
1291 758 1667 812 remissionem
1685 770 1867 825 pecca-

198 857 381 905 torum
408 851 464 903 in
481 865 669 903 manes
690 853 897 917 gentes,
924 847 1317 916 incipimtibus
1338 846 1405 901 ab
1438 844 1747 901 Ierusalem
1773 844 1865 898 Vos

197 942 385 992 autem
414 938 544 992 estis
575 942 733 992 testes
781 938 1000 991 horum.
1053 938 1116 991 Et
1144 952 1238 1005 ego
1269 937 1489 990 mittam
1514 933 1856 1003 promissum

196 1027 385 1081 Patris
406 1027 516 1080 mei
538 1028 596 1079 in
622 1042 708 1081 vos
731 1043 749 1078 :
774 1042 865 1082 vos
891 1033 1083 1080 autem
1110 1024 1284 1079 sedete
1310 1025 1371 1078 in
1398 1025 1618 1079 civitate
1643 1022 1855 1092 quoad-

196 1131 371 1185 usque
400 1115 719 1170 induamini
748 1117 1009 1170 virtutem
1039 1130 1108 1168 ea:
1137 1114 1245 1168 alto
1279 1114 1428 1183 (Luc.
1460 1129 1608 1176 xxxv,
1644 1110 1849 1181 36-49).

195 1202 259 1257 Et
283 1219 421 1258 cum
446 1203 797 1258 reddidisset
821 1202 1079 1259 codicem
1103 1200 1418 1273 Evangelii,
1438 1199 1659 1272 accepit
1674 1202 1853 1255 Actus

191 1291 606 1362 Apostolorum
620 1336 633 1360 ,
654 1296 710 1347 et
728 1291 897 1362 dixit,
916 1290 1265 1346 Audivimus
1283 1290 1340 1344 in
1359 1288 1669 1361 Evangelio
1691 1304 1852 1343 com-

201 1397 569 1437 memorasse
614 1379 1049 1453 Evangelistam
1094 1383 1365 1435 sanctum
1398 1377 1850 1450 promissionem

193 1470 268 1524 Cb
284 1470 440 1536 risti,
471 1487 594 1540 quae
625 1474 715 1525 est
746 1470 805 1523 in
839 1467 1148 1541 Evangelia
1180 1467 1503 1523 secundum
1538 1466 1851 1534 Joannem,

192 1575 375 1630 quem
400 1574 657 1630 praesens
681 1556 840 1613 Felix
864 1556 1361 1612 commemoravit.
1388 1555 1493 1611 Ubi
1517 1554 1673 1610 enim
1706 1554 1854 1610 dixit

195 1648 506 1714 Dominus,
541 1649 700 1702 Mitto
732 1647 883 1702 vobis
914 1646 1183 1717 Spiritum
1210 1649 1464 1700 sanctum
1509 1643 1851 1715 paracletum

190 1736 380 1806 (toan.
413 1752 529 1802 xvx,
553 1736 630 1807 7),
653 1735 908 1790 Joannes
930 1733 1288 1805 evangelista
1310 1733 1565 1805 scripsit.
1601 1732 1717 1787 Hoc
1746 1748 1849 1787 au-

187 1831 305 1879 tem
327 1824 483 1895 quod
502 1825 672 1879 modo
688 1823 822 1895 legi,
848 1828 1026 1878 Lucas
1045 1821 1397 1895 evangelista
1416 1826 1723 1877 attestatus
1740 1826 1848 1890 est,

187 1918 239 1968 et
252 1912 577 1968 consonuit
590 1912 814 1967 veritati
830 1910 1849 1984 apostoliloannis.Videamusetiam

188 2002 488 2073 quomodo
522 2001 841 2073 perfectum
876 2004 963 2056 est
993 2000 1144 2071 quod
1183 1999 1455 2071 promisit
1486 1999 1774 2053 Dominus
1795 2001 1853 2053 et

189 2091 491 2162 quomodo
515 2088 823 2159 impletum
853 2106 865 2143 :
892 2093 955 2143 ut
979 2105 1113 2143 cum
1138 2089 1310 2143 fuerit
1340 2104 1407 2143 ex
1433 2087 1728 2143 canonicis
1764 2087 1849 2141 Li-

187 2179 309 2235 bris
336 2184 551 2234 sancte:
572 2177 839 2233 Ecclesiae
869 2177 1417 2250 expressaimpletio
1440 2176 1849 2249 promissionis

186 2267 454 2333 Domini,
478 2267 836 2339 paracletum
860 2267 1139 2338 Spiritum
1166 2272 1441 2321 sanctum
1460 2264 1711 2321 alterum
1731 2281 1845 2321 non

186 2373 552 2428 quaeramus,
587 2373 658 2411 ne
690 2355 750 2410 in
783 2356 1160 2410 seductorum
1192 2356 1430 2426 laqueos
1453 2354 1844 2410 incurramus.

257 2443 507 2500 CAPUT
537 2444 623 2499 IV.
658 2474 728 2484 --
758 2444 824 2497 El
874 2443 1135 2498 recitavit
1173 2459 1240 2499 ex
1271 2444 1513 2498 Actibus
1542 2442 1847 2514 Apostolo-

181 2550 323 2588 rum
359 2550 375 2588 :
411 2534 658 2588 Primum
687 2532 907 2603 quidem
938 2548 1240 2586 sermonem
1286 2533 1394 2603 feci
1422 2531 1488 2586 de
1516 2532 1785 2597 omnibus,
1814 2547 1845 2587 ο

178 2623 503 2694 Theophile,
529 2638 646 2692 qua:
674 2623 833 2693 capit
851 2623 1005 2677 Iesus
1019 2624 1203 2692 facere
1221 2629 1273 2676 et
1300 2620 1507 2687 docere,
1540 2622 1601 2675 in
1624 2620 1713 2676 die
1741 2636 1845 2691 quo

177 2711 479 2785 Apostolos
507 2711 666 2781 elegit
722 2727 822 2781 per
875 2712 1154 2781 Spiritum
1201 2714 1474 2777 sanctum,
1506 2718 1558 2764 et
1582 2712 1846 2781 praecepit

176 2800 505 2872 praedicare
532 2800 894 2871 Evangelium
915 2814 934 2852 .·
964 2800 1163 2870 quibus
1190 2799 1427 2871 praebuit
1447 2814 1504 2853 se
1524 2801 1705 2853 vivum
1722 2804 1843 2870 post

172 2892 504 2962 passionem
524 2890 583 2943 in
602 2889 794 2943 multis
816 2888 1160 2957 argumentis
1182 2887 1418 2953 dierum,
1451 2889 1600 2942 visus
1629 2888 1706 2942 eis
1727 2886 1844 2943 dies

174 2979 583 3052 quadraginta,
612 2981 663 3032 et
691 2978 887 3032 docens
917 2976 983 3031 de
1013 2992 1181 3047 regno
1210 2977 1326 3042 Dei,
1357 2984 1407 3031 et
1434 2975 1696 3047 quomodo
1719 2991 1845 3031 con-

174 3074 441 3124 versatus
461 3071 536 3122 est
559 3082 683 3121 cum
705 3064 845 3120 illis.
870 3066 935 3119 Et
953 3067 1217 3136 praecepit
1237 3066 1315 3120 eis
1336 3081 1404 3120 ne
1418 3064 1754 3119 discederent
1768 3066 1843 3121 ab

173 3155 579 3226 Jerosolymis,
636 3154 727 3210 sed
784 3156 1120 3209 sustinerent
1154 3155 1616 3226 pollicitationem
1638 3154 1840 3221 Patris,

176 3263 366 3318 quam
396 3244 642 3312 audistis,
673 3245 874 3315 inquit,
909 3260 979 3298 ex
1006 3259 1097 3299 ore
1126 3259 1244 3299 meo
1268 3268 1282 3311 ;
1315 3244 1577 3313 quoniam
1602 3247 1845 3300 Joannes

175 3334 417 3407 quidem
438 3334 735 3404 baptizavit
755 3349 927 3403 aqua,
954 3348 1039 3387 vos
1059 3337 1244 3387 autem
1264 3332 1474 3403 Spiritu
1494 3340 1676 3387 sancto
1698 3333 1843 3387 inci-

174 3425 366 3496 pietis
392 3422 663 3493 baptizari
682 3438 840 3494 quem
861 3426 914 3476 et
935 3423 1212 3493 accepturi
1228 3423 1360 3477 estis
1380 3437 1490 3477 non
1505 3423 1625 3492 post
1648 3423 1845 3477 multos

182 3516 323 3567 istos
354 3511 495 3577 dies,
516 3528 682 3583 usque
700 3511 770 3566 ad
794 3513 1158 3568 Pentecosten.
1182 3511 1275 3565 Illi
1294 3526 1418 3581 ergo
1446 3510 1842 3575 convenientes,

181 3604 618 3669 interrogabant
634 3618 756 3656 eum
776 3601 1043 3656 dicentes:
1068 3601 1317 3669 Domine,
1340 3602 1391 3654 si
1410 3601 1470 3653 in
1492 3598 1589 3654 hoc
1609 3604 1846 3670 tempore

171 3690 553 3762 pmenlabis
584 3706 808 3760 regnum
843 3689 1009 3744 Israel
1030 3693 1055 3741 ?
1081 3690 1178 3743 Ille
1226 3698 1415 3743 autem
1464 3688 1610 3743 dixit
1631 3706 1650 3741 :
1683 3689 1845 3744 Nemo

174 3783 363 3851 potest
388 3795 708 3851 cognoscere
731 3791 959 3849 tempus,
984 3778 1123 3850 quod
1144 3782 1310 3832 Pater
1324 3779 1507 3849 posuit
1531 3778 1591 3831 in
1620 3793 1722 3830 sua
1748 3793 1845 3848 po-

175 3872 417 3934 testate;
443 3868 533 3922 sed
553 3870 832 3939 accipietis
857 3869 1109 3922 virtutem
1132 3866 1374 3937 Spiritus
1395 3866 1575 3920 sancti
1593 3881 1844 3935 superve-

178 3961 437 4013 nientem
459 3958 520 4010 in
540 3973 651 4027 vos,
668 3967 721 4011 et
745 3959 902 4012 eritis
922 3956 1068 4011 mihi
1087 3960 1247 4011 testes
1268 3957 1417 4026 apud
1429 3953 1842 4025 Jerosolymam,

182 4054 226 4103 et
258 4050 324 4103 in
368 4050 481 4102 tota
501 4046 692 4103 Iudaea
710 4055 762 4102 et
784 4047 1058 4116 Samaria,
1083 4054 1132 4100 et
1158 4060 1319 4115 usque
1344 4046 1406 4099 in
1425 4047 1595 4099 totam
1616 4051 1843 4098 terram.

186 4140 325 4191 Cum
363 4135 485 4191 haec
504 4134 722 4201 diceret,
747 4136 915 4191 nubes
933 4136 1167 4206 suscepit
1185 4150 1333 4201 eum,
1354 4137 1404 4189 et
1418 4134 1664 4188 sublatus
1682 4134 1759 4187 est
1780 4132 1846 4188 ab

184 4228 283 4281 eis.
313 4226 388 4279 Et
405 4223 1264 4296 quomodocuntemptanteserant
1279 4239 1405 4277 cum
1422 4224 1526 4277 iret
1544 4224 1601 4276 in
1631 4222 1844 4286 caelum,

184 4332 307 4369 ecce
331 4314 444 4367 duo
466 4314 581 4367 viri
598 4314 890 4368 adstabant
914 4313 1028 4368 itlis
1051 4314 1111 4366 in
1131 4319 1276 4366 veste
1296 4312 1441 4379 alba,
1466 4313 1563 4382 qui
1589 4310 1851 4367 dixerunt

184 4405 252 4458 ad
272 4419 377 4458 eos
398 4419 411 4456 :
446 4404 559 4457 Viri
587 4400 831 4469 Galilaei,
855 4403 987 4473 quid
1006 4403 1164 4456 statis
1186 4402 1532 4471 respicientes
1554 4402 1611 4454 in
1633 4401 1853 4455 calum?

184 4495 287 4548 Iste
308 4494 471 4548 Iesus
493 4493 589 4561 qui
607 4500 909 4562 assumptus
929 4500 1010 4546 est
1030 4494 1088 4546 in
1105 4491 1302 4545 caelum
1321 4506 1352 4543 a
1373 4489 1544 4551 vobis,
1575 4491 1654 4543 sic
1674 4491 1852 4544 veniet

188 4580 659 4653 quemadmodum
692 4581 906 4636 vidistis
932 4598 1059 4635 eum
1105 4588 1326 4635 euntem
1374 4578 1430 4631 in
1462 4579 1676 4632 caelum.
1711 4578 1854 4632 Tunc

190 4671 411 4725 reversi
441 4678 571 4723 sunt
610 4670 1009 4741 Ierosolymam
1036 4686 1069 4723 a
1086 4671 1264 4723 monte
1284 4668 1384 4737 qui
1409 4674 1629 4722 vocatur
1648 4666 1850 4733 Elwon,

191 4764 283 4831 qui
305 4761 389 4815 est
402 4760 563 4830 juxta
583 4760 1001 4831 Ierosolymam;
1021 4759 1239 4813 sabbati
1258 4758 1464 4812 habens
1484 4757 1613 4810 iter.
1639 4757 1705 4810 Et
1728 4772 1855 4811 cum

192 4850 539 4914 introissent,
573 4849 936 4904 ascenderunt
968 4849 1028 4902 in
1055 4848 1363 4919 superiora,
1402 4846 1500 4901 ubi
1535 4846 1858 4901 habitabant

194 4940 400 4993 Petrus
430 4942 483 4991 et
511 4938 764 5001 Ioannes,
810 4940 1036 4995 Iacobus
1083 4946 1133 4992 et
1177 4936 1444 5002 Andreas,
1489 4933 1778 5005 Philippus
1806 4943 1858 4990 et

202 5028 457 5091 Thomas,
489 5026 922 5083 Bartholomeeus
953 5032 1003 5082 et
1032 5025 1350 5095 Matt/imus,
1372 5023 1600 5080 Iacobus
1620 5022 1854 5094 Alphazi,

198 5120 251 5170 et
270 5116 475 5172 Simon
495 5115 727 5182 Zelotes,
746 5120 800 5170 et
818 5116 987 5171 Iudas
1008 5114 1212 5171 Jacobi.
1240 5115 1303 5167 Et
1324 5115 1481 5168 erant
1498 5128 1857 5183 perseveran-

198 5216 277 5259 tes
307 5220 499 5260 omnes
528 5207 821 5259 unanimes
844 5207 904 5259 in
923 5203 1277 5267 orationibus,
1296 5218 1420 5256 cum
1440 5202 1785 5268 mulieribus,
1809 5205 1859 5256 et

198 5295 386 5348 Maria
414 5310 542 5365 quae
570 5296 751 5365 fuerat
779 5298 956 5348 mater
985 5296 1129 5359 Iesu,
1160 5297 1209 5348 et
1233 5292 1508 5363 fratribus
1540 5291 1674 5361 ejus.
1708 5292 1770 5345 Et
1800 5291 1858 5346 in

204 5383 406 5438 diebus
429 5385 545 5439 illis
565 5386 877 5439 exsurrexit
900 5385 1088 5439 Petrus
1114 5385 1175 5436 in
1204 5380 1380 5435 medio
1406 5381 1739 5435 discentium
1762 5382 1861 5447 καὶ

201 5473 355 5528 dixit
378 5475 512 5543 (fuit
531 5482 720 5529 autem
741 5473 903 5529 turba
924 5475 983 5529 in
1004 5488 1135 5541 uuo,
1162 5471 1447 5528 hominum
1468 5470 1626 5540 quasi
1645 5478 1861 5525 centum

273 5652 291 5686 ¹
322 5650 480 5709 Editi,
509 5652 563 5716 in
592 5651 757 5716 medio
780 5652 1051 5716 fratrum.,
1082 5648 1147 5699 At
1181 5648 1330 5707 Mss.,
1362 5645 1682 5697 discentium.
1715 5647 1857 5699 Grin-

206 5727 271 5763 ee
301 5718 402 5774 est,
431 5714 716 5765 mathetdn.

535 5834 802 5894 PATBOL.
847 5830 1029 5893 XLII.

608 358 711 418 DE
756 355 977 419 ACTIS
1021 354 1185 418 CUM
1230 355 1506 416 FELICE
1552 352 2013 425 MANICHIEO,
2048 352 2114 411 S.
2164 354 2591 417 AUGUSTlNl
2637 353 2868 416 LIBER
2912 354 3235 418 PRIMUS.

3505 359 3623 417 522

1972 486 2193 556 viginti)
2219 502 2232 541 :
2272 488 2388 543 Viri
2416 491 2635 559 fratres,
2659 493 2862 559 oportet
2881 488 3178 561 adimpleri
3197 492 3526 561 scripturam
3548 494 3624 547 is-

1973 582 2110 645 tam,
2147 592 2319 646 quam
2332 578 2602 647 praedixit
2626 578 2869 649 Spiritus
2890 584 3110 635 sanctus
3132 596 3223 635 ore
3249 583 3429 636 sancti
3456 581 3628 636 David

1973 664 2038 719 de
2056 665 2217 731 Iuda,
2246 666 2343 737 qui
2358 670 2467 737 fuit
2485 667 2737 723 deductor
2757 669 2983 724 illorum
2997 672 3093 741 qui
3102 670 3629 741 comprehenderunt

1973 755 2175 822 Iesum,
2195 759 2455 825 quoniam
2478 767 2875 811 annumeratus
2895 761 3308 827 eratinternos,
3323 761 3418 830 qui
3432 760 3628 816 habuit

1973 848 2173 898 sortem
2202 844 2366 915 hujus
2398 846 2719 901 ministerii.
2764 848 2871 901 Hic
2920 863 3046 916 ergo
3075 849 3312 920 possedit
3339 866 3537 917 agrum
3561 849 3626 905 de

1962 932 2208 989 mercede
2228 934 2523 1005 injuslitiee
2540 949 2678 1004 suae,
2702 944 2751 989 el
2771 936 2974 990 collum
2991 939 3101 991 sibi
3119 938 3396 1008 alligavit,
3414 942 3466 995 et
3486 938 3626 1010 deje-

1961 1031 2079 1077 ctus
2094 1023 2152 1075 in
2171 1024 2395 1092 faciem,
2414 1023 2695 1095 disruplus
2708 1031 2787 1079 est
2802 1026 3042 1091 medius,
3056 1035 3106 1080 et
3116 1028 3287 1098 effusa
3300 1032 3427 1082 sunt
3440 1030 3624 1083 omnia

1962 1114 2170 1165 viscera
2199 1112 2337 1183 ejus.
2373 1112 2529 1183 Quod
2551 1117 2599 1166 et
2620 1114 2897 1183 cognitum
2922 1116 3131 1183 factum
3158 1124 3234 1170 est
3256 1117 3509 1170 omnibus
3531 1120 3626 1187 qui

1961 1201 2352 1257 inhabitabant
2377 1203 2802 1273 Jerosolymam,
2839 1205 2918 1257 ita
2948 1209 3012 1257 ut
3057 1218 3342 1259 vocaretur
3368 1220 3499 1275 ager
3526 1205 3625 1260 ille

1962 1291 2206 1360 ipsorum
2240 1290 2432 1361 lingua
2462 1290 2842 1359 Aceldemach,
2892 1292 2951 1346 id
2999 1296 3096 1357 est,
3130 1308 3267 1363 ager
3293 1294 3615 1364 sanguinis.

1961 1377 2239 1450 Scriptum
2259 1388 2340 1434 est
2361 1381 2509 1435 enim
2533 1381 2591 1434 in
2616 1380 2755 1435 libro
2777 1380 3123 1435 Psalmorum
3151 1398 3169 1435 :
3193 1382 3317 1436 Fiat
3335 1382 3478 1437 villa
3501 1382 3621 1453 ejus

1959 1468 2193 1535 deserta,
2224 1476 2273 1524 et
2302 1484 2413 1523 non
2441 1470 2513 1523 sit
2540 1471 2638 1539 qui
2666 1469 2936 1524 inhabitet
2966 1472 3027 1525 in
3057 1486 3142 1536 ea,
3175 1474 3227 1526 et
3249 1472 3620 1541 episc0palum

1958 1556 2072 1627 ejus
2091 1557 2328 1627 accipiat
2354 1557 2513 1612 alter.
2542 1561 2769 1628 Oportet
2792 1558 2986 1629 itaque
3009 1574 3080 1614 ex
3101 1558 3188 1613 his
3214 1561 3350 1614 viris
3373 1561 3470 1629 qui
3488 1575 3618 1615 con-

1957 1654 2222 1700 venerunt
2240 1645 2526 1701 nobiscum
2549 1648 2607 1701 in
2628 1648 2782 1702 omni
2800 1655 3042 1717 tempore
3063 1663 3166 1718 quo
3188 1648 3438 1703 introivit
3454 1664 3618 1719 super

1957 1736 2086 1789 nos'
2122 1744 2173 1789 et
2202 1737 2437 1790 excessit
2492 1736 2749 1790 Dominus
2791 1737 2946 1791 Iesus
2981 1736 3248 1802 Christus,
3282 1738 3553 1805 incipiens
3583 1753 3618 1791 a

1961 1824 2225 1894 baptismo
2253 1826 2487 1880 Ioannis
2516 1841 2685 1896 usque
2717 1826 2771 1879 in
2806 1825 2969 1880 illum
3001 1825 3147 1880 diem
3169 1841 3271 1895 quo
3301 1830 3615 1897 assumptus

1958 1917 2037 1968 est
2059 1930 2094 1966 a
2111 1913 2287 1980 nobis,
2311 1922 2495 1968 testem
2515 1916 2939 1969 resurrectionis
2957 1915 3076 1984 ejus
3098 1916 3375 1969 nobiscum
3392 1931 3524 1970 esse.
3547 1916 3613 1970 Et

1958 2003 2152 2056 statuit
2171 2001 2322 2068 duos,
2345 2003 2537 2073 Ioseph
2558 2004 2654 2073 qui
2680 2003 2973 2057 vocabatur
3004 2004 3292 2073 Barsabas,
3319 2006 3415 2075 qui
3442 2008 3491 2059 et
3512 2006 3613 2060 Ju-

1958 2098 2095 2157 stus;
2124 2100 2176 2146 et
2208 2090 2518 2147 Matthiam.
2582 2092 2645 2146 Et
2697 2095 2950 2162 precatus
2997 2092 3180 2147 dixit:
3221 2094 3323 2159 Tu,
3358 2095 3610 2164 Domine,

1956 2179 2205 2235 cordium
2222 2182 2468 2235 omnium
2481 2181 2537 2233 in
2546 2180 3036 2247 tellector,ostende
3048 2197 3120 2235 ex
3130 2181 3213 2235 his
3225 2180 3435 2236 duobus
3453 2197 3613 2251 quem

1955 2269 2167 2337 elegisti
2187 2268 2257 2323 ad
2276 2268 2683 2340 suscipiendum
2707 2270 2886 2323 locum
2918 2268 3081 2340 hujus
3110 2270 3412 2324 ministerii
3436 2276 3486 2323 et
3506 2286 3608 2323 an-

1954 2358 2341 2423 nantiationis,
2374 2374 2407 2411 a
2435 2374 2543 2428 qua
2573 2359 2802 2413 excessit
2829 2357 2995 2413 Iudas
3026 2359 3312 2413 ambulare
3336 2360 3396 2412 in
3429 2359 3605 2413 locum

1954 2462 2134 2500 suum.
2164 2449 2236 2500 Et
2257 2445 2521 2501 dederunt
2538 2450 2715 2501 sortes
2762 2462 2891 2500 suas
2908 2447 2952 2511 ³,
2973 2454 3025 2501 et
3069 2448 3270 2502 cecidit
3297 2463 3411 2501 sors
3439 2462 3603 2517 super

1952 2533 2263 2602 Matthiam,
2286 2537 2520 2590 etsimul
2541 2535 2832 2607 deputatus
2857 2539 2933 2590 est
2953 2552 3077 2590 eum
3102 2535 3353 2590 undecim
3373 2536 3598 2606 Aposto-

1954 2625 2023 2679 lis
2052 2623 2429 2680 duodecimus.
2477 2624 2547 2678 Et
2577 2640 2711 2679 cum
2744 2624 3003 2695 legisset,
3043 2624 3220 2678 dixit:
3249 2623 3601 2678 Audivimus

1953 2710 2086 2781 quis
2116 2709 2419 2765 ordinatus
2449 2714 2537 2765 est
2566 2709 2625 2764 in
2659 2710 2853 2765 locum
2894 2710 3058 2765 Juda:
3093 2710 3409 2777 traditoris,
3444 2710 3600 2782 quod

1952 2799 2126 2872 paulo
2156 2804 2290 2854 ante
2321 2799 2789 2870 commemoravi,
2842 2815 2913 2855 ne
2958 2799 3273 2871 quisquam
3308 2816 3411 2871 per
3438 2799 3598 2855 frau-

1951 2889 2085 2944 dem
2116 2892 2334 2960 irrepat
2379 2888 2437 2942 in
2470 2887 2874 2960 Apostolorum
2918 2905 3251 2959 numerum,
3279 2893 3337 2944 et
3364 2889 3599 2944 nomine

1951 2978 2311 3050 apostolatus
2344 2975 2507 3032 fallat
2536 2978 2794 3049 ignaros.

2021 3066 2329 3123 CAPUTV.
2363 3097 2430 3107 --
2460 3067 2626 3121 Nunc
2656 3066 2957 3122 videamus
3004 3067 3160 3139 quod
3191 3066 3594 3139 promisimus,

1951 3157 2245 3229 quomodo
2294 3156 2535 3228 impleta
2577 3155 2651 3211 sit
2684 3155 2899 3211 Christi
2932 3157 3242 3228 promissio
3274 3157 3344 3211 de
3375 3155 3597 3228 Spiritu

1952 3249 2174 3301 sancto.
2204 3245 2270 3299 Et
2298 3262 2432 3300 cum
2463 3244 2725 3314 dixisset,
2760 3244 2899 3316 legit
2927 3245 2987 3300 in
3017 3244 3142 3300 loco
3167 3261 3179 3299 :
3214 3245 3466 3315 Tempore
3494 3259 3596 3315 quo

1951 3336 2232 3407 suppletus
2254 3336 2328 3389 est
2356 3334 2470 3389 dies
2500 3336 2857 3401 Pentecostes,
2914 3335 3138 3405 fuerunt
3194 3350 3384 3389 omnes
3428 3332 3600 3388 simul

1953 3424 2013 3477 in
2041 3438 2171 3477 uno.
2205 3424 2279 3476 Et
2304 3424 2486 3492 factus
2515 3431 2592 3477 est
2619 3424 2798 3477 subito
2823 3438 2991 3477 sonus
3021 3423 3087 3476 de
3115 3423 3266 3487 οιειο,
3300 3423 3460 3493 quasi
3485 3424 3597 3491 fer-

1952 3516 2106 3566 retur
2132 3510 2303 3583 ﬂatus
2356 3510 2662 3579 vehemens,
2719 3514 2769 3565 et
2823 3512 3071 3582 implevit
3119 3514 3287 3566 totam
3317 3512 3475 3564 illam
3505 3510 3598 3565 do-

1952 3602 2187 3666 mum,in
2221 3617 2326 3671 qua
2354 3608 2512 3655 erant
2539 3599 2800 3654 sedentes.
2835 3601 2900 3654 Et
2932 3602 3063 3655 viss:
3091 3604 3216 3653 sunt
3248 3600 3361 3654 illis
3392 3600 3603 3667 linguae

1952 3689 2138 3745 divisis
2169 3691 2328 3760 quasi
2359 3689 2520 3759 ignis,
2554 3690 2650 3760 qui
2678 3691 2727 3741 et
2758 3688 2953 3743 insedit
2972 3704 3142 3757 super
3162 3702 3604 3758 unumquemque

1953 3794 2159 3833 eorum.
2190 3780 2253 3832 Et
2282 3778 2497 3848 impleti
2524 3784 2653 3831 sunt
2693 3793 2876 3832 omnes
2916 3776 3132 3848 Spiritu
3173 3786 3384 3844 sancto,
3419 3779 3468 3830 et
3499 3793 3601 3830 cae-

1952 3871 2151 3939 perunl
2181 3868 2331 3937 loqui
2372 3867 2544 3921 variis
2592 3866 2822 3936 linguis,
2875 3865 3135 3936 quomodo
3165 3866 3410 3937 Spiritus
3438 3864 3603 3919 dabat

1954 3958 2032 4011 eis
2061 3956 2439 4027 pronuntiare.
2480 3953 2831 4024 Ierosolymis
2859 3963 3040 4010 autem
3067 3956 3293 4025 fuerunt
3325 3953 3601 4008 habitato-

1955 4061 2042 4100 res
2070 4045 2280 4113 Judmi,
2306 4046 2553 4099 homines
2584 4059 2653 4098 ex
2672 4045 2823 4098 omni
2842 4045 3062 4099 natione
3081 4058 3205 4114 quae
3223 4052 3304 4097 est
3324 4043 3424 4097 sub
3448 4042 3601 4102 caelo.

1956 4135 2019 4190 Et
2046 4150 2168 4190 cum
2195 4137 2342 4205 facta
2372 4137 2503 4188 esset
2533 4149 2655 4199 vox,
2705 4133 2928 4188 collecta
2981 4141 3058 4188 est
3089 4134 3250 4187 turba
3280 4135 3328 4187 et
3356 4133 3604 4201 confusa,

1957 4225 2218 4296 quoniam
2246 4222 2503 4277 audiebat
2550 4224 2917 4293 unusquisque
2970 4239 3073 4276 suo
3125 4238 3372 4277 sermone
3409 4225 3460 4276 et
3490 4219 3606 4276 suis

1959 4314 2167 4382 linguis
2200 4313 2472 4383 loquentes
2503 4327 2609 4367 eos.
2641 4311 2940 4382 Stupebant
2959 4315 3147 4366 autem
3167 4315 3219 4365 et
3241 4310 3603 4365 admiraban-

1961 4408 2071 4467 tur,
2112 4402 2182 4457 ad
2212 4402 2442 4455 invicem
2492 4401 2771 4455 dicentes:
2798 4401 2985 4456 Nonne
3030 4416 3214 4454 omnes
3244 4400 3339 4470 qui
3377 4400 3609 4470 laquun-

1959 4498 2075 4561 tur,
2110 4493 2329 4545 natione
2385 4492 2512 4544 sunt
2560 4489 2823 4546 Galilaei?
2854 4493 2917 4544 Et
2964 4488 3226 4559 quomodo
3256 4489 3607 4556 agnoscimus

1963 4582 2024 4636 in
2055 4580 2171 4636 illis
2198 4594 2504 4635 sermonem
2533 4579 2593 4633 in
2622 4595 2725 4651 quo
2756 4578 2878 4633 nati
2908 4581 3141 4633 sumus?
3166 4576 3384 4633 Parthi.
3419 4579 3471 4632 et
3488 4581 3607 4631 Me-

1963 4671 2039 4739 di,
2075 4680 2124 4724 et
2152 4670 2422 4734 Elamitas,
2453 4676 2504 4723 et
2530 4672 2626 4738 qui
2655 4668 2908 4723 habitant
2937 4667 3397 4738 Mesopotamiam,
3427 4665 3612 4723 Iuda?-

1963 4776 2053 4813 am
2084 4764 2134 4813 et
2164 4757 2564 4828 Cappadociam
2583 4756 2624 4823 ³,
2674 4758 2912 4811 Pontum
2969 4764 3022 4811 et
3044 4756 3248 4826 Asiam,
3285 4754 3613 4825 Phrygiam-

1966 4864 2067 4919 que
2093 4856 2145 4902 et
2173 4846 2580 4918 Pamphyliam,
2640 4846 2935 4917 Egi/ptum
2981 4853 3032 4901 et
3072 4858 3253 4917 partes
3282 4845 3466 4915 Libyae
3493 4856 3612 4914 quas

1965 4942 2040 4992 est
2071 4938 2220 4992 circa
2277 4934 2558 5007 Cyrenem,
2613 4942 2663 4989 et
2718 4936 2812 5005 qui
2866 4934 3200 4989 advenerant
3227 4934 3478 4999 Romani,
3510 4932 3610 4986 Iu-

1966 5028 2185 5099 dteique
2212 5030 2264 5081 et
2312 5024 2612 5097 Proselyli,
2664 5026 2938 5080 Cretenses
2993 5027 3043 5080 et
3071 5024 3287 5091 Arabes,
3318 5022 3613 5079 audiebant

1968 5118 2240 5189 loquentes
2270 5116 2393 5169 illos
2438 5116 2554 5169 suis
2597 5114 2806 5181 linguis
2852 5114 3134 5185 magnalia
3173 5112 3271 5167 Dei
3315 5112 3454 5182 (Act.
3492 5126 3609 5174 1-11,

1969 5207 2080 5276 11).
2117 5207 2183 5259 Et
2212 5221 2344 5259 cum
2378 5204 2666 5270 recitaret,
2699 5203 2876 5258 dixit:
2908 5202 3128 5257 Audisti
3163 5201 3457 5269 nuncjam
3480 5198 3611 5269 Spi-

1970 5297 2143 5351 ritum
2178 5297 2470 5361 sauctum,
2517 5294 2809 5363 quomodo
2857 5292 2936 5347 sit
2958 5292 3219 5346 missus?
3263 5287 3423 5353 Quod
3456 5305 3490 5342 θ.
3520 5304 3613 5343 me

2033 5404 2048 5437 ί
2077 5401 2233 5480 Editi‘,
2258 5401 2394 5449 inter
2417 5414 2525 5448 nos.
2557 5402 2619 5448 At
2652 5399 2794 5459 Mss.,
2823 5412 2976 5462 super
3018 5409 3125 5445 nos.
3161 5396 3318 5445 Juxta
3344 5395 3613 5457 Grecum,

1968 5465 2099 5563 enim
2108 5463 2279 5535 ’e'nids.

2079 5527 2406 5583 Addidlmus,
2437 5538 2572 5577 suas.
2605 5538 2667 5573 ex
2700 5523 2819 5572 Mss.
2852 5523 2912 5571 In
2952 5536 3126 5586 grtsco
3156 5520 3461 5586 est,gautdn.

2030 5590 2052 5625 ³
2077 5590 2213 5637 Editi
2243 5588 2502 5646 ferebant,
2534 5586 2830 5650 Armeniam
2880 5590 2930 5634 et
2960 5584 3374 5650 Cappadociam.
3424 5585 3615 5650 Emen-

1969 5652 2162 5702 dantur
2190 5665 2252 5700 ex
2284 5651 2428 5708 Mss,
2480 5644 2573 5713 Qui
2620 5648 2777 5697 isthic
2804 5660 2978 5711 grtnco
3012 5644 3064 5700 et"
3090 5644 3262 5698 latino
3295 5648 3463 5697 textui
3492 5644 3614 5695 vul-

1969 5719 2106 5779 gatae
2136 5713 2500 5765 consentiunt.

3229 5831 3301 5892 17
