4056 6178
1164 321 1263 381 DE
1308 318 1524 380 AC'I‘IS
1570 317 1731 379 CUM
1781 316 2056 377 FELICE

2220 315 2560 389 ΝΙΟΗᾸΞΟ,
2608 312 2673 375 S.
2721 313 3149 379 AUGUSTINI
3707 328 3807 389 524

2208 450 2394 505 cedent
2415 450 2639 522 quidam
2659 467 2692 505 a
2712 450 2837 521 ﬁde,
2870 450 3209 505 attendentes
3237 450 3514 520 spiritibus
3540 455 3810 516 seductori'

2210 538 2327 603 bus,
2347 538 2611 593 doctrinis
2631 539 3032 594 daemoniorum
3051 541 3109 593 in
3127 540 3402 609 hypocrisi
3418 544 3813 616 mendacitoquo-

448 324 565 383 523

450 453 690 527 exegisti
724 454 961 525 probavi
987 472 1000 521 ;
1034 458 1300 526 superest
1332 456 1394 508 ut
1424 458 1480 509 et
1500 456 1565 508 tu
1588 452 1767 508 facias
1789 452 1941 523 quod
1967 466 2099 522 pro-

456 542 708 599 misisti:
745 543 1024 615 quoniam
1076 542 1405 598 invenimus
1458 542 1692 614 quando
1724 540 1888 596 misit
1917 539 2101 611 Spiri-

455 636 583 687 tum
614 637 899 700 sanctum,
933 648 1109 703 quem
1141 631 1441 704 promisit;
1466 649 1710 704 respuas
1733 629 1893 685 illam
1918 630 2100 701 scrip-

458 726 675 791 turam,
708 738 833 793 qure
866 722 974 777 sub
1032 722 1267 777 nomine
1315 722 1567 794 Spiritus
1615 720 1801 776 sancti
1834 719 2104 775 fraudare

458 810 641 865 voluit
670 810 754 866 vel
787 810 1060 867 lectorem
1087 812 1173 867 vel
1207 811 1557 867 auditorem.

531 917 757 973 CAPUT
789 918 878 972 VI.
914 950 980 959 -—
1011 919 1139 973 FEL.
1174 918 1356 973 dixit:
1392 922 1507 990 Ego
1539 935 1654 973 non
1690 932 1833 989 nego
1864 916 1921 970 id
1951 915 2104 987 quod

460 1006 599 1074 dixi,
634 1006 772 1077 quia
802 1024 932 1062 cum
968 1008 1277 1079 probatum
1313 1007 1453 1061 mihi
1480 1007 1653 1062 fuerit
1676 1005 1829 1079 quod
1851 1004 2104 1077 Spiritus

460 1101 697 1151 sanctus
728 1097 990 1152 docuerit
1017 1098 1319 1153 veritatem
1348 1112 1526 1168 quam
1573 1112 1788 1167 quaero,
1820 1094 1979 1151 illam
2011 1110 2105 1149 re-

462 1202 630 1255 spuo.
661 1185 776 1240 Hoc
808 1184 961 1240 enim
994 1185 1286 1241 Sanctitas
1334 1190 1434 1238 tua
1477 1183 1621 1238 mihi
1652 1184 1811 1255 legit,
1845 1183 1944 1238 ubi
1977 1182 2106 1253 Spi-

460 1274 636 1328 ritum
700 1279 967 1329 sanctum
1020 1273 1280 1345 Apostoli
1340 1278 1708 1344 acceperunt,
1769 1275 1825 1327 et
1871 1272 1930 1326 in
1962 1269 2108 1343 ipsis

462 1362 751 1434 Apostolis
780 1380 958 1418 unum
990 1380 1183 1434 quaero
1215 1362 1316 1434 qui
1349 1379 1441 1417 me
1488 1363 1688 1417 doceat
1718 1362 1787 1416 de
1818 1360 2004 1432 initio,
2039 1360 2108 1415 de

464 1452 674 1523 medio,
710 1457 766 1506 et
796 1453 866 1507 de
906 1453 1041 1507 ﬁne.

537 1542 680 1596 Ave.
718 1541 899 1595 dixit:
933 1541 988 1595 Si
1017 1541 1229 1613 legeris
1258 1541 1367 1596 hoc
1390 1540 1603 1595 dixisse
1628 1538 1961 1604 Dominum,
1985 1537 2111 1591 Mito

467 1633 526 1684 to
558 1630 722 1685 vobis
754 1630 1034 1702 Spiritum
1068 1636 1358 1699 sanctum,
1386 1629 1482 1701 qui
1507 1630 1711 1684 doceat
1730 1645 1831 1684 vos
1854 1627 2109 1695 initium,

470 1719 729 1773 medium
764 1724 819 1774 et
849 1720 1024 1775 finem
1051 1739 1063 1787 ;
1096 1721 1243 1775 bene
1274 1737 1364 1774 me
1395 1718 1674 1789 astringis
1706 1723 1771 1773 ut
1808 1718 2110 1774 ostendam

471 1823 618 1878 quos
649 1808 907 1863 docuerit
938 1808 1189 1879 Spiritus
1220 1812 1476 1864 sanctus.

548 1897 678 1951 FEL.
712 1896 887 1952 dixit:
948 1898 1093 1960 Quia
1148 1899 1432 1954 sanctitas
1480 1905 1581 1954 tua
1625 1899 1735 1955 hoc
1766 1897 1923 1965 dicit,
1958 1897 2110 1969 quod

471 1984 736 2057 Apostoli
768 1986 877 2057 ipsi
911 1992 1261 2058 acceperunt
1309 1988 1591 2058 Spiritum
1643 1992 1911 2042 sanctum
1944 2003 2112 2058 para-

472 2074 683 2129 cletum
711 2092 723 2143 ;
755 2074 969 2129 iterum
1000 2075 1146 2143 dico,
1177 2077 1250 2131 de
1296 2076 1586 2148 Apostolis
1632 2076 1778 2147 ipsis
1812 2091 1985 2146 quem
2016 2091 2113 2130 vo-

471 2162 672 2228 lueris,
730 2164 934 2219 doceat
990 2181 1081 2219 me
1138 2166 1289 2237 quod
1350 2181 1443 2220 me
1492 2165 1845 2221 Manichazus
1895 2164 2112 2234 docuit,

469 2257 571 2307 aut
600 2251 790 2323 ipsius
820 2253 1145 2309 doctrinam
1203 2259 1441 2309 evacuet
1497 2256 1567 2311 de
1600 2254 1905 2309 duodecim
1939 2269 2113 2324 quem

2215 644 2361 693 ram,
2385 630 2747 683 cauterr’atam
2769 629 3021 685 habentes
3061 630 3446 684 conscientiam
3465 647 3642 695 suam;
3659 640 3819 705 prohi-

2215 720 2398 777 bentes
2428 723 2649 788 nubere,
2684 722 2959 777 abstinere
2988 740 3021 777 a
3051 724 3187 776 cibis
3232 738 3362 791 quos
3392 723 3523 779 Deus
3548 731 3737 783 creavit
3762 731 3819 785 ad

2212 811 2619 882 percipiendum
2664 829 2789 866 cum
2817 814 3133 883 gratiarum
3163 812 3375 867 actione
3403 812 3661 881 ﬁdelibus,
3692 821 3737 871 et
3762 821 3821 874 iis

2215 902 2313 972 qui
2342 904 2713 971 cognoverunt
2759 904 3043 957 veritatem
3064 920 3083 956 :
3127 904 3255 972 quia
3286 902 3458 957 omnis
3486 913 3721 959 creatura
3746 908 3827 962 Dei

2217 990 2355 1045 bona
2386 995 2483 1057 est,
2516 999 2567 1047 et
2616 992 2762 1046 nihil
2810 991 3175 1062 objiciendum
3232 991 3374 1062 quod
3402 1007 3526 1046 cum
3553 996 3825 1063 gratiarum

2215 1080 2427 1133 actione
2451 1082 2755 1151 percipitur
2776 1097 2797 1141 ,·
2828 1080 3211 1150 sanctiﬁcatur
3238 1082 3383 1135 enim
3412 1096 3506 1151 per
3524 1082 3727 1137 verbum
3748 1084 3827 1139 Dei

2215 1172 2265 1221 et
2295 1171 2628 1224 orationem.
2676 1172 2800 1224 Have
2840 1172 3169 1241 praecipiens
3206 1170 3498 1241 fratribus,
3547 1172 3706 1226 bonus
3730 1175 3826 1227 eris

2215 1258 2467 1311 minister
2495 1259 2622 1313 Iesu
2655 1258 2861 1314 Christi
2906 1259 2949 1330 ([
2999 1260 3134 1313 Tim.
3170 1276 3243 1326 1v,
3280 1258 3417 1329 1-6).
3451 1259 3511 1313 Et
3543 1275 3668 1314 cum
3696 1260 3825 1333 lege-

2217 1350 2323 1414 ret,
2357 1346 2473 1400 dixi
2502 1363 2514 1401 :
2548 1348 2665 1418 Ego
2696 1347 2805 1403 hoc
2856 1348 2925 1402 de
2972 1349 3159 1415 vobis,
3204 1354 3259 1403 et
3290 1349 3361 1402 de
3391 1347 3608 1403 talibus
3636 1349 3723 1419 qui
3753 1350 3827 1403 di-

2219 1439 2361 1489 cunt
2391 1434 2649 1506 aliquam
2701 1441 3027 1492 creaturam
3062 1437 3159 1491 Dei
3216 1437 3578 1491 immundam
3621 1454 3756 1507 esse,
3784 1442 3831 1493 et

2221 1523 2321 1594 qui
2356 1523 2560 1578 dicunt
2588 1541 2821 1580 omnem
2856 1525 3233 1581 concubitum
3263 1531 3319 1581 et
3349 1526 3446 1598 qui
3480 1526 3543 1580 fit
3563 1542 3688 1580 cum
3712 1543 3830 1581 uxo-

2220 1628 2301 1679 re,
2335 1611 2782 1669 fornicationem
2814 1631 2941 1669 esse
2968 1633 2980 1683 ;
3006 1615 3116 1670 hoc
3133 1620 3222 1670 est
3243 1615 3398 1669 enim
3422 1615 3571 1685 quod
3598 1615 3691 1679 ait,
3715 1620 3831 1671 Pro-

2221 1702 2465 1756 hibentes
2508 1705 2734 1774 nuptias
2754 1721 2775 1765 ,ο
2808 1721 2913 1776 per
2941 1704 3220 1776 Spiritum
3255 1704 3565 1776 prophetiae
3596 1704 3833 1776 designa-

2221 1795 2346 1845 tum
2380 1796 2437 1846 et
2469 1808 2810 1863 expressum
2870 1811 2997 1849 esse
3055 1794 3202 1849 dico.
3264 1794 3351 1848 Tu
3386 1798 3574 1848 autem
3606 1793 3653 1847 si
3682 1809 3835 1865 negas

2221 1895 2451 1934 omnem
2486 1881 2681 1936 cibum
2727 1882 3053 1938 humanum
3102 1882 3331 1938 licitum
3378 1886 3435 1937 et
3480 1882 3548 1937 ad
3576 1882 3835 1937 edendum

2222 1984 2562 2024 concessum
2623 1970 2984 2039 hominibus,
3043 1973 3335 2027 mundum
3378 1987 3526 2038 esse,
3558 1986 3666 2025 non
3695 1986 3749 2024 es
3776 1969 3835 2024 de

2223 2056 2339 2112 illis
2363 2074 2510 2129 quos
2533 2059 2898 2131 prophetavit
2927 2060 3260 2133 Apostolus.
3285 2060 3343 2116 Si
3368 2066 3558 2116 autem
3587 2058 3833 2113 inveniris

2224 2146 2283 2200 in
2314 2145 2385 2201 iis
2416 2164 2543 2218 quae
2575 2148 2713 2219 dixi,
2746 2166 2877 2205 ecce
2909 2150 3086 2205 habes
3115 2150 3445 2223 apostolum
3478 2146 3707 2203 Paulum
3730 2148 3835 2202 des-

2223 2237 2515 2289 truentem
2548 2240 2604 2289 et
2654 2242 3029 2292 evacuantem
3075 2238 3400 2293 doctrinam
3446 2236 3728 2293 Manicbaai
3760 2235 3834 2289 fu-

466 2340 739 2397 volueris.

543 2437 691 2484 Aue.
726 2430 906 2485 dixit:
941 2432 1110 2487 Absit
1138 2431 1307 2503 longe
1338 2448 1371 2486 a
1400 2432 1511 2487 ﬁde
1552 2430 2018 2503 Apostolorum’,
2054 2435 2114 2485 ut

474 2518 798 2574 doctrinam
823 2521 1069 2575 doceant
1086 2520 1353 2593 sacrilegi
1370 2520 1687 2575 Manichaei.
1709 2521 1817 2575 Sed
1838 2518 2116 2591 quoniam

473 2607 620 2664 dicis
646 2626 826 2663 unum
848 2609 1112 2681 ipsorum
1138 2610 1346 2665 debere
1370 2627 1646 2665 evacuare
1663 2610 1985 2664 doctrinam
2005 2609 2120 2663 Ma-

476 2696 701 2766 nichaei,
736 2698 907 2753 modo
964 2704 1158 2753 autem
1219 2698 1405 2753 sancti
1454 2697 1713 2770 Apostoli
1744 2715 1858 2753 non
1887 2703 2027 2753 sunt
2057 2698 2117 2753 in

475 2803 750 2857 corpore;
785 2803 889 2857 ego
924 2787 1226 2856 minimus,
1261 2806 1374 2843 non
1407 2787 1598 2842 solum
1648 2789 1911 2841 omnium
1941 2790 2122 2857 Apos-

478 2876 751 2943 tolorum,
784 2878 883 2931 sed
917 2877 1179 2932 omnium
1210 2877 1635 2949 episcoporum,
1666 2878 1821 2945 (nam
1855 2876 1925 2930 ad
1952 2874 2120 2930 meri-

480 2969 537 3019 ta
567 2964 977 3035 Apostolorum
1034 2965 1268 3036 quando
1325 2966 1519 3036 aspiro
1545 2966 1592 3031 ‘2)
1646 2968 1930 3035 quantum
1974 2963 2118 3018 mihi

479 3054 763 3109 Dominus
794 3055 865 3110 de
894 3055 1021 3125 ipso
1053 3054 1272 3125 Spiritu
1319 3072 1425 3109 suo
1476 3053 1672 3127 largiri
1705 3054 1981 3124 dignatus
2006 3057 2116 3120 est,

475 3159 690 3199 evacuo
749 3144 1075 3199 doctrinam
1136 3142 1458 3213 Manichaei,
1520 3159 1652 3197 cum
1694 3142 1973 3213 coeperint
2006 3140 2115 3214 legi

473 3232 780 3305 sequentia
808 3231 969 3287 illius
1016 3231 1295 3304 epistolae,
1347 3249 1522 3303 quam
1566 3235 1630 3287 tu
1661 3231 1785 3303 ipse
1817 3231 2117 3287 Manichzei

468 3339 597 3377 6888
628 3339 741 3377 non
777 3338 975 3393 negas.

536 3416 662 3466 FEL.
698 3410 880 3467 dixit:
918 3410 1117 3465 Dixisti
1153 3409 1291 3482 quia
1341 3409 1599 3482 Apostoli
1648 3410 1719 3464 de
1751 3426 1990 3482 corpore
2021 3427 2109 3466 re-

468 3504 788 3570 cesserunt,
824 3500 1127 3571 scripturae
1158 3515 1360 3555 eorum
1392 3499 1584 3554 valent
1614 3516 1801 3569 usque
1833 3516 2022 3555 nunc:
2055 3503 2113 3554 et

465 3590 604 3660 quia
634 3590 775 3644 dixit
804 3590 1099 3645 Sanctitas
1131 3594 1249 3656 tua,
1284 3594 1339 3644 et
1370 3590 1507 3661 quia
1529 3589 1738 3643 dedisti
1762 3593 2110 3661 potestatem

464 3678 695 3734 dicendi
727 3696 854 3751 qua:
886 3678 1242 3733 voluerimus
1274 3678 1400 3733 sine
1433 3677 1551 3733 ullo
1575 3677 1903 3745 formidine,
1931 3677 2108 3732 dixis-

463 3768 528 3834 ti,
561 3769 788 3823 Evacuo
820 3766 1009 3839 legem
1042 3766 1343 3821 Manichasi
1370 3782 1383 3820 :
1418 3771 1474 3821 et
1495 3783 1599 3837 ego
1622 3765 1771 3832 dico,
1800 3766 1984 3821 Omnis
2008 3765 2105 3819 ho-

461 3872 551 3911 mo
581 3856 839 3926 mendax,
898 3856 1049 3910 solus
1096 3857 1233 3910 Deus
1264 3871 1437 3909 verax
1467 3856 1642 3927 (Psut.
1676 3871 1804 3911 cxv.
1843 3858 1915 3922 2;
1951 3855 2102 3910 Rom.

461 3961 547 4009 III,
580 3945 672 4016 4);
708 3945 1018 4015 Scriptura
1051 3944 1149 3999 Dei
1191 3943 1533 4015 loquuntur.

531 4051 763 4106 CAPUT
779 4051 902 4106 VII.
926 4081 991 4091 —
1012 4054 1155 4105 Auo.
1182 4050 1355 4105 dixit:
1380 4051 1463 4105 Tu
1486 4050 1721 4121 quidem
1744 4056 1800 4106 et
1822 4050 1995 4106 homo
2017 4067 2102 4119 es,

454 4144 511 4195 et
541 4142 693 4196 sicut
719 4157 809 4197 res
844 4140 974 4211 ipsa
1006 4140 1178 4195 modo
1210 4138 1539 4194 indicatura
1585 4144 1692 4208 est,
1728 4141 1997 4197 mendax.
2033 4143 2103 4198 Et

455 4234 731 4301 quoniam
763 4230 993 4285 locutus
1026 4245 1087 4284 es
1120 4246 1246 4300 quae
1277 4228 1530 4296 voluisti,
1565 4244 1679 4282 non
1713 4229 1781 4283 de
1806 4229 2104 4300 Scriptura

458 4320 551 4374 Dei
580 4337 592 4386 ;
618 4323 844 4391 oportet
865 4326 921 4372 et
944 4336 1036 4374 me
1059 4318 1215 4387 loqui
1250 4318 1403 4389 quod
1436 4316 1581 4371 volo.
1616 4317 1670 4371 Si
1701 4316 1857 4372 enim
1888 4319 2100 4376 veritas

455 4414 545 4463 est
577 4408 875 4465 Manichaei
907 4409 1012 4474 tui,
1048 4423 1152 4462 nec
1182 4424 1215 4461 a
1247 4422 1338 4461 me
1367 4405 1587 4461 destrui
1622 4406 1867 4477 poterit:
1902 4408 1949 4463 si
1988 4409 2099 4463 fal-

454 4497 599 4552 sitas
629 4502 737 4561 est,
770 4497 909 4568 quid
942 4497 1181 4552 interest
1228 4513 1262 4551 a
1310 4512 1422 4568 quo
1462 4496 1847 4551 destruatur?
1879 4498 2097 4553 Tamen

457 4587 595 4658 quia
618 4587 687 4641 de
703 4586 1113 4657 Apostolorum
1140 4586 1424 4655 scriptura
1455 4584 1673 4651 dixisti,
1707 4586 1859 4655 quod
1883 4588 1989 4641 etsi
2016 4587 2099 4642 illi

454 4693 568 4731 non
593 4676 714 4732 sint
734 4676 790 4729 in
815 4692 1071 4747 corpore,
1098 4680 1235 4729 sunt
1261 4675 1352 4730 hic
1374 4675 1674 4746 SCI‘lthI‘ZB
1697 4690 1897 4730 eorum
1923 4693 1936 4731 :
1964 4682 2099 4733 ante

452 4765 739 4836 assumpti
758 4770 895 4820 sunt
915 4764 1194 4836 Apostoli,
1220 4781 1396 4835 quam
1421 4781 1579 4819 error
1596 4764 1897 4819 Manichaai
1924 4771 2096 4822 natus

450 4856 509 4911 in
534 4854 754 4909 mundo
778 4854 1003 4921 fuerat;
1029 4858 1335 4924 propterea
1364 4870 1477 4908 non
1513 4853 1889 4908 inveniuntur
1912 4855 2095 4927 scrip-

450 4950 590 5000 turae
615 4942 1026 5015 Apostolorum
1049 4943 1343 4998 evidenter
1365 4947 1563 4997 contra
1580 4942 1961 4998 Manichaeum
1981 4943 2097 5000 dis-

448 5038 731 5089 serentes.
792 5031 1205 5087 Verumtamen
1267 5031 1421 5102 quod
1454 5030 1757 5101 apostolus
1790 5031 2005 5087 Paulus
2037 5036 2093 5089 in

446 5122 665 5195 Spiritu
688 5122 803 5177 isto
829 5125 1029 5176 sancto
1053 5119 1342 5191 paracleto
1368 5136 1541 5191 quem
1574 5124 1895 5190 acceperat,
1928 5122 2093 5176 futu-

450 5228 579 5266 rum
612 5210 940 5283 praeviderit
970 5209 1040 5264 de
1070 5207 1310 5276 talibus,
1356 5207 1547 5278 qualis
1579 5207 1929 5265 Manichaaus
1961 5210 2090 5279 fuit,

452 5300 653 5368 quales
682 5300 823 5356 estis
854 5304 911 5355 et
939 5315 1065 5365 vos,
1099 5297 1276 5352 recito
1309 5304 1370 5350 ut
1419 5312 1724 5367 agnoscas.
1758 5298 1828 5351 Et
1858 5305 2094 5371 accepta

451 5386 705 5456 Epistola
726 5388 969 5460 apostoli
996 5386 1158 5442 Pauli
1181 5387 1249 5441 ad
1271 5385 1643 5441 Timotheum
1662 5384 1830 5457 legit:
1852 5387 2095 5458 Spiritus

446 5484 632 5529 autem
652 5480 943 5547 manifeste
960 5477 1097 5533 dicit
1112 5479 1241 5550 quia
1258 5478 1314 5533 in
1332 5476 1646 5531 novissimis
1663 5477 1992 5547 temporibus
2009 5494 2091 5533 re-

508 5662 526 5697 ι
558 5659 691 5722 Vox,
718 5662 1093 5726 Apostolorum,
1123 5665 1277 5718 abest
1312 5681 1345 5718 a
1376 5664 1771 5729 manuscriptis.

2223 2324 2361 2377 turi.
2398 2324 2596 2395 Itaque
2628 2327 2913 2397 responde
2945 2328 3015 2381 ad
3049 2328 3105 2381 id
3139 2328 3293 2398 quod
3319 2328 3607 2399 interrogo
3630 2326 3838 2383 :Omnis

2225 2413 2575 2468 concubitus
2609 2415 2908 2470 fornicatio
2940 2419 3051 2486 est,
3075 2433 3147 2471 an
3171 2418 3516 2473 concubitus
3539 2430 3666 2471 cum
3690 2427 3840 2469 uxore

2228 2518 2340 2557 non
2374 2508 2463 2557 est
2494 2508 2795 2573 peccatum
2817 2504 2845 2558 ‘t

2299 2607 2527 2662 CAPUT
2558 2608 2708 2660 VIII.
2734 2640 2801 2648 -——
2826 2609 2953 2665 Fac.
2982 2609 3164 2665 dixit:
3195 2612 3410 2665 Iterum
3438 2610 3576 2665 mihi
3601 2608 3844 2664 recitetur

2230 2697 2381 2767 quod
2411 2697 2555 2752 dixit
2586 2698 2918 2768 Apostolus.
2945 2700 3012 2754 Et
3035 2700 3340 2755 recitatum
3366 2705 3455 2757 est
3478 2718 3490 2754 :
3516 2699 3739 2765 Spiritus
3758 2712 3845 2749 au-

2227 2791 2335 2841 tem
2364 2789 2650 2857 manifeste
2679 2788 2830 2852 dicit,
2863 2794 2919 2843 et
2944 2794 3148 2843 caetera
3179 2805 3304 2859 quae
3341 2806 3518 2861 supra
3548 2792 3697 2843 sunt.
3730 2786 3841 2840 FBL.

2229 2875 2403 2929 dixit:
2464 2876 2813 2931 Manichacus
2864 2894 2978 2930 non
3028 2893 3061 2931 a
3110 2877 3220 2932 fide
3252 2877 3512 2945 recessit,
3548 2872 3843 2931 sicutdicit

2232 2962 2467 3029 Paulus,
2500 2963 2650 3019 sicut
2679 2965 2867 3019 caeteri
2898 2971 3260 3020 recesserunt
3288 2984 3322 3021 a
3345 2966 3458 3021 ﬁde
3482 2964 3637 3037 quasi
3660 2963 3712 3017 in
3735 2977 3840 3016 sec-

2227 3055 2346 3107 tam
2378 3068 2547 3107 suam
2578 3070 2591 3108 :
2625 3052 2977 3108 Manichaeus
3008 3059 3201 3109 autem
3236 3072 3268 3110 a
3300 3055 3465 3111 nulla
3498 3059 3651 3111 secta
3679 3066 3841 3107 reces-

2227 3141 2325 3205 sit,
2361 3146 2423 3195 ut
2454 3141 2677 3196 dicatur
2705 3142 2841 3213 quia
2871 3160 2903 3198 a
2937 3144 3046 3198 ﬁde
3081 3145 3341 3200 recessit.

2295 3249 2439 3302 Λυσι.
2465 3247 2610 3302 dixit
2634 3266 2646 3303 :
2672 3248 2957 3313 Quoniam
2983 3254 3037 3304 te
3061 3249 3223 3305 video
3247 3250 3403 3307 nolle
3424 3248 3759 3321 respondere
3778 3242 3838 3300 ad

2225 3337 2380 3406 quod
2402 3335 2799 3409 interrogaris,
2824 3354 2895 3393 ne
2916 3338 3227 3394 inveniaris
3249 3340 3338 3395 vel
3374 3357 3489 3396 non
3522 3344 3704 3395 tenere
3732 3333 3840 3405 Spi-

2223 3425 2399 3480 ritum
2424 3430 2714 3496 sanctum,
2740 3428 3052 3497 quemjam
3080 3430 3458 3499 probavimus
3477 3429 3713 3484 missum
3732 3437 3840 3479 esse

2220 3514 2538 3585 Apostolis,
2560 3515 2647 3569 vel
2671 3533 2785 3570 non
2808 3533 2935 3571 esse
2956 3517 3015 3571 in
3037 3533 3238 3572 eorum
3265 3535 3511 3574 numero
3532 3534 3670 3588 quos
3702 3514 3837 3567 futu-

2220 3621 2314 3659 ros
2339 3603 2555 3659 Paulus
2576 3604 2923 3675 designavit,
2949 3604 3048 3659 ubi
3070 3611 3126 3660 et
3151 3623 3254 3661 vos
3278 3606 3440 3678 ipsos
3462 3599 3840 3677 prophetavit;

2218 3693 2469 3748 breviter
2489 3694 2844 3764 respondeo:
2870 3692 2943 3748 Ut
2962 3695 3285 3750 secundum
3308 3701 3476 3751 tuum
3502 3692 3836 3749 intellectum

2217 3783 2497 3853 accipiam
2517 3784 2670 3854 quod
2692 3782 2906 3850 dixisti,
2928 3784 3216 3839 Recedent
3232 3802 3265 3839 a
3284 3785 3431 3841 ﬁde:
3467 3784 3603 3856 quia
3636 3797 3739 3836 non
3762 3794 3837 3832 re-

2215 3872 2427 3927 cedunt
2446 3889 2480 3926 a
2500 3872 2748 3937 fide,nisi
2774 3871 2855 3926 illi
2878 3872 2979 3943 qui
3006 3872 3241 3928 fuerunt
3262 3873 3322 3929 in
3348 3874 3540 3945 aliqua
3567 3870 3675 3926 ﬁde
3694 3886 3707 3936 ;
3728 3867 3830 3922 Ma-

2214 3960 2471 4017 nicbaaus
2496 3965 2691 4016 autem
2714 3962 2771 4015 in
2791 3959 2952 4016 nulla
2973 3962 3086 4017 ﬁde
3108 3962 3219 4017 fuit
3235 3979 3269 4019 a
3286 3980 3404 4035 qua
3416 3959 3724 4023 recesserit,
3744 3953 3827 4011 sed

2213 4051 2269 4103 in
2291 4067 2406 4121 qua
2431 4050 2615 4103 fuitin
2638 4066 2704 4104 ea
2727 4050 3077 4121 permansit:
3105 4050 3214 4106 hoc
3236 4057 3291 4107 te
3312 4050 3628 4121 interrogo,
3653 4052 3828 4101 utrum

2213 4138 2681 4205 Manichmus,vel
2699 4139 2892 4210 potius
2906 4140 3169 4195 doctrina
3182 4141 3605 4196 daemoniorum
3622 4132 3833 4191 menda-

2211 4226 2571 4298 ciloquorum
2589 4242 2715 4297 quae
2735 4226 2845 4279 fuit
2862 4227 2918 4279 in
2937 4227 3275 4299 Manichaee,
3290 4227 3485 4283 nullos
3499 4222 3831 4281 Christianos

2210 4316 2524 4373 catholicos
2546 4316 2861 4383 seduxerit,
2917 4322 2981 4370 ut
3010 4318 3347 4373 recederent
3379 4336 3413 4374 a
3444 4317 3575 4371 ﬁde.
3608 4312 3662 4367 Si
3698 4307 3829 4365 enim

2211 4406 2381 4461 multi
2406 4424 2438 4461 a
2458 4406 2642 4475 vobis,
2668 4410 2725 4459 et
2748 4421 2847 4476 per
2872 4423 2994 4471 vos,
3019 4410 3076 4460 et
3106 4406 3196 4477 pel
3226 4405 3389 4462 illam
3413 4404 3731 4461 doctrinam
3755 4411 3830 4450 se-

2208 4496 2524 4563 ducuntur,
2550 4500 2614 4550 ut
2637 4495 2907 4550 recedant
2929 4512 2962 4549 a
2987 4496 3117 4565 ﬁde,
3144 4500 3201 4550 et
3224 4496 3532 4552 intendant
3554 4486 3829 4564 spiritibus

2209 4584 2637 4649 seductoribus,
2659 4582 2847 4655 qualis
2871 4584 2927 4639 in
2966 4584 3281 4639 Manicbeeo
3315 4586 3460 4652 fuit;
3490 4587 3546 4639 et
3576 4574 3830 4647 incipiant

2208 4674 2399 4729 dicere
2420 4690 2651 4729 omnem
2676 4673 3049 4728 concubitum
3069 4688 3195 4729 esse
3216 4673 3674 4735 fornicationem,
3696 4660 3829 4719 unde

2210 4762 2519 4835 Apostolus
2545 4762 2707 4830 dicit,
2732 4763 3081 4817 Prohibentes
3101 4764 3357 4834 nuptias;
3380 4768 3437 4818 et
3459 4758 3729 4830 incipiant
3752 4749 3827 4804 di-

2205 4869 2353 4925 cere,
2380 4870 2585 4909 carnes
2607 4870 2753 4924 quas
2786 4854 3097 4907 comedunt
3129 4853 3418 4924 homines,
3447 4868 3564 4907 non
3594 4862 3713 4904 esse
3740 4838 3826 4898 Dei

2206 4949 2555 5008 creaturam,
2580 4942 2679 4997 sed
2704 4942 3031 4997 daamonum
3050 4944 3354 5009 facturam,
3377 4947 3434 4998 et
3449 4956 3576 4996 esse
3594 4940 3825 4992 immun-

2204 5031 2431 5101 ditiam,
2457 5031 2831 5085 manifestum
2860 5036 2947 5085 est
2977 5031 3046 5086 de
3076 5031 3169 5086 his
3201 5031 3537 5105 prmdixisse
3568 5022 3822 5098 Spiritum

2204 5125 2472 5176 sanctum
2494 5119 2849 5191 paracletum
2870 5119 2968 5190 qui
2988 5126 3111 5175 erat
3129 5121 3185 5175 in
3207 5119 3467 5193 apostolo
3481 5115 3672 5179 Paulo,
3688 5106 3823 5181 quod

2204 5208 2489 5265 recessuri
2511 5214 2719 5263 eranta
2737 5209 2868 5276 fide,
2886 5208 3254 5265 intendentes
3267 5209 3569 5281 spiritibus
3582 5202 3819 5259 seducto-

2202 5300 2387 5369 ribus,
2416 5297 2605 5370 qualis
2640 5297 2746 5352 fuit
2776 5302 2833 5351 in
2864 5298 3197 5355 Manichaeo.
3230 5300 3361 5355 Jam
3402 5313 3537 5369 ergo
3572 5291 3703 5365 quia
3730 5298 3819 5356 93°

2202 5387 2747 5459 respondi,justum
2782 5391 2870 5441 est
2895 5391 2957 5441 ut
2980 5392 3041 5442 tu
3076 5389 3430 5460 respondeas
3461 5385 3530 5440 ad
3564 5378 3709 5455 quod
3741 5373 3816 5427 in-

2200 5476 2507 5549 terrogavi,
2532 5479 2727 5530 utrum
2752 5492 2866 5530 non
2890 5476 3051 5531 dicas
3073 5494 3302 5533 omnem
3322 5473 3687 5533 concubitum
3707 5475 3817 5549 esse

2199 5566 2638 5623 fornicationem
2664 5580 2676 5619 :
2702 5567 2802 5619 aut
2822 5564 2869 5620 si
2893 5566 2965 5620 ad
2987 5565 3096 5621 hoc
3113 5584 3228 5623 non
3255 5568 3339 5622 vis
3360 5560 3730 5636 respondere.
3752 5546 3813 5605 ad

2198 5656 2256 5713 id
2279 5655 2429 5728 quod
2453 5652 2642 5726 primo
2664 5652 3013 5725 interrogavi
3029 5656 3334 5728 responde,
3349 5658 3415 5711 ut
3426 5651 3631 5726 probes
3646 5638 3814 5702 Mani-
