4056 6178
216 372 330 434 529

284 505 412 561 Ρη.
447 502 638 558 dixit:
677 503 878 574 Etego
908 500 1057 567 dico,
1101 499 1238 571 quia
1281 497 1327 553 si
1377 492 1712 550 Paracletus
1760 506 1861 562 per

216 592 521 667 Apostolos
551 592 782 647 locutus
812 596 921 657 est,
954 594 1012 645 et
1042 606 1144 661 per
1174 586 1419 642 Paulum
1449 600 1461 638 :
1496 588 1551 639 et
1590 598 1695 650 ego
1730 584 1858 651 peto

216 685 588 739 Sanctitatem
604 678 1126 748 tuam,utillamihi
1150 676 1424 732 ostendas
1442 672 1701 745 quzejam
1717 669 1855 723 dixi.

283 776 417 835 Anu,
450 771 634 826 dixit:
671 770 957 824 Confitere
988 773 1041 822 te
1090 784 1200 821 non
1253 764 1510 837 potuisse
1555 758 1861 814 ostendere

214 863 362 936 quod
393 878 501 933 ego
533 858 904 929 interrogavi,
936 862 991 912 et
1020 856 1323 911 ostendam
1354 850 1675 907 secundum
1710 845 1857 901 Scri-

214 959 416 1025 pturas
448 950 604 1021 quod
638 948 924 1020 pertineat
954 947 1023 1001 ad
1057 945 1229 999 fidem
1265 940 1666 997 christianum.

283 1041 413 1097 FEL.
438 1038 621 1093 dixit:
657 1037 727 1091 Et
772 1052 899 1106 ego,
950 1033 999 1088 si
1050 1032 1195 1087 mihi
1245 1029 1509 1085 attuleris
1540 1025 1859 1094 scripturas

211 1128 534 1194 Manichaei,
586 1126 848 1199 quinque
894 1129 1161 1179 auctores
1201 1137 1349 1192 quos
1379 1116 1485 1174 tibi
1516 1116 1654 1181 dixi,
1688 1111 1858 1185 quid-

212 1218 351 1291 quid
384 1233 480 1273 me
510 1213 979 1285 interrogaveris,
1010 1211 1191 1283 probo
1220 1209 1347 1264 tibi.

276 1310 425 1363 AUC.
459 1304 634 1361 dixit:
670 1304 749 1359 De
780 1302 927 1375 ipsis
959 1299 1220 1372 quinque
1251 1296 1588 1353 auctoribus
1614 1296 1703 1349 est
1732 1292 1861 1362 ipsa

207 1394 654 1469 epistola,cujus
688 1391 1030 1463 aperuimus
1059 1386 1497 1461 pr1ncipium,et
1526 1381 1860 1438 invenimus

206 1486 283 1541 ibi
317 1484 631 1555 scriptum,
663 1482 999 1537 Manichxus
1026 1477 1300 1550 apostolus
1337 1475 1464 1531 Jesu
1511 1471 1750 1528 Christi:
1803 1471 1861 1524 et

207 1574 371 1630 video
426 1574 567 1645 quia
615 1572 809 1643 ipsum
858 1567 1212 1641 principium
1255 1581 1370 1619 non
1408 1561 1553 1617 mihi
1595 1558 1857 1629 exponis,

211 1664 345 1737 quia
378 1679 499 1719 non
532 1661 741 1733 probas
769 1658 1058 1730 quomodo
1084 1653 1439 1711 Manichasus
1460 1651 1537 1706 sit
1558 1646 1860 1722 apostolus

206 1757 339 1810 Jesu
376 1749 618 1810 Christi.

277 1844 412 1898 F131,.
447 1840 630 1897 dixit:
673 1838 730 1893 Si
778 1837 838 1892 in
887 1835 1042 1892 ista‘
1096 1851 1209 1889 non
1262 1832 1461 1903 probo,
1512 1829 1570 1885 in
1603 1827 1858 1883 secundo

210 1932 409 2006 probo.

274 2024 417 2077 Ana.
454 2019 639 2075 dixit:
675 2017 737 2072 In
769 2033 884 2088 quo
917 2014 1174 2071 secundo
1195 2012 1223 2067 ?

274 2110 410 2165 Ρη.
446 2108 631 2163 dixit:
666 2108 728 2161 1n
747 2106 1068 2161 Thesauro.

277 2202 425 2256 Auo.
462 2196 644 2253 dixit:
677 2196 1044 2250 Thesaurum
1067 2193 1271 2257 istum,
1295 2204 1467 2259 quem
1491 2187 1621 2241 ideo
1638 2184 1739 2240 tali
1759 2200 1861 2239 no-

216 2288 367 2344 mine
389 2285 726 2358 appellatis,
749 2289 815 2337 ut
830 2282 1076 2338 miseros
1098 2277 1410 2346 seducatis,
1434 2275 1565 2348 quis
1586 2272 1863 2346 scripsit?

214 2372 609 2431 Manichaeus?
637 2371 778 2428 Nolo
810 2370 953 2427 mihi
985 2372 1056 2425 ab
1083 2368 1180 2423 illo
1212 2366 1421 2441 probes
1442 2383 1454 2420 :
1475 2362 1724 2437 quiaille
1747 2366 1862 2416 Ma-

216 2466 476 2521 nichacus
508 2463 808 2528 mentitur,
841 2460 1089 2516 dicendo
1120 2474 1183 2513 se
1212 2473 1339 2513 esse
1372 2454 1527 2525 quod
1560 2470 1674 2509 non
1719 2453 1861 2508 est’.

276 2559 412 2611 FxL.
449 2552 631 2608 dixit:
667 2551 754 2607 Tu
783 2550 964 2622 proba
995 2547 1137 2602 mihi
1171 2562 1273 2618 per
1305 2544 1576 2600 alterum.

278 2648 434 2700 AUG.
461 2641 645 2697 dixit:
678 2640 824 2703 Quid
856 2639 946 2693 vis
977 2636 1083 2692 tibi
1114 2634 1402 2708 probem?

276 2733 412 2789 ΡΜ..
452 2731 631 2786 dixit:
666 2728 811 2795 Quia
842 2727 1126 2782 mentitur
1156 2723 1533 2780 Manichmus.

278 2826 436 2877 Ave.
473 2819 617 2874 dixit
642 2836 654 2873 :
684 2817 830 2883 Quia
858 2820 920 2871 tu
952 2832 1066 2870 non
1102 2818 1263 2886 potes
1287 2812 1531 2883 probare
1562 2826 1761 2865 verum
1786 2808 1864 2863 di-

215 2928 332 2967 cere
392 2908 803 2973 Manicheum,
848 2909 1077 2975 oportet
1127 2906 1189 2957 ut
1233 2917 1339 2973 ego
1384 2899 1623 2971 probem
1658 2898 1865 2953 menti-

213 3004 329 3056 tum
372 3014 504 3054 esse
534 2996 914 3052 Manichaeum
937 2993 965 3049 '2

280 3090 420 3145 FEL.
454 3086 636 3142 dixit:
672 3087 859 3151 Quare
890 3100 1003 3138 non
1028 3081 1186 3153 potui
1224 3078 1515 3152 probare?
1572 3076 1869 3148 Numquid

215 3177 459 3251 prolatas
491 3178 630 3231 sunt
659 3172 958 3245 scripturae
988 3188 1134 3242 quas
1165 3186 1271 3242 ego
1303 3167 1497 3240 petivi,
1523 3171 1711 3223 etnon
1738 3181 1868 3238 pro-

215 3265 336 3322 bavi
368 3265 396 3319 ?

279 3358 432 3411 AUG.
472 3351 653 3408 dixit:
687 3351 793 3406 Sed
826 3349 1147 3421 scripturas
1176 3345 1476 3401 Manichai
1521 3344 1690 3416 petis,
1742 3343 1870 3416 qui-

220 3446 325 3500 bus
361 3443 546 3499 fidem
580 3458 695 3495 non
727 3440 1045 3494 habemus:
1082 3436 1317 3491 aliunde
1333 3434 1655 3506 proba.Ego
1677 3438 1871 3488 autem

219 3533 284 3587 de
311 3534 451 3605 ipsa
480 3530 774 3601 scriptura
826 3525 1128 3582 Manichaei
1172 3524 1277 3579 tibi
1328 3524 1507 3595 probo
1562 3522 1873 3577 mentitum

222 3638 343 3678 esse
376 3619 795 3683 Manichzeum,
821 3622 877 3672 et
895 3614 1336 3687 blasphemasse
1364 3610 1765 3669 Manicheum.

289 3712 430 3768 FEL.
468 3708 650 3763 dixit:
679 3707 1013 3762 Aﬂ'erantur
1041 3704 1196 3758 libri.

287 3803 439 3857 AUG.
484 3797 667 3852 dixit:
700 3797 954 3851 Praesens
984 3798 1073 3850 est
1093 3791 1343 3865 epistola
1372 3789 1875 3861 Manichaai,quam

226 3889 423 3945 dicitis
458 3884 871 3955 Fundamenti,
906 3883 1143 3938 Initium
1167 3882 1225 3936 in
1249 3880 1494 3935 mdiﬁcio
1514 3877 1742 3934 nullum
1765 3882 1876 3943 est,

224 3979 333 4033 nisi
366 3977 827 4032 fundamentum
854 3990 868 4028 :
902 3974 951 4028 si
1002 3988 1135 4027 eum
1167 3970 1473 4027 ostendero
1504 3969 1561 4022 in
1596 3968 1723 4041 ipso
1746 3968 1878 4022 fun-

225 4067 509 4122 damento
527 4064 760 4119 ruinam
779 4063 1005 4131 fecisse,
1041 4065 1305 4117 ceteram
1337 4060 1464 4130 ejus
1494 4056 1880 4114 constructio-

226 4173 356 4211 nem
382 4153 600 4225 utquid
634 4149 995 4223 quaerimus?

297 4242 540 4299 CAPUT
579 4240 693 4297 XV.
724 4270 793 4280 —-
843 4240 972 4295 FEL.
1023 4237 1199 4294 dixit:
1251 4241 1369 4292 Hoc
1417 4236 1583 4301 dicis,
1637 4236 1697 4291 in
1755 4236 1884 4307 ipsa

228 4333 552 4389 ostendens
584 4330 815 4386 ruinam
849 4328 1053 4384 esse“:
1089 4332 1145 4382 et
1173 4343 1277 4400 ego
1310 4328 1462 4393 dico,
1511 4327 1585 4381 da
1634 4326 1883 4382 arbitros

227 4426 483 4493 quantos
514 4425 569 4475 et
600 4425 661 4474 tu
696 4418 900 4488 habes,
932 4421 987 4472 et
1016 4415 1122 4471 tibi
1156 4416 1335 4487 probo
1379 4415 1515 4486 quia
1563 4432 1677 4471 non
1730 4432 1886 4470 men-

227 4511 392 4567 titur.

295 4603 447 4656 AUC.
471 4598 620 4653 dixit
645 4615 657 4649 :
694 4597 860 4652 Absit
889 4613 923 4651 a
952 4595 1122 4650 nobis
1153 4598 1212 4650 et
1242 4610 1274 4647 a
1305 4609 1513 4665 genere
1544 4595 1801 4649 humano
1821 4597 1887 4648 ut

228 4696 452 4762 quanto
484 4688 581 4744 hic
628 4687 809 4757 vides,
840 4689 1035 4741 tantos
1062 4684 1261 4738 videas
1291 4681 1662 4738 Manichaaos.

299 4781 433 4836 FEL.
467 4778 652 4833 dixit:
685 4781 783 4844 Da,
816 4775 956 4844 dixi,
987 4790 1114 4844 qua
1143 4790 1177 4828 a
1207 4777 1263 4828 te
1296 4772 1491 4845 petivi.

300 4876 456 4943 Avo.
492 4867 678 4921 dixit:
712 4868 867 4930 Quos
896 4864 983 4919 vis
1012 4879 1148 4935 ergo
1180 4867 1244 4917 ut
1282 4862 1414 4917 dem
1447 4859 1603 4916 tibi?

303 4959 439 5015 FEL.
474 4956 660 5012 dixit:
696 4956 851 5021 Quos
880 4958 944 5008 tu
973 4950 1245 5007 volueris.

304 5053 460 5104 Avo.
491 5044 671 5101 dixit:
723 5048 839 5115 Ego
898 5042 1041 5098 istos
1101 5042 1210 5096 do:
1266 5040 1316 5096 si
1362 5039 1544 5096 habes
1595 5038 1888 5109 meliores,

233 5142 391 5209 pete.

301 5309 320 5380 ξ
355 5306 480 5380 post.
584 5303 644 5380 in
669 5300 1003 5380 isto.§seteri
1060 5299 1199 5361 libri,
1239 5298 1285 5347 si
1330 5299 1385 5348 in
1440 5299 1578 5347 ista:
1639 5297 1887 5358 subaudi,

234 5368 453 5432 epistola
490 5365 853 5414 Fundamenti.

262 5493 272 5495 4
299 5432 322 5467 ³
352 5428 639 5495 Er._bugd.
672 5434 723 5477 et
752 5428 885 5495 Ven.
920 5425 996 5473 sic
1024 5424 1277 5495 exhibent
1304 5422 1448 5495 hunc
1499 5422 1708 5495 locum:
1742 5424 1889 5495 λψρ.

236 5493 373 5542 dixit
397 5509 408 5541 :
446 5483 753 5553 Thesaurum
782 5490 939 5553 istum
956 5502 1101 5553 quem
1124 5485 1245 5553 ideo
1259 5487 1354 5553 tali
1372 5486 1580 5553 nornine
1600 5483 1889 5553 appelia‘tis,

237 5560 294 5603 ut
324 5557 537 5605 miseros
556 5552 828 5615 sedueatis,
860 5547 979 5615 quis
992 5550 1203 5615 scripsit
1221 5548 1247 5596 ?
1282 5548 1391 5615 Fax.
1426 5547 1561 5615 dixit
1580 5561 1598 5595 :
1618 5547 1891 5615 dianic/ise-

240 5632 298 5667 ω
337 5622 469 5669 Anc.
503 5617 641 5665 dixit
667 5630 679 5665 :
711 5614 840 5663 Nolo
869 5610 998 5661 'mzhi
1026 5610 1208 5661 abillo
1234 5610 1433 5675 probes,
1465 5611 1587 5675 quia
1614 5611 1889 5660 Manicha-

240 5696 299 5730 ω
330 5681 581 5730 mentitur
610 5679 825 5728 dicendo
853 5692 905 5725 se
932 5690 1036 5725 esse
1063 5675 1203 5730 quod
1230 5674 1330 5723 non
1359 5676 1449 5722 est.
1518 5674 1583 5722 Μ.

305 5743 331 5780 ⁸
361 5742 448 5794 Sic
476 5741 600 5793 Mss.
634 5741 701 5793 At
728 5740 875 5802 editi,
904 5736 1113 5791 ostende
1138 5739 1194 5789 in
1220 5737 1332 5802 ipsa
1360 5736 1569 5787 ruinam
1596 5749 1719 5786 esse.

1611 357 1845 419 LIBER
1894 357 2214 421 PRIMUS.

3498 360 3616 421 530

2038 492 2165 546 FEL.
2200 492 2379 549 dixit:
2415 496 2713 558 Quomodo
2738 494 2883 551 istos
2914 495 3065 550 das?

2038 583 2181 635 AUG.
2214 582 2395 639 dixit:
2430 588 2748 640 Praesentes
2781 584 2877 655 qui
2911 602 3013 640 nos
3046 585 3315 639 audiunt.

2042 668 2166 723 FsL.
2203 670 2381 725 dixit:
2416 672 2513 725 Isti
2548 672 2690 726 mihi
2725 691 2835 728 non
2864 674 3073 728 favent.

2037 762 2181 813 AUG.
2216 761 2389 814 dixit:
2423 762 2569 833 Ergo
2601 767 2663 816 tu
2713 761 2857 818 tales
2906 763 3115 833 quieris
3162 762 3261 833 qui
3312 761 3421 817 tibi
3467 761 3613 815 fave-

1968 854 2088 915 ant,
2126 866 2238 903 non
2272 849 2371 919 qui
2404 851 2629 906 veritati
2657 855 2678 905 Ρ

2044 939 2168 993 FEL.
2203 940 2381 995 dixit:
2416 940 2522 1005 Qui
2556 956 2646 995 me
2680 940 2938 1008 audiant,
2971 945 3027 996 et
3060 958 3172 996 non
3218 945 3446 995 tantum
3496 956 3608 1007 me,

1969 1027 2070 1081 sed
2102 1032 2158 1082 et
2186 1028 2373 1099 ipsam
2408 1030 2775 1101 scripturam,
2810 1035 2873 1084 ut
2899 1030 3175 1101 probetur
3206 1046 3278 1083 an
3300 1045 3498 1084 verum
3522 1029 3609 1082 di-

1968 1115 2065 1183 cit,
2099 1133 2170 1171 an
2204 1120 2505 1175 mentitur.

2038 1209 2174 1262 ABG.
2204 1207 2381 1263 dixit:
2436 1207 2609 1264 Vides
2656 1224 2791 1279 ergo
2840 1207 2980 1279 quia
3027 1208 3293 1263 audiunt.
3330 1209 3609 1279 Legamus

1969 1301 2209 1352 caetera:
2273 1298 2411 1369 quia
2467 1301 2531 1351 tu
2580 1297 2753 1352 istam
2801 1295 3107 1369 epistolam
3154 1296 3452 1353 Manichaai
3482 1313 3611 1353 esse

1968 1386 2271 1441 confessus
2297 1402 2376 1441 es.

2036 1478 2165 1529 FEL.
2202 1475 2384 1530 dixit:
2418 1475 2543 1529 Non
2570 1491 2738 1547 nego.

2038 1567 2185 1619 Avo.
2220 1563 2400 1618 dixit:
2436 1564 2581 1635 Ergo
2614 1564 2861 1637 legatur.

2037 1652 2268 1708 CAPUT
2300 1652 2439 1708 XVI.
2472 1684 2540 1693 —
2577 1654 2700 1708 FsL.
2735 1654 2918 1710 dixit:
2950 1653 3213 1711 Arbitros
3257 1669 3371 1709 non
3405 1653 3609 1709 habeo.

1966 1742 2037 1796 Et
2064 1740 2310 1812 adjecit:
2347 1742 2591 1811 Legatur
2619 1748 2796 1814 caput
2825 1742 3005 1800 illius.
3040 1743 3107 1797 Et
3145 1758 3279 1797 cum
3304 1742 3611 1813 legeretur,

1966 1835 2023 1887 et
2049 1835 2288 1886 ventum
2322 1835 2476 1886 esset
2504 1832 2576 1886 ad
2608 1830 2800 1887 locum
2832 1832 2931 1887 ubi
2963 1831 3246 1904 scriptum
3300 1830 3478 1886 habet
3524 1848 3616 1886 ea-

1967 1921 2098 1976 dem
2131 1922 2399 1993 epistola,
2432 1927 2555 1977 Pax
2605 1924 2698 1978 Dei
2722 1923 3015 1979 invisibilis
3062 1928 3112 1979 et
3140 1925 3386 1979 veritatis
3412 1924 3613 1978 notitia

1966 2011 2189 2065 sitcum
2232 2012 2502 2082 fratribus
2540 2013 2654 2066 suis
2700 2019 2752 2066 et
2795 2013 3153 2078 charissimis,
3204 2014 3301 2082 qui
3332 2010 3613 2067 mandatis

1968 2100 2272 2154 caelestibus
2301 2100 2528 2155 credunt
2572 2104 2788 2173 pariter
2840 2108 3004 2174 atque
3045 2100 3404 2157 deserviunt:
3442 2101 3532 2156 sed
3562 2111 3613 2158 et

1968 2187 2189 2244 dextera
2213 2190 2446 2246 luminis
2476 2196 2693 2245 tueatur
2720 2196 2774 2246 et
2803 2193 3004 2263 eripiat
3032 2207 3122 2247 vos
3151 2192 3219 2246 ab
3244 2193 3394 2246 omni
3424 2192 3613 2246 incur-

1968 2280 2121 2334 sione
2150 2279 2426 2349 maligna,
2454 2282 2505 2335 et
2534 2297 2567 2334 a
2596 2280 2789 2351 laqueo
2818 2280 3014 2337 mundi
3030 2302 3049 2348 ,-
3076 2283 3250 2353 pietas
3280 2296 3404 2336 vero
3433 2280 3614 2352 Spiri-

1973 2372 2058 2423 tus
2087 2370 2265 2422 sancti
2294 2369 2493 2422 intima
2540 2370 2706 2423 vestri
2748 2372 2982 2440 pectoris
3031 2370 3344 2441 adaperiat,
3392 2371 3454 2423 ut
3481 2370 3618 2439 ipsis

1971 2458 2145 2512 oculis
2173 2457 2403 2513 videatis
2432 2467 2636 2513 vestras
2664 2460 2916 2520 animas;
2949 2457 3106 2514 Felix
3134 2458 3278 2514 dixit
3306 2476 3319 2515 :
3361 2458 3446 2514 Da
3476 2457 3618 2514 scri-

1972 2551 2205 2618 pturam
2236 2563 2363 2617 quae
2389 2545 2502 2601 ista
2533 2546 2861 2619 redarguat.

2042 2640 2185 2693 Avo.
2219 2637 2393 2693 dixit:
2420 2636 2624 2692 Adhuc
2646 2635 2791 2691 nihil
2816 2636 2949 2692 mali
2972 2637 3445 2705 audivimus,nisi
3464 2638 3618 2709 quod

1974 2743 2156 2782 ausus
2168 2731 2256 2781 est
2268 2725 2621 2781 Manichzeus
2645 2724 2971 2796 apostolum
2985 2727 3191 2782 Christi
3210 2743 3273 2782 se
3295 2727 3618 2782 nominare.

1974 2816 2120 2872 Nam
2151 2833 2219 2871 ea
2248 2832 2374 2887 quas
2396 2815 2558 2885 dixit,
2582 2816 2773 2871 adhuc
2800 2816 2869 2870 ad
2894 2816 3201 2871 tectorium
3228 2814 3465 2870 fallacias
3488 2830 3616 2885 per-

1974 2906 2184 2976 tinent,
2219 2909 2275 2959 et
2302 2905 2374 2960 ad
2405 2906 2638 2960 ovinam
2670 2904 2901 2975 pellem,
2934 2905 3148 2977 quibus
3180 2904 3264 2960 eis
3296 2903 3459 2976 prius
3481 2903 3623 2959 dicit

1976 2996 2149 3051 verba
2177 2996 2421 3062 bona,ut
2451 2994 2638 3066 possit
2667 2995 3035 3050 introducere
3059 2993 3349 3049 mala.Sed
3374 2994 3510 3064 quid
3530 3010 3622 3049 ve-

1976 3083 2044 3139 lit
2074 3100 2176 3156 per
2204 3084 2325 3139 haec
2352 3085 2527 3140 verba
2571 3084 2958 3149 introducere,
3006 3084 3329 3140 videamus.
3374 3083 3434 3137 Si
3464 3084 3620 3138 enim

1978 3173 2199 3244 aliquid
2234 3172 2370 3227 mali
2404 3173 2808 3240 introduxerit,
2840 3178 2897 3229 et
2926 3173 3038 3229 ista
3065 3173 3242 3228 verba
3268 3172 3424 3228 mala
3453 3178 3625 3227 erunt

1978 3268 2037 3319 et
2064 3264 2431 3318 seductoria:
2467 3262 2514 3317 si
2546 3268 2740 3318 autem
2772 3262 2995 3334 aliquid
3022 3262 3158 3318 boni
3190 3263 3248 3317 in
3290 3261 3625 3334 posteriori-

1977 3353 2089 3409 bus
2121 3359 2178 3409 et
2206 3354 2321 3409 veri
2355 3353 2587 3422 dixerit,
2621 3352 2966 3407 necessitate
2997 3351 3559 3424 comprehendamus
3582 3353 3623 3406 ί.

1982 3442 2257 3499 Permitte
2288 3459 2424 3515 ergo
2456 3442 2725 3513 legantur
2753 3441 3081 3513 sequentia.

2053 3534 2181 3587 FEL.
2216 3532 2395 3587 dixit:
2430 3532 2487 3586 Si
2520 3547 2656 3603 ergo
2688 3531 2903 3585 asseris
2946 3531 3086 3601 quia
3133 3531 3193 3584 in
3243 3530 3431 3600 primo
3474 3531 3629 3586 bona

1982 3626 2300 3692 ponuntur,
2332 3625 2389 3675 et
2421 3624 2620 3689 postea
2669 3618 2820 3673 mala
2867 3619 3288 3687 immittuntur,
3336 3619 3628 3689 quomodo

1982 3726 2087 3782 ego
2119 3709 2225 3765 tibi
2256 3724 2497 3781 possum
2521 3708 2772 3775 credere,
2804 3723 2939 3762 cum
2973 3706 3113 3761 mihi
3148 3706 3334 3778 primo
3364 3708 3516 3763 bona
3548 3708 3631 3763 di-

1978 3800 2131 3856 xeris
2150 3798 2178 3854 ?

2053 3892 2195 3945 Auc.
2224 3887 2406 3942 dixit:
2442 3886 2556 3958 Ego
2606 3886 2794 3941 adhuc
2836 3885 2952 3941 ista
3000 3902 3105 3942 nec
3152 3887 3303 3941 bona
3351 3886 3491 3953 dixi,
3524 3902 3627 3941 nec

1988 3978 2161 4036 mala.
2193 3976 2347 4032 Nihil
2380 3975 2518 4031 mali
2550 3974 2743 4029 adhuc
2773 3975 3128 4046 audivimus,
3151 3974 3268 4030 dixi
3296 3993 3308 4030 :
3342 3992 3454 4040 non
3486 3974 3625 4045 dixi,

1987 4068 2117 4124 Jam
2142 4066 2361 4139 aliquid
2383 4066 2518 4122 boni
2540 4064 2895 4120 audivimus.
2932 4064 3147 4122 Malum
3179 4065 3335 4120 enim
3369 4064 3509 4119 illud
3543 4082 3633 4120 so-

1989 4157 2111 4212 lum
2140 4156 2278 4213 dixi.
2313 4156 2468 4227 quod
2502 4171 2682 4209 ausus
2712 4160 2801 4210 est
2831 4155 3020 4210 dicere
3042 4171 3103 4210 se
3125 4154 3452 4226 apostolum
3473 4154 3632 4210 Chri-

1990 4246 2086 4302 sti.
2125 4245 2309 4301 Verba
2356 4260 2487 4300 vero
2519 4261 2645 4315 quas
2681 4244 2828 4299 dixit
2852 4244 2911 4299 in
2937 4243 3443 4314 consequentibus,
3491 4248 3633 4300 tunc

1990 4341 2164 4392 erunt
2213 4332 2387 4397 mala,
2434 4333 2482 4388 si
2534 4332 2673 4387 mali
2723 4332 2945 4403 aliquid
2993 4332 3455 4399 introduxerint;
3490 4338 3633 4388 tunc

1991 4429 2163 4481 erunt
2192 4425 2363 4490 bona,
2396 4421 2585 4477 siboni
2635 4421 2856 4491 aliquid
2889 4422 3332 4477 introduxerint.
3360 4421 3635 4479 Permitte

1992 4530 2126 4586 ergo
2150 4517 2213 4567 ut
2244 4510 2549 4583 sequentia
2579 4510 2848 4581 legantur
2871 4527 2883 4565 :
2918 4527 3096 4581 quare
3122 4511 3295 4566 times
3314 4515 3339 4565 .9

2063 4603 2190 4659 Ρη.
2221 4601 2402 4656 dixit:
2434 4600 2558 4655 Non
2590 4599 2785 4654 timeo.

2063 4694 2205 4747 AUG.
2231 4690 2407 4745 dixit.
2437 4688 2711 4745 Permitte
2742 4703 2877 4760 ergo
2910 4691 2975 4743 ut
3004 4687 3293 4761 legantur.

2062 4781 2190 4838 FEL.
2224 4779 2370 4835 dixit
2391 4796 2403 4834 :
2436 4778 2747 4850 Legantur.

2065 4869 2294 4925 CAPUT
2324 4867 2490 4924 XVII.
2524 4898 2591 4908 —
2622 4869 2691 4923 Et
2721 4884 2854 4923 cum
2884 4866 3255 4937 legeretur,et
3281 4874 3515 4924 ventum
3546 4884 3636 4923 es-

1994 4964 2083 5015 set
2110 4959 2181 5013 ad
2214 4959 2407 5013 locum
2441 4957 2539 5012 ubi
2571 4958 2853 5029 scriptum
2888 4957 3169 5023 habet,lta
3198 4962 3379 5013 autem
3405 4956 3638 5027 fundata

1994 5056 2122 5104 sunt
2148 5047 2386 5120 ejusdem
2436 5047 2887 5119 splendidissima
2924 5062 3095 5114 regna
3124 5062 3291 5118 supra
3318 5044 3560 5099 lucidam
3589 5048 3640 5098 et

1998 5138 2209 5193 beatam
2258 5141 2485 5205 terram,
2530 5144 2588 5191 ut
2635 5153 2668 5190 α
2716 5136 2875 5191 nulla
2914 5152 3159 5206 unquam
3187 5136 3285 5188 aut
3313 5133 3517 5187 moveri
3544 5139 3642 5186 aut

1996 5226 2213 5281 concuti
2257 5226 2509 5296 possint;
2557 5226 2923 5296 Augustinus
2960 5223 3141 5277 dixit:
3192 5221 3425 5275 Terram
3468 5219 3639 5275 istam

1998 5331 2175 5386 quam
2209 5314 2374 5379 dixit,
2417 5314 2570 5369 unde
2620 5313 2917 5387 habebat?
2968 5310 3119 5365 Fecit
3159 5326 3308 5375 eam,
3338 5326 3411 5365 an
3443 5308 3646 5382 genuit

1998 5421 2150 5470 eam,
2182 5420 2254 5459 an
2287 5402 2526 5475 aequalis
2555 5410 2608 5457 et
2637 5407 2921 5457 coeterna
2950 5399 3033 5453 illi
3063 5397 3232 5453 erat?
3282 5398 3457 5454 Istam
3516 5399 3646 5454 dico

1999 5499 2214 5550 terram
2236 5492 2490 5549 lucidam
2524 5496 2579 5547 et
2611 5492 2839 5561 beatam
2870 5505 3046 5560 quam
3076 5488 3237 5543 dicit.

2072 5735 2086 5770 ¹
2114 5734 2175 5784 In
2205 5734 2348 5793 Mem,
2367 5727 2801 5796 reprehendimur.
