4046 6184
427 317 539 376 531

504 449 633 504 FsL.
669 447 852 501 dixit:
887 447 1186 513 Quomodo
1218 447 1498 518 scriptum
1531 450 1639 514 est,
1685 451 1750 502 In
1797 448 2077 517 principio

432 539 566 608 fecit
595 538 736 592 Deus
765 538 958 590 caelum
988 544 1039 591 et
1067 545 1288 602 terram,
1321 541 1372 591 et
1395 540 1542 591 terra
1561 539 1680 591 erat
1705 536 2002 590 invisibilis
2025 537 2077 589 et

431 626 856 697 eoinquinabz’lz‘s
887 630 936 680 et
970 627 1324 696 incomposita
1345 631 1369 679 γ
1399 627 1514 697 Ego
1564 626 1646 679 ita
1678 624 1939 696 intelligo
1967 641 1979 677 :
2015 625 2075 679 In

431 714 716 786 principio
748 715 882 769 fecit
917 719 1068 769 Deus
1100 715 1309 769 cmlum
1344 719 1400 769 et
1417 719 1654 779 terram,
1679 719 1734 769 et
1756 718 1911 769 terra
1929 718 2071 768 erat:

432 803 598 876 quasi
651 805 778 858 duae
831 814 992 858 terrae
1045 804 1185 858 mihi
1232 805 1504 860 videntur
1552 821 1702 871 esse,
1752 804 2075 858 secundum

433 893 586 965 quod
621 892 979 949 Manichaius
1006 892 1142 948 dicit
1173 895 1286 949 duo
1319 908 1516 966 regna.

507 997 655 1047 Ave.
695 992 874 1046 dixit:
908 991 1054 1056 Quia
1077 991 1439 1063 Scripturam
1473 989 1942 1046 commemorasti
1979 1007 2080 1044 no-

437 1085 641 1151 stram,
675 1097 846 1152 quam
892 1080 1090 1136 soletis
1143 1079 1566 1151 blasphemare,
1613 1080 1683 1134 ad
1717 1095 1806 1134 me
1838 1078 2085 1150 pertinet

436 1185 724 1240 exponere
755 1169 937 1235 illam,
971 1173 1026 1224 et
1055 1170 1361 1224 ostendere
1391 1170 1518 1236 tibi,
1567 1170 1691 1224 sine
1723 1167 2087 1239 blasphemia

435 1275 564 1314 esse
594 1258 735 1314 illud
771 1260 1077 1330 scriptum,
1128 1263 1183 1313 et
1212 1275 1344 1313 cum
1374 1259 1614 1313 veritate
1646 1264 1700 1312 et
1731 1274 1844 1312 non
1877 1273 2086 1312 secun-

438 1348 579 1403 dum
632 1347 1059 1414 Manicheum;
1112 1351 1176 1401 ut
1226 1348 1434 1402 deinde
1484 1352 1545 1401 tu
1596 1346 1685 1401 vel
1723 1346 1782 1400 in
1816 1344 2088 1402 secundis

440 1437 582 1491 mihi
611 1437 962 1507 respondeas
993 1438 1145 1508 quod
1179 1436 1549 1508 interrogavi.

514 1527 638 1580 FaL.
675 1526 854 1580 dixit:
887 1527 1245 1597 Respondeo.

512 1627 656 1679 Auc.
687 1623 864 1678 dixit:
901 1625 1061 1689 Quod
1097 1624 1379 1695 scriptum
1411 1627 1519 1692 est,
1560 1627 1626 1677 In
1652 1623 1931 1694 principio
1959 1622 2089 1692 fecit

442 1715 580 1768 Deus
609 1712 807 1768 coelum
838 1719 888 1768 et
915 1717 1121 1768 terram
1141 1729 1161 1772 ;
1193 1712 1440 1766 breviter
1472 1711 1770 1783 complexa
1792 1717 1879 1766 est
1904 1711 2091 1781 Scrip-

445 1809 578 1857 tura
609 1803 746 1874 quid
781 1801 978 1856 fecerit
1002 1807 1168 1856 Deus.
1207 1801 1425 1856 Deinde
1457 1802 1591 1872 quia
1621 1801 1878 1856 nondum
1908 1816 2084 1871 appa-

445 1892 608 1947 rebat
637 1892 757 1946 haec
789 1895 943 1946 terra
991 1907 1168 1962 quam
1201 1891 1430 1957 fecerat,
1466 1896 1778 1962 antequam
1810 1905 1938 1943 eam
1969 1889 2088 1942 dis-

442 1981 736 2052 tingueret
760 1985 814 2034 et
834 1979 1323 2050 ornaret,qualem
1349 1984 1563 2034 terram
1588 1981 1798 2034 fecerat
1819 1979 2092 2045 Deus,se-

443 2074 577 2125 cuta
607 2069 908 2141 Scriptura
952 2069 1237 2140 exposuit,
1290 2069 1480 2140 qualis
1527 2075 1680 2124 terra
1722 2074 1843 2123 erat
1875 2069 1945 2122 de
1977 2084 2093 2138 qua

442 2159 681 2224 dixerat,
720 2159 782 2214 In
825 2159 1098 2229 principio
1136 2159 1272 2231 fecit
1320 2158 1459 2213 Deus
1510 2159 1701 2212 caelum
1748 2161 1798 2213 et
1836 2165 2088 2211 terram:

440 2251 717 2317 tanquam
739 2263 871 2301 cum
896 2247 1358 2313 audissemus,ln
1377 2247 1650 2318 principio
1670 2248 1802 2316 fecit
1831 2246 1966 2301 Deus
1995 2261 2094 2301 cae-

440 2337 558 2392 lum
586 2344 636 2392 et
663 2340 889 2405 terram,
915 2352 1308 2406 quaereremus
1333 2336 1565 2407 qualem
1587 2340 1824 2400 terram,
1847 2333 2097 2405 subjecit

441 2431 499 2481 et
533 2426 631 2494 ait,
666 2426 826 2479 Terra
855 2428 1045 2479 autem
1076 2425 1132 2478 id
1165 2431 1272 2493 est,
1308 2424 1406 2479 illa
1439 2441 1615 2495 quam
1662 2425 1872 2480 fecerat
1921 2428 2092 2489 Deus,

441 2517 752 2571 invisibilis
778 2523 894 2569 erat
923 2523 973 2569 et
1004 2515 1360 2584 incomposita
1391 2513 1545 2585 (Gen.
1582 2531 1619 2580 ι,
1657 2516 1705 2582 I,
1738 2514 1814 2584 2).
1850 2513 1974 2568 Non
2007 2528 2093 2567 er-

442 2621 514 2676 go
547 2605 693 2658 duas
723 2607 908 2658 terras
943 2602 1105 2669 dixit,
1140 2604 1238 2658 sed
1274 2602 1465 2674 qualis
1490 2602 1591 2657 illa
1613 2603 1787 2657 fuerit
1809 2601 2094 2673 exposuit.

444 2694 529 2749 Tu
563 2693 761 2764 itaque
791 2693 1076 2763 responde
1107 2709 1262 2747 nunc
1294 2691 1440 2746 mihi
1468 2693 1620 2763 quod
1647 2692 1897 2746 breviter
1927 2692 2099 2746 inter-

446 2783 638 2854 rogavi
669 2799 681 2836 :
717 2782 889 2836 Terra
923 2781 1034 2835 ista
1068 2781 1262 2835 lucida
1295 2785 1352 2835 et
1383 2781 1553 2836 beata
1585 2797 1761 2852 quam
1794 2780 1933 2834 dicit
1980 2783 2096 2834 Ma-

447 2871 725 2935 nichaeus,
760 2887 936 2939 supra
967 2886 1143 2941 quam
1193 2870 1436 2924 fundata
1465 2874 1630 2924 erant
1662 2887 1840 2941 regna
1870 2869 1992 2933 Dei,
2025 2868 2096 2922 ab

447 2959 572 3031 ipso
599 2959 713 3014 Deo
747 2959 893 3013 facta
926 2963 1068 3023 erat,
1104 2975 1175 3012 an
1208 2958 1403 3029 genita
1434 2958 1503 3012 de
1535 2958 1632 3012 illo
1664 2962 1806 3024 erat,
1853 2975 1924 3012 an
1957 2974 2097 3012 coas-

448 3053 612 3103 terna
637 3047 718 3101 illi
749 3047 919 3101 erat?
951 3045 1140 3100 Unum
1168 3047 1239 3100 de
1270 3047 1479 3115 tribus,
1514 3045 1625 3100 nisi
1649 3045 1959 3101 molestum
1988 3051 2094 3116 est,

448 3137 575 3192 sine
604 3135 1082 3207 tergiversatione
1114 3135 1417 3203 responde.

517 3226 644 3280 FEL.
677 3224 857 3278 dixit:
896 3225 1028 3295 Ipsa
1059 3241 1120 3278 se
1152 3223 1450 3294 scriptura
1479 3224 1915 3294 interpretatur.

516 3324 661 3378 Auo.
693 3322 879 3376 dixit:
912 3322 968 3375 Si
1022 3337 1157 3392 ergo
1202 3321 1355 3376 nosti
1404 3338 1532 3376 esse
1581 3321 1674 3376 hic
1720 3320 1976 3392 aliquem
2009 3320 2096 3376 lo-

448 3428 581 3468 cum
617 3411 716 3466 ubi
758 3410 865 3465 hoc
890 3410 1048 3464 dicat
1078 3410 1391 3480 scriptura,
1425 3411 1561 3480 quia
1590 3409 1752 3464 illam
1775 3415 1992 3465 terram
2010 3409 2098 3465 vel

447 3500 648 3574 genuit
680 3505 847 3570 Deus,
881 3498 967 3554 vel
999 3498 1152 3564 fecit,
1184 3497 1272 3553 vel
1304 3503 1588 3553 coaeterna
1620 3498 1702 3552 illi
1745 3502 1888 3565 erat,
1939 3499 2097 3570 aperi

448 3591 520 3646 ad
555 3590 744 3644 locum
780 3605 952 3659 quem
980 3589 1156 3654 nosti,
1191 3592 1247 3642 et
1269 3587 1393 3659 lege
1423 3587 1590 3641 mihi.

521 3679 646 3733 FEL.
682 3678 863 3733 dixit:
897 3678 1021 3733 Non
1067 3681 1158 3732 est
1204 3677 1263 3732 in
1313 3676 1424 3732 ista
1457 3676 1767 3747 scriptura,
1801 3677 1902 3731 sed
1934 3676 1992 3731 in
2021 3676 2099 3731 al-

447 3773 590 3824 tera.

519 3860 664 3913 Avo.
698 3857 876 3911 dixit:
910 3855 1089 3910 Credo
1120 3871 1277 3927 ergo,
1312 3854 1451 3926 quia
1487 3854 1537 3909 si
1569 3871 1684 3925 qua
1713 3859 1802 3909 est
1833 3854 1933 3909 illa
1964 3855 2101 3910 scri-

449 3944 968 4018 ptura,meministi
1006 3943 1145 4014 quid
1178 3944 1254 3998 ibi
1291 3943 1519 3998 dixerit.
1552 3943 1752 4013 Itaque
1769 3948 1829 3997 tu
1856 3944 1998 3998 mihi
2019 3961 2101 4000 re-

449 4033 798 4106 sponde,qui
824 4033 973 4087 nosti
999 4032 1156 4087 illam
1179 4033 1532 4103 scripturam
1557 4048 1569 4086 :
1605 4037 1661 4086 et
1683 4032 1730 4086 si
1754 4032 2101 4104 dixeroquia

449 4140 565 4179 non
589 4123 671 4178 sic
697 4122 893 4192 habet,
918 4122 1221 4176 convinces
1239 4121 1418 4176 me.Si
1439 4125 1633 4175 autem
1657 4121 1740 4175 sic
1761 4137 2096 4190 cognovero,

449 4212 772 4269 secundum
797 4210 907 4266 hoc
931 4211 1162 4282 disputo
1187 4210 1341 4281 quod
1369 4215 1433 4265 tu
1456 4209 1580 4281 ipse
1603 4210 2100 4280 responderis.Dic

449 4318 587 4374 ergo
608 4318 680 4356 an
716 4299 913 4356 fecerit
944 4305 1156 4355 terram
1184 4299 1357 4355 istam
1389 4299 1563 4368 Deus,
1597 4316 1668 4354 an
1703 4300 1992 4371 genuerit,
2023 4318 2098 4356 an

453 4396 735 4446 coaaterna
766 4389 850 4444 illi
884 4390 1094 4445 fuerit:
1131 4389 1232 4461 qui
1263 4388 1452 4460 legisti
1483 4387 1542 4443 in
1585 4387 1778 4444 nescio
1809 4406 1920 4460 quo
1952 4389 2098 4447 libro

455 4481 552 4536 ubi
585 4496 714 4535 esse
745 4479 852 4534 hoc
883 4479 1168 4550 scriptum
1202 4477 1370 4532 dicis.

526 4569 655 4623 FEL.
689 4567 866 4622 dixit:
901 4567 1045 4632 Quia
1081 4567 1250 4621 modo
1280 4566 1570 4620 Sanctitas
1596 4570 1699 4620 tua
1728 4565 2104 4637 interpretata

457 4661 545 4713 est
570 4657 932 4728 Scripturam
963 4660 1147 4722 tuam,
1183 4656 1474 4725 quomodo
1500 4653 1734 4709 voluisti
1753 4661 1810 4709 et
1840 4661 2102 4727 accepta-

454 4745 530 4815 vi,
564 4748 622 4799 et
651 4748 714 4799 tu
737 4744 821 4798 sic
851 4743 992 4798 mihi
1025 4749 1258 4814 accepta
1288 4742 1570 4814 quidquid
1608 4741 1824 4798 dixero.

524 4845 671 4898 Auc.
707 4841 887 4896 dixit:
941 4840 1174 4895 Interim
1220 4842 1370 4911 quod
1448 4840 1788 4913 interogavi,
1841 4840 1888 4895 si
1956 4841 2102 4896 nihil

453 4948 546 4987 me
575 4936 778 4986 contra
811 4931 1055 4985 moverit
1092 4935 1323 5000 accepto
1351 4946 1362 4984 :
1397 4928 1446 4983 si
1496 4934 1690 4984 autem
1723 4928 1947 5000 aliquid
1979 4948 2102 4985 mo-

450 5020 614 5087 verit,
652 5026 875 5075 motum
908 5035 1105 5074 meum
1137 5017 1330 5073 indico
1370 5017 1497 5086 tibi,
1531 5021 1594 5072 ut
1625 5019 1696 5072 ad
1741 5018 1936 5089 ipsum
1989 5037 2104 5076 res-

448 5110 728 5180 pendeas.

523 5199 650 5253 FBL.
685 5197 867 5252 dixit:
905 5197 1019 5268 Ego
1051 5212 1162 5252 non
1194 5195 1468 5268 respondi
1501 5195 1572 5250 ad
1604 5199 1706 5250 tua
1747 5195 1920 5252 dicta.

523 5290 659 5341 Avo.
694 5286 874 5340 dixit:
911 5285 1054 5350 Quia
1087 5286 1249 5357 prius
1279 5288 1366 5338 est
1397 5288 1461 5338 ut
1491 5283 1635 5337 mihi
1658 5283 1800 5337 adid
1826 5286 1978 5355 quod
2010 5286 2102 5342 in-

454 5374 737 5445 terrogavi
770 5375 1353 5446 respondeas,tamen
1387 5373 1491 5427 feci
1519 5371 1692 5427 etiam
1727 5378 1791 5428 ut
1818 5374 1921 5429 tibi
1946 5377 2104 5447 prior

456 5462 839 5530 respondeam
867 5481 880 5519 :
915 5464 1058 5519 forte
1093 5479 1206 5518 non
1237 5467 1291 5517 te
1330 5461 1529 5526 movit,
1561 5460 1687 5515 ideo
1720 5478 1835 5517 non
1867 5481 2103 5538 respon-

458 5550 619 5615 disti,
651 5551 792 5606 forte
843 5557 900 5606 et
948 5570 1039 5608 me
1089 5569 1202 5608 non
1236 5550 1512 5616 movebit,
1551 5566 1683 5604 cum
1712 5556 2100 5624 responderis.

450 5639 755 5710 Responde
788 5655 922 5709 ergo
962 5641 1033 5697 ad
1066 5641 1220 5712 quod
1247 5638 1619 5710 interrogavi.

1140 319 1240 376 DE
1283 317 1508 377 ACTIS
1553 315 1713 376 CUM
1761 315 2036 374 FELICE
2082 315 2540 396 MANICH/EO,
2588 321 2653 380 S.
2701 321 3127 383 AUGUSTINI

3701 330 3803 389 532

2258 447 2493 504 CAPUT
2514 451 2710 506 XVIII.
2740 482 2805 492 —
2841 453 2967 506 FEL.
3005 452 3183 508 dixit:
3228 452 3580 524 ReSpondeo.
3620 455 3683 509 Et
3709 459 3796 512 ad-

2179 537 2356 607 jecit:
2392 538 2594 594 Dixisti
2628 556 2764 612 ergo
2797 542 2867 595 de
2897 545 3053 596 terra
3085 539 3183 594 illa
3217 540 3275 594 in
3317 557 3429 611 qua
3477 543 3618 598 Deus
3649 542 3800 600 habi—

2188 629 2292 691 tat,
2327 643 2399 679 au
2435 628 2585 682 facta
2618 633 2708 683 est
2734 630 2806 683 ab
2837 628 2958 696 illo,
2992 646 3062 682 an
3095 630 3387 699 generavit
3414 628 3590 698 illam,
3623 648 3690 686 an
3716 649 3803 687 co-

2186 717 2398 770 aeterna
2441 715 2525 769 illi
2575 721 2678 772 est.
2733 718 2800 771 Et
2849 734 2954 790 ego
3002 718 3150 783 dico,
3189 719 3326 790 quia
3356 721 3638 788 quomodo
3669 721 3807 778 Deus

2187 807 2437 860 aeternus
2469 810 2576 874 est,
2609 810 2665 861 et
2693 807 2920 862 factura
2951 807 3104 878 apud
3138 806 3305 862 illum
3337 806 3495 862 nulla
3527 813 3807 877 est,totum

2191 896 2471 947 aeternum
2501 899 2606 949 est.

2266 985 2411 1036 Λυσι.
2446 982 2628 1038 dixit:
2663 984 2788 1039 Non
2821 984 2980 1039 illam
3016 1000 3150 1057 ergo
3182 983 3401 1056 genuit,
3437 1001 3623 1057 neque
3653 986 3814 1042 fecit?

2266 1069 2396 1124 FEL.
2429 1071 2608 1128 dixit:
2642 1073 2788 1141 Non,
2824 1075 2922 1128 sed
2951 1079 3039 1128 est
3069 1073 3153 1127 illi
3176 1078 3477 1128 coaeterna.

2266 1173 2413 1222 Λυσι.
2451 1169 2629 1226 dixit:
2662 1170 2718 1224 Si
2751 1177 2945 1226 autem
2969 1171 3268 1243 genuisset
3296 1170 3481 1238 illam,
3507 1188 3618 1226 non
3641 1171 3717 1227 illi
3739 1190 3816 1228 es-

2196 1261 2283 1312 set
2309 1263 2610 1314 coaeterna.

2267 1346 2396 1400 Fac.
2432 1347 2612 1405 dixit:
2653 1349 2817 1412 Quod
2870 1348 3149 1418 nascitur,
3195 1349 3369 1404 finem
3419 1348 3632 1405 habet:
3682 1352 3821 1421 quod

2196 1433 2489 1505 innatum,
2525 1454 2637 1491 non
2667 1437 2842 1491 habet
2874 1437 3070 1492 finem.

2266 1525 2413 1578 AUG.
2447 1524 2624 1579 dixit:
2660 1525 2881 1590 Quibus
2911 1542 3047 1597 ergo
3079 1529 3203 1580 erat
3234 1524 3330 1581 ille
3365 1530 3549 1597 pater,
3602 1531 3699 1581 aut
3743 1544 3828 1581 cu-

2189 1611 2290 1682 jus
2321 1618 2443 1667 erat
2474 1618 2654 1685 pater,
2688 1631 2861 1685 quem
2895 1615 3064 1668 modo
3098 1620 3322 1686 patrem
3368 1615 3732 1670 nominavit?
3776 1614 3829 1671 Si

2198 1701 2352 1757 enim
2387 1702 2530 1756 nihil
2563 1708 2861 1774 genuerat,
2899 1709 3059 1774 pater
3085 1720 3212 1759 esse
3241 1721 3350 1759 non
3388 1709 3629 1776 poterat.

2271 1795 2395 1845 FEL.
2433 1792 2612 1846 dixit:
2646 1791 2755 1846 Sed
2785 1797 2923 1847 sunt
2956 1793 3069 1848 alia
3100 1811 3224 1863 quae
3257 1795 3578 1865 generavit.

2271 1891 2411 1944 AUG.
2446 1890 2626 1944 dixit:
2661 1890 2763 1944 llla
2790 1907 2925 1962 ergo
2949 1907 3074 1962 quae
3106 1892 3425 1962 generavit,
3462 1909 3574 1947 non
3607 1896 3740 1947 sunt
3759 1892 3832 1947 illi

2201 1984 2506 2046 coaeterna,
2541 1997 2613 2033 an
2641 1984 2696 2033 et
2726 1979 2852 2050 ipsa
2878 1986 3160 2035 coaeterna
3193 1981 3372 2036 sunt?

2276 2069 2400 2122 FEL.
2435 2069 2615 2122 dixit:
2651 2068 2944 2123 Coaaterna
2976 2068 3217 2124 suntilli
3251 2068 3544 2140 quidquid
3575 2068 3723 2125 Deus
3749 2084 3832 2140 ge-

2205 2158 2444 2213 neravit.

2276 2250 2423 2302 AUG.
2458 2247 2643 2303 dixit:
2680 2247 2827 2319 Ergo
2868 2246 3095 2311 errasti,
3129 2247 3282 2317 quod
3318 2246 3594 2317 superius
3635 2246 3836 2313 dixisti,

2277 2336 2406 2390 FEL.
2441 2335 2614 2392 dixit:
2652 2335 2886 2390 Interim
2915 2335 3052 2406 quia
3074 2335 3404 2390 secundum
3427 2335 3840 2407 generationem

2206 2426 2399 2480 carnis
2430 2424 2660 2480 locutus
2693 2441 2848 2491 sum,
2887 2423 3092 2479 erravi.

2277 2519 2422 2569 AUG.
2457 2513 2602 2567 dixit
2626 2530 2637 2566 :
2665 2512 3096 2568 Modestissime
3123 2512 3431 2568 confessus
3454 2528 3838 2580 errorem,me-

2206 2602 2387 2657 rearis
2418 2601 2741 2673 intelligere
2769 2601 3093 2657 veritatem.

2281 2691 2406 2744 FEL.
2442 2690 2618 2746 dixit:
2657 2692 2851 2745 Faciat
2880 2690 3053 2745 Deus.

2275 2791 2422 2844 Avo.
2455 2788 2633 2844 dixit:
2671 2789 2917 2843 Attende
2949 2789 3249 2860 ergojam,
3287 2792 3349 2843 ut
3373 2788 3623 2860 incipias
3645 2803 3842 2859 cogno-

2207 2894 2365 2932 scere
2397 2894 2648 2932 errorem
2684 2878 2984 2948 scripturae
3017 2876 3282 2946 hujus.Si
3309 2893 3442 2948 quae
3465 2878 3839 2948 genuitDeus,

2208 2972 2491 3022 coaeterna
2539 2983 2654 3021 non
2705 2970 2843 3020 sunt
2875 2965 2981 3034 illi,
3017 2966 3223 3020 melior
3254 2972 3341 3020 est
3365 2973 3525 3021 terra
3553 2965 3651 3020 illa
3680 2980 3840 3037 quam

2207 3073 2322 3110 non
2355 3055 2654 3127 generavit
2683 3055 2857 3120 Deus,
2882 3054 2980 3109 ubi
3005 3054 3271 3109 habitant
3301 3055 3504 3110 omnia
3534 3072 3659 3126 quae
3690 3069 3842 3126 gene-

2207 3145 2353 3200 ravit
2383 3145 2740 3215 Deus,quam
2771 3148 2984 3198 terram
3010 3143 3155 3198 dicis
3176 3145 3246 3198 ab
3270 3160 3335 3198 eo
3361 3161 3480 3200 non
3503 3149 3836 3217 generatam.

2278 3235 2409 3290 FEL.
2445 3233 2619 3288 dixit:
2653 3238 3042 3304 (Joaaquantur
3072 3232 3183 3286 sibi
3215 3233 3440 3300 omnia,
3473 3239 3530 3289 et
3551 3250 3674 3304 quae
3690 3247 3840 3304 gene-

2205 3323 2374 3391 ravit,
2406 3329 2460 3376 et
2491 3338 2620 3393 quae
2654 3338 2763 3376 non
2814 3320 3128 3393 generavit,
3178 3321 3232 3374 id
3284 3326 3395 3392 est,
3445 3326 3600 3378 terra
3630 3321 3724 3376 illa
3753 3319 3842 3375 ubi

2206 3411 2697 3467 commorabatur.

2281 3505 2426 3555 Auc.
2461 3499 2605 3555 dixit
2631 3518 2642 3555 :
2677 3499 2846 3569 Quid,
2877 3499 3001 3571 ipse
3035 3499 3131 3570 qui
3158 3501 3478 3571 generavit,
3507 3500 3740 3573 aequalis
3765 3502 3845 3554 est

2207 3589 2324 3644 illis
2349 3589 2649 3654 omnibus,
2682 3598 2780 3643 aut
2813 3590 2997 3660 major
3029 3593 3118 3643 est
3145 3588 3262 3644 illis
3283 3587 3310 3642 ?

2277 3678 2406 3734 FaL.
2441 3678 2622 3734 dixit:
2651 3679 2722 3733 Et
2771 3679 2869 3749 qui
2919 3677 3236 3748 generavit,
3275 3681 3330 3731 et
3361 3693 3514 3749 quos
3545 3675 3844 3750 generavit,

2206 3772 2263 3822 et
2294 3767 2392 3822 ubi
2421 3767 2592 3837 positi
2628 3767 2823 3830 sunt‘,
2857 3765 3054 3820 omnia
3084 3764 3328 3836 aequalia
3361 3771 3525 3821 sunt.

2276 3859 2422 3911 Auo.
2457 3855 2638 3910 dixit:
2674 3854 2858 3910 Unius
2888 3871 3023 3925 ergo
3055 3854 3396 3910 substantia:
3432 3855 3616 3910 sunt?

2279 3945 2407 4001 FEL.
2437 3944 2615 3998 dixit:
2652 3942 2856 3998 Unius.

2277 4036 2426 4089 AUG.
2461 4033 2640 4088 dixit:
2675 4037 2794 4087 Hoc
2844 4033 2996 4104 quod
3037 4036 3127 4086 est
3175 4031 3327 4087 Deus
3360 4037 3545 4103 pater,
3578 4030 3684 4086 hoc
3715 4033 3840 4084 sunt

2209 4121 2311 4176 ﬁlii
2343 4121 2551 4192 ipsius,
2584 4121 2691 4176 hoc
2722 4126 2779 4176 et
2807 4126 2959 4175 terra
2989 4120 3128 4174 illa?

2281 4211 2410 4266 FsL.
2445 4209 2623 4265 dixit:
2657 4215 2776 4265 Hoc
2811 4226 2994 4264 unum
3028 4214 3167 4265 sunt
3197 4225 3423 4265 omnes.

2281 4313 2428 4363 Avo.
2463 4307 2645 4362 dixit:
2685 4308 2870 4378 Hujus
2901 4323 3037 4379 ergo
3067 4311 3232 4362 terrae
3264 4324 3376 4362 non
3423 4311 3512 4364 est
3542 4311 3724 4380 pater,
3755 4303 3844 4360 sed

2207 4397 2565 4453 inbabitator
2583 4396 2611 4450 ‘I

2281 4488 2410 4542 F'sn.
2444 4487 2589 4542 dixit
2612 4503 2623 4541 :
2657 4485 2862 4540 Etiam.

2281 4578 2422 4632 Ave.
2457 4575 2640 4630 dixit:
2675 4575 2768 4630 Sic
2800 4590 2905 4629 nec
2935 4573 3136 4646 genuit
3165 4572 3347 4640 illam,
3381 4589 3490 4629 nec
3522 4573 3652 4629 fecit
3673 4571 3840 4633 illam,

2212 4666 2503 4736 quomodo
2535 4665 2604 4719 ad
2638 4681 2771 4719 eum
2807 4664 3090 4735 pertineat
3139 4663 3249 4718 nisi
3301 4662 3425 4717 sola
3455 4663 3704 4718 vanitate
3734 4675 3836 4714 non

2209 4755 2396 4818 video,
2431 4753 2721 4826 quomodo
2755 4752 2802 4807 si
2832 4753 3041 4807 habeat
3073 4750 3285 4822 aliquis
3315 4752 3574 4807 vicinum
3598 4752 3841 4806 bonum:

2211 4848 2268 4898 et
2316 4843 2442 4897 duas
2479 4845 2604 4914 jam
2651 4846 2820 4896 erunt
2843 4857 2932 4895 res
2989 4841 3175 4896 ambae
3238 4840 3532 4913 ingenita,
3593 4846 3741 4896 terra
3788 4839 3839 4892 et

2209 4936 2392 5002 pater.

2280 5021 2409 5076 FsL.
2443 5019 2618 5074 dixit:
2657 5019 2776 5072 Imo
2807 5021 2924 5072 tres
2957 5022 3114 5082 sunt,
3150 5022 3313 5088 pater
3354 5017 3668 5089 ingenitus,
3697 5019 3837 5069 terra

2209 5110 2491 5182 ingenita,
2524 5113 2580 5165 et
2611 5123 2709 5163 aer
2737 5105 3054 5177 ingenitus.

2281 5207 2430 5254 Ave.
2466 5196 2645 5252 dixit:
2682 5195 2800 5251 Hoc
2830 5200 3018 5250 totum
3053 5211 3169 5250 una
3201 5193 3533 5250 substantia
3559 5191 3692 5249 est?

2279 5289 2411 5343 FsL.
2445 5286 2590 5341 dixit
2616 5302 2628 5341 :
2665 5284 2808 5340 Una.

2279 5379 2424 5433 AUG.
2461 5376 2639 5430 dixit:
2671 5374 2739 5428 Et
2786 5373 2867 5427 ita
2922 5372 3181 5440 fundata,
3233 5377 3298 5427 ut
3339 5389 3373 5428 a
3406 5368 3563 5425 nullo
3593 5382 3835 5439 unquam

2211 5466 2424 5522 moveri
2460 5469 2561 5520 aut
2591 5462 2821 5520 concuti
2853 5462 3084 5534 possit?

2277 5655 2293 5688 ¹
2325 5651 2479 5715 Apud
2503 5652 2589 5703 Er.
2622 5649 2786 5715 Lugd.
2815 5647 2949 5699 Ven.
2978 5648 3126 5708 Low,
3152 5648 3318 5712 posita
3346 5645 3483 5695 sunt.
3549 5643 3617 5693 Μ.
