4046 6184
264 368 375 428 533

330 499 461 554 FEL.
497 499 673 556 dixit:
698 498 871 555 Motio
894 502 949 554 et
970 498 1275 555 concussio
1294 498 1471 553 habet
1491 495 1848 552 distantiam.

330 590 474 645 AUG.
512 589 657 643 dixit
686 605 698 644 :
733 590 991 644 Habeat:
1027 588 1127 644 sed
1159 592 1351 643 tamen
1384 586 1522 643 talia
1552 587 1806 656 fuerunt,
1846 588 1910 640 ut

266 696 293 732 a
321 677 478 733 nullo
510 695 772 749 unquam
809 678 1023 732 moveri
1054 682 1155 731 aut
1184 675 1412 732 concuti
1446 674 1729 748 possent?

332 768 458 822 Far.
495 766 677 822 dixit:
712 772 809 822 Est
861 766 1142 821 distantia
1186 768 1337 821 inter
1393 765 1609 821 moveri
1658 769 1714 819 et
1770 778 1905 817 con-

266 858 395 913 cuti.

328 950 471 1002 Avo.
502 946 685 1001 dixit:
719 946 846 1002 Non
877 946 1012 1001 inde
1037 950 1092 1000 te
1123 945 1441 1017 interrogo.

329 1036 455 1091 FzL.
491 1037 675 1091 dixit:
712 1037 822 1091 Sed
854 1035 989 1091 inde
1024 1051 1111 1090 me
1143 1036 1228 1089 vis
1257 1040 1473 1089 tenere.

326 1127 471 1180 Auc.
508 1124 690 1181 dixit:
724 1124 1025 1188 Quomodo
1079 1123 1187 1190 vis,
1235 1123 1430 1194 accipe
1478 1121 1727 1177 Moveri:
1788 1137 1905 1176 non

260 1218 481 1285 poterat
512 1215 725 1269 moveri
749 1214 777 1267 ‘2

328 1304 454 1358 FBL.
486 1303 667 1358 dixit:
702 1303 826 1358 Non
860 1303 988 1358 dico
1020 1302 1157 1374 quia
1204 1318 1319 1357 non
1382 1304 1605 1373 poterat
1663 1299 1900 1369 moveri,

258 1393 350 1448 sed
384 1393 565 1448 motio
596 1393 874 1449 distantia
902 1396 1012 1448 est.

324 1487 476 1537 Anc.
500 1482 681 1537 dixit:
715 1482 825 1538 Sed
862 1482 941 1536 ita
973 1481 1109 1552 dixi,
1144 1480 1259 1536 Nec
1292 1479 1529 1548 moveri,
1562 1494 1667 1533 nec
1690 1495 1901 1533 concu-

257 1570 319 1626 ti.
351 1571 477 1627 Non
500 1572 639 1638 dixi,
676 1572 894 1627 Moveri
922 1571 1162 1643 quidem
1182 1574 1389 1641 potest,
1411 1570 1510 1625 sed
1532 1568 1758 1623 concuti
1785 1584 1899 1623 non

259 1665 484 1732 potest;
519 1665 638 1727 aut,
674 1660 919 1717 Concuti
963 1660 1197 1730 quidem
1257 1664 1465 1731 potest,
1520 1658 1735 1713 moveri
1786 1674 1900 1712 non

260 1754 478 1821 potest:
513 1750 612 1805 sed
646 1750 852 1806 ambas
882 1766 973 1804 res
1005 1748 1141 1816 dixi,
1176 1765 1290 1803 non
1322 1763 1493 1820 posse
1525 1764 1629 1802 nec
1662 1746 1897 1815 moveri,

265 1853 361 1893 nec
390 1838 630 1894 contuti.

335 1927 455 1984 FEL.
485 1927 663 1982 dixit:
700 1932 779 1982 De
812 1927 1101 1983 ambabus
1127 1926 1303 1981 rebus
1335 1925 1614 1980 distantia
1640 1924 1900 1980 estinter

272 2016 472 2072 moveri
505 2023 565 2073 et
593 2017 845 2073 concuti.

322 2123 539 2180 CAPUT
563 2122 1396 2195 XlX.—-Auo.dixit:Legamus
1415 2136 1552 2192 ergo
1570 2121 1893 2193 sequentia,

257 2213 537 2268 videamus
552 2213 600 2269 si
624 2214 778 2269 Deus
798 2213 908 2268 iste
924 2211 1023 2284 qui
1038 2212 1283 2267 fundata
1298 2211 1547 2266 habebat
1587 2227 1765 2282 regna
1794 2228 1893 2265 su-

258 2301 606 2373 perlucidam
631 2308 687 2358 et
710 2304 940 2358 beatam
964 2306 1199 2368 terram,
1242 2317 1369 2371 quae
1387 2299 1596 2354 anullo
1633 2316 1893 2371 unquam

257 2391 451 2445 moveri
472 2396 528 2446 et
569 2392 803 2447 concuti
847 2394 1111 2463 possunt,
1147 2389 1447 2445 neminum
1489 2387 1705 2453 timuit,
1741 2389 1893 2444 sicut

258 2481 537 2550 oportebat
559 2487 625 2535 ut
647 2481 939 2536 neminem
960 2480 1211 2544 timeret,
1237 2480 1407 2549 cujus
1434 2494 1611 2549 regna
1633 2477 1716 2532 sic
1756 2477 1891 2532 fun-

257 2568 551 2624 dataerant
568 2575 694 2637 ut,a
716 2569 877 2624 nullo
899 2573 1000 2623 aut
1024 2568 1239 2623 moveri
1262 2572 1364 2622 aut
1386 2566 1615 2622 concuti
1631 2571 1890 2637 possent.

255 2656 317 2711 Et
342 2657 471 2729 legit
499 2660 843 2731 sequentia:
868 2660 1037 2715 Juxta
1057 2674 1227 2712 unam
1247 2673 1371 2711 vero
1400 2659 1611 2727 partem
1645 2672 1709 2709 ac
1739 2656 1891 2711 latus

252 2747 468 2801 illustris
504 2749 664 2802 illius
693 2764 759 2804 ac
779 2756 981 2803 sancta:
1004 2751 1189 2803 terrae.
1212 2747 1279 2801 Et
1310 2762 1443 2800 cum
1466 2744 1681 2817 legeret
1711 2744 1889 2799 inter-

251 2836 497 2907 rogavit:
532 2837 694 2901 Quod
731 2836 924 2892 latus?
953 2836 1243 2899 dextrum,
1267 2851 1339 2889 an
1359 2833 1664 2889 sinistrum
1684 2832 1711 2887 ?

317 2934 432 2989 Fac.
457 2934 641 2989 dixit:
676 2934 835 2989 Hanc
864 2934 969 2989 tibi
1005 2950 1109 3004 ego
1143 2950 1259 2988 non
1308 2948 1548 3003 possum
1598 2931 1888 3003 interpre-

256 3022 360 3077 tari
387 3022 758 3096 scripturam,
789 3028 845 3079 et
874 3038 1159 3094 exponere
1192 3022 1345 3094 quod
1374 3019 1452 3075 ibi
1487 3038 1600 3076 non
1635 3025 1757 3076 est:
1799 3019 1886 3093 ip-

252 3127 312 3165 sa
338 3112 438 3166 sibi
470 3112 765 3183 interpres
797 3116 924 3177 est;
957 3128 1061 3184 ego
1095 3128 1207 3167 non
1250 3126 1491 3182 possum
1542 3110 1753 3179 dicere,
1815 3126 1886 3166 ne

254 3199 389 3254 forte
416 3200 714 3256 incurram
744 3200 803 3255 in
836 3205 1071 3273 peccatu
1083 3216 1159 3255 m.

316 3290 447 3345 Anc.
489 3290 666 3344 dixit:
709 3291 963 3361 Legatur
992 3289 1101 3345 hoc
1128 3304 1264 3361 ergo
1295 3288 1449 3360 quod
1495 3287 1771 3359 sequitur.
1816 3289 1885 3343 Et

260 3392 375 3431 cum
392 3377 931 3451 legeret,etventum
947 3383 1100 3434 esset
1117 3378 1185 3432 ad
1208 3377 1397 3433 locum
1414 3377 1510 3432 ubi
1531 3378 1884 3447 babet,Lueis

262 3481 368 3522 vero
388 3468 1079 3538 beatissimePater,seiens
1102 3468 1275 3521 labem
1291 3484 1554 3537 magnam
1570 3483 1641 3522 ac
1656 3468 1883 3523 vastita-

264 3558 359 3609 tem
379 3573 491 3627 quae
516 3574 585 3612 ex
602 3558 836 3612 tenebris
857 3560 1122 3628 surgeret,
1154 3556 1409 3611 adversus
1428 3573 1528 3611 sua
1548 3565 1737 3610 saneta
1776 3557 1879 3611 im-

267 3647 478 3712 pendere
505 3646 732 3710 saecula,
766 3647 876 3700 nisi
906 3645 1044 3716 quod
1072 3647 1345 3700 eximium
1373 3662 1437 3699 ac
1460 3646 1797 3716 praeclarum
1830 3650 1881 3700 et

260 3735 440 3789 virtute
457 3738 644 3804 potens
669 3751 870 3789 numen
892 3744 1265 3805 opponat,quo
1286 3742 1502 3801 superet
1518 3735 1685 3788 simul
1706 3751 1769 3789 ac
1787 3734 1878 3789 de-

262 3826 411 3876 struat
430 3826 659 3891 stirpem
679 3823 1055 3890 tenebrarum,
1079 3840 1186 3894 qua
1202 3825 1443 3878 extincta
1454 3832 1710 3895 perpetua
1725 3826 1880 3895 quies

265 3908 582 3967 lucisincolis
596 3922 891 3983 pararetur
910 3930 931 3974 ;
954 3912 1321 3983 Augustinus
1340 3912 1517 3966 dixit:
1552 3912 1717 3967 Nunc
1748 3913 1875 3983 jam

265 4000 682 4073 quiacceperunt
718 4006 928 4073 apertas
964 4001 1363 4072 blasphemiae,
1396 4001 1445 4055 si
1483 4000 1876 4057 defendendas

262 4090 957 4162 putss,dicquidistagens
995 4092 1389 4159 tenebrarum,
1433 4106 1609 4161 quam
1648 4090 1877 4147 videtur

261 4175 381 4234 Deus
398 4179 685 4246 timuisse,
708 4196 780 4234 ne
806 4196 1019 4251 magna
1033 4179 1192 4235 labes
1206 4180 1515 4235 etvastitas
1537 4196 1604 4235 ex
1619 4181 1876 4238 tenebris

261 4264 304 4319 in
325 4284 486 4340 regna
499 4270 624 4339 ejus
645 4269 954 4335 irruerent,
984 4285 1187 4323 nocere
1210 4273 1433 4339 poterat
1448 4274 1558 4324 Deo
1585 4287 1598 4335 ;
1624 4270 1876 4327 maxime

262 4358 401 4425 cujus
415 4373 591 4430 regna
611 4358 883 4429 superius
902 4357 1045 4411 dixit
1067 4358 1149 4411 ita
1172 4359 1506 4423 fundata,ut
1527 4376 1559 4414 a
1580 4359 1739 4415 nullo
1766 4378 1873 4414 un-

259 4460 407 4515 quam
439 4448 655 4501 moveri
690 4452 791 4501 aut
818 4447 1047 4501 concuti
1074 4451 1327 4517 possent.
1354 4447 1498 4511 Quid
1525 4464 1659 4519 ergo
1683 4448 1766 4502 illi
1792 4449 1871 4503 fa-

256 4540 393 4589 ctura
421 4543 541 4591 erat
568 4553 711 4608 gens
742 4534 901 4591 ista?
931 4536 1157 4591 Poterat
1187 4537 1237 4591 ei
1270 4552 1495 4602 nocere,
1527 4553 1601 4591 an
1633 4554 1746 4593 non
1771 4556 1870 4609 po-

254 4625 420 4679 terat?
454 4626 757 4695 Responde
786 4642 971 4681 unum
998 4642 1027 4681 e
1060 4626 1309 4681 duobus.

307 4723 426 4779 Ρη.
461 4724 606 4779 dixit
635 4742 646 4778 :
682 4725 799 4796 Ego
831 4724 1177 4795 respondeo:
1214 4723 1274 4778 Si
1302 4722 1444 4779 nihil
1464 4729 1665 4779 contra
1686 4724 1868 4781 Deum

250 4816 341 4879 est,
368 4814 690 4869 secundum
725 4813 878 4885 quod
910 4812 1053 4867 dixit
1085 4812 1375 4884 scriptura
1406 4813 1871 4885 Manichzei,quia

246 4907 322 4957 est
346 4903 589 4957 alterum
622 4919 901 4975 regnum;
937 4918 1038 4972 pro
1067 4918 1183 4973 qua
1213 4918 1390 4957 causa
1438 4902 1707 4957 Christus
1736 4903 1870 4957 mis-

243 5006 331 5045 sus
360 4996 469 5059 est,
501 4995 565 5046 ut
595 5008 701 5046 nos
736 4990 1005 5046 liberaret
1036 4990 1107 5045 de
1138 4989 1345 5062 laqueo
1396 4992 1597 5046 mortis
1644 4991 1870 5062 hujus?

243 5080 397 5149 cujus
426 5084 513 5135 est
542 5080 654 5136 iste
682 5080 929 5151 laqueus
959 5082 1013 5134 et
1048 5096 1204 5134 mors
1226 5079 1253 5133 ‘I
1273 5080 1330 5134 Si
1349 5081 1718 5136 adversarius
1744 5081 1869 5136 nul-

240 5166 320 5224 lus
349 5174 549 5224 contra
600 5174 778 5224 Deum
840 5172 945 5235 est,
1005 5168 1213 5239 utquid
1280 5169 1555 5240 baptizati
1616 5170 1869 5226 sumus?

238 5256 436 5330 thuid
464 5257 849 5323 Eucharistia,
882 5258 1087 5329 utquid
1122 5257 1547 5328 Cbristianitas,
1581 5259 1629 5315 si
1666 5265 1869 5315 contra

236 5351 403 5403 Deum
436 5348 581 5403 nihil
615 5348 753 5403 est?

292 5441 433 5493 Anc.
468 5438 613 5493 dixit
639 5456 651 5505 ;
683 5437 828 5501 Quia
850 5437 1016 5493 video
1047 5442 1102 5493 te
1129 5436 1282 5493 nolle
1312 5438 1663 5509 respondere
1694 5438 1765 5493 ad
1808 5438 1865 5495 id

232 5527 374 5595 quod
392 5532 447 5582 te
481 5528 795 5598 interrogo,
838 5530 895 5579 et
936 5531 987 5579 le
1026 5526 1383 5595 interrogare
1406 5529 1470 5579 ut
1496 5525 1599 5580 tibi
1632 5542 1867 5597 respon-

227 5616 425 5679 deam;
458 5621 515 5670 et
548 5615 657 5669 hoc
691 5632 801 5669 non
834 5630 1075 5669 recuso:
1110 5615 1251 5668 dum
1284 5620 1476 5669 tamen
1527 5614 1865 5670 memineris

227 5706 362 5776 quia
379 5706 484 5762 tibi
509 5704 893 5777 interroganti
908 5719 1013 5776 ego
1044 5705 1454 5776 respondeo,tu
1490 5708 1687 5760 autem
1718 5703 1865 5762 mihi

1658 364 1892 424 LIBER
1935 362 2261 425 PRIMUS.

3546 369 3663 431 534

2016 493 2396 566 interroganti
2428 499 2777 568 respondere
2791 497 3053 553 noluisti.
3074 498 3178 554 Sed
3205 499 3345 571 quia
3368 516 3461 555 me
3483 500 3661 556 inter-

2016 584 2257 655 rogasti,
2290 586 2425 639 audi
2458 588 2612 657 quod
2647 587 3034 658 interrogasti.
3069 588 3184 642 Nos
3224 588 3456 658 quidem
3516 591 3661 645 dici-

2014 688 2148 726 mus
2210 672 2576 730 liberatorem
2618 677 2911 731 Cbristum
2958 678 3206 744 venisse,
3254 682 3310 732 et
3341 696 3373 733 a
3405 680 3659 749 peccatis

2013 760 2226 816 nostris
2260 762 2512 817 dicimus
2544 781 2648 820 nos
2680 764 2935 833 liberari,
2970 766 3108 837 quia
3139 783 3245 821 nos
3273 784 3387 821 non
3449 785 3659 825 sumus

2011 849 2081 903 de
2112 850 2443 906 substantia
2477 852 2573 906 Dei
2605 854 2808 924 geniti,
2844 856 2941 909 sed
2976 872 3076 926 per
3106 857 3235 927 ejus
3256 857 3511 912 Verbum
3542 860 3655 913 fac-

2010 938 2054 993 ti
2087 956 2119 992 a
2150 939 2286 994 Deo.
2329 940 2573 996 Multum
2600 948 2796 997 autem
2830 943 3071 999 interest
3128 946 3279 1000 inter
3336 951 3537 1002 natum
3587 948 3657 1003 de

2011 1029 2342 1083 substantia
2368 1031 2546 1095 Dei,et
2566 1032 2779 1085 factum
2802 1050 2835 1087 a
2853 1033 2967 1087 Deo
2991 1035 3143 1105 quod
3170 1052 3281 1090 non
3306 1037 3476 1091 estde
3491 1037 3657 1093 subs-

2012 1118 2195 1173 tantia
2214 1117 2635 1190 Dei.Quidquid
2656 1138 2790 1192 ergo
2811 1122 3127 1190 fecitDeus,
3155 1129 3344 1195 potest
3364 1142 3492 1181 esse
3525 1142 3653 1181 mu-

2009 1206 2221 1273 tabile;
2254 1207 2378 1278 ipse
2408 1214 2603 1263 autem
2622 1209 2773 1264 Deus
2796 1227 2909 1265 non
2933 1216 3020 1265 est
3038 1212 3333 1267 mutabilis
3356 1230 3367 1267 :
3387 1214 3654 1284 quianon

2011 1301 2260 1367 possunt
2277 1299 2492 1369 aequari
2526 1316 2700 1370 opera
2726 1300 2931 1355 artiﬁci
2948 1306 3005 1355 et
3026 1302 3435 1357 conditori.Tu
3459 1313 3652 1359 autem

2010 1384 2109 1455 qui
2141 1384 2314 1456 paulo
2346 1387 2417 1441 ad
2449 1387 2965 1460 interrogationem
3007 1405 3197 1446 meam
3246 1392 3464 1463 dixisti,
3516 1394 3654 1464 quia

2005 1476 2055 1528 et
2086 1474 2250 1529 Pater
2278 1478 2375 1546 qui
2402 1479 2682 1547 generavit
2712 1479 2798 1534 ibi
2829 1480 2967 1534 lucis
2987 1480 3151 1549 ﬁlios,
3183 1489 3233 1535 et
3262 1497 3382 1546 aer,
3432 1485 3485 1536 et
3531 1484 3655 1551 ipsa

2005 1566 2171 1631 terra,
2200 1574 2249 1619 et
2275 1567 2385 1636 ipsi
2412 1567 2518 1635 ﬁlii
2549 1584 2661 1621 una
2682 1569 2987 1623 substantia
3010 1574 3161 1639 sunt,
3183 1579 3235 1624 et
3258 1571 3503 1641 aequalia
3522 1581 3654 1628 sunt

2005 1655 2231 1721 omnia;
2266 1659 2492 1725 oportet
2524 1662 2587 1709 ut
2615 1656 2777 1711 dicas
2810 1657 2976 1723 mihi,
3010 1658 3149 1713 huic
3179 1660 3649 1715 substantiasuti-

2006 1757 2117 1812 que
2146 1742 2577 1814 incorruptibili
2611 1747 2903 1817 quomodo
2936 1751 3382 1818 poteratnocere
3402 1765 3547 1822 gens
3568 1758 3649 1806 te-

2004 1831 2340 1888 nebrarum.
2375 1834 2433 1888 Si
2466 1836 2621 1889 enim
2656 1839 2881 1906 poterat
2913 1852 3117 1892 nocere
3147 1837 3221 1905 ei,
3257 1854 3371 1893 non
3402 1844 3527 1894 erat
3549 1856 3649 1896 na-

2001 1922 2134 1974 tura
2164 1921 2658 1994 incorruptibilis:
2688 1924 2735 1979 si
2768 1930 2964 1979 autem
3006 1943 3119 1980 non
3179 1931 3423 1996 poterat,
3485 1927 3649 1985 nulla

2001 2024 2181 2064 causa
2208 2016 2332 2065 erat
2361 2029 2539 2083 quare
2570 2012 2835 2084 praelium
2869 2014 3199 2086 agitaret,et
3224 2015 3367 2071 illud
3430 2034 3647 2073 numen

2029 2100 2182 2169 quod
2215 2100 2376 2166 dicit,
2409 2100 2525 2156 huc
2558 2103 2831 2157 mitteret.

2072 2188 2197 2243 Fac.
2233 2189 2413 2245 dixit:
2446 2190 2791 2247 Dilationem
2833 2196 2987 2265 peto,
3020 2196 3085 2247 ut
3127 2192 3348 2264 possim
3410 2211 3648 2267 respon-

1999 2277 2155 2333 dere.

2068 2374 2219 2423 Avo.
2250 2369 2421 2424 dixit:
2458 2371 2699 2436 Quando
2719 2371 2747 2425 ?
2778 2370 2916 2426 Cras
2946 2371 3321 2428 intermissus
3352 2373 3616 2430 sufﬁcit?

2068 2473 2297 2530 CAPUT
2335 2475 2445 2530 XX.
2484 2507 2548 2516 —
2584 2476 2715 2531 FEL.
2747 2476 2928 2532 dixit:
2964 2477 3291 2534 Intermitte
3323 2478 3467 2533 mihi
3528 2484 3647 2537 tres

1997 2561 2142 2630 dies,
2176 2563 2231 2617 id
2264 2568 2351 2617 est
2379 2564 2571 2629 hodie,
2605 2568 2662 2619 et
2688 2581 2841 2630 cras,
2874 2566 3260 2639 ehperindie,
3312 2571 3413 2623 aut
3460 2586 3648 2642 usque

1993 2650 2063 2705 ad
2097 2650 2251 2706 diem
2283 2652 2381 2723 qui
2412 2658 2502 2708 est
2546 2658 2680 2725 post
2738 2654 3121 2722 dominicum,
3170 2655 3228 2710 id
3292 2661 3400 2727 est,
3459 2659 3646 2729 pridie

1992 2738 2128 2794 idus
2158 2740 2504 2797 decembris.

2064 2832 2213 2885 Auo.
2249 2830 2418 2885 dixit:
2453 2830 2630 2887 Video
2658 2831 2709 2886 ie
2758 2832 3099 2890 dilationem
3156 2835 3228 2890 ad
3291 2836 3642 2907 responden-

1992 2916 2132 2972 dum
2164 2920 2436 2990 petiisse;
2471 2919 2800 2976 humanum
2832 2926 2921 2977 est
2979 2926 3045 2979 ut
3088 2924 3443 2980 concedatur
3485 2924 3633 2983 tibi:

1990 3006 2093 3062 sed
2126 3007 2176 3061 si
2234 3009 2584 3079 respondere
2641 3026 2758 3065 non
2815 3011 3077 3082 potueris
3122 3013 3194 3068 ad
3245 3014 3637 3084 praestitutum

1989 3096 2161 3163 diem,
2196 3097 2331 3167 quid
2366 3098 2509 3154 flet?

2060 3186 2188 3241 FsL.
2217 3187 2397 3243 dixit:
2435 3190 2545 3245 Ero
2574 3189 2786 3245 victus.

2058 3278 2205 3331 Anc.
2239 3278 2416 3333 dixit:
2450 3279 2619 3343 Quid.
2654 3279 2705 3335 si
2738 3280 3009 3353 fugeris?

2058 3364 2186 3421 FEL.
2222 3366 2397 3421 dixit:
2432 3371 2585 3423 Reus
2614 3384 2709 3423 ero
2730 3368 2984 3425 civitatis
3018 3368 3195 3441 hujus
3225 3373 3281 3425 et
3311 3370 3549 3443 ubique,
3581 3376 3638 3428 et

1986 3452 2133 3526 legis
2163 3472 2323 3511 meae.
2348 3450 2367 3461 ⁸

2055 3549 2203 3599 Avo.
2240 3544 2419 3600 dixit:
2456 3546 2577 3601 Imo
2608 3546 2716 3602 hoc
2746 3546 2871 3602 die:
2908 3546 2967 3602 Si
3000 3548 3222 3619 iugero,
3270 3548 3353 3604 sic
3415 3548 3635 3606 habear

1982 3634 2263 3703 tanquam
2297 3635 2345 3688 si
2378 3641 2515 3689 anat
2542 3635 2849 3691 hemavero
2883 3636 3288 3693 Manichazum.

2058 3723 2183 3777 FsL.
2217 3722 2391 3777 dixit:
2427 3723 2543 3778 Hoc
2575 3723 2765 3779 dicere
2792 3741 2905 3778 non
2938 3742 3199 3796 possum.

2054 3821 2194 3875 AUG.
2229 3820 2401 3877 dicit:
2434 3822 2582 3893 Ergo
2614 3825 2809 3892 aperte
2840 3822 3009 3878 nobis
3037 3822 3130 3878 dic
3162 3825 3299 3894 quia
3320 3824 3627 3896 fugereco-

1981 3908 2153 3981 gitas,
2188 3913 2244 3964 et
2273 3926 2443 3965 nemo
2476 3914 2530 3964 te
2561 3915 2738 3976 tenet,

2053 3999 2179 4053 FEL.
2216 3998 2389 4053 dixit:
2426 3998 2551 4055 Non
2583 3999 2760 4071 fugio.

2049 4088 2195 4141 Avo.
2230 4088 2411 4142 dixit:
2445 4087 2517 4143 Ut
2546 4088 2733 4159 video,
2767 4104 2881 4143 non
2904 4087 2988 4144 vis
3022 4090 3191 4160 quasi
3221 4090 3411 4146 victus
3434 4092 3629 4149 absce-

1979 4175 2149 4231 dere:
2184 4177 2283 4232 sed
2316 4176 2526 4232 saltem
2561 4177 2666 4232 hoc
2692 4177 2807 4246 dic,
2841 4178 2899 4233 Si
2934 4178 3156 4251 fugero,
3177 4180 3366 4235 victus
3398 4197 3553 4236 sum.

2050 4266 2177 4320 FEL.
2213 4265 2395 4321 dixit:
2430 4266 2579 4322 Dixi.

2049 4361 2197 4410 AUG.
2232 4355 2411 4410 dixit:
2448 4356 2513 4410 Et
2544 4356 2697 4411 unde
2727 4356 3031 4428 apparebit
3057 4360 3113 4411 te
3145 4356 3364 4429 fugisse
3396 4364 3632 4432 propter

1978 4442 2090 4498 Gcs
2105 4444 2195 4499 ta?

2050 4534 2179 4587 FsL.
2213 4533 2391 4589 dixit:
2425 4533 2573 4589 Jube
2599 4538 2664 4588 ut
2694 4551 2865 4605 quem
2898 4533 3145 4607 elegero,
3168 4552 3301 4590 cum
3324 4536 3451 4609 ipso
3486 4538 3621 4594 sim.

2047 4623 2191 4677 AUG.
2227 4622 2406 4678 dixit:
2440 4623 2596 4695 Elige
2628 4623 2732 4678 tibi
2792 4623 3048 4695 aliquem
3110 4626 3181 4681 de
3236 4626 3624 4697 praesentibus

1976 4710 2103 4765 istis
2137 4712 2438 4783 fratribus,
2472 4712 2569 4784 qui
2602 4714 2672 4768 ad
2702 4712 3021 4769 cancellum
3051 4718 3228 4770 stant.

2050 4801 2177 4855 FEL.
2212 4802 2385 4857 dixit:
2418 4802 2539 4856 Sim
2571 4819 2703 4857 cum
2736 4802 2834 4858 ille
2865 4803 2965 4874 qui
2996 4807 3085 4859 est
3108 4804 3167 4859 in
3196 4805 3406 4861 medio.

2045 4900 2191 4953 Auo.
2230 4900 2407 4954 dixit:
2440 4899 2601 4954 Sicut
2628 4900 2735 4955 tibi
2793 4899 3039 4972 elegisti,
3103 4918 3289 4973 usque
3348 4903 3418 4957 ad
3467 4902 3620 4958 diem

1973 5004 2109 5044 cum
2144 4989 2242 5044 illo
2273 4989 2408 5044 eris.

2045 5079 2172 5134 FsL.
2208 5078 2353 5133 dixit
2380 5095 2391 5132 :
2427 5079 2632 5135 Etiam.
2666 5083 2722 5133 et
2750 5095 2854 5151 ego
2886 5080 2992 5136 hoc
3014 5080 3333 5136 consentio.

2045 5173 2391 5224 Bomrxcws
2423 5168 2606 5223 dixit‘
2636 5186 2649 5225 :
2682 5169 2983 5225 Praestabit
3013 5169 3295 5235 Christus,
3328 5172 3390 5223 ut
3419 5167 3468 5223 si
3486 5184 3619 5226 cum

1974 5257 2072 5313 illo
2103 5257 2356 5326 veniam,
2391 5257 2750 5315 christianus
2782 5264 2887 5314 est.

2041 5466 2058 5501 ι
2084 5463 2150 5511 Er
2167 5464 2467 5524 Lugd.Ven.
2490 5463 2747 5513 Lov.ha3c
2767 5466 2819 5511 et
2840 5461 3115 5525 superiora
3138 5461 3212 5525 sic
3230 5461 3445 5525 legunt:
3483 5465 3616 5514 Ano.

1972 5526 2107 5591 dixit
2121 5541 2139 5574 :
2163 5526 2305 5591 Elige
2326 5526 2424 5575 tibi
2442 5527 2663 5591 aliquem
2687 5526 2748 5591 de
2768 5523 3232 5591 istisjirxsen’tibus
3252 5523 3508 5591 fratribus
3529 5528 3622 5591 qui

1972 5589 2046 5637 ad
2064 5586 2337 5637 cancellum
2359 5586 2654 5651 stant.rFsL.
2674 5589 2832 5635 dixit:
2862 5586 3032 5651 Etiam
3049 5590 3096 5635 et
3107 5602 3198 5651 ego
3211 5589 3495 5651 consentio:
3524 5586 3616 5638 sed

1975 5667 2085 5700 cum
2110 5651 2199 5699 illo
2216 5652 2303 5711 qui
2323 5655 2395 5699 est
2416 5652 2465 5697 in
2491 5650 2671 5697 medio.
2698 5650 2827 5698 Auo.
2849 5648 3009 5696 dixit:
3033 5648 3174 5699 Sicut
3195 5649 3291 5699 tibi
3307 5649 3519 5711 elegisti,
3535 5667 3614 5702 us-

1974 5728 2071 5780 que
2097 5714 2169 5763 ad
2196 5711 2331 5763 diem
2359 5728 2469 5761 cum
2494 5711 2581 5761 illo
2602 5713 2703 5761 eris
2733 5714 3023 5764 BONIFACIUB
3054 5713 3211 5775 dixit,
3237 5717 3336 5764 etc.
3367 5715 3437 5765 M.
