2023 3092
209 166 268 196 535

244 231 426 267 Augustinus
440 230 595 266 episcopus
613 230 747 258 Ecclesiae
763 230 909 258 catholicas
923 231 1030 266 Hippo-

210 275 401 311 neregiensis,
417 274 462 302 his
478 275 508 302 in
524 274 647 302 ecclesia
676 283 773 302 coram
801 274 908 311 populo
936 274 1032 303 Gestis

211 319 388 355 subscripsi.

561 164 612 194 DE
633 165 745 196 ACTIS
767 165 847 196 CUM
872 165 1008 195 FELICE
1029 163 1258 203 MANICH/EO,
1283 166 1315 196 S.
1339 166 1553 197 AUGUSTINI

1846 169 1900 199 536

1122 230 1200 259 Felix
1215 231 1406 265 christianos,
1426 232 1522 260 cultor
1535 231 1608 268 legis
1623 232 1784 267 Manichasi,
1814 232 1857 260 his
1873 234 1900 261 in

1088 275 1211 303 ecclesia
1225 284 1322 304 coram
1337 276 1444 313 populo
1460 276 1555 305 Gestis
1571 277 1746 312 subscripsi.

778 436 968 483 LIBER
1002 435 1345 484 SECUNDUS.

847 517 949 547 ACTA
973 517 1168 547 SECUNDE
1191 517 1266 548 DIE]
1274 540 1280 547 .

248 641 363 669 CAPUT
380 641 536 669 PRIMUM.
552 656 586 661 ——
597 641 668 669 Cum
680 642 797 668 ventum
812 642 889 668 esset
905 640 940 667 ad
957 639 1034 668 diem

214 686 424 721 praestitutum,
436 686 464 713 id
476 688 530 719 est,
544 686 579 713 ad
596 686 689 721 pridie
704 686 807 713 iduum
823 685 1033 717 decembrium,

214 739 260 757 res
272 731 312 757 sic
329 731 374 766 agi
391 730 477 766 cmpit
492 731 520 758 in
537 730 660 758 ecclesia
670 730 763 758 Pacis.
776 731 952 758 AUGUSTINUS
963 729 1038 765 epis-

215 783 305 810 copus
321 775 451 802 Ecclesia:
461 774 609 802 catholicae
618 774 750 810 Hippone
762 774 937 810 regiensium
950 774 1040 809 regio-

216 828 286 847 num
304 820 375 846 dixit
389 829 394 846 2
417 820 527 847 l’ridem
545 828 610 847 cum
624 827 786 847 sermonem
799 819 985 853 haberemus,
995 819 1039 846 di-

217 864 354 891 lationem
372 867 397 891 te
414 864 532 899 petiisse
548 863 719 897 meministi,
734 872 800 891 cum
817 864 851 891 ad
870 872 903 891 ea
919 872 982 899 quas
999 863 1040 890 in-

215 911 427 944 terrogaveram
446 910 473 935 in
490 908 624 945 praesenti
646 909 821 944 respondere
846 917 903 936 non
927 916 1039 944 posses.

218 954 246 980 Si
264 962 331 988 ergo
349 956 407 980 tam
426 953 483 980 lato
498 952 638 988 temporis
654 952 759 989 spatio,
776 954 841 989 post
857 953 934 980 diem
962 951 1040 980 sciti»

218 1000 262 1025 cet
286 998 422 1033 quintum
454 997 560 1033 aliquid
590 997 770 1032 excogitasti,
800 997 952 1032 responde.
983 996 1041 1024 Hoc

218 1042 294 1069 enim
311 1044 380 1069 tunc
394 1042 656 1077 interrogaveram:
674 1041 703 1069 Si
720 1041 777 1069 Deo
794 1049 895 1069 nocere
905 1040 977 1068 nihil
990 1049 1040 1076 po-

216 1089 300 1121 terat,
319 1095 408 1121 quare
420 1086 528 1113 bellum
544 1086 636 1121 gessit
650 1094 717 1113 cum
733 1088 819 1121 gente
834 1094 924 1121 quam
945 1084 1041 1112 dicitis

215 1131 414 1164 tenebrarum,
432 1131 461 1157 in
477 1139 535 1166 quo
551 1130 626 1158 bello
643 1133 752 1158 naturas
769 1130 937 1158 daemonum
968 1129 1041 1157 mis-

215 1179 292 1203 ceret
310 1175 506 1203 substantiam
523 1183 617 1207 suam.
635 1183 698 1210 qua:
715 1175 769 1202 hoc
799 1177 843 1202 est
867 1174 945 1210 quod
968 1174 1040 1209 ipse,

215 1220 291 1248 sicut
303 1221 364 1255 jam
381 1220 578 1255 interrogatus
595 1219 718 1247 dixisti?
733 1219 762 1246 Si
779 1221 877 1246 autem
895 1226 997 1246 nocere
1016 1218 1041 1246 ei

215 1267 336 1300 poterat,
354 1273 410 1291 non
428 1263 678 1299 incorruptibilem
696 1264 785 1291 Deum
803 1263 908 1297 colitis,
926 1262 1042 1299 qualem

216 1309 321 1337 veritas
338 1311 365 1336 et
380 1308 541 1344 apostolica
555 1309 687 1335 doctrina
702 1310 838 1336 testatur.

254 1354 336 1380 FELIX
346 1354 415 1380 dixit
430 1362 435 1380 :
450 1353 489 1380 Ex
500 1361 557 1388 quo
569 1361 585 1380 a
597 1353 756 1380 Sanctitate
768 1355 818 1380 tua
829 1352 945 1383 recessi.
963 1354 996 1379 ut
1007 1352 1042 1379 ad

218 1399 293 1426 diem
311 1398 501 1425 constitutum
516 1405 649 1425 reversus
664 1405 771 1430 essem,
788 1399 821 1424 ut
835 1397 1043 1433 responderem

218 1445 275 1470 tum
290 1442 523 1477 interrogationi,
540 1450 733 1478 quaecumque
747 1441 836 1470 velles
851 1442 1041 1476 interrogare,

218 1490 335 1515 ventum
353 1490 395 1514 est
411 1488 445 1514 ad
463 1486 558 1514 diem:
581 1488 609 1513 et
638 1486 708 1521 quia
733 1486 844 1513 nullam
868 1486 1044 1522 scripturam

218 1532 294 1558 inter
310 1539 414 1557 manus
431 1530 530 1563 habui,
548 1530 617 1565 quia
628 1539 685 1558 non
699 1530 770 1557 mihi
782 1530 977 1558 suntredditte
990 1539 1044 1557 un-

219 1576 254 1602 de
270 1584 316 1602 me
332 1576 476 1602 instruere
494 1583 610 1610 possem
624 1583 631 1608 ;
648 1574 747 1602 nullus
757 1574 834 1602 enim
849 1574 883 1601 ad
897 1577 1043 1602 certamen

218 1620 286 1651 exit,
306 1619 359 1646 nisi
378 1620 459 1654 prius
477 1619 606 1646 munitus
621 1620 629 1638 ί
647 1619 744 1653 fuerit,
761 1621 789 1647 et
801 1618 901 1646 nullus
916 1618 1046 1654 litigator

219 1666 314 1700 potest
329 1664 391 1691 sine
408 1664 469 1691 suis
485 1663 595 1691 chartis
620 1663 751 1699 litigare;
780 1662 914 1691 similiter
941 1665 970 1691 et
993 1671 1046 1699 ego

220 1709 282 1736 sine
299 1717 363 1735 mea
379 1709 526 1743 scriptura
542 1709 717 1744 respondere
734 1716 791 1735 non
807 1716 939 1743 possum.

255 1755 326 1780 Auc.
344 1753 433 1779 dixit:
453 1753 540 1780 Istam
557 1753 824 1788 tergiversationem
842 1754 923 1779 tanto
932 1751 1046 1780 dierum

221 1798 316 1834 spatio
333 1796 512 1833 excogitasti,
535 1805 598 1833 quae
610 1799 637 1824 te
646 1797 676 1824 in
689 1805 778 1824 causa
789 1796 902 1832 perdita
914 1798 942 1824 et
951 1805 1048 1824 errore

221 1842 362 1877 sacrilego
377 1842 444 1876 quid
460 1842 639 1877 respondeas
650 1850 708 1869 non
732 1841 890 1869 habentem
910 1841 1049 1876 adjuvare

222 1887 293 1914 nihil
312 1887 424 1922 poterit.
441 1886 547 1914 Notum
564 1888 609 1913 est
619 1886 697 1913 enim
709 1885 846 1913 omnibus
856 1886 906 1921 qui
916 1886 1048 1921 aderant,

221 1940 294 1967 quos
303 1932 388 1958 etiam
400 1939 477 1958 nunc
485 1931 587 1958 adesse
596 1931 718 1965 video,te
728 1930 841 1958 dierum
853 1932 965 1957 tantum
975 1930 1048 1957 dila-

221 1976 329 2003 tionem
339 1975 607 2010 petiissezdebuisse
619 1977 715 2002 autem
723 1976 819 2010 petere
827 1975 913 2002 etiam
922 1975 1047 2007 codices,

221 2020 338 2055 quando
354 2019 523 2046 dilationem
539 2019 659 2054 petiisti,
675 2019 699 2046 si
710 2019 755 2046 his
763 2021 792 2046 te
802 2019 926 2055 putabas
943 2019 1048 2046 instrui

220 2073 305 2100 posse
320 2064 355 2091 ad
374 2063 628 2098 respondendum;
645 2064 721 2099 quod
739 2072 796 2091 non
811 2064 915 2091 fecisti.
932 2064 1002 2090 Novi
1020 2066 1048 2091 te

221 2108 338 2144 petiisse
354 2108 477 2140 codices,
496 2116 554 2135 non
571 2108 687 2143 quidem
705 2108 975 2136 adinstructionem
988 2108 1047 2135 ins-

222 2153 382 2188 piciendos,
399 2161 498 2179 verum
513 2152 567 2180 hoc
582 2152 666 2189 longe
683 2155 840 2188 antequam
868 2155 980 2188 peteres
1005 2152 1048 2180 di-

221 2198 360 2225 lationem
375 2207 380 2224 :
398 2205 465 2224 cum
480 2205 547 2225 vero
563 2196 734 2225 dilationem
759 2196 881 2232 petiisti,
913 2197 1047 2224 codicum

222 2241 276 2268 tibi
292 2242 505 2268 reddendorum
519 2241 816 2276 etinspiciendorum,
833 2244 934 2269 utesse
948 2250 1049 2277 posses

222 2285 402 2317 instructior,
421 2285 532 2313 nullam
550 2285 642 2313 fecisti
660 2286 850 2314 mentionem.

262 2330 324 2357 Fac.
342 2330 430 2356 dixit:
444 2330 526 2357 Modo
541 2332 605 2365 peto
622 2330 745 2363 codices,
758 2330 919 2358 reddantur
929 2330 1012 2365 mihi,
1022 2333 1050 2358 et

222 2375 306 2402 venio
323 2375 357 2401 ad
374 2377 521 2402 certamen
538 2377 603 2410 post
618 2375 758 2409 biduum;
774 2377 803 2403 et
817 2375 842 2402 si
852 2375 946 2403 victus
958 2376 1048 2410 fuero,

224 2419 300 2455 quod
318 2418 534 2451 deliberaveris,
551 2419 652 2446 subeo.

258 2465 330 2491 Avo.
342 2463 429 2490 dixit:
450 2463 558 2490 Rudem
575 2465 601 2490 te
617 2463 646 2490 in
660 2463 716 2491 ista
731 2463 873 2491 scelerata
887 2466 969 2491 secta
990 2472 1046 2491 non

222 2516 285 2537 esse
297 2508 457 2543 puto,quod
469 2511 496 2535 et
507 2508 616 2535 fateris.
634 2507 695 2535 Non
708 2510 736 2535 te
745 2510 842 2535 autem
852 2508 958 2535 habere
970 2508 1048 2543 quod

221 2553 408 2588 respondeas,
421 2555 447 2579 et
455 2552 479 2580 si
487 2554 518 2579 tu
525 2560 583 2579 non
593 2552 721 2587 fatearis,
730 2552 826 2580 omnis
833 2552 987 2588 homojam
1006 2553 1048 2580 vi-

220 2598 278 2625 det.
297 2597 352 2624 Sed
370 2597 439 2632 quia
455 2596 569 2624 codices
586 2599 652 2624 tuos
669 2596 785 2632 repetis,
811 2596 863 2632 qui
879 2596 933 2624 sub
950 2597 1047 2632 sigillo

222 2642 336 2676 publico
350 2641 566 2673 custodiuntur,
584 2641 692 2676 quibus
708 2641 848 2676 inspectis
864 2641 973 2669 diciste
985 2641 1047 2669 ins-

222 2687 349 2711 tructum
362 2686 458 2712 venire
475 2694 559 2721 posse
575 2688 640 2721 post
656 2685 797 2719 biduum;
814 2685 886 2712 illud
898 2686 973 2720 quod
985 2687 1047 2721 jam

224 2731 347 2761 constat,
364 2729 486 2764 objectis
501 2730 712 2766 quaestionibus
733 2732 761 2758 te
788 2730 964 2766 respondere
990 2739 1047 2759 non

224 2773 355 2808 potuisse
371 2774 472 2801 recole.

257 2823 265 2840 ι
282 2821 338 2845 Am.
356 2823 382 2846 et
396 2822 457 2851 Mss,
467 2823 601 2849 militatur.

1089 640 1169 669 Tolle
1185 644 1283 669 autem
1299 641 1412 669 codices
1427 643 1503 676 tuos,
1520 645 1547 669 et
1563 641 1609 668 dic
1626 640 1696 677 quid
1715 640 1782 668 inde
1797 640 1864 669 velis
1875 641 1909 669 ti-

1089 685 1119 712 bi
1136 685 1267 721 proferri,
1283 686 1361 722 quod
1378 686 1464 713 modo
1478 685 1618 721 inspicias
1634 687 1663 714 et
1675 686 1860 722 respondeas.

1130 748 1196 776 FEL.
1212 749 1300 777 dixit:
1314 749 1422 776 Omnes
1437 748 1600 784 scripturas
1616 757 1680 784 quae
1696 747 1769 776 mihi
1797 748 1910 776 sublatas

1094 796 1173 821 sunt.
1192 794 1249 821 lsta
1264 793 1340 820 enim
1353 793 1476 829 epistola
1492 793 1688 820 Fundamenti
1705 795 1759 828 est,
1788 793 1862 829 quod
1886 796 1912 821 et

1094 838 1240 865 Sanctitas
1256 840 1306 866 tua
1321 838 1394 866 bene
1409 838 1475 872 scit,
1491 838 1567 873 quod
1577 840 1606 865 et
1621 845 1672 872 ego
1687 837 1758 872 dixi,
1775 838 1841 873 quia
1855 837 1913 873 ipsa

1095 883 1223 910 continet
1235 882 1362 916 initium,
1380 882 1511 910 medium
1527 886 1555 909 et
1572 882 1670 909 linem.
1688 881 1878 917 lpsalegatur,
1889 886 1914 909 et

1096 927 1239 963 quidquid
1255 926 1365 954 malum
1378 926 1516 962 objicitur
1531 926 1587 962 legi
1603 934 1685 959 mea,
1712 926 1866 961 probetur:
1891 928 1915 953 et

1096 978 1169 1006 nego
1184 970 1274 1004 illam,
1291 971 1315 998 si
1345 971 1467 1007 probata
1497 970 1605 997 fuerint
1634 970 1687 997 illa
1714 970 1837 998 crimina
1856 978 1912 1005 quis

1096 1014 1276 1050 objiciuntur
1288 1015 1344 1051 legi
1360 1023 1441 1042 meas.

1132 1074 1203 1100 Λυσι.
1218 1072 1307 1100 dixit:
1324 1071 1467 1105 Quoniam
1484 1072 1584 1100 fateris
1593 1071 1742 1100 hancesse
1753 1071 1908 1107 epistolam,

1096 1117 1146 1144 ubi
1162 1117 1300 1145 doctrinas
1316 1119 1417 1144 vestrae
1433 1116 1562 1150 initium,
1572 1116 1741 1144 mediumet
1752 1116 1819 1144 finis
1832 1116 1914 1143 conti-

1097 1163 1191 1192 netur,
1209 1161 1263 1189 hoc
1277 1160 1395 1188 initium
1411 1169 1499 1196 quam
1516 1160 1554 1188 sit
1568 1161 1760 1197 sacrilegum,
1772 1160 1820 1188 ubi
1832 1161 1916 1188 Deum

1097 1205 1194 1233 dicitis
1210 1213 1357 1241 pugnasse
1371 1207 1472 1233 contra
1487 1207 1603 1241 gentem
1614 1206 1815 1238 tenebrarum,
1827 1207 1854 1232 et
1868 1204 1916 1232 mi-

1097 1249 1209 1277 scuisse
1224 1252 1336 1278 naturas
1348 1250 1515 1277 daemonum
1530 1249 1722 1285 polluendam
1733 1253 1762 1277 et
1780 1249 1916 1286 ligandsm

1098 1297 1210 1330 partem
1222 1303 1317 1328 suam,
1329 1303 1392 1330 qua;
1404 1294 1457 1322 hoc
1472 1296 1517 1322 est
1532 1295 1608 1330 quod
1625 1295 1710 1330 ipse;
1727 1297 1787 1322 tam
1808 1294 1916 1322 sacrile-

1098 1347 1168 1375 gum
1191 1342 1246 1372 est,
1262 1341 1294 1366 ut
1307 1339 1375 1366 ferri
1390 1338 1439 1366 vix
1467 1340 1502 1366 ab
1527 1339 1721 1367 audientibus
1743 1339 1850 1375 possit:
1871 1338 1919 1366 hoc

1099 1382 1236 1418 objicitur
1250 1383 1345 1419 primo
1361 1386 1445 1411 sectas
1460 1386 1571 1418 vestra,
1587 1384 1648 1411 sive
1664 1383 1783 1411 initium
1801 1383 1852 1411 hoc
1876 1391 1918 1409 vo-

1100 1435 1157 1460 ces,
1176 1428 1235 1455 sive
1252 1428 1394 1461 medium,
1411 1428 1472 1455 sive
1488 1428 1587 1462 ﬁnem,
1604 1436 1662 1455 non
1678 1428 1765 1456 valde
1780 1428 1808 1455 id
1836 1435 1917 1461 curo;

1100 1470 1154 1498 hoc
1169 1473 1266 1498 tamen
1284 1471 1320 1499 de
1339 1472 1393 1498 hac
1409 1471 1542 1506 epistola,
1560 1479 1647 1506 quam
1664 1472 1766 1499 fateris
1789 1479 1850 1499 esse
1865 1470 1920 1498 Ma-

1101 1515 1214 1548 nichmi,
1231 1515 1338 1542 lectum
1349 1523 1410 1542 esse
1427 1524 1483 1543 non
1499 1523 1589 1551 negas
1604 1528 1612 1549 -,
1628 1515 1682 1543 hoc
1697 1515 1921 1551 vobisohjicitur,

1101 1559 1156 1586 hoc
1171 1560 1304 1592 defende,
1322 1560 1346 1586 si
1363 1562 1455 1595 potes,
1473 1562 1504 1587 ut
1519 1560 1554 1587 ad
1571 1559 1627 1587 alia
1655 1560 1821 1587 veniamus.
1847 1559 1921 1586 Unde

1100 1603 1206 1631 iterum
1223 1604 1385 1640 interrogo:
1403 1604 1427 1631 si
1443 1604 1534 1632 Deum
1550 1604 1807 1640 incorruptibilem
1822 1603 1920 1637 colitis,

1101 1648 1170 1684 quid
1186 1648 1212 1675 ei
1239 1656 1342 1676 nocere
1357 1650 1479 1684 poterat,
1507 1649 1604 1676 nescio
1626 1657 1691 1684 quas
1718 1657 1790 1685 gens
1810 1649 1921 1676 adversa

1104 1701 1192 1728 quam
1210 1693 1348 1729 ﬁngitis?
1372 1693 1402 1720 Si
1422 1692 1494 1720 nihil
1520 1693 1544 1720 ei
1567 1701 1671 1721 nocere
1703 1695 1825 1729 poterat,
1845 1691 1919 1720 nulla

1104 1745 1194 1765 causa
1211 1737 1263 1764 fuit
1279 1745 1369 1773 quare
1389 1740 1500 1773 partem
1517 1746 1601 1765 suam
1622 1742 1738 1766 naturae
1765 1739 1921 1766 daemonum

1104 1782 1316 1810 commisceret.
1346 1782 1376 1809 Si
1406 1784 1502 1810 autem
1532 1790 1635 1810 nocere
1662 1782 1687 1810 ei
1721 1785 1841 1818 poterat,
1870 1789 1921 1809 non

1107 1829 1196 1854 Deum
1212 1826 1463 1862 incorruptibilem
1479 1826 1585 1854 colitis.

1141 1885 1257 1913 CAPUT
1278 1885 1314 1911 ll.
1339 1900 1373 1904 —
1390 1884 1454 1912 FsL.
1468 1884 1554 1912 dixit:
1566 1884 1747 1913 Manichaeus
1772 1885 1841 1913 dicit
1855 1884 1922 1912 duas

1107 1937 1170 1957 esse
1181 1932 1311 1963 naturas,
1329 1928 1522 1956 etmodoinde
1534 1928 1679 1964 culpatur,
1699 1930 1845 1965 quiadixit
1855 1930 1920 1956 duas

1104 1974 1290 2009 esse,bonam
1299 1976 1327 2001 et
1336 1973 1593 2001 malamllhristus
1601 1973 1629 2000 in
1638 1974 1794 2010 Evangelio
1806 1974 1875 2001 duas
1882 1973 1920 1999 di-

1104 2018 1144 2047 cit
1154 2026 1218 2046 esse
1227 2019 1359 2046 arbores:
1372 2018 1462 2045 Arbor
1481 2018 1549 2046 bona
1566 2027 1710 2054 nunquam
1727 2020 1795 2055 facit
1808 2020 1921 2054 fructum

1103 2062 1222 2095 malum,
1238 2067 1263 2090 et
1278 2063 1360 2090 arbor
1374 2063 1448 2090 mala
1462 2071 1604 2099 nunquam
1618 2063 1687 2099 facit
1696 2065 1821 2099 fructum
1832 2063 1922 2090 bonum

1104 2107 1208 2142 (Matth.
1220 2115 1270 2140 vn,
1284 2107 1338 2142 17).
1353 2107 1422 2134 Ecce
1434 2107 1507 2134 duas
1521 2110 1650 2135 naturas.
1669 2108 1780 2135 Deinde
1796 2108 1824 2135 in
1840 2108 1922 2134 Evan-

1103 2151 1178 2188 gelio
1188 2151 1330 2187 scriptum
1342 2154 1387 2179 est
1398 2160 1404 2179 :
1417 2152 1556 2187 Numquid
1569 2153 1671 2180 bonum
1680 2160 1774 2180 semen
1784 2149 1923 2180 aemmasti

1104 2197 1132 2224 in
1144 2204 1210 2231 agro
1219 2196 1232 2223 ?
1247 2196 1651 2232 Undcapparueruntzizania?
1659 2198 1852 2225 Hocinimicus
1861 2194 1921 2230 fecit

1104 2240 1154 2277 (Id.
1163 2241 1274 2275 xm,27,
1286 2240 1342 2277 28).
1355 2241 1411 2268 lste
1422 2240 1558 2268 inimicus
1567 2241 1592 2268 si
1604 2249 1661 2268 non
1680 2244 1727 2269 est
1748 2244 1896 2269 extraneus
1906 2247 1921 2265 ιι

1104 2285 1455 2321 Deo,probeturmihi:si
1477 2285 1512 2312 ad
1534 2287 1625 2312 Deum
1649 2285 1774 2321 pertinet
1792 2285 1920 2313 inimicus

1104 2329 1169 2362 iste,
1180 2330 1265 2366 quale
1278 2338 1379 2357 semen
1393 2329 1560 2357 seminavit?
1574 2329 1643 2357 Item
1653 2329 1682 2357 in
1691 2330 1843 2366 Evangelio
1855 2328 1919 2357 scri-

1104 2376 1188 2410 ptum
1203 2376 1257 2407 est,
1270 2374 1384 2401 Christo
1393 2374 1587 2410 dicente,quia
1598 2374 1627 2401 in
1639 2374 1807 2402 novissimis
1815 2377 1919 2408 tempo-

1104 2418 1186 2446 ribus
1201 2418 1341 2446 thronum
1358 2418 1387 2444 in
1409 2418 1504 2445 medio
1529 2418 1635 2446 saeculo
1658 2421 1755 2454 ponet,
1781 2421 1808 2447 et
1832 2418 1920 2445 mittet

1105 2462 1229 2498 Angelos
1244 2471 1313 2490 suos
1325 2462 1354 2489 in
1368 2462 1508 2490 orientem
1521 2465 1550 2490 et
1560 2461 1920 2499 occidentem,septentrio-

1104 2515 1171 2535 nem
1183 2509 1211 2535 et
1225 2506 1387 2540 meridiem,
1399 2509 1428 2534 et
1438 2508 1628 2543 congregabit
1640 2516 1741 2536 omnes
1750 2509 1849 2544 gentes
1859 2507 1919 2534 ante

1104 2560 1146 2586 se,
1157 2554 1186 2579 et
1196 2551 1344 2587 separabit
1357 2551 1432 2584 illos,
1444 2552 1520 2579 sicut
1534 2555 1633 2588 pastor
1643 2554 1770 2587 ,separat
1781 2559 1869 2588 agnos
1887 2549 1919 2577 ab

1104 2596 1206 2624 haedis.
1222 2597 1256 2624 Et
1267 2598 1298 2623 ut
1308 2596 1497 2632 compendive
1509 2597 1616 2628 dicam,
1628 2597 1711 2632 agnis
1735 2596 1824 2624 dicet:
1841 2597 1879 2623 [te
1892 2594 1920 2621 in

1102 2649 1214 2677 regnum
1224 2641 1294 2677 quod
1305 2642 1379 2669 vobis
1390 2642 1519 2676 paratum
1530 2644 1571 2668 est
1581 2641 1615 2669 ab
1629 2642 1736 2676 origine
1745 2640 1850 2668 mundi.
1858 2639 1916 2666 Haa-

1103 2685 1148 2713 dis
1162 2686 1247 2719 dicet,
1264 2685 1313 2721 qui
1331 2686 1360 2713 in
1377 2685 1496 2713 sinistra
1515 2688 1597 2722 parte
1616 2688 1701 2713 sunt:
1719 2685 1917 2715 Recediteame,

1102 2731 1152 2767 qui
1162 2731 1271 2767 operati
1282 2731 1347 2758 estis
1357 2731 1550 2765 iniquitatem:
1562 2738 1668 2758 nomen
1680 2729 1756 2758 enim
1769 2736 1860 2757 meum
1872 2727 1917 2755 ha-

1102 2774 1271 2809 buistis,sed
1279 2782 1369 2810 opera
1385 2782 1442 2801 non
1453 2774 1560 2802 fecistis
1575 2787 1582 2809 ;
1595 2775 1632 2802 ite
1642 2775 1672 2802 in
1683 2776 1773 2810 ignem
1782 2777 1912 2804 atomum,

1101 2821 1148 2855 qui
1154 2823 1271 2855 paratus
1290 2821 1329 2848 est
1338 2818 1445 2847 diabolo
1460 2819 1604 2854 ctangelis
1624 2815 1912 2856 eju:(ld.xxv.3l-ti).
