4056 6178
192 350 286 413 549

189 498 282 539 non
310 480 379 535 de
408 479 606 551 aliqua
650 495 712 535 re
761 495 936 551 quam
984 478 1111 551 ipse
1160 495 1275 534 non
1324 479 1552 547 fecerat,
1608 479 1711 535 sed
1740 494 1808 532 ex

190 570 367 627 nihilo.

243 661 361 717 Fac.
397 658 516 714 dixi
545 675 557 713 :
580 658 728 730 Ergo
752 674 865 713 non
892 657 999 713 hoc
1021 657 1197 713 dixit:
1224 658 1323 713 sed
1356 657 1639 728 dixi,quia
1660 656 1815 712 Deus

189 747 553 807 immutabilis
585 752 693 818 est,
727 752 784 802 ct
811 748 961 818 quod
994 747 1197 818 genuit
1223 746 1592 802 immutabile
1617 750 1724 810 est,
1761 748 1818 800 et

188 837 316 913 quod
344 836 479 892 fecit
502 836 869 892 immutabile
896 836 1135 893 est.Non
1161 834 1460 904 dixi,unde
1483 834 1628 889 illud
1653 833 1815 889 fecit:

188 945 280 985 non
310 926 419 981 hoc
451 926 716 998 quaesivi,
751 925 906 979 unde
940 925 1155 980 fecerit.

242 1020 380 1072 Anc.
405 1015 554 1069 dixit
574 1032 587 1069 :
606 1014 714 1069 Sed
739 1031 773 1068 a
796 1030 888 1069 me
912 1014 1126 1069 audisti
1151 1014 1304 1085 quod
1330 1030 1444 1069 non
1465 1011 1821 1085 quaesisti,ut

183 1110 284 1180 jam
300 1104 602 1161 desineres
626 1103 806 1159 stulta
828 1102 1399 1175 loqui.0mnipotens
1420 1102 1572 1158 Deus
1592 1109 1649 1157 et
1668 1102 1739 1157 de
1759 1116 1823 1156 se

188 1194 355 1268 potuit
387 1209 689 1265 generare,
724 1196 780 1246 et
811 1209 882 1247 ne
914 1191 1097 1246 nihilo
1132 1192 1339 1260 facere,
1371 1197 1429 1246 et
1469 1207 1537 1246 ex
1567 1207 1634 1246 eo
1667 1189 1820 1261 quod

195 1286 300 1355 jam
322 1281 784 1353 fecerat,aliquid
809 1282 1056 1336 formare
1083 1297 1096 1336 :
1121 1282 1190 1336 de
1213 1297 1276 1336 se
1302 1280 1513 1335 Filium
1537 1279 1823 1351 aequalem

188 1372 310 1437 sibi;
335 1372 407 1427 de
431 1370 931 1441 nihilo,mundum
960 1375 1014 1425 et
1035 1370 1369 1425 universam
1392 1374 1740 1435 creaturam;
1757 1384 1826 1423 ex

191 1461 467 1533 aliquo,de
492 1465 646 1515 terra
658 1459 956 1514 hominem
976 1484 989 1525 ;
1005 1459 1143 1531 quia
1159 1458 1534 1530 omnipotens
1548 1457 1823 1520 θεῖ.ουοά

191 1567 304 1623 ergo
324 1550 396 1604 de
419 1565 485 1605 se
511 1549 639 1621 ipso
656 1548 953 1619 est,pollui
988 1564 1285 1618 nunquam
1320 1547 1825 1619 potest,quomodo

190 1656 279 1696 nec
306 1640 432 1708 ipse
461 1655 474 1693 :
510 1638 661 1708 quod
688 1642 882 1692 autem
906 1638 977 1691 ab
1002 1636 1099 1691 illo
1123 1638 1341 1691 factum
1361 1640 1589 1702 est,n0n
1614 1637 1683 1690 de
1706 1634 1827 1701 illo,

194 1735 239 1786 et
262 1726 437 1799 pollui
475 1731 665 1798 potest
700 1743 800 1797 per
829 1725 1077 1780 liberum
1111 1724 1439 1791 arbitrium,
1473 1730 1531 1780 et
1558 1723 1831 1778 mundari

194 1835 278 1891 per
295 1816 484 1888 ipsius
502 1814 1439 1881 misericordiani,condemnando
1455 1802 1831 1885 quod'pecca-

196 1910 283 1973 vit,
304 1911 355 1961 et
387 1904 762 1976 agnoscendo
793 1903 893 1975 qui
918 1920 1051 1959 eum
1078 1905 1275 1959 cravit.
1299 1903 1382 1958 Tu
1406 1919 1538 1957 vero
1561 1903 1659 1974 qui
1686 1918 1832 1973 pau-

198 1996 248 2051 lo
276 1999 398 2049 ante
418 1993 622 2049 dixisti
648 1992 786 2065 quia
812 1992 909 2061 qui
936 1992 1037 2047 Dei
1061 1996 1283 2064 partem
1319 1991 1754 2063 corruptibilem
1780 1992 1837 2045 et

197 2081 699 2139 contaminabilem
725 2081 1367 2151 dicit,anathemandus
1388 2085 1716 2153 est,negare
1740 2098 1837 2136 au-

196 2178 293 2229 tem
318 2189 435 2228 non
466 2175 631 2242 potes
664 2171 1049 2227 Manicheum
1079 2170 1293 2226 dixisse
1315 2171 1469 2242 quod
1494 2187 1627 2242 pars
1653 2169 1752 2224 Dei
1776 2170 1835 2224 in

193 2267 343 2334 gente
362 2262 746 2317 tenebrarum
778 2260 1201 2331 comprehensa
1223 2264 1397 2330 atque
1423 2258 1646 2331 polluta
1670 2262 1839 2323 est,et

190 2350 267 2406 his
298 2368 435 2406 eum
468 2351 664 2406 verbis
696 2349 1139 2421 blasphemasse
1171 2353 1431 2421 apparet,
1465 2348 1549 2403 ita
1580 2353 1643 2402 ut
1674 2349 1840 2419 pejus

188 2439 591 2511 blasphemare
619 2439 763 2494 forte
786 2455 900 2494 non
931 2442 1127 2511 posset
1151 2456 1164 2506 ;
1198 2441 1301 2493 aut
1326 2437 1641 2492 anathema
1671 2435 1839 2491 illum

187 2528 312 2584 talia
344 2530 668 2598 dicentem,
698 2532 799 2582 aut
827 2532 887 2583 tu
913 2544 1046 2582 cum
1073 2526 1173 2581 illo
1198 2526 1668 2581 anathemandus
1701 2542 1763 2580 es
1786 2528 1844 2580 et

186 2618 576 2688 abjiciendus.
606 2606 607 2609 U

249 2706 490 2763 CAPUT
518 2706 631 2763 XX.
658 2738 723 2747 -—
745 2707 873 2761 FEL.
908 2704 1053 2761 dixit
1093 2723 1105 2761 :
1150 2704 1507 2760 Manicheus
1536 2703 1676 2759 dicit
1706 2702 1844 2774 quia

187 2796 405 2867 polluta
440 2800 539 2851 est
570 2812 706 2867 pars
742 2795 867 2863 Dei;
901 2799 957 2850 et
981 2793 1250 2849 Christus
1282 2793 1423 2847 dicit
1454 2792 1592 2864 quia
1622 2791 1845 2863 polluta

191 2890 271 2940 est
299 2885 533 2954 anima,
565 2888 622 2939 et
649 2883 805 2938 venit
833 2883 1078 2937 liberare
1108 2882 1267 2937 illam
1300 2887 1371 2937 de
1402 2881 1743 2953 pollutione.

249 2979 397 3029 Anc.
436 2972 592 3028 dixit
620 2971 763 3027 :Sed
790 2972 987 3026 anima
1013 2988 1125 3026 non
1157 2976 1247 3026 est
1271 2988 1404 3041 pars
1434 2970 1700 3025 Dei.Nam
1718 2970 1843 3039 jam

187 3066 241 3116 tu
270 3063 593 3117 confessus
615 3077 676 3117 es
700 3060 838 3131 quia
864 3060 1222 3115 Manichacus
1247 3059 1394 3114 dixit
1416 3058 1696 3130 pollutam
1722 3076 1846 3130 par-

187 3155 288 3207 tem
322 3151 429 3206 Dei
474 3168 490 3218 ;
530 3167 638 3205 nos
668 3154 865 3205 autem
899 3148 1181 3219 pollutam
1216 3147 1469 3202 dicimus
1502 3147 1759 3202 animam
1780 3164 1848 3203 ex

183 3240 487 3295 voluntate
524 3241 742 3311 peccati
768 3257 783 3304 ;
816 3254 931 3293 non
956 3254 1084 3293 esse
1113 3240 1309 3292 autem
1334 3236 1591 3291 animam
1623 3240 1846 3304 partem

180 3329 427 3397 Dei,non
466 3328 546 3383 de
572 3329 683 3383 Deo
706 3326 1094 3399 genitam,sed
1122 3343 1155 3381 a
1185 3325 1299 3380 Deo
1334 3326 1565 3380 factam.
1592 3325 1686 3381 Sic
1712 3341 1848 3397 ergo

178 3417 406 3474 Dicitur
428 3417 640 3473 anima
661 3433 731 3471 ex
756 3418 1187 3487 Deo,quomodo
1211 3414 1425 3469 dicitur
1442 3414 1676 3485 aliquod
1703 3431 1851 3485 opus

181 3506 323 3562 fubri
354 3525 431 3563 ex
461 3505 718 3562 artiﬁcio
738 3506 887 3576 ejus,
910 3505 994 3560 vel
1017 3521 1085 3560 ex
1106 3504 1231 3576 ipso
1256 3504 1494 3571 factum,
1518 3520 1631 3559 non
1653 3510 1849 3558 tamen

180 3598 245 3652 de
276 3598 414 3669 ipso
440 3595 901 3668 genitum,sicut
930 3593 1089 3649 ﬁlius
1110 3594 1256 3664 ejus.
1283 3594 1369 3648 Tu
1403 3610 1538 3665 ergo
1569 3593 1703 3661 quia
1724 3593 1850 3663 jam

180 3686 500 3741 confessus
528 3700 589 3738 es
623 3682 1005 3739 Manicheum
1027 3681 1243 3737 dixisse
1276 3681 1454 3753 pollui
1488 3686 1707 3751 partem
1732 3680 1851 3745 Dei,

114 3810 117 3811 ν
177 3774 423 3845 etjamd
436 3773 634 3829 udum
651 3772 848 3827 dixisti
868 3770 1365 3827 anathemandum
1384 3768 1484 3841 qui
1504 3769 1644 3824 dicit
1663 3786 1856 3824 corru-

181 3863 455 3934 ptibilem
502 3860 596 3917 vel
638 3860 1153 3917 contaminabilem
1204 3861 1405 3930 Deum,
1455 3858 1541 3913 vel
1582 3862 1855 3914 naturam

179 3954 472 4025 ejus,jam
500 3950 1083 4022 anathemasti,quod
1109 3965 1222 4005 non
1253 3949 1339 4004 vis
1362 3947 1674 4003 fateri.Hoc
1699 3948 1857 4002 enim

182 4042 333 4110 quod
370 4039 620 4105 dixisti,
646 4038 785 4109 quia
814 4036 1094 4110 polluitur
1124 4045 1178 4093 et
1209 4036 1349 4108 quia
1380 4037 1718 4103 mundatur,
1750 4035 1859 4091 hoc

173 4129 374 4202 ipsum
414 4129 591 4201 quod
620 4127 790 4194 dicis,
825 4127 1155 4194 Mundatur,
1191 4126 1522 4199 expressisti
1569 4126 1708 4197 quia
1737 4124 1859 4196 pol-

180 4218 366 4275 luitur
395 4246 413 4287 ;
441 4224 506 4273 et
544 4234 660 4274 non
684 4217 866 4272 habes
891 4217 1042 4271 unde
1073 4217 1280 4271 evedas
1307 4232 1320 4271 :
1346 4220 1401 4269 et
1431 4214 1788 4269 Manicbaeus
1818 4217 1858 4282 ¹,

173 4312 223 4365 et
248 4315 308 4365 tu
346 4306 579 4364 dixisti
610 4306 750 4378 quia
780 4304 1065 4377 polluitur
1094 4322 1227 4376 pars
1256 4304 1381 4360 Dei.
1413 4304 1740 4358 Anatbema
1771 4320 1861 4359 er-

174 4414 239 4469 go
272 4396 724 4463 Manicbaaum,
758 4397 860 4450 aut
902 4392 1373 4449 anathemandus
1406 4409 1468 4448 es
1512 4409 1645 4447 cum
1678 4392 1863 4447 Mani-

176 4486 356 4544 chaeo.

237 4578 378 4632 PBL.
437 4574 651 4631 dixit:
712 4574 829 4645 Ego
879 4589 995 4627 non
1047 4588 1080 4626 a
1130 4568 1452 4625 Manichan
1500 4569 1676 4625 didici
1728 4569 1866 4640 quia

176 4666 410 4736 polluta
445 4670 553 4720 est
574 4679 710 4734 pars
740 4663 841 4718 Dei
863 4680 876 4729 ;
896 4662 993 4717 sed
1022 4677 1055 4715 a
1081 4658 1309 4715 Christo
1332 4658 1507 4713 didici
1531 4658 1669 4729 quia
1699 4674 1868 4730 pr0p-

170 4760 256 4811 ter
286 4756 589 4811 animam
621 4750 777 4806 venit
808 4767 934 4821 qua:
967 4748 1188 4821 polluta
1222 4754 1366 4803 erat.

232 4846 394 4899 AUG.
436 4841 609 4898 dixit
643 4842 725 4895 :A
756 4840 987 4896 Christo
1014 4855 1132 4893 non
1166 4836 1423 4892 didicisti
1478 4836 1617 4909 quia
1668 4836 1866 4892 anima

168 4949 305 5004 pars
342 4934 461 4989 Dei
502 4934 625 4986 est.

238 5021 381 5076 FEL.
424 5017 595 5074 dixit
628 5031 644 5071 :
677 5016 723 5070 A
753 5015 979 5072 Christo
1012 5013 1189 5070 didici
1222 5014 1361 5085 quia
1391 5013 1588 5069 anima
1627 5030 1695 5069 ex
1755 5014 1865 5069 Deo

170 5117 276 5167 est.

230 5202 395 5256 AUG.
437 5196 610 5252 dixit
644 5210 657 5249 :
690 5195 759 5249 Et
790 5209 897 5248 nos
928 5190 1239 5247 didicimus
1270 5190 1407 5263 quia
1436 5190 1630 5247 anima
1654 5207 1720 5247 ex
1752 5190 1868 5247 Deo

162 5290 391 5355 est,sed
423 5302 567 5342 non
594 5288 685 5339 est
708 5299 842 5355 pars
863 5280 983 5336 Dei.
1010 5280 1102 5335 Sic
1125 5286 1214 5336 est
1241 5280 1398 5336 enim
1426 5280 1621 5335 anima
1638 5298 1708 5336 ex
1732 5286 1866 5349 Deo,

163 5378 484 5447 quomodo
528 5374 761 5427 factura
786 5388 854 5427 ex
884 5369 1108 5425 artiﬁce
1135 5387 1148 5438 ;
1194 5386 1306 5424 non
1341 5369 1411 5423 de
1442 5374 1578 5437 Deo,
1612 5370 1766 5424 sicut
1795 5369 1869 5423 ﬁ-

166 5464 281 5524 lius
312 5468 398 5524 de
438 5466 654 5538 patre.

224 5697 243 5730 ι
279 5694 375 5744 Er.
413 5684 631 5750 Lugd.
649 5687 707 5750 et
717 5683 847 5750 Ve_n_.
868 5682 1009 5733 unde
1029 5681 1215 5733 evadat
1233 5680 1564 5750 ὶζᾳηὶσὶιειιε.
1586 5682 1732 5741 Lov.,
1753 5692 1870 5729 eva-

167 5756 296 5819 das;
332 5743 557 5813 abest;
587 5743 981 5798 “Manicheum
1267 5744 1337 5794 M.

1511 346 1743 408 LIBER
1786 344 2216 407 SECUNDUS.

3448 352 3568 413 550

1992 476 2120 531 FEL.
2155 476 2298 531 dixit
2330 494 2343 533 :
2371 481 2446 533 De
2477 477 2795 549 pollutione
2826 479 3056 551 agimus
3093 498 3105 537 :
3149 482 3195 536 si
3230 481 3450 553 polluta
3479 488 3569 539 est

1915 566 2112 619 anima
2143 582 2268 636 quae
2301 582 2367 620 ex
2398 565 2511 620 Deo
2545 571 2653 635 est,
2678 572 2731 621 et
2761 572 2951 638 potest
2983 570 3215 641 purgari
3253 588 3286 623 a
3315 570 3564 633 Christo,

1918 655 2018 725 qui
2051 671 2153 726 pro
2186 654 2287 708 illa
2306 654 2496 721 venit;
2531 660 2587 709 et
2608 655 2705 710 illa
2730 674 2863 727 pars
2885 657 2983 712 Dei
3006 675 3182 728 quam
3214 660 3566 716 Manichacus

1919 742 2078 813 dicit,
2096 742 2278 814 pollui
2307 747 2497 815 potest
2518 748 2573 799 et
2592 746 2860 800 mundari
2885 763 2986 817 per
3016 750 3358 803 mandatum
3380 749 3569 821 ipsius

1924 832 2041 886 Dei.

1997 927 2138 976 Avo.
2159 920 2300 975 dixit
2326 922 2496 978 :Ecce
2519 921 2731 977 iterum
2756 923 2901 979 dicis
2924 928 3142 995 partem
3159 926 3257 981 Dei
3285 928 3569 998 pollutam

1925 1010 2253 1082 purgari,et
2282 1010 2456 1081 paulo
2488 1016 2620 1065 ante
2652 1012 2879 1068 dixeras
2912 1013 3411 1072 anathemandum
3443 1034 3572 1074 esse

1926 1100 2027 1171 qui
2058 1098 2219 1154 illam
2250 1100 2392 1155 dicit
2418 1100 2853 1172 corruptibilem
2880 1119 2893 1158 :
2923 1103 3091 1157 modo
3122 1104 3267 1159 dicis
3290 1106 3429 1176 quia
3448 1106 3573 1178 pol-

1926 1188 2007 1243 lui
2043 1188 2232 1260 potuit
2260 1191 2351 1255 ;et
2378 1189 2524 1244 dicis
2558 1189 2696 1260 quia
2719 1191 2989 1245 mundari
3021 1196 3229 1262 potest,
3266 1201 3329 1248 ut
3358 1196 3573 1251 conﬁr-

1926 1293 2052 1332 mes
2084 1277 2222 1348 quia
2269 1276 2450 1349 pollui
2495 1279 2699 1349 potuit.
2738 1279 2852 1334 Hoc
2893 1296 2997 1335 nos
3032 1281 3101 1335 de
3135 1286 3296 1353 parte
3326 1284 3421 1339 Dei
3458 1302 3574 1341 non

1928 1367 2228 1422 dicimus:
2264 1368 2362 1422 sed
2413 1368 2484 1421 de
2529 1368 2725 1422 anima
2774 1368 3063 1435 dicimus;
3111 1371 3249 1440 quia
3294 1376 3575 1443 tanquam

1930 1473 2077 1528 opus
2106 1456 2235 1526 ejus
2270 1472 2337 1511 ex
2366 1456 2492 1527 ipso
2523 1462 2751 1526 est,non
2784 1462 3064 1529 tanquam
3106 1459 3294 1529 proles
3328 1462 3398 1516 de
3427 1462 3576 1533 ipso.

1934 1546 2074 1601 Redi
2106 1561 2241 1617 ergo
2274 1546 2343 1599 ad
2377 1545 2434 1599 id
2469 1546 2622 1617 quod
2656 1546 2821 1608 dicis.
2847 1557 2903 1602 et
2938 1547 3202 1603 discerne
3233 1551 3385 1620 quod
3435 1552 3583 1607 dici-

1935 1652 2088 1689 mus.
2114 1634 2313 1688 Anima
2349 1651 2453 1689 nec
2487 1640 2635 1690 Deus
2661 1641 2767 1702 est,
2804 1653 2907 1690 nec
2940 1654 3074 1707 pars
3108 1638 3228 1706 Dei,
3265 1640 3350 1693 Tu
3384 1648 3580 1696 autem

1936 1723 2320 1779 Manicbzeum
2354 1723 2500 1778 dicis
2532 1724 2746 1779 dixisse
2780 1724 2957 1795 pollui
2991 1731 3215 1796 partem
3250 1728 3366 1795 Dei,
3406 1746 3584 1800 quam

1937 1813 2080 1868 dicit
2111 1812 2373 1885 purgari,
2408 1818 2470 1866 ut
2517 1813 2820 1869 conﬁrmet
2866 1815 3004 1886 quia
3050 1815 3349 1886 polluitur.
3385 1818 3587 1874 Restat

1938 1918 2075 1974 ergo
2108 1905 2173 1956 ut
2203 1918 2337 1957 eum
2370 1901 2732 1969 anathemes,
2775 1908 2875 1959 aut
2916 1903 3028 1960 ista
3056 1906 3313 1963 sentiens
3346 1906 3592 1963 anathe-

1941 2008 2140 2047 meris.

2010 2078 2241 2135 CAPUT
2271 2079 2414 2134 XXI.
2448 2110 2515 2121 ——-
2556 2080 2684 2135 FEL.
2718 2080 2864 2136 dixit
2895 2099 2907 2136 :
2953 2082 3271 2140 Pertineret
3299 2087 3370 2141 ad
3406 2087 3585 2142 Deum

1940 2170 2138 2226 anima
2168 2186 2292 2240 quae
2325 2185 2426 2240 per
2459 2174 2759 2241 peccatum
2792 2171 3169 2243 coinquinata
3196 2179 3304 2244 est,
3331 2192 3401 2230 an
3427 2192 3541 2231 non
3560 2177 3589 2232 ?

2010 2262 2157 2314 Ave.
2195 2259 2338 2313 dixit
2372 2275 2384 2314 :
2416 2259 2693 2326 Pertinet,
2727 2261 2825 2315 sed
2859 2278 2972 2316 non
3005 2266 3092 2317 est
3121 2279 3256 2334 pars
3286 2265 3432 2336 ejus.

2015 2349 2141 2404 FEL.
2177 2348 2324 2402 dixit
2360 2366 2372 2403 :
2408 2347 2531 2401 Non
2564 2346 2673 2403 hoc
2698 2348 3070 2421 interrogavi.

2012 2441 2158 2494 AUG.
2193 2436 2375 2491 dixit:
2410 2437 2479 2491 Et
2512 2437 2651 2507 quid
2687 2437 3057 2511 interrogasti
3088 2443 3116 2494 ⁸1

2016 2528 2141 2583 FEL.
2181 2525 2325 2581 dixit
2357 2544 2368 2581 :
2408 2525 2659 2581 Pertinet
2690 2527 2761 2581 ad
2794 2527 2999 2598 Deum,
3033 2546 3105 2584 an
3139 2546 3252 2584 non
3285 2531 3535 2602 pertinet
3563 2530 3591 2586 ?

2015 2619 2166 2671 AUG.
2201 2615 2345 2669 dixit
2379 2632 2389 2669 :
2421 2615 2553 2670 Jam
2586 2615 2727 2684 dixi,
2773 2620 2830 2670 et
2863 2617 3000 2688 quia
3048 2619 3319 2690 pertinet,
3361 2625 3417 2675 et
3446 2637 3589 2691 quo-

1948 2706 2118 2761 modo
2152 2704 2417 2774 pertinet.

2022 2795 2145 2848 PBL.
2181 2793 2299 2847 dixi
2336 2811 2348 2848 :
2384 2792 2498 2863 Ego
2532 2809 2726 2863 quaero
2761 2798 2955 2849 utrum
2992 2812 3119 2849 vere
3150 2799 3237 2851 est
3268 2812 3335 2851 ex
3365 2797 3502 2852 Deo.

2015 2885 2160 2937 Auc.
2195 2882 2342 2936 dixit
2378 2900 2390 2937 :
2427 2882 2506 2935 Ex
2535 2882 2673 2950 Deo,
2708 2899 2821 2937 non
2854 2885 2925 2938 de
2956 2883 3091 2938 Deo.

2020 2972 2149 3026 Fac.
2185 2970 2331 3024 dixit
2363 2987 2375 3024 :
2410 2970 2471 3025 Si
2518 2969 2662 3026 nihil
2697 2976 2999 3042 peccatum
3030 2976 3137 3042 est,
3170 2980 3227 3028 et
3273 2973 3470 3029 anima
3528 2990 3598 3031 ex

1948 3061 2064 3117 Deo
2082 3065 2251 3130 est,et
2275 3059 2497 3130 polluta
2513 3064 2621 3126 est,
2638 3066 2693 3115 et
2718 3061 2878 3115 venit
2894 3061 3159 3117 Christus
3178 3063 3425 3119 liberare
3446 3080 3598 3131 eam,

1948 3154 2005 3205 et
2034 3167 2159 3205 eam
2195 3148 2461 3204 liberavit
2491 3165 2523 3203 a
2565 3153 2823 3220 peccato,
2882 3151 3018 3220 quid
3072 3150 3381 3223 culpamus
3413 3153 3602 3208 Mani-

1950 3240 2197 3309 chaeum,
2223 3238 2321 3309 qui
2356 3236 2498 3292 dicit
2527 3242 2753 3309 partem
2786 3238 2887 3293 Dei
2919 3238 3200 3310 pollutam
3228 3256 3378 3308 esse,
3401 3245 3457 3297 et
3487 3241 3601 3295 ite-

1949 3346 2080 3384 rum
2116 3326 2386 3382 mundari
2416 3326 2444 3381 ?

2020 3420 2147 3473 Ana
2176 3416 2365 3471 dixit:
2401 3414 2547 3481 Quia
2592 3414 2709 3485 iam
2760 3417 3063 3472 confessus
3106 3434 3167 3473 es
3211 3416 3596 3474 Manichaeum

1952 3506 2168 3562 dixisse
2200 3510 2421 3577 partem
2455 3504 2552 3559 Dei
2586 3520 2713 3559 esse
2742 3505 3120 3574 pollutam,et
3149 3507 3295 3561 dicis
3326 3523 3439 3560 non
3473 3522 3602 3562 esse

1954 3600 2254 3667 peccatum
2289 3592 2464 3649 talem
2506 3592 2928 3661 blasphemiam
2954 3594 3012 3648 in
3038 3594 3219 3649 Deum
3254 3594 3551 3649 eﬁ‘undere
3588 3610 3603 3650 :

1957 3701 2064 3740 nos
2095 3688 2286 3738 autem
2320 3682 2575 3737 dicimus
2625 3682 2863 3752 quidem
2898 3698 3172 3753 peccasse
3215 3681 3475 3737 animam
3504 3698 3607 3753 per

1955 3772 2204 3827 liberum
2237 3771 2566 3838 arbitrium,
2586 3776 2643 3824 et
2675 3770 3002 3841 paenitendo
3034 3770 3269 3843 purgari
3300 3788 3404 3842 per
3430 3770 3605 3827 mise-

1957 3861 2267 3917 ricordiam
2298 3859 2584 3914 Creatoris
2616 3859 2740 3927 sui;
2774 3860 2914 3930 quia
2953 3877 3069 3915 non
3109 3864 3197 3916 est
3233 3876 3302 3916 ex
3326 3865 3438 3917 Deo
3470 3865 3605 3916 tan-

1957 3955 2238 4020 tanquam
2263 3965 2397 4020 pars
2419 3948 2667 4019 ejus,vel
2690 3952 2970 4019 tanquam
2995 3948 3184 4020 proles
3206 3949 3333 4020 ejus
3358 3967 3371 4018 ;
3414 3950 3513 4005 sed
3538 3965 3607 4005 ex

1960 4040 2076 4095 Deo
2107 4037 2193 4094 vel
2219 4043 2377 4093 aDeo
2412 4037 2561 4092 facta
2591 4042 2986 4108 est,tanquam
3020 4054 3167 4110 opus
3198 4039 3324 4109 ejus
3352 4055 3365 4093 :
3390 4038 3489 4110 qui
3514 4037 3604 4093 in-

1962 4128 2128 4184 tersit
2151 4127 2299 4181 inter
2314 4132 2577 4182 nostram
2604 4127 2774 4181 fidem
2800 4132 2855 4181 et
2877 4132 3127 4182 vestram
3153 4127 3607 4199 perﬁdiam,om-

1964 4216 2136 4271 nibus
2165 4216 2543 4270 manifestum
2576 4221 2681 4269 est.
2720 4214 2919 4287 Itaque
2951 4216 3275 4270 secundum
3303 4215 3477 4270 verba
3502 4220 3608 4271 tua

1964 4306 2288 4376 superiora,
2313 4304 2450 4375 quia
2473 4303 2808 4359 concessisti
2833 4304 3328 4359 anathemandum
3353 4319 3485 4358 eum
3510 4303 3615 4375 qui

1965 4394 2106 4450 dicit
2135 4392 2571 4465 corruptibilem
2594 4398 2861 4447 naturam
2891 4392 3174 4464 Dei,quod
3202 4397 3258 4446 et
3279 4392 3468 4447 dicere
3490 4408 3616 4448 ma-

1964 4485 2241 4538 nifestum
2275 4485 2382 4546 est,
2416 4480 2553 4553 quia
2583 4480 2819 4535 noluisti
2844 4484 2908 4535 ut
2937 4486 3092 4536 esset
3121 4498 3155 4536 a
3184 4485 3239 4536 te
3270 4480 3614 4537 anathema-

1964 4576 2082 4637 tus,
2116 4570 2230 4625 eris
2261 4586 2396 4625 cum
2430 4568 2529 4623 illo
2560 4568 2992 4623 anathematus.

2036 4658 2264 4715 CAPUT
2294 4658 2460 4713 XXII.
2506 4688 2561 4697 —-
2590 4661 2728 4712 Post
2752 4657 2872 4712 bzec
2899 4673 3033 4713 cum
3063 4658 3267 4714 multis
3296 4658 3488 4716 verbis
3519 4658 3617 4714 in-

1965 4754 2055 4806 ter
2083 4765 2144 4805 se
2175 4752 2413 4819 agerent
2448 4764 2460 4801 :

2038 4840 2165 4894 FEL.
2197 4837 2345 4893 dixit
2378 4854 2390 4892 ε
2422 4836 2525 4890 Dic
2548 4836 2673 4906 jam
2704 4839 2793 4902 tu,
2825 4836 2966 4907 quid
2996 4835 3083 4891 vis
3114 4837 3323 4892 faciam
3353 4836 3381 4891 ?

2036 4930 2182 4983 Anc.
2212 4925 2392 4981 dixit:
2418 4924 2491 4980 Ut
2508 4924 2847 4981 anathemes
2870 4924 3455 4995 Manichaeum,cujus
3482 4925 3623 4980 sunt

1967 5022 2139 5074 tanta:
2165 5017 2289 5070 istae
2324 5014 2726 5085 blasphemia.
2751 5014 2861 5069 Sed
2896 5013 2943 5068 si
2967 5030 3034 5069 ex
3065 5015 3261 5070 animo
3287 5013 3447 5079 facis,
3481 5016 3620 5068 tunc

1968 5108 2091 5175 fac;
2123 5122 2291 5161 nemo
2323 5103 2479 5159 enim
2505 5108 2560 5160 te
2592 5103 2748 5176 cogit
2781 5103 3046 5158 invitum.

2045 5197 2166 5250 FEL.
2188 5194 2333 5248 dixit
2358 5209 2369 5249 :
2395 5193 2549 5248 Deus
2568 5192 2724 5248 videt
2740 5193 2787 5248 si
2812 5209 2879 5247 ex
2900 5193 3094 5247 animo
3119 5190 3295 5257 facio;
3321 5206 3434 5245 non
3458 5189 3615 5245 enim

1970 5284 2144 5339 homo
2176 5286 2365 5355 potest
2393 5282 2621 5338 videre:
2648 5282 2749 5336 sed
2772 5281 2880 5337 hoc
2912 5285 3064 5351 peto,
3087 5284 3149 5334 ut
3169 5278 3475 5335 conﬁrmes
3498 5295 3612 5335 me.

2039 5374 2186 5427 AUG.
2219 5371 2365 5427 dixit
2399 5389 2411 5426 :
2450 5372 2509 5425 In
2543 5387 2658 5442 quo
2689 5371 2772 5425 vis
2804 5373 2867 5423 ut
2890 5373 2944 5423 te
2975 5368 3291 5422 conﬁrnem
3322 5366 3349 5421 ‘I

2042 5461 2171 5517 FEL.
2206 5460 2350 5517 dixit
2382 5475 2396 5514 :
2430 5460 2594 5515 Prior
2623 5464 2684 5513 tu
2717 5456 3048 5521 anathema,
3097 5460 3162 5511 ut
3192 5460 3248 5510 et
3279 5470 3385 5528 ego
3416 5459 3620 5527 postea

1971 5550 2363 5607 anathemem.

2038 5641 2203 5711 AUG.\
2232 5637 2375 5694 dixit
2406 5654 2419 5691 :
2454 5637 2597 5692 Ecce
2634 5633 2809 5689 etiam
2854 5648 3037 5689 manu
3067 5649 3199 5691 mea
3228 5633 3456 5703 scribo;
3489 5631 3620 5689 volo

1970 5728 2128 5787 enim
2162 5731 2228 5785 ut
2254 5731 2311 5783 et
2340 5730 2405 5783 tu
2434 5740 2613 5782 manu
2644 5727 2746 5780 tua
2775 5720 3031 5781 scribas.
