4056 6178
207 338 302 398 553
1637 333 1837 395 LIBEI

1962 335 2152 396 lNllS.

204 484 351 542 posse
406 467 670 538 perduci.
705 468 985 524 Fateatur
1031 467 1186 523 enim
1238 483 1410 524 omne
1454 467 1673 524 bonum
1726 484 1842 523 non

205 574 308 616 esse
338 573 533 630 posse,
561 556 676 612 nisi
711 575 744 613 a
792 574 1028 614 summo
1061 563 1117 614 et
1147 574 1280 613 vero
1333 559 1442 614 Deo
1478 558 1632 629 quod
1664 562 1720 613 et
1754 574 1842 612 ve.

205 663 314 704 rum
343 651 457 714 est,
491 651 546 702 et
579 647 647 701 ad
683 663 779 702 eos
813 648 1212 720 corrigendos,
1236 648 1285 703 si
1315 647 1495 703 velint
1523 648 1839 713 advertere,

205 735 421 792 sufﬁcit.

262 825 482 881 CAPUT
515 825 610 880 Ill.
661 857 728 866 —
777 825 984 892 Modus,
1021 827 1227 897 species
1273 828 1325 880 et
1370 825 1511 880 ordo
1557 823 1841 894 generalia

203 916 324 970 bona
353 916 413 969 in
446 914 610 969 rebus
639 932 676 968 a
707 919 819 970 Deo
839 914 1027 988 factis.
1052 915 1166 970 Nos
1191 915 1348 970 enim
1382 912 1648 969 catholici
1671 911 1831 966 Chri-

204 1003 354 1060 stiani
390 1003 578 1058 Deum
613 1002 883 1070 colimus,
918 1021 952 1059 a
983 1021 1096 1076 quo
1128 1003 1326 1059 omnia
1354 1004 1506 1059 bona
1537 1006 1694 1073 sunt,
1727 1017 1829 1056 seu

204 1108 395 1164 magna
419 1108 522 1148 seu
551 1109 728 1164 parva
753 1117 768 1162 ;
800 1109 834 1148 a
864 1109 979 1164 quo
1010 1097 1099 1149 est
1131 1093 1325 1148 omnis
1349 1092 1696 1160 modus,seu
1718 1108 1833 1147 ma-

201 1199 328 1255 gnus
360 1199 467 1238 seu
504 1199 716 1254 parvus
741 1207 756 1250 ;
780 1199 814 1238 a
843 1198 958 1254 quo
989 1182 1182 1238 omnis
1208 1182 1452 1254 species,
1484 1198 1587 1238 seu
1621 1197 1835 1253 magna

198 1288 282 1328 seu
297 1287 500 1342 parva;
528 1289 560 1326 a
580 1287 694 1344 quo
712 1272 904 1327 omnis
920 1272 1192 1340 ordo,seu
1215 1287 1466 1344 magnus
1480 1287 1579 1327 seu
1594 1287 1830 1343 parvus.

200 1359 384 1415 Omnia
418 1360 577 1414 enim
611 1364 830 1432 quanto
863 1360 1052 1432 magis
1085 1361 1403 1430 moderata,
1437 1361 1724 1432 speciosa,
1746 1375 1834 1414 or-

197 1449 372 1503 dinata
403 1454 570 1516 sunt,
591 1454 754 1504 tanto
785 1450 971 1520 magis
1004 1449 1205 1521 utique
1228 1451 1381 1506 bona
1412 1455 1552 1506 sunt
1578 1468 1590 1507 :
1616 1453 1833 1522 quanto

198 1543 368 1594 autem
402 1537 603 1593 minus
631 1539 951 1607 moderata,
977 1539 1174 1595 minus
1205 1539 1489 1611 speciosa,
1523 1542 1720 1594 minus
1742 1555 1834 1593 or-

196 1629 372 1684 dinata
408 1633 572 1695 sunt,
606 1629 802 1683 minus
819 1629 974 1683 bona
1005 1633 1164 1683 sunt.
1192 1629 1321 1684 Haac
1344 1629 1540 1700 itaque
1563 1629 1834 1696 tria,mo-

197 1718 308 1784 dus,
339 1718 572 1789 species
601 1722 656 1773 et
676 1717 836 1786 ordo,
855 1721 917 1772 ut
939 1719 1009 1774 de
1035 1716 1567 1774 innumerabilibus
1586 1722 1832 1788 taceam,

197 1825 303 1879 qua
331 1808 402 1862 ad
440 1808 558 1863 ista
590 1806 702 1862 tria
732 1807 1020 1878 pertinere
1071 1812 1476 1864 monstrantur
1503 1825 1515 1876 ;
1548 1807 1670 1862 haec
1698 1822 1833 1879 ergo

196 1897 308 1966 tria,
337 1897 576 1967 modus,
606 1895 848 1968 species,
869 1897 1032 1964 ordo,
1052 1900 1336 1968 tanquam
1366 1896 1658 1969 generalia
1682 1897 1836 1952 bona

201 1990 329 2040 sunt
365 1985 425 2040 in
456 1986 633 2041 rebus
665 2002 697 2040 a
726 1985 842 2041 Deo
889 1985 1078 2053 factis,
1114 1986 1233 2040 sive
1265 1985 1324 2040 in
1359 1985 1592 2057 spiritu,
1627 1983 1744 2040 sive
1773 1983 1833 2040 in

193 2090 432 2146 corpore.
453 2074 609 2130 Deus
626 2073 821 2146 itaque
840 2091 1018 2145 supra
1036 2090 1268 2129 omnem
1289 2080 1565 2130 creaturae
1593 2074 1835 2129 modum

194 2171 476 2234 est,supra
506 2179 740 2219 omnem
765 2163 1044 2234 speciem,
1064 2180 1242 2234 supra
1265 2180 1499 2219 omnem
1521 2163 1785 2218 ordinem
1819 2177 1832 2216 :

192 2267 282 2308 nec
310 2252 526 2324 spatiis
554 2252 814 2308 locorum
839 2269 1018 2324 supra
1047 2256 1154 2322 est,
1179 2253 1280 2307 sed
1313 2252 1593 2308 inell‘abili
1625 2257 1682 2308 et
1711 2253 1837 2307 sin-

191 2341 359 2414 gulari
379 2342 671 2414 potentia,
692 2358 725 2396 a
757 2358 872 2413 quo
895 2341 1089 2397 omnis
1117 2343 1352 2409 modus,
1373 2342 1566 2397 omnis
1593 2341 1836 2413 species,

185 2431 358 2488 omnis
393 2432 567 2487 ordo.
601 2431 730 2486 Haec
750 2431 863 2486 tria
891 2430 988 2485 ubi
1022 2446 1236 2503 magna
1266 2435 1424 2500 sunt,
1453 2447 1666 2503 magna
1686 2431 1840 2485 bona

185 2526 308 2576 sunt
341 2539 356 2577 :
395 2521 504 2576 ubi
538 2537 716 2592 parva
746 2524 901 2590 sunt,
938 2537 1112 2592 parva
1142 2521 1294 2576 bona
1325 2524 1464 2575 sunt
1498 2537 1510 2575 :
1548 2519 1645 2575 ubi
1678 2518 1840 2574 nulla

181 2615 324 2679 sunt,
359 2609 604 2666 nullum
661 2610 872 2664 bonum
911 2615 1018 2665 est.
1070 2611 1139 2664 Et
1171 2626 1375 2664 rursus
1430 2609 1525 2664 ubi
1576 2609 1698 2664 haec
1728 2607 1839 2664 tria

183 2716 384 2771 magna
414 2705 586 2763 sunt,
618 2716 841 2771 magna:
875 2704 1096 2754 naturae
1120 2703 1258 2753 sunt
1292 2715 1303 2752 :
1341 2697 1438 2754 ubi
1471 2715 1646 2770 parva
1678 2701 1836 2770 sunt,

180 2805 357 2861 parvae
402 2792 635 2844 natura:
685 2793 822 2843 sunt
856 2806 867 2843 :
905 2788 1002 2843 ubi
1037 2787 1197 2843 nulla
1228 2792 1388 2856 sunt,
1422 2787 1582 2843 nulla
1628 2791 1840 2843 natura

179 2883 272 2933 est.
306 2878 528 2935 Omnis
560 2894 696 2949 ergo
728 2881 939 2932 natura
970 2878 1122 2932 bona
1152 2882 1260 2933 est.

238 2985 486 3043 CAPUT
523 2984 616 3042 IV.
647 3015 716 3025 -—
756 2984 953 3039 Malum
983 2989 1059 3040 est
1109 2986 1387 3055 corruptio
1433 2985 1610 3050 modi,
1643 2985 1843 3055 speciei

175 3083 258 3129 aut
285 3074 537 3130 ordinis.
575 3073 820 3128 Proinde
843 3089 975 3128 cum
1006 3074 1288 3144 quaeritur
1308 3073 1462 3129 unde
1494 3075 1571 3128 sit
1593 3073 1836 3142 malum,

171 3162 327 3234 prius
361 3163 760 3235 quaerendum
798 3166 888 3217 est
918 3162 1058 3232 quid
1093 3163 1170 3216 sit
1199 3161 1422 3217 malum
1457 3179 1469 3217 :
1504 3163 1658 3234 quod
1691 3163 1837 3218 nihil

173 3253 320 3308 aliud
357 3257 461 3308 est
493 3268 676 3323 quam
707 3251 1022 3321 corruptio,
1045 3251 1132 3305 vel
1165 3251 1345 3320 modi,
1371 3251 1458 3307 vel
1485 3251 1718 3324 speciei,
1751 3251 1838 3308 vel

173 3342 395 3396 ordinis
431 3339 748 3396 naturalis.
785 3340 935 3395 Mala
974 3340 1170 3411 itaque
1203 3346 1414 3396 natura
1443 3341 1676 3411 dicitur,
1712 3359 1838 3412 quae

168 3435 453 3504 corrupta
487 3436 580 3485 est
612 3446 624 3485 :
661 3446 796 3486 nam
824 3429 1163 3500 incorrupta
1187 3430 1386 3501 utique
1418 3432 1570 3487 bona
1599 3435 1706 3487 est.
1727 3431 1837 3487 Sed

168 3522 337 3576 etiam
371 3521 525 3592 ipsa
556 3523 853 3589 corrupta,
889 3519 946 3573 in
978 3523 1265 3590 quantum
1308 3524 1518 3575 natura
1547 3526 1655 3587 est,
1686 3521 1840 3576 bona

164 3617 276 3678 est;
311 3611 377 3666 in
419 3613 723 3681 quantum
752 3613 1026 3680 corrupta
1055 3614 1162 3675 est,
1198 3609 1352 3664 mala
1381 3614 1490 3665 est.

225 3717 483 3774 CAPUT
521 3716 589 3770 V.
622 3747 689 3756 —
720 3718 936 3770 Natura
983 3717 1388 3771 eacellentioris
1424 3716 1645 3772 ordinis
1672 3718 1840 3771 etiam

161 3816 428 3878 corrupta
467 3805 669 3860 melior
697 3805 973 3860 interdum
1002 3805 1271 3877 inferiore
1297 3808 1465 3860 etiam
1495 3807 1835 3876 incorrupta.

166 3896 304 3951 Fieri
339 3901 566 3952 autem
591 3899 794 3964 potest,
816 3899 878 3948 ut
907 3894 1174 3964 quaedam
1210 3899 1415 3948 natura
1438 3911 1563 3965 quae
1593 3896 1763 3950 modo
1786 3899 1842 3950 et

162 3988 351 4058 specie
389 3983 670 4040 naturali
692 3982 1066 4038 excellentius
1083 3984 1350 4038 ordinata
1382 3990 1490 4048 est,
1513 3984 1690 4038 etiam
1715 4000 1839 4039 cor-

164 4081 333 4148 rupta
370 4073 609 4130 melior
640 4072 717 4126 sit
746 4072 936 4126 adhuc
957 4089 1132 4142 quam
1161 4077 1251 4128 est
1281 4073 1620 4144 incorrupta
1641 4073 1841 4140 altera,

161 4182 280 4236 quas
301 4164 568 4220 minore
591 4161 760 4216 modo
775 4165 830 4215 et
846 4161 1035 4232 specie
1053 4160 1303 4216 naturali
1317 4161 1559 4216 inferius
1577 4162 1848 4217 ordinata

161 4261 238 4309 est
265 4272 280 4308 :
319 4255 514 4311 sicut
533 4251 590 4306 in
611 4249 916 4305 hominum
935 4251 1336 4320 aestimatione,
1364 4251 1683 4306 secundum
1704 4268 1845 4322 qua-

159 4343 398 4400 litatem
439 4357 586 4412 quas
636 4339 967 4410 aspectibus
1001 4340 1245 4409 adjacet,
1278 4340 1489 4395 melius
1538 4347 1625 4396 est
1654 4341 1850 4411 utique

161 4441 536 4504 corruptum
561 4446 793 4498 aurum,
810 4445 987 4499 quam
1010 4428 1411 4501 incorruptum
1430 4435 1736 4501 argentum
1761 4447 1773 4497 ;
1798 4432 1855 4484 et

163 4521 381 4579 melius
410 4524 525 4577 est
545 4523 884 4589 corruptum
904 4521 1418 4590 argentum,quam
1443 4518 1753 4590 plumbum
1772 4519 1856 4572 in-

3477 341 3597 402 554

1955 483 2188 523 omnem
2221 469 2483 526 ordinem
2505 472 2678 527 rebus
2709 471 3189 544 corruptibilibus
3208 472 3448 544 auferat,
3469 472 3601 528 nul-

1950 554 2007 610 la
2039 561 2248 612 natura
2272 559 2613 615 remanebit.
2650 567 2726 615 Ac
2751 578 2852 632 per
2882 561 2990 616 hoc
3021 561 3212 616 omnis
3244 565 3453 616 natura
3475 578 3602 632 quas

1953 647 2247 718 corrumpi
2299 665 2411 702 non
2468 653 2678 719 potest,
2712 666 3014 704 summum
3049 650 3268 704 bonum
3311 655 3419 719 est,
3455 651 3604 704 sicut

1956 735 2104 789 Deus
2143 744 2251 790 est.
2287 736 2489 791 Omnis
2535 742 2727 792 autem
2763 743 2970 792 natura
3013 753 3137 807 quas
3172 738 3463 808 corrumpi
3501 753 3602 808 po-

1951 827 2085 890 test,
2121 825 2291 879 eliam
2324 825 2452 897 ipsa
2474 825 2709 897 aliquod
2742 827 2960 882 bonum
2993 832 3250 882 estznon
3280 827 3435 881 enim
3466 842 3601 898 pos-

1947 915 2035 968 set
2060 913 2109 968 ei
2143 929 2349 970 nocere
2372 915 2692 987 corruptio,
2719 916 2831 971 nisi
2862 916 3172 972 adimendo
3194 919 3250 972 et
3279 915 3598 972 minuendo

1945 1003 2099 1073 quod
2133 1002 2352 1059 bonum
2385 1009 2491 1060 est.

2016 1091 2248 1149 CAPUT
2277 1093 2395 1149 VII.
2430 1125 2496 1135 -—
2548 1093 2924 1150 Rationalium
2969 1095 3268 1165 spirituum
3316 1094 3599 1165 corruptio

1947 1180 2061 1237 alia
2090 1182 2424 1254 voluntaria,
2457 1184 2578 1239 alia
2623 1184 2874 1255 poenalis.
2907 1183 3198 1239 Creaturis
3228 1187 3422 1238 autem
3455 1199 3598 1254 prae-

1947 1271 2344 1342 stantissimis,
2395 1272 2502 1329 hoc
2535 1276 2656 1344 'est,
2691 1271 3072 1328 rationalibus
3116 1271 3440 1342 spiritibus,
3491 1272 3601 1329 hoc

1947 1361 2220 1432 praestitit
2251 1367 2423 1430 Deus,
2459 1367 2522 1417 ut
2553 1363 2600 1417 si
2633 1362 2840 1429 nolint,
2868 1360 3160 1432 corrumpi
3188 1378 3303 1416 non
3337 1362 3599 1433 possint;

1947 1449 2003 1504 id
2032 1453 2141 1517 est,
2177 1450 2224 1505 si
2269 1451 2662 1506 obedientiam
2714 1450 3183 1506 conservaverint
3213 1451 3322 1505 sub
3355 1450 3601 1508 Domino

1947 1539 2062 1594 Deo
2108 1557 2235 1607 suo,
2269 1556 2335 1595 ac
2383 1541 2469 1596 sic
2515 1540 2950 1612 incorruptibili
2998 1539 3424 1612 pulchritudini
3472 1541 3601 1611 ejus

1948 1628 2378 1687 adhaeserintzsi
2405 1635 2602 1685 autem
2626 1629 3012 1685 obedientiam
3035 1645 3376 1684 conservare
3405 1628 3602 1684 nolue-

1947 1717 2082 1786 rint,
2118 1718 2395 1789 quoniam
2441 1719 2697 1774 volentes
2745 1723 3203 1790 corrumpuntur
3231 1717 3290 1772 in
3323 1717 3597 1790 peccatis,

1947 1807 2210 1864 nolentes
2233 1809 2759 1882 corrumpanturin
2775 1808 3120 1881 pmnis.Tale
3139 1808 3354 1879 quippe
3379 1809 3598 1864 bonum

1947 1902 2035 1953 est
2064 1897 2239 1965 Deus,
2271 1903 2333 1952 ut
2365 1898 2582 1954 nemini
2626 1914 2760 1953 eum
2794 1899 3084 1953 deserenti
3115 1897 3260 1952 bene
3293 1896 3371 1951 sit
3405 1914 3417 1952 :
3451 1901 3507 1952 et
3537 1897 3598 1952 in

1948 1987 2123 2043 rebus
2155 2004 2188 2042 a
2221 1992 2330 2044 Deo
2365 1988 2530 2043 factis
2561 1991 2680 2043 tam
2714 2003 2994 2059 magnum
3029 1987 3246 2041 bonum
3271 1990 3359 2040 est
3390 1990 3600 2042 natura

1949 2076 2273 2145 rationalis,
2308 2081 2372 2132 ut
2401 2076 2626 2132 nullum
2660 2075 2737 2131 sit
2790 2077 3007 2131 bonum
3041 2091 3155 2146 quo
3187 2075 3354 2129 beata
3383 2075 3458 2129 sit
3488 2073 3600 2130 nisi

1947 2165 2122 2221 Deus.
2138 2166 2446 2221 Peccantes
2469 2166 2648 2238 igitur
2669 2165 2727 2220 in
2752 2163 3060 2237 suppliciis
3083 2162 3600 2235 ordinanturzquaa

1953 2254 2243 2310 ordinatio
2275 2255 2412 2325 quia
2462 2271 2664 2310 eorum
2716 2260 2934 2310 natura:
2980 2270 3095 2308 non
3146 2253 3441 2323 competit,
3474 2253 3603 2309 ideo

1952 2360 2120 2415 poena
2141 2349 2259 2410 est;
2282 2344 2381 2399 sed
2407 2344 2546 2414 quia
2566 2343 2753 2415 culpae
2777 2342 3075 2415 competit,
3101 2343 3228 2398 ideo
3245 2342 3477 2413 justitia
3493 2345 3601 2399 est.

2021 2449 2251 2506 CAPUT
2286 2450 2425 2505 Vlll.
2458 2481 2526 2490 —-
2553 2451 2639 2505 Ea:
2679 2466 2863 2505 rerum
2905 2451 3236 2520 inferiorum
3260 2449 3608 2520 corruptione

1949 2541 2260 2611 ac;interitu
2275 2538 2632 2610 pulchritudo
2646 2540 2910 2594 universi.
2931 2543 3146 2593 Cretera
3162 2555 3295 2593 vero
3317 2554 3444 2609 quae
3467 2539 3605 2591 sunt

1951 2628 2102 2682 facta
2126 2629 2196 2682 de
2227 2626 2430 2697 nihilo,
2450 2644 2578 2698 quae
2605 2627 2806 2699 utique
2835 2627 3111 2682 inferiora
3133 2632 3270 2682 sunt
3291 2643 3467 2698 quam
3487 2624 3604 2696 spi-

1949 2717 2102 2772 ritus
2134 2716 2456 2786 rationalis,
2476 2733 2579 2770 nec
2599 2717 2766 2771 beata
2799 2723 3047 2788 possunt
3069 2733 3217 2782 esse,
3242 2732 3345 2770 nec
3366 2714 3600 2770 misera.

1951 2806 2061 2863 Sed
2095 2807 2233 2878 quia
2262 2821 2364 2877 pro
2405 2805 2576 2861 modo
2608 2810 2662 2860 et
2712 2805 2902 2875 specie
2931 2822 3038 2860 sua
3083 2804 3256 2860 etiam
3289 2805 3416 2874 ipsa
3449 2803 3603 2858 bona

1951 2899 2110 2962 sunt,
2134 2911 2239 2950 nec
2260 2911 2389 2949 esse
2411 2893 2677 2966 quamvis
2699 2893 2926 2948 minora
2947 2898 3004 2948 et
3027 2893 3272 2948 minima
3299 2892 3468 2957 bona,
3485 2889 3602 2946 nisi

1951 3002 1984 3040 a
2012 3000 2244 3040 summo
2278 2985 2426 3038 bono
2449 2983 2563 3038 Deo
2589 2986 2925 3053 potuerunt,
2946 2984 3031 3038 sic
3064 2983 3334 3036 ordinata
3357 2986 3513 3043 sunt,
3541 2984 3607 3035 ut

1950 3074 2160 3130 cedant
2190 3072 2514 3127 inﬁrmiora
2548 3071 2932 3138 ﬁrmioribus,
2952 3077 3010 3126 et
3039 3070 3385 3126 invalidiora
3412 3069 3608 3125 fortio-

1951 3163 2134 3232 ribus,
2169 3167 2225 3218 et
2255 3160 2668 3232 impotentiora
2698 3161 3148 3232 potentioribus,
3181 3165 3352 3228 atque
3382 3159 3465 3213 ita
3494 3175 3609 3213 cm-

1949 3251 2193 3308 lestibus
2215 3256 2446 3306 terrena
2466 3253 2825 3306 concordent
2849 3255 3125 3319 tanquam
3143 3247 3610 3320 praecellentibus

1951 3341 2212 3397 subdita.
2250 3339 2338 3395 Fit
2372 3344 2570 3394 autem
2621 3339 3036 3393 decedentibus
3067 3343 3122 3392 et
3161 3336 3608 3392 succedentibus

1949 3431 2123 3486 rebus
2144 3427 2486 3500 temporalis
2508 3427 2853 3500 quaedamin
2869 3443 2974 3481 suo
2987 3441 3196 3497 genere
3211 3425 3606 3497 pulchritudo,

1949 3524 2014 3576 ut
2043 3535 2147 3574 nec
2182 3519 2308 3590 ipsa
2339 3534 2465 3588 quae
2493 3517 2844 3580 moriuntur,
2870 3515 2957 3570 vel
2991 3516 3143 3586 quod
3177 3518 3342 3569 erant
3359 3530 3485 3569 esse
3508 3515 3603 3568 de-

1949 3609 2171 3675 sinunt,
2204 3609 2443 3679 turpent
2475 3609 2576 3659 aut
2622 3605 2859 3659 turbent
2891 3603 3131 3658 modum
3164 3606 3221 3657 et
3261 3601 3514 3673 speciem
3545 3605 3604 3657 et

1948 3697 2212 3754 ordinem
2268 3693 2550 3749 universa
2611 3696 2888 3747 creaturas
2944 3708 2957 3746 :
3009 3691 3162 3746 sicut
3209 3707 3401 3746 sermo
3456 3691 3600 3746 bene

1950 3785 2310 3857 compositus
2344 3782 2546 3853 utique
2576 3780 2818 3852 pulcher
2847 3785 2953 3847 est,
2986 3779 3254 3852 quamvis
3295 3779 3354 3834 in
3386 3796 3451 3834 eo
3482 3777 3599 3851 syl-

1947 3876 2092 3950 labae
2124 3878 2297 3944 atque
2329 3887 2532 3927 omnes
2571 3869 2700 3925 soni
2732 3875 3008 3941 tanquam
3041 3869 3334 3925 nascendo
3378 3873 3436 3924 et
3465 3884 3596 3924 mo-

1949 3964 2149 4020 riendo
2179 3964 2601 4017 transcurrant.

2022 4051 2250 4109 CAPUT
2283 4049 2372 4104 IX.
2410 4079 2477 4088 -—
2506 4051 2674 4103 Poma
2702 4048 2948 4118 peccanti
2977 4051 3218 4114 natura,
3249 4051 3309 4102 ut
3339 4055 3482 4102 recte
3510 4061 3602 4102 or-

1954 4143 2196 4209 dinetur,
2213 4136 2738 4204 constituta.Qualis
2759 4144 2954 4192 autem
2978 4143 3035 4192 et
3053 4141 3270 4208 quanta
3292 4153 3461 4208 plena
3479 4135 3603 4192 cui-

1959 4249 2071 4304 que
2091 4231 2274 4302 culpaa
2295 4229 2591 4291 debeatur,
2622 4226 2799 4282 divini
2822 4227 3022 4297 iudicii
3045 4231 3153 4295 est,
3180 4243 3293 4281 non
3319 4224 3604 4279 humani:

1960 4340 2086 4395 quae
2110 4321 2310 4391 utique
2341 4323 2396 4373 et
2428 4334 2560 4372 cum
2593 4317 2884 4371 conversis
2909 4315 3243 4402 remittitur,
3279 4331 3490 4384 magna
3519 4318 3611 4370 est

1960 4409 2195 4467 bonitas
2229 4410 2383 4472 apud
2407 4407 2588 4461 Deum
2613 4423 2624 4472 ;
2659 4410 2714 4459 et
2744 4421 2876 4459 cum
2908 4401 3106 4459 debita
3135 4403 3422 4468 redditur,
3446 4401 3612 4459 nulla

1963 4505 2052 4555 est
2078 4497 2359 4568 iniquitas
2402 4495 2553 4565 apud
2599 4494 2827 4549 Deum:
2865 4493 3002 4564 quia
3049 4491 3260 4548 melius
3308 4492 3615 4548 ordinatur

1967 4593 2194 4658 natura,
2221 4586 2455 4656 utjuste
2477 4582 2667 4638 doleat
2685 4582 2744 4636 in
2767 4581 3072 4653 supplicio,
3094 4598 3269 4652 quam
3294 4586 3359 4636 ut
3375 4583 3616 4654 impune

161 4615 566 4684 corruptum.
583 4608 678 4663 Sic
699 4612 756 4661 et
772 4607 830 4660 in
854 4606 1078 4661 naturis
1098 4606 1522 4677 potentioribus
1545 4613 1718 4678 atque
1738 4606 1857 4678 spi-

161 4701 521 4757 ritualibus
566 4697 776 4753 melior
804 4701 895 4750 est
927 4696 1104 4750 etiam
1153 4701 1462 4767 corruptus
1503 4713 1605 4768 per
1644 4695 1858 4750 malam

157 4791 564 4846 voluntatem
586 4786 828 4857 Spiritus
848 4783 1167 4853 rationalis,
1193 4801 1370 4855 quam
1395 4784 1749 4840 irrationalis
1772 4784 1861 4839 in-

161 4885 527 4951 corruptus
562 4893 574 4930 :
609 4865 680 4930 et
717 4873 923 4929 melior
970 4879 1058 4928 est
1105 4873 1347 4944 quilibet
1394 4874 1636 4945 spiritus
1689 4874 1863 4929 etiam

158 4974 548 5040 corruptus,
602 4980 777 5034 quam
828 4979 1038 5034 corpus
1089 4962 1390 5033 quodlibet
1436 4963 1863 5035 incorruptum.

161 5058 384 5114 Melior
403 5060 524 5111 est
549 5053 702 5108 enim
730 5056 960 5120 natura,
985 5069 1107 5121 qua:
1127 5069 1258 5107 cum
1282 5059 1489 5124 prwsto
1512 5057 1600 5108 est
1620 5053 1867 5124 corpori,

157 5149 400 5218 prabet
428 5144 496 5200 ei
536 5141 739 5206 vitam,
767 5157 940 5212 quam
967 5139 1067 5195 illa
1088 5140 1180 5196 cui
1205 5140 1320 5196 vita
1344 5142 1650 5212 przebetur.
1681 5142 1871 5205 Quan-

157 5236 478 5292 tumlibet
504 5239 708 5286 autem
729 5235 1035 5301 corruptus
1059 5229 1135 5284 sit
1152 5230 1396 5302 spiritus
1415 5232 1542 5286 vitae
1566 5231 1664 5303 qui
1690 5233 1876 5286 factus

156 5332 264 5392 est,
302 5326 547 5381 vitam
577 5320 828 5390 praebere
861 5320 1086 5391 corpori
1121 5325 1310 5390 potest
1343 5337 1355 5375 :
1395 5337 1459 5375 ac
1491 5337 1591 5392 per
1622 5321 1726 5376 hoc
1757 5337 1879 5376 me-

157 5416 266 5472 lior
300 5415 428 5470 illo
468 5413 603 5473 est,
637 5409 904 5481 quamvis
936 5409 1293 5480 incorrupto,
1327 5415 1656 5480 corruptus.

224 5500 527 5562 CAPUT
569 5498 659 5552 VI.
694 5529 760 5538 -——
790 5499 1058 5554 Naturam
1088 5513 1213 5568 quae
1242 5499 1527 5569 corrumpi
1554 5515 1664 5552 non
1692 5502 1883 5569 potest,

155 5609 483 5651 summum
557 5587 792 5649 bonum;
823 5603 943 5659 qua:
991 5591 1188 5660 potest,
1241 5587 1465 5658 aliquod
1514 5587 1712 5642 bonum
1756 5604 1884 5644 esse.

157 5690 342 5746 Corru
354 5682 516 5760 ptio
541 5682 742 5733 autem
757 5676 806 5732 si
830 5693 1063 5733 omnem
1086 5677 1590 5746 modum,omnem
1609 5677 1887 5749 speciem,

551 5805 822 5869 PATROL.
866 5804 1045 5867 XLII.
3254 5796 3330 5861 t8

1968 4678 2216 4750 gaudeat
2237 4677 2294 4728 in
2315 4671 2710 4745 peccato.Qua3
2733 4676 2922 4726 tamen
2947 4671 3122 4725 etiam
3145 4671 3228 4725 sic
3240 4671 3461 4727 habens
3477 4687 3620 4727 non-

1971 4763 2198 4820 nullum
2224 4762 2461 4817 modum
2479 4765 2533 4815 et
2546 4759 2798 4831 speciem
2812 4764 2869 4814 et
2883 4758 3233 4826 ordinem,in
3250 4773 3621 4832 quacumque

1974 4854 2337 4912 extremitate
2369 4849 2560 4905 adhuc
2592 4847 2824 4920 aliquod
2851 4849 3071 4903 bonum
3107 4853 3231 4904 est:
3257 4865 3382 4920 quae
3415 4848 3462 4903 si
3497 4863 3621 4902 om-

1975 4945 2111 4999 nino
2161 4941 2563 5009 detrahantur,
2614 4939 2663 4994 ei
2716 4938 2948 5010 penitus
2997 4942 3445 5004 consumantur,
3495 4935 3624 4990 ideo

1979 5031 2206 5088 nullum
2240 5032 2460 5085 bonum
2501 5029 2629 5096 erit,
2663 5028 2803 5099 quia
2836 5027 2996 5082 nulla
3041 5032 3248 5082 natura
3278 5023 3625 5081 remanebit.

2051 5137 2280 5197 CAPUT
2308 5137 2372 5192 X.
2407 5167 2474 5176 —
2505 5137 2729 5192 Naturae
2758 5135 3158 5205 corruptibiles,
3190 5135 3318 5206 quia
3356 5148 3424 5188 ex
3452 5130 3631 5185 nihilo

1982 5230 2380 5303 factaDmnes
2404 5227 2583 5298 igitur
2597 5235 2730 5281 natu
2741 5241 2812 5279 rae
2837 5223 3377 5295 corruptibiles,nec
3391 5220 3631 5276 omnino

1988 5323 2206 5375 naturai
2240 5320 2451 5384 essent,
2477 5314 2589 5369 nisi
2624 5331 2656 5368 a
2682 5313 2796 5368 Deo
2827 5317 3058 5377 essent;
3092 5327 3193 5364 nec
3224 5307 3633 5380 corruptibiles

1989 5405 2260 5470 essent,si
2283 5407 2353 5459 de
2375 5404 2473 5457 illo
2495 5403 2852 5473 essent,quia
2874 5401 2980 5454 hoc
2995 5400 3148 5470 quod
3172 5399 3295 5469 ipse
3314 5404 3402 5452 est
3419 5401 3636 5453 essent.

1992 5499 2127 5552 Ideo
2150 5511 2283 5567 ergo
2307 5509 2678 5564 quocumque
2697 5491 3266 5558 modp,quacumque
3282 5487 3643 5559 specie,quo-

1997 5601 2244 5655 cumque
2267 5583 2466 5638 ordine
2490 5587 2644 5648 sunt,
2666 5579 2804 5649 quia
2822 5578 2971 5631 Deus
2997 5581 3086 5631 est
3111 5595 3143 5630 a
3166 5593 3280 5648 quo
3305 5577 3467 5631 facta:
3482 5578 3639 5631 sunt:

1997 5677 2126 5732 ideo
2145 5678 2339 5732 autem
2362 5687 2476 5728 non
2497 5665 3009 5725 incommutabiles
3041 5671 3201 5736 sunt,
3226 5665 3366 5737 quia
3383 5665 3527 5723 nihil
3558 5668 3647 5722 est
