4046 6184
438 318 557 379 555

432 453 588 504 unde
621 449 782 502 factae
815 450 973 502 sunt.
1012 445 1306 515 Sacrilega
1330 444 1485 499 enim
1512 445 1756 498 audacia
1787 461 2093 514 coaequan-

428 542 527 594 tur
552 537 696 591 nihil
748 541 805 592 et
847 536 1020 602 Deus,
1056 536 1103 589 si
1135 533 1302 602 quale
1354 539 1444 589 est
1493 532 1637 588 illud
1691 534 1844 604 quod
1877 533 1945 587 de
1977 533 2091 588 Deo

429 629 631 681 natum
661 629 769 694 est,
800 624 916 679 tale
973 624 1218 678 velimus
1252 639 1380 678 esse
1408 622 1552 676 illud
1605 622 1758 692 quod
1793 623 1863 675 ab
1905 638 1971 676 eo
2021 623 2091 677 de

431 714 614 770 nihilo
644 717 862 769 factum
895 717 1003 769 est.

502 804 730 860 CAPUT
761 804 851 858 ΧΙ.
885 833 955 844 —-
996 808 1191 860 Nocerz
1224 818 1324 858 nec
1377 804 1480 857 Deo
1509 805 1700 872 potest,
1733 817 1830 856 nec
1859 802 1960 855 alii
1991 818 2089 855 na-

431 897 572 950 tura:
602 896 717 949 nisi
762 895 877 964 ipso
921 894 1295 961 permittente.
1338 891 1702 962 QuaprOpter
1731 906 1837 944 nec
1869 894 2089 944 naturae

436 983 536 1040 Dei
564 983 756 1039 noceri
787 982 1024 1038 omnino
1049 986 1258 1052 potest,
1277 997 1381 1035 nec
1399 979 1572 1036 alicui
1595 985 1815 1034 natura:
1839 979 1947 1034 sub
1975 979 2092 1034 Deo

442 1072 632 1127 noceri
655 1071 876 1141 injuste
899 1075 1124 1143 potest:
1147 1069 1285 1141 quia
1316 1074 1371 1123 et
1401 1085 1534 1124 cum
1562 1069 1856 1140 peccando
1877 1068 2093 1139 injuste

439 1161 620 1232 aliqui
654 1165 882 1224 nocent,
913 1159 1183 1215 voluntas
1216 1159 1441 1229 injusta
1471 1159 1554 1213 eis
1601 1158 1961 1230 imputatur;
1991 1175 2092 1229 po-

439 1255 623 1307 testas
653 1255 848 1305 autem
869 1266 984 1320 qua
1016 1265 1222 1303 nocere
1254 1238 1691 1319 permittuntur,
1718 1265 1831 1302 non
1864 1252 1952 1302 est
1981 1247 2094 1302 nisi

439 1355 472 1394 α
501 1339 637 1405 Deo,
672 1338 771 1408 qui
803 1343 857 1393 et
886 1337 1031 1408 ipsis
1063 1337 1461 1392 nescientibus
1495 1337 1652 1392 novit
1682 1337 1819 1406 quid
1852 1335 1934 1390 illi
1975 1335 2093 1407 pati

439 1428 709 1494 debeant,
745 1427 959 1498 quibus
993 1443 1091 1481 eos
1125 1443 1328 1481 nocere
1361 1425 1663 1496 permittit.

507 1517 737 1572 CAPUT
764 1516 880 1571 XII.
911 1545 983 1558 --
1015 1517 1220 1573 Omnia
1271 1517 1415 1568 bona
1462 1515 1691 1569 nonnisi
1718 1532 1752 1568 a
1785 1519 1913 1570 Deo.
1966 1514 2094 1568 Haec

443 1607 639 1661 omnia
655 1610 772 1660 tam
794 1606 1247 1677 perspicua,tam
1268 1608 1444 1674 certa,
1470 1604 1517 1658 si
1543 1603 1753 1658 vellent
1774 1605 2091 1670 advertere,

446 1693 545 1767 qui
575 1694 749 1749 aliam
783 1699 1051 1749 naturam
1075 1693 1579 1763 inducunt,quam
1609 1709 1722 1747 non
1752 1692 1884 1747 fecit
1902 1693 2090 1758 Deus;

446 1800 562 1839 non
581 1783 759 1838 tantis
783 1781 1164 1854 blasphemiis
1183 1780 1584 1853 implerentur,
1620 1787 1682 1836 ut
1703 1789 1758 1837 et
1780 1783 1834 1836 in
1862 1798 2093 1836 summo

449 1872 602 1928 malo
626 1877 784 1928 tanta
808 1873 960 1928 bona
982 1876 1281 1943 ponerent,
1304 1875 1360 1925 et
1378 1870 1434 1925 in
1458 1871 1571 1926 Deo
1595 1874 1755 1926 tanta
1779 1871 1949 1926 mala.
1965 1869 2094 1925 Suf-

448 1961 570 2016 ﬁcit
597 1961 774 2028 enim,
811 1966 873 2016 ut
921 1977 1101 2032 supra
1131 1960 1269 2030 dixi,
1304 1960 1375 2014 ad
1424 1977 1624 2015 eorum
1657 1962 2094 2031 correctionem,

451 2052 501 2107 si
532 2050 712 2107 velint
745 2051 1063 2116 attendere,
1088 2050 1238 2120 quod
1273 2065 1370 2104 eos
1401 2050 1576 2104 etiam
1599 2050 1813 2105 invitos
1835 2052 2095 2122 cogitve-

451 2141 593 2196 ritas
628 2140 908 2209 confiteri,
934 2139 1132 2196 omnia
1163 2155 1401 2211 prorsus
1433 2139 1584 2194 bona
1615 2155 1729 2195 non
1761 2156 1889 2195 esse
1922 2140 2035 2194 nisi
2065 2155 2098 2194 a

452 2235 584 2286 Deo.
612 2230 734 2284 Non
760 2245 894 2301 ergo
928 2230 999 2284 ab
1030 2228 1143 2283 alio
1175 2232 1316 2283 sunt
1349 2245 1555 2299 magna
1588 2230 1755 2297 bona,
1787 2236 1839 2283 et
1883 2229 1955 2284 ab
1987 2227 2098 2284 alio

449 2335 626 2390 parva
654 2319 807 2374 bona
839 2336 852 2374 :
887 2318 988 2373 sed
1017 2323 1074 2373 et
1104 2333 1318 2388 magna
1348 2322 1403 2370 et
1434 2334 1610 2388 parva
1640 2319 1792 2372 bona
1823 2334 1937 2372 non
1963 2322 2100 2373 sunt

449 2407 564 2463 nisi
595 2425 628 2462 a
658 2424 890 2462 summo
921 2408 1092 2473 bono,
1127 2405 1282 2478 quod
1310 2404 1463 2460 Deus
1491 2410 1596 2462 est.

519 2496 748 2552 CAPUT
768 2497 910 2551 XIII.
935 2527 1004 2536 —
1022 2495 1171 2551 Bona
1191 2497 1416 2564 singula
1439 2512 1535 2550 seu
1558 2512 1849 2566 parva,seu
1875 2511 2096 2564 magna,

446 2601 556 2640 esse
577 2603 610 2639 α
630 2586 1299 2640 Deo.Commemoremus
1320 2602 1455 2658 ergo
1477 2585 1630 2640 bona
1653 2589 1874 2655 quanta
1892 2589 2098 2655 potue-

449 2674 658 2741 rimus,
681 2691 807 2745 ques
826 2674 1068 2746 dignum
1093 2679 1181 2729 est
1204 2679 1268 2729 ut
1289 2675 1406 2729 Deo
1427 2675 1649 2729 auctori
1671 2674 2026 2744 tribuamus,
2043 2677 2099 2729 et

446 2763 540 2819 his
571 2762 819 2820 sublatis
842 2763 1142 2818 videamus
1166 2768 1366 2819 utrum
1392 2763 1587 2834 aliqua
1612 2768 1822 2818 natura
1845 2780 2099 2818 remane-

448 2852 553 2908 bit.
585 2853 787 2909 Omnis
817 2852 932 2908 vita
959 2857 1016 2907 et
1047 2869 1260 2924 magna
1291 2858 1348 2908 et
1391 2869 1587 2924 parva.
1621 2852 1810 2907 omnis
1843 2853 2101 2924 potentia

450 2946 508 2997 et
538 2958 752 3014 magna
773 2947 828 2996 et
868 2959 1066 3012 parva,
1094 2942 1286 2996 omnis
1316 2941 1476 2996 salus
1511 2947 1566 2996 et
1589 2958 1801 3014 magna
1825 2947 1882 2997 et
1903 2959 2098 3013 parva,

454 3031 648 3086 omnis
671 3031 952 3085 memoria
983 3036 1040 3086 et
1071 3047 1285 3101 magna
1308 3035 1364 3085 et
1387 3047 1582 3102 parva,
1612 3031 1803 3086 omnis
1834 3032 2017 3086 virtus
2047 3035 2103 3087 et

457 3135 674 3190 magna
696 3124 752 3174 et
778 3119 1176 3190 parva,omnis
1196 3119 1524 3174 intellectus
1547 3124 1603 3175 et
1625 3136 1874 3192 magnus
1894 3125 1950 3175 et
1970 3139 2100 3192 par-

457 3224 584 3278 vus,
620 3209 812 3263 omnis
843 3207 1240 3278 tranquillitas
1276 3212 1333 3262 et
1365 3223 1578 3279 magna
1607 3213 1663 3263 et
1693 3225 1888 3278 parva,
1912 3209 2103 3264 omnis

463 3297 630 3369 copia
668 3301 723 3352 et
747 3314 960 3370 magna
998 3302 1266 3368 etparva,
1292 3297 1483 3353 omnis
1524 3313 1732 3353 sensus
1773 3303 1829 3354 et
1853 3315 2101 3371 magnus

459 3391 514 3441 et
545 3404 778 3458 parvus,
819 3403 990 3442 omne
1028 3385 1228 3442 lumen
1281 3391 1337 3442 et
1385 3403 1666 3459 magnum
1725 3391 1780 3442 et
1834 3406 2098 3460 parvum,

456 3477 648 3532 omnis
718 3477 973 3532 suavitas
1023 3477 1039 3510 ¹
1108 3482 1162 3531 et
1227 3493 1441 3548 magna
1521 3481 1579 3532 et
1637 3494 1833 3548 parva,
1908 3480 2100 3534 omnis

453 3582 731 3621 mensura
769 3571 825 3621 et
880 3583 1092 3638 magna
1133 3570 1189 3621 et
1238 3582 1430 3636 parva,
1483 3565 1675 3620 omnis
1727 3566 2100 3638 pulchritudo

448 3659 506 3710 et
537 3671 752 3727 magna
771 3660 827 3710 et
848 3655 1248 3727 parva,omnis
1280 3671 1390 3726 pax
1411 3662 1463 3709 et
1491 3671 1705 3727 magna
1730 3661 1786 3710 et
1816 3675 2010 3728 parva,
2044 3664 2100 3713 et

447 3743 497 3799 si
529 3761 646 3816 qua
677 3744 895 3800 similia
937 3761 1238 3800 occurrere
1272 3748 1565 3815 poterunt,
1600 3745 1968 3818 maximeque
1997 3747 2098 3802 illa

448 3849 574 3904 qua
605 3851 708 3905 per
755 3831 953 3888 omnia
1005 3834 1394 3905 reperiuntur,
1437 3834 1556 3888 sive
1603 3835 1932 3906 spiritualia
1979 3837 2097 3892 sive

447 3923 793 3993 corporalia,
817 3923 1008 3978 omnis
1041 3923 1273 3993 modus,
1297 3923 1488 3978 omnis
1510 3924 1753 3994 species,
1779 3925 1970 3980 omnis
2002 3943 2093 3981 or-

447 4011 546 4079 do,
578 4016 634 4066 et
665 4029 914 4083 magnus
936 4017 992 4066 et
1021 4029 1254 4080 parvus,
1279 4029 1310 4066 a
1344 4012 1591 4068 Domino
1624 4013 1737 4068 Deo
1769 4019 1927 4069 sunt.
1955 4015 2092 4080 Qui-

446 4099 558 4154 bus
591 4100 758 4155 bonis
806 4101 1080 4156 omnibus
1113 4101 1210 4172 qui
1269 4100 1420 4155 male
1455 4101 1541 4155 uti
1587 4101 1851 4171 voluerit,
1900 4104 2092 4160 divino

436 4189 662 4259 judicio
693 4206 892 4261 poenas
922 4189 1081 4244 luet:
1120 4189 1217 4244 ubi
1250 4194 1444 4246 autem
1469 4190 1694 4246 nullum
1727 4192 1934 4247 borum
1969 4211 2091 4250 om-

443 4279 583 4334 nino
617 4279 808 4348 fuerit,
844 4279 1004 4334 nulla
1034 4284 1244 4334 natura
1275 4280 1616 4335 remanebit.

512 4368 740 4424 CAPUT
769 4366 909 4422 XIV.
935 4399 1000 4406 —
1028 4368 1207 4421 Parva
1238 4367 1375 4422 bona
1409 4369 1468 4422 in
1502 4369 1774 4438 majorum
1806 4387 2088 4441 compara-

438 4459 581 4511 tione
600 4459 895 4512 contrariis
913 4457 1226 4512 nominibus
1246 4457 1619 4526 appellantur.
1639 4459 1742 4513 Sed
1767 4458 1824 4513 in
1848 4459 1940 4514 his
1962 4478 2092 4516 om-

437 4545 613 4600 nibus
643 4561 1026 4616 quaecumque
1062 4562 1234 4616 parva
1262 4551 1421 4612 sunt,
1446 4546 1506 4600 in
1540 4548 1829 4617 majorum
1855 4566 2090 4622 compa-

438 4633 662 4688 ratione
693 4634 1000 4689 contrariis
1033 4634 1371 4689 nominibus
1405 4634 1775 4707 appellantur
1802 4656 1814 4693 :
1851 4639 2002 4695 sicut
2031 4639 2088 4694 in

437 4721 695 4778 hominis
727 4723 912 4777 forma
943 4724 1082 4795 quia
1112 4725 1298 4794 major
1328 4729 1417 4779 est
1449 4724 1842 4796 pulchritudo,
1867 4728 1923 4782 in
1959 4730 2085 4800 ejus

439 4813 870 4881 comparatione
894 4813 1078 4868 simiae
1102 4812 1475 4885 pulchritudo
1495 4814 1835 4871 deformitas
1853 4817 2086 4874 dicitur:

437 4904 495 4956 et
530 4899 676 4955 fallit
707 4901 1126 4973 imprudentes,
1161 4906 1442 4973 tanquam
1477 4901 1618 4957 illud
1653 4905 1729 4959 sit
1759 4905 2001 4973 bonum,
2036 4912 2092 4962 et

436 4989 547 5046 hoc
579 4989 797 5046 malum
818 5015 831 5059 ς
851 5007 955 5045 nec
972 4990 1282 5046 intendunt
1312 4991 1368 5044 in
1389 5007 1626 5063 corpore
1645 4993 1830 5048 simias
1851 4997 2088 5051 modum

435 5081 760 5151 proprium,
797 5080 1146 5152 parilitatem
1192 5097 1259 5135 ex
1297 5085 1536 5150 utroque
1570 5081 1748 5137 latere
1798 5085 2089 5141 membro-

436 5185 591 5234 rum,
607 5169 977 5224 concordiam
999 5169 1275 5241 partium,
1291 5169 1712 5227 incolumitatis
1735 5175 2088 5243 custodiam,

435 5263 490 5313 et
520 5265 744 5329 caetera,
771 5277 897 5330 quae
930 5260 1198 5331 persequi
1230 5260 1468 5329 longum
1505 5266 1612 5316 est.

506 5348 732 5404 CAPUT
765 5349 878 5403 XV.
904 5381 970 5389 ——
1002 5355 1068 5404 In
1098 5350 1272 5403 simiae
1297 5365 1524 5420 eoi-pore
1542 5351 1977 5420 pulchritudinis
2002 5358 2088 5412 bo-

433 5450 566 5487 num
596 5438 786 5505 inesse,
825 5438 952 5493 licet
981 5441 1183 5493 minus.
1213 5439 1323 5493 Sed
1360 5451 1420 5493 ut
1450 5440 1602 5509 quod
1632 5440 1882 5498 dicimus
1916 5445 2082 5500 intel-

434 5521 668 5593 ligatur,
691 5531 745 5580 et
778 5527 1025 5582 nimium
1062 5529 1244 5582 tardis
1275 5529 1418 5584 satis
1451 5530 1570 5596 flat,
1593 5530 1679 5584 vel
1715 5534 1890 5588 etiam
1916 5537 2088 5606 perti-

436 5626 611 5666 naces
643 5620 700 5667 et
735 5617 1100 5684 apertissime
1122 5617 1347 5673 veritati
1380 5625 1772 5692 repugnantes
1803 5630 2090 5696 cogantur

505 5711 522 5748 ι
553 5707 629 5760 Ita
659 5710 781 5760 Mss.
814 5713 878 5760 At
906 5713 960 5761 in
987 5714 1161 5776 editis,
1189 5716 1405 5765 sanitas.

1049 314 1151 372 DE
1196 313 1517 373 NATURA
1567 311 1748 371 BUNI
1795 311 2108 370 CONTRA
2154 311 2656 380 MANICll/EOS,
2707 311 2769 369 S.
2818 309 3244 370 AUGUS'I‘INI

3716 320 3818 382 556

2203 445 2354 515 quod
2389 459 2587 498 verum
2620 450 2705 497 est
2735 442 3017 505 confiteri,
3043 441 3471 512 interrogentur
3503 449 3685 502 utrum
3707 465 3816 505 cor.

2202 550 2325 604 pOI‘l
2359 532 2540 588 simia:
2575 532 2760 604 possit
2791 548 2994 587 nocere
3025 530 3338 602 corruptio.
3361 531 3517 595 Quod
3550 535 3595 589 si
3628 543 3816 607 potest,

2201 627 2266 676 ut
2297 623 2508 677 foedius
2533 622 2670 688 fiat;
2705 623 2844 692 quid
2873 621 3104 688 minuit,
3131 621 3238 675 nisi
3271 619 3706 691 pulchritudinis
3729 629 3820 683 bo-

2202 711 2390 766 num?
2443 711 2605 766 Unde
2639 711 2862 765 tamdiu
2911 710 3132 780 aliquid
3187 711 3526 775 remanebit,
3561 716 3814 782 quamdiu

2201 800 2457 870 corporis
2511 805 2724 854 natura
2775 799 3066 854 subsistit.
3121 799 3370 853 Proinde
3401 800 3449 854 si
3499 809 3820 875 consumpto

2204 889 2354 944 bono
2387 894 2596 943 natura
2630 889 3016 953 consumitur,
3050 889 3200 943 bona
3223 904 3359 958 ergo
3387 893 3474 944 est
3505 897 3721 946 natura.
3743 894 3821 949 Sic

2203 983 2260 1033 et
2292 978 2524 1033 tardum
2573 977 2826 1033 dicimus
2872 977 3049 1033 veloci
3081 976 3438 1033 contrarium
3469 995 3481 1033 :
3516 980 3612 1034 sed
3650 986 3826 1038 tamen

2204 1067 2304 1137 qui
2335 1084 2396 1122 se
2426 1067 2664 1122 omnino
2698 1085 2811 1123 non
2869 1071 3082 1134 movet,
3116 1083 3218 1122 nec
3249 1067 3450 1122 tardus
3497 1067 3607 1124 dici
3637 1074 3826 1140 potest.

2204 1156 2294 1212 Sic
2325 1161 2505 1212 acutae
2536 1156 2657 1212 voci
2691 1155 3042 1213 contrariam
3076 1173 3272 1212 vocem
3303 1156 3565 1224 dicimus
3596 1173 3832 1230 gravem,

2205 1245 2293 1301 vel
2327 1262 2552 1301 canorae
2583 1263 2850 1317 asperam
2879 1264 2891 1300 :
2921 1245 3019 1300 sed
3055 1245 3101 1300 si
3157 1262 3391 1301 omnem
3423 1247 3669 1317 speciem
3699 1247 3839 1304 vocis

2206 1335 2440 1405 penitus
2492 1335 2742 1404 adimas,
2779 1333 3078 1389 silentium
3131 1338 3219 1388 est
3249 1333 3347 1387 ubi
3375 1351 3482 1388 vox
3531 1335 3688 1389 nulla
3716 1341 3836 1390 est:

2206 1425 2359 1493 quod
2394 1429 2588 1478 tamen
2631 1424 2954 1488 silentium,
2988 1439 3052 1477 eo
3086 1423 3212 1494 ipso
3243 1423 3395 1492 quod
3429 1440 3533 1478 vox
3559 1423 3713 1478 nulla
3740 1430 3838 1490 est,

2204 1517 2483 1584 tanquam
2507 1513 2864 1567 contrarium
2888 1512 3008 1566 voci
3043 1510 3440 1582 soletopponi.
3462 1511 3554 1566 Sic
3583 1517 3638 1566 et
3663 1512 3840 1568 lucida

2207 1607 2260 1656 et
2291 1603 2539 1657 obscura
2565 1608 2840 1673 tanquam
2863 1602 2976 1655 duo
2998 1601 3290 1656 contraria
3311 1601 3589 1655 dicuntur
3610 1618 3622 1655 :
3641 1601 3842 1657 habent

2208 1695 2402 1745 tamen
2436 1697 2492 1744 et
2535 1691 2784 1745 obscura
2815 1690 3031 1761 aliquid
3065 1689 3233 1758 lucis,
3269 1707 3382 1761 quo
3425 1691 3474 1745 si
3510 1691 3734 1760 penitus
3763 1707 3843 1746 ca-

2207 1784 2392 1846 reant,
2426 1780 2508 1834 ita
2558 1784 2696 1834 sunt
2742 1780 2990 1834 tenebras
3035 1779 3202 1849 lucis,
3243 1796 3356 1850 quo
3391 1780 3441 1834 si
3493 1780 3722 1851 penitus
3759 1797 3843 1835 ca-

2210 1880 2389 1937 reant,
2420 1871 2499 1924 ita
2530 1874 2667 1924 sunt
2709 1870 2958 1924 tenebras
3008 1868 3154 1923 lucis
3185 1869 3472 1937 absentia,
3507 1869 3656 1924 sicut
3684 1869 3844 1925 silen-

2208 1959 2355 2018 tium
2387 1959 2542 2014 vocis
2575 1959 2860 2013 absentia.

2278 2047 2510 2103 CAPUT
2533 2047 2669 2103 XVI.
2692 2079 2758 2088 —-
2780 2049 2878 2103 Pri
2885 2051 3130 2104 vatione:
3158 2051 3218 2103 in
3246 2051 3410 2104 rebus
3437 2048 3685 2104 decenter
3705 2066 3736 2103 a
3755 2049 3849 2104 Deo

2208 2138 2498 2192 ordinatae.
2532 2139 2665 2202 Quae
2701 2143 2894 2193 tamen
2947 2138 3124 2192 etiam
3157 2137 3516 2209 privationes
3559 2154 3748 2193 rerum
3779 2137 3853 2192 sic

2211 2227 2556 2281 ordinantur
2573 2226 2630 2280 in
2662 2225 3043 2280 universitate
3065 2231 3304 2296 naturae,
3321 2231 3389 2280 ut
3416 2225 3710 2297 sapienter
3726 2242 3854 2280 con-

2208 2315 2602 2370 siderantibus
2627 2332 2740 2370 non
2755 2314 3089 2370 indecenter
3106 2314 3254 2369 vices
3275 2332 3420 2370 suas
3436 2315 3709 2370 habeant.
3723 2313 3858 2370 Nam

2208 2409 2263 2458 et
2293 2404 2447 2459 Deus
2479 2407 2636 2459 certa
2665 2403 2791 2459 loca
2821 2409 2876 2459 et
2903 2409 3166 2475 tempora
3199 2421 3315 2458 non
3346 2403 3760 2470 illuminando,
3784 2409 3857 2459 te-

2209 2494 2419 2550 nebras
2451 2494 2588 2548 fecit
2623 2499 2740 2550 tam
2774 2494 3045 2548 decenter
3075 2511 3253 2564 quam
3287 2494 3437 2549 dies.
3473 2494 3535 2550 Si
3567 2494 3724 2549 enim
3755 2509 3852 2548 nos

2209 2583 2558 2638 continendo
2611 2599 2829 2649 vocem,
2863 2583 3133 2637 decenter
3181 2582 3624 2654 interponimus
3678 2584 3733 2636 in
3782 2581 3857 2637 lo-

2210 2673 2439 2744 quendo
2471 2672 2771 2728 silentium
2800 2697 2812 2738 ;
2860 2676 3076 2742 quanto
3109 2672 3298 2743 magis
3330 2671 3432 2726 ille
3474 2671 3860 2744 quarumdam

2211 2779 2404 2816 rerum
2437 2761 2788 2833 privationes
2819 2761 3090 2815 decenter
3123 2761 3276 2830 facit,
3312 2761 3474 2816 sicut
3519 2778 3710 2817 rerum
3747 2777 3860 2816 om-

2211 2851 2372 2906 nium
2405 2852 2694 2922 perfectus
2743 2849 2991 2904 artifex?
3041 2849 3203 2904 Unde
3233 2855 3289 2904 et
3318 2849 3380 2904 in
3436 2850 3656 2922 hymno
3688 2851 3858 2905 trium

2211 2957 2546 3010 puerorum,
2610 2941 2784 2994 etiam
2835 2939 2934 2993 lux
2979 2944 3034 2993 et
3079 2940 3327 2994 tenebrae
3375 2939 3630 2995 laudant
3687 2940 3859 2995 Deum

2212 3031 2368 3100 (Dan.
2405 3046 2488 3094 ni,
2520 3030 2648 3100 72);
2686 3029 2739 3083 id
2772 3034 2881 3097 est,
2909 3030 3036 3098 ejus
3058 3027 3288 3083 laudem
3325 3028 3478 3085 bene
3501 3029 3865 3084 consideran-

2211 3119 2356 3174 tium
2389 3119 2662 3173 cordibus
2693 3119 2950 3188 pariunt.

2282 3206 2510 3262 CAPUT
2539 3206 2706 3261 XVII.
2743 3237 2809 3246 -—
2857 3207 3066 3262 Natura
3115 3209 3172 3260 in
3216 3211 3494 3277 quantum
3529 3216 3733 3263 natura
3762 3208 3864 3275 fest,

2210 3298 2367 3352 nulla
2398 3297 2564 3351 mala.
2600 3296 2723 3351 Non
2755 3312 2890 3368 ergo
2913 3295 3065 3350 mala
3096 3300 3204 3366 est,
3228 3297 3284 3350 in
3310 3297 3632 3367 quantium
3668 3301 3870 3351 natura

2212 3392 2318 3452 est,
2354 3386 2472 3441 ulla
2497 3391 2705 3441 natura
2733 3404 2744 3452 ;
2780 3387 2876 3441 sed
2905 3385 3114 3456 cuique
3139 3391 3360 3440 natura;
3393 3404 3512 3442 non
3539 3392 3632 3442 est
3659 3385 3868 3442 malum

2211 3476 2322 3532 nisi
2355 3476 2541 3530 minui
2574 3477 2746 3530 bono.
2781 3476 2939 3540 Quod
2974 3475 3019 3529 si
3062 3475 3378 3531 minuendo
3436 3477 3870 3541 absumeretur,

2211 3566 2363 3622 sicut
2392 3564 2617 3620 nullum
2635 3565 2876 3632 bonum,
2895 3566 2975 3618 ita
2995 3563 3154 3618 nulla
3175 3569 3386 3620 natura
3417 3565 3870 3637 relinqueretur;

2211 3673 2323 3710 non
2355 3655 2546 3710 solum
2599 3653 2829 3726 qualem
2877 3653 3166 3708 inducunt
3216 3655 3550 3721 Manichaei,
3587 3654 3690 3711 ubi
3719 3658 3874 3709 tanta

2208 3748 2361 3801 bona
2412 3747 2810 3813 inveniuntur,
2846 3749 2906 3800 ut
2954 3745 3136 3800 nimia
3179 3760 3383 3800 eorum
3439 3747 3680 3802 caecitas
3732 3746 3875 3799 mira

2207 3837 2319 3903 sit;
2353 3836 2449 3891 sed
2482 3835 2714 3907 qualem
2747 3839 2938 3906 potest
2970 3834 3214 3906 quilibet
3245 3835 3553 3891 inducere.

2276 3924 2506 3981 CAPUT
2539 3925 2738 3979 XVIII.
2762 3956 2830 3965 ——-
2875 3924 3083 3996 Hylen,
3105 3940 3225 3996 quae
3258 3940 3449 3980 rerum
3480 3925 3746 3995 informis
3768 3940 3876 3977 ma-

2205 4017 2370 4070 teries
2390 4015 2632 4084 antiquis
2654 4014 2958 4081 dicebatur,
2975 4030 3078 4068 non
3101 4030 3214 4068 esse
3231 4013 3469 4068 malum.
3496 4014 3701 4086 Neque
3723 4012 3873 4068 enim

2206 4104 2292 4159 vel
2326 4104 2424 4157 illa
2457 4105 2748 4169 materies,
2771 4119 2950 4174 quam
2973 4103 3198 4174 antiqui
3223 4101 3397 4174 hylen
3425 4103 3736 4166 dixerunt,
3757 4118 3876 4156 ma-

2207 4193 2327 4248 lum
2361 4193 2603 4246 dicenda
2633 4196 2738 4246 est.
2777 4192 2900 4248 Non
2936 4209 3061 4246 eam
3097 4193 3246 4255 dico,
3287 4209 3471 4262 quam
3511 4191 3874 4248 Manichams

2204 4285 2375 4358 bylen
2395 4283 2641 4355 appellat
2665 4285 3108 4339 dementissima
3134 4284 3410 4356 vanitate,
3435 4286 3721 4341 nesciens
3742 4281 3876 4354 quid

2207 4376 2500 4445 loquatur,
2554 4373 2941 4428 formatricein
2995 4390 3300 4444 corporum
3337 4390 3350 4428 :
3389 4375 3558 4429 unde
3595 4378 3752 4429 recte
3797 4369 3877 4425 illi

2206 4465 2429 4518 dictum
2449 4468 2556 4532 est,
2575 4463 2728 4533 quod
2752 4461 3000 4517 alterum
3021 4462 3196 4516 deum
3223 4462 3499 4518 inducat:
3522 4480 3703 4518 nemo
3721 4461 3876 4516 enim

2203 4555 2451 4608 formare
2481 4557 2537 4606 et
2566 4568 2761 4607 creare
2793 4568 3035 4622 corpora
3065 4551 3176 4605 nisi
3211 4551 3363 4606 Deus
3394 4557 3641 4623 potest;
3693 4564 3879 4620 neque

2202 4641 2357 4697 enim
2405 4646 2695 4709 creantur,
2732 4640 2844 4695 nisi
2897 4657 3028 4694 cum
3062 4641 3145 4695 eis
3193 4640 3403 4695 modus
3449 4645 3514 4696 et
3565 4640 3800 4712 species
3830 4641 3884 4693 et

2202 4733 2339 4786 ordo
2372 4730 2661 4798 subsistit,
2692 4747 2818 4801 quas
2852 4729 3004 4784 bona
3023 4745 3172 4798 esse,
3199 4746 3300 4784 nec
3332 4745 3468 4784 esse
3501 4747 3685 4802 posse
3715 4728 3827 4784 nisi
3851 4743 3882 4781 a

2203 4821 2336 4886 Deo,
2355 4824 2492 4890 puto
2516 4819 2670 4889 quod
2687 4820 2805 4888 jam
2832 4818 3003 4873 etiam
3023 4818 3134 4890 ipsi
3157 4820 3540 4874 confitentur.
3565 4819 3684 4874 Sed
3706 4816 3880 4887 hylen

2201 4909 2327 4964 dico
2359 4907 2674 4979 quamdam
2708 4907 2942 4978 penitus
2974 4907 3280 4963 informem
3318 4912 3374 4962 et
3405 4909 3544 4962 sine
3592 4906 3882 4979 qualitate

2200 4996 2521 5061 materiem,
2557 4996 2710 5049 unde
2741 4994 2862 5050 ista:
2896 5012 3043 5067 quas
3074 4998 3360 5051 sentimus
3393 4996 3738 5067 qualitates
3767 4994 3880 5049 for-

2201 5090 2454 5153 mantur,
2507 5088 2571 5138 ut
2618 5083 2844 5156 antiqui
2895 5086 3184 5143 dixerunt.
3219 5086 3362 5140 Hinc
3395 5085 3568 5139 enim
3623 5090 3686 5140 et
3736 5083 3883 5139 silva

2197 5191 2380 5247 grznce
2403 5171 2508 5240 ὅλη
2546 5173 2781 5239 dicitur,
2803 5175 2958 5245 quod
2983 5176 3360 5246 operantibus
3387 5180 3534 5244 apta
3555 5174 3658 5241 sit,
3683 5190 3796 5228 non
3821 5173 3885 5225 ut

2198 5264 2417 5335 aliquid
2441 5262 2568 5333 ipsa
2597 5263 2895 5332 faciat,sed
2922 5266 3074 5318 unde
3090 5264 3308 5335 aliquid
3329 5263 3590 5318 ﬁat.Nec
3610 5263 3731 5318 ista
3748 5277 3884 5332 ergo

2199 5354 2329 5426 hyle
2363 5353 2580 5406 malum
2615 5352 2862 5407 dicenda
2891 5360 2996 5419 est,
3025 5371 3150 5424 qua:
3178 5371 3290 5408 non
3325 5369 3427 5423 per
3455 5351 3738 5422 aliquam
3760 5366 3886 5422 spe-

2200 5445 2346 5499 ciem
2363 5442 2696 5508 sentiri,sed
2714 5459 2814 5513 per
2826 5443 3122 5498 omnimod
3135 5461 3225 5498 am
3243 5441 3457 5514 speciei
3480 5443 3884 5512 privationem

2202 5532 2439 5604 cogitari
2471 5531 2562 5585 vix
2595 5536 2801 5595 potesl.
2835 5532 3016 5587 Habet
3045 5534 3202 5588 enim
3232 5538 3288 5588 et
3313 5533 3443 5603 ipsa
3477 5530 3882 5602 capacitatem

2199 5624 2517 5678 formarum
2541 5636 2552 5672 :
2589 5637 2722 5675 nam
2749 5621 2796 5675 si
2819 5636 3023 5692 capere
3048 5621 3384 5694 impositam
3408 5619 3488 5674 ab
3510 5619 3754 5675 artiﬁce
3778 5620 3887 5674 for-

2201 5728 2356 5768 mam
2375 5726 2488 5767 non
2508 5713 2834 5781 posset,nec
2854 5711 3124 5768 materies
3145 5711 3346 5784 utique
3359 5707 3632 5767 diceretu
3643 5713 3882 5768 r.Porro
