4056 6178
189 349 304 410 557

186 481 229 536 si
260 481 480 536 bonum
507 479 744 554 aliquod
768 485 857 537 est
878 481 1087 551 forma,
1112 483 1265 538 unde
1289 482 1390 555 qui
1413 499 1480 538 ea
1503 483 1831 554 prevalent,

183 569 422 625 formosi
448 569 837 642 appellantur,
864 572 1017 627 sicut
1055 589 1088 627 a
1117 572 1306 644 specie
1341 571 1608 644 speciosi,
1636 570 1834 642 procul

180 658 357 714 dubio
382 659 604 714 bonum
620 659 855 731 aliquod
880 666 969 715 est
988 662 1165 716 etiam
1181 661 1474 732 capacitas
1497 661 1716 716 formis.
1741 660 1836 714 Sic

179 753 237 803 ut
257 747 399 819 quia
424 747 640 803 bonum
667 754 756 804 est
777 750 1284 821 sapientia,nemo
1307 751 1537 805 dubitat
1559 749 1712 822 quod
1739 749 1834 803 bo-

177 852 313 891 num
356 836 434 890 sit
456 853 732 908 capacem
774 854 902 893 esse
934 838 1252 909 sapientiae.
1280 840 1346 894 Et
1379 839 1515 910 quia
1537 854 1710 893 omne
1735 838 1833 893 ho-

177 941 316 980 num
342 943 376 980 a
405 925 523 982 Deo
547 927 884 994 ;nemimem
923 932 1151 999 oportet
1187 928 1473 995 dubitare,
1525 927 1703 982 etiam
1745 927 1828 982 is-

176 1019 313 1080 tam,
347 1014 398 1069 si
434 1032 550 1087 qua
579 1020 688 1086 est,
718 1016 1017 1072 materiem
1043 1033 1156 1072 non
1172 1032 1301 1073 esse
1333 1017 1444 1072 nisi
1477 1035 1509 1072 a
1540 1017 1676 1072 Deo.

242 1121 485 1178 CAPUT
507 1121 647 1178 XIX.
674 1155 739 1163 -——
760 1127 892 1179 Esse
911 1140 1053 1190 vere,
1066 1127 1354 1196 proprium
1377 1126 1499 1180 Dei.
1525 1123 1830 1196 Magnifice

177 1210 356 1283 igitur
386 1216 445 1267 et
469 1212 659 1268 divine
697 1217 847 1269 Deus
871 1218 1067 1270 noster
1111 1213 1328 1269 famulo
1371 1231 1477 1270 suo
1520 1212 1684 1268 dixit.
1720 1214 1828 1282 Ego

175 1317 300 1356 eum
331 1303 433 1372 qui
463 1317 618 1363 sum;
649 1304 895 1371 et,Dices
925 1302 1059 1373 ﬁliis
1080 1303 1266 1370 Israel,
1313 1305 1430 1375 Qui
1457 1307 1536 1359 est
1565 1305 1716 1358 misit
1744 1319 1830 1358 me

177 1391 240 1445 ad
279 1407 373 1446 vos
415 1391 608 1458 (Exod.
637 1408 719 1461 in,
757 1391 868 1462 44).
915 1393 1053 1447 Vere
1085 1393 1243 1447 enim
1285 1393 1409 1464 ipse
1442 1397 1550 1459 est,
1576 1393 1717 1464 quia
1745 1393 1828 1447 in-

178 1479 616 1535 commutabilis
650 1485 756 1535 est.
793 1481 1000 1536 Omnis
1036 1481 1191 1536 enim
1251 1481 1496 1536 mutatio
1533 1482 1668 1536 facit
1712 1498 1827 1537 non

178 1583 295 1624 esse
328 1569 490 1634 quod
522 1573 687 1627 erat:
710 1585 837 1624 vere
883 1586 1018 1641 ergo
1041 1569 1138 1624 ille
1171 1574 1280 1640 est,
1305 1573 1403 1641 qui
1440 1570 1827 1626 incommuta-

179 1657 306 1712 bilis
337 1662 451 1724 est;
486 1662 701 1713 caetera
732 1675 858 1729 qua
882 1660 953 1714 ab
985 1657 1082 1713 illo
1125 1660 1274 1714 facta
1317 1664 1475 1725 sunt,
1508 1659 1579 1714 ab
1605 1659 1700 1714 illo
1723 1675 1826 1731 pro

181 1763 279 1801 suo
314 1747 496 1801 modo
529 1763 656 1802 esse
686 1752 1055 1820 acceperunt.
1082 1748 1144 1804 Ei
1166 1764 1302 1820 ergo
1334 1748 1434 1819 qui
1465 1764 1693 1804 summe
1715 1753 1825 1816 est,

181 1853 287 1890 non
340 1841 536 1908 potest
565 1853 693 1892 esse
733 1837 1093 1892 contrarium
1129 1837 1240 1893 nisi
1268 1839 1420 1909 quod
1459 1855 1568 1893 non
1601 1841 1688 1893 est
1719 1855 1730 1892 :
1761 1853 1827 1893 ac

182 1941 276 1997 per
297 1925 405 1980 hoc
446 1926 600 1980 sicut
641 1925 712 1980 ab
755 1925 851 1981 illo
878 1931 968 1982 est
1009 1943 1180 1983 omne
1211 1927 1363 1998 quod
1399 1928 1615 1982 bonum
1646 1927 1728 1982 sic
1755 1927 1826 1982 ab

189 2013 285 2069 illo
315 2019 401 2070 est
433 2031 604 2070 omne
637 2016 790 2086 quod
824 2015 1165 2072 naturaliter
1196 2018 1325 2084 est';
1353 2017 1629 2088 quoniam
1655 2032 1828 2071 omne

185 2104 330 2175 quod
365 2103 718 2159 naturaliter
746 2109 853 2170 est,
889 2105 1107 2160 bonum
1131 2110 1239 2160 est.
1275 2105 1479 2160 Omnis
1513 2105 1708 2176 itaque
1733 2121 1827 2158 na-

183 2197 305 2247 tura
356 2191 516 2247 bona
563 2197 670 2260 est,
705 2197 761 2247 et
794 2209 966 2250 omne
1012 2195 1230 2250 bonum
1264 2210 1298 2248 a
1333 2195 1442 2248 Deo
1481 2199 1604 2249 est:
1635 2192 1828 2248 omnis

184 2296 311 2351 ergo
344 2285 562 2334 natura
592 2297 625 2335 a
659 2284 768 2335 Deo
799 2285 908 2336 est.

247 2368 484 2424 CAPUT
508 2368 621 2423 XX.
647 2400 716 2409 —
742 2370 913 2424 Dolor
939 2372 1166 2426 nonm'si
1189 2373 1242 2426 in
1267 2373 1482 2426 naturis
1505 2372 1678 2426 bonis.
1719 2376 1826 2425 Do-

185 2456 264 2512 lor
283 2462 510 2523 autem,
536 2457 690 2528 quod
716 2458 1002 2530 praecipue
1033 2459 1254 2514 malum
1292 2459 1516 2514 nonulli
1540 2460 1827 2514 arbitran-

183 2550 292 2614 tur,
318 2545 444 2602 sive
465 2548 523 2599 in
548 2546 744 2601 animo
768 2547 888 2601 sive
928 2547 986 2600 in
1011 2564 1248 2619 corpore
1271 2549 1347 2604 sit
1368 2565 1472 2604 nec
1493 2549 1618 2620 ipse
1641 2551 1832 2620 potest

183 2651 302 2690 esse
327 2636 445 2690 nisi
475 2635 534 2689 in
561 2636 786 2690 naturis
808 2635 1121 2691 bonis.lloc
1143 2637 1298 2692 enim
1322 2637 1515 2709 ipsum
1537 2638 1688 2708 quod
1716 2654 1828 2692 res-

179 2722 321 2779 istit”
339 2729 409 2779 ut
431 2723 643 2789 doleat,
669 2725 922 2795 quodam
946 2728 1117 2780 modo
1150 2732 1380 2782 recusat
1403 2745 1513 2782 non
1529 2744 1657 2784 esse
1677 2725 1828 2798 quod

181 2819 319 2880 erat,
343 2813 491 2885 quia
517 2815 734 2868 bonum
761 2813 992 2884 aliquod
1023 2819 1181 2870 erat:
1209 2816 1308 2870 sed
1347 2833 1478 2871 cum
1514 2818 1582 2872 ad
1617 2816 1830 2875 melius

181 2903 430 2974 cogitur,
467 2901 628 2957 utilis
659 2901 823 2957 dolor
853 2907 969 2969 est;
1004 2920 1136 2957 cum
1170 2905 1238 2958 ad
1272 2905 1548 2974 deterius,
1579 2905 1827 2964 inutilis.

180 2990 238 3045 In
265 2991 470 3046 animo
495 3006 631 3062 ergo
651 2989 908 3045 dolorem
933 2990 1071 3047 facit
1099 3008 1308 3048 sensus
1331 2994 1613 3050 resistens
1638 3001 1829 3068 potes-

179 3080 277 3134 tati
331 3080 546 3148 majori
573 3097 585 3134 :
610 3079 668 3133 in
702 3096 938 3151 corpore
969 3080 1224 3137 dolorem
1267 3082 1402 3138 facit
1441 3099 1651 3140 sensus
1690 3086 1830 3141 resi-

180 3173 342 3224 stens
375 3167 608 3240 corpori
630 3169 954 3240 potentiori.
991 3170 1140 3224 Sunt
1169 3175 1362 3226 autem
1398 3171 1551 3228 mala
1572 3173 1698 3229 sine
1729 3177 1831 3230 do-

180 3256 297 3313 lore
325 3258 744 3330 pejorazpejus
782 3262 869 3312 est
903 3258 1059 3312 enim
1091 3260 1340 3330 gaudere
1382 3261 1452 3315 de
1501 3261 1829 3334 iniquitate,

183 3363 360 3418 quam
375 3345 572 3401 dolere
596 3345 665 3400 de
690 3345 1058 3417 corruptione
1078 3364 1090 3402 :
1107 3352 1524 3404 verumtamem
1541 3351 1719 3406 etiam
1744 3357 1829 3407 ta-

181 3435 228 3490 le
261 3434 553 3508 gaudium
587 3451 700 3489 non
734 3439 923 3507 potest
948 3452 1075 3491 esse
1099 3436 1208 3491 nisi
1232 3454 1300 3492 ex
1320 3438 1624 3508 adeptione
1653 3441 1832 3496 bono-

183 3542 314 3581 rum
341 3524 842 3592 inferiorum;sed
877 3524 1156 3596 iniquitas
1197 3531 1286 3580 est
1329 3528 1578 3583 desertio
1631 3529 1834 3586 melio-

184 3632 338 3670 rum.
363 3617 509 3669 Item
531 3615 588 3667 in
612 3630 849 3685 corpore
874 3614 1082 3669 melius
1105 3620 1192 3670 est
1216 3615 1430 3670 vulnus
1455 3633 1589 3672 cum
1613 3618 1833 3689 dolore,

185 3721 362 3776 quam
394 3704 640 3775 putredo
655 3703 782 3758 sine
804 3703 1018 3769 dolore,
1043 3721 1169 3776 quis
1191 3705 1519 3776 specialiter
1539 3709 1835 3780 corruptio

183 3792 400 3848 dicitur
425 3808 437 3846 :
465 3808 641 3863 quam
676 3808 791 3846 non
824 3791 987 3857 vidit,
1011 3793 1066 3847 id
1091 3797 1200 3858 est,
1224 3810 1338 3848 non
1362 3811 1535 3864 passa
1555 3802 1644 3851 est
1675 3813 1834 3853 mor-

184 3887 281 3936 tua
308 3897 446 3936 caro
471 3880 894 3946 Domini,sicut
913 3881 972 3934 in
994 3881 1292 3953 prophetia
1325 3884 1664 3952 praedictum
1690 3892 1834 3952 erat,

183 3971 288 4026 Nec
325 3969 489 4025 dabis
516 3979 771 4025 sanctum
801 3973 957 4024 tuum
987 3970 1170 4026 videre
1219 3973 1630 4042 corruptionem
1660 3975 1834 4044 (Psal.

183 4075 269 4123 xv,
301 4059 416 4125 10).
444 4057 590 4114 Nam
621 4057 992 4112 vulneratum
1018 4075 1148 4114 esse
1171 4059 1493 4116 conﬁxione
1517 4061 1834 4131 clavorum,

184 4151 236 4201 et
264 4163 620 4219 percussum
653 4147 722 4202 de
754 4145 953 4202 lancea
971 4147 1103 4218 quis
1129 4153 1298 4219 negat
1317 4150 1841 4224 (Joan.xrx,18,34)?

184 4237 292 4291 Sed
329 4236 511 4291 etiam
539 4236 666 4307 ipsa
709 4253 831 4306 quae
864 4237 1094 4308 proprie
1125 4238 1196 4292 ab
1229 4238 1500 4294 omnibus
1544 4243 1840 4314 corruptio

186 4325 450 4398 corporis
475 4325 714 4388 dicitur,
737 4326 794 4380 id
815 4331 922 4389 est,
943 4326 1072 4397 ipsa
1089 4328 1352 4397 putredo,
1377 4328 1425 4382 si
1452 4329 1644 4385 adhuc
1667 4331 1842 4386 habet

185 4414 404 4485 aliquid
430 4414 585 4485 quod
615 4413 727 4469 alte
748 4420 1078 4479 consumat,
1125 4416 1345 4470 bonum
1368 4417 1683 4474 minuendo
1719 4437 1841 4475 cre-

186 4505 296 4559 scit
323 4504 646 4574 corruptio.
701 4505 862 4568 Quod
888 4507 936 4560 si
970 4505 1204 4576 penitus
1235 4505 1652 4577 absumpserit,
1695 4509 1845 4565 sicut

184 4592 417 4647 nullum
452 4591 698 4660 bonum,
752 4593 833 4646 ita
864 4592 1026 4647 nulla
1063 4598 1274 4648 natura
1323 4596 1667 4661 remanebit,
1708 4597 1844 4667 quia

177 4682 305 4750 jam
338 4681 606 4752 coruplio
638 4681 792 4748 quod
825 4687 1162 4753 corrumpat
1193 4698 1308 4737 non
1330 4683 1465 4750 erit;
1500 4689 1556 4739 et
1586 4685 1714 4740 ideo
1739 4703 1844 4742 nec

183 4769 316 4841 ipsa
347 4770 598 4840 putredo
629 4770 760 4834 erit,
794 4770 932 4841 quia
955 4771 1052 4824 ubi
1087 4771 1165 4825 sit
1185 4772 1445 4826 omnimo
1478 4789 1592 4828 non
1625 4774 1753 4830 erit.

253 4878 494 4935 CAPUT
513 4879 735 4932 XXI.—-
750 4878 968 4934 Modica
988 4896 1019 4931 η
1041 4879 1195 4934 modo
1215 4878 1380 4934 dicta.
1399 4879 1530 4934 Ideo
1553 4881 1767 4954 quippe
1789 4887 1846 4939 et

183 4982 365 5037 parva
387 4972 566 5039 atque
586 4967 930 5040 exiguajam
970 4969 1264 5023 communi
1286 4968 1559 5040 loquendi
1588 4988 1694 5026 usu
1721 4989 1843 5028 mo-

184 5055 321 5111 dica
342 5057 644 5124 dicuntur,
672 5057 807 5129 quia
831 5057 1042 5112 modus
1064 5058 1122 5111 in
1144 5057 1227 5112 eis
1249 5057 1464 5129 aliquis
1487 5059 1740 5127 restitit“,
1765 5063 1842 5116 si-

183 5161 257 5200 ne
284 5163 404 5217 quo
427 5163 542 5201 non
560 5147 683 5217 jam
709 5147 959 5214 modica,
985 5148 1084 5202 sed
1109 5147 1344 5202 omnino
1377 5147 1539 5204 nulla
1560 5155 1716 5208 sunt.
1745 5151 1848 5207 Illa

183 5239 390 5290 autem
431 5251 558 5306 quae
592 5239 826 5306 propter
866 5234 1115 5290 nimium
1159 5253 1532 5307 progressum
1573 5239 1847 5296 dicuntur

182 5321 529 5388 immodica,
589 5325 719 5394 ipsa
768 5324 1066 5379 nimietate
1115 5323 1464 5395 culpantur:
1499 5328 1598 5381 sed
1651 5334 1845 5386 tamen

180 5411 319 5483 ipsa
333 5413 511 5468 etiam
530 5413 640 5467 sub
655 5413 792 5479 Deo,
817 5412 953 5485 quia
973 5414 1168 5468 omnia
1193 5413 1250 5466 in
1275 5422 1633 5485 mensura,et
1659 5417 1718 5473 in
1737 5435 1844 5474 nu-

247 5565 269 5628 ξ
307 5563 561 5628 :Mss.hoc
589 5567 794 5613 tantum
827 5565 962 5623 Ioco,
995 5564 1131 5628 quod
1158 5563 1397 5612 naturale
1427 5567 1517 5614 est.

250 5625 276 5659 ³
307 5625 367 5672 ln
397 5625 546 5685 3183.,
580 5630 786 5676 restitit.

256 5688 279 5724 ³
316 5686 399 5737 Sic
429 5689 556 5740 Mss.
588 5689 725 5740 Editi
755 5695 952 5751 autem,
983 5689 1194 5741 resistit.
1227 5689 1404 5740 Minus
1434 5688 1589 5741 bene.

1649 348 1883 412 LIBER
1923 350 2155 414 UNUS.

3485 361 3607 422 558

1964 499 2143 553 mero,
2169 489 2223 538 et
2246 486 2495 555 pondere
2517 484 2810 555 disposuit
2840 485 2989 556 (Sap.
3013 502 3090 554 χι,
3109 487 3221 555 21),
3249 504 3487 546 necesse
3517 495 3605 546 est

1962 576 2027 626 ut
2049 572 2245 644 aliquo
2279 575 2448 628 modo
2480 575 2883 628 cohibeantur.

2029 660 2260 716 CAPUT
2282 663 2444 717 XXII.
2477 694 2545 703 —
2577 665 2774 718 Modus
2801 680 2873 718 an
2903 667 3100 735 aliqua
3121 668 3333 722 ratione
3363 670 3467 725 Deo
3498 672 3607 740 ipsi

1952 753 2420 806 conveniat.Deus
2453 759 2648 806 autem
2683 769 2786 807 nec
2817 755 3055 809 modum
3079 755 3290 812 habere
3320 757 3604 814 dicendus

1954 843 2043 894 est
2062 857 2131 895 ne
2158 841 2288 895 ﬁnis
2312 841 2439 910 ejus
2462 839 2572 895 dici
2600 846 2853 912 putetur.
2880 842 2994 898 Nec
3017 844 3146 900 ideo
3167 849 3364 901 tamen
3387 847 3600 903 immo-

1951 928 2190 983 deratus
2214 932 2324 997 est,
2351 946 2384 983 a
2406 945 2522 1001 quo
2549 931 2760 984 modus
2783 931 3058 987 omnibus
3082 932 3364 989 tribuitur
3402 936 3598 1002 rebus,

1951 1020 2016 1070 ut
2035 1016 2230 1087 aliquo
2247 1019 2419 1073 modo
2446 1035 2573 1073 esse
2595 1019 2841 1089 possint.
2862 1019 2973 1075 Nec
2996 1037 3200 1077 rursus
3229 1024 3597 1080 moderatum

1949 1111 2176 1177 oportet
2205 1106 2318 1160 dici
2349 1106 2841 1177 Deum,tanquam
2865 1107 2937 1162 ab
2963 1107 3158 1180 aliquo
3180 1111 3418 1166 modum
3444 1128 3599 1169 acce-

1949 1194 2117 1266 perit.
2142 1196 2200 1250 Si
2226 1199 2420 1250 autem
2445 1195 2711 1250 dicamus
2724 1212 2856 1250 eum
2873 1213 3152 1252 summun
3166 1201 3429 1267 modum,
3447 1201 3593 1257 forte

1949 1283 2170 1354 aliquid
2196 1283 2479 1350 dicimus;
2510 1285 2557 1339 si
2581 1296 2776 1339 tamen
2802 1286 2859 1339 in
2883 1301 2948 1341 eo
2970 1287 3124 1356 quod
3148 1287 3401 1344 dicimus
3425 1306 3593 1345 sum-

1949 1389 2108 1428 mum
2133 1372 2803 1444 modum.intelligamus
2825 1390 3124 1430 summum
3139 1376 3594 1434 bonum.0mnis

1948 1461 2102 1516 enim
2125 1462 2333 1517 modus
2356 1462 2413 1516 in
2435 1467 2724 1534 quantum
2743 1463 2952 1517 modus
2965 1464 3269 1530 est,bonus
3291 1471 3380 1520 est
3403 1483 3415 1522 :
3440 1467 3596 1523 unde

1948 1551 2144 1606 omnia
2169 1550 2488 1618 moderata,
2513 1551 2778 1606 modesta
2810 1552 3165 1618 modificata,
3188 1553 3300 1608 dici
3326 1555 3450 1610 sine
3476 1554 3598 1611 lau-

1949 1639 2019 1693 de
2047 1655 2160 1693 non
2185 1643 2470 1711 possunt;
2504 1656 2843 1712 quanquam
2869 1641 2976 1695 sub
3011 1640 3122 1696 alio
3154 1642 3449 1698 intellectu
3476 1660 3599 1699 mo-

1949 1727 2090 1782 dum
2114 1745 2216 1800 pro
2244 1728 2358 1782 fine
2380 1745 2690 1800 ponamus,
2715 1734 2771 1784 et
2792 1729 3019 1783 nullum
3044 1731 3283 1785 modum
3308 1733 3596 1804 dicamus,

1950 1816 2046 1871 ubi
2079 1817 2279 1871 nullus
2301 1822 2390 1873 est
2414 1817 2548 1872 finis
2571 1835 2583 1872 :
2606 1818 2760 1889 quod
2787 1818 3102 1889 aliquando
3121 1820 3435 1877 cumlaude
3458 1823 3598 1877 dioi-

1948 1910 2064 1975 tur,
2098 1906 2250 1960 sicut
2271 1906 2491 1961 dictum
2516 1913 2624 1972 est,
2649 1909 2713 1962 Et
2731 1910 2891 1976 regni
2909 1909 3026 1979 ejus
3046 1924 3156 1963 non
3176 1911 3280 1964 erit
3297 1911 3425 1980 ﬁnis
3442 1913 3597 1981 (Luc.

1951 2013 1989 2064 1,
2009 1995 2116 2064 33).
2142 1999 2347 2050 Posset
2373 1995 2528 2050 enim
2566 1995 2678 2050 dici
2718 1996 2916 2063 etiam,
2964 1997 3088 2052 Non
3132 1998 3242 2052 erit
3278 2000 3488 2055 modus
3536 2005 3603 2056 ut

1951 2084 2160 2139 modus
2179 2101 2280 2155 pro
2299 2084 2415 2139 fine
2446 2085 2638 2139 dictus
2663 2084 3122 2157 intelligeretur:
3157 2103 3291 2142 nam
3324 2089 3424 2158 qui
3460 2088 3600 2144 nul-

1949 2172 2004 2228 lo
2029 2173 2201 2228 modo
2232 2179 2456 2244 regnat,
2492 2189 2604 2228 non
2640 2173 2841 2244 utique
2873 2180 3096 2246 regnat.

2022 2280 2260 2336 CAPUT
2279 2279 2548 2336 XXIII.——
2575 2280 2722 2337 Unde
2737 2281 3013 2336 interdum
3037 2281 3261 2337 dicatur
3282 2283 3460 2339 malus
3479 2302 3596 2340 mo-

1949 2369 2051 2425 dus
2080 2369 2228 2424 mata
2255 2370 2482 2441 species,
2504 2371 2685 2424 malus
2697 2371 2858 2426 ordo.
2886 2370 3074 2426 Malus
3096 2387 3233 2441 ergo
3257 2373 3389 2428 mod
3401 2372 3598 2441 us,veI

1951 2459 2106 2514 mala
2136 2458 2474 2530 species,vel
2492 2457 2683 2514 malus
2696 2459 2858 2525 ordo,
2882 2460 3124 2516 antideo
3141 2461 3438 2531 dicuntur,
3459 2457 3602 2534 Quia

1955 2548 2180 2603 minora
2211 2553 2350 2602 sunt
2371 2563 2546 2619 quam
2582 2565 2712 2604 esse
2742 2550 3072 2604 debuerunt
3089 2555 3189 2605 aut
3212 2551 3350 2621 quia
3371 2569 3484 2606 non
3505 2552 3601 2607 his

1953 2638 2130 2692 rebus
2155 2636 2677 2692 accommodantur
2696 2638 2914 2709 quibus
2935 2641 3429 2695 accommodanda
3441 2645 3602 2708 sunt;

1953 2731 2017 2780 ut
2035 2727 2163 2780 ideo
2186 2726 2460 2780 dicantur
2476 2724 2792 2796 mala,quia
2813 2731 2951 2780 sunt
2973 2726 3599 2800 alienaetincongrua:

1955 2820 2240 2886 tanquam
2271 2814 2319 2868 si
2352 2813 2579 2868 dicatur
2599 2813 2816 2885 aliquis
2848 2831 2963 2869 non
2988 2815 3138 2871 bono
3172 2817 3343 2871 modo
3387 2816 3598 2887 egisse,

1955 2904 2094 2975 quia
2125 2903 2322 2958 minus
2351 2903 2470 2974 egit
2499 2919 2678 2973 quam
2706 2903 2929 2973 debuit,
2960 2909 3063 2958 aut
3091 2905 3228 2974 quia
3256 2904 3339 2960 ita
3367 2906 3486 2976 egit
3523 2906 3602 2960 si-

1955 2997 2054 3048 cut
2083 2993 2141 3048 in
2174 3008 2236 3048 re
2256 2992 2357 3047 tali
2381 3009 2493 3046 non
2516 2991 2739 3058 debuit,
2763 2991 2849 3046 vel
2887 2992 3143 3065 amplius
3177 3011 3348 3063 quam
3374 2999 3599 3066 oporte-

1955 3082 2076 3148 bat,
2098 3079 2185 3135 vel
2213 3097 2328 3135 non
2352 3081 2760 3135 convenienter
2779 3096 2792 3135 :
2813 3085 2878 3135 ut
2896 3079 3004 3136 hoc
3026 3081 3219 3152 ipsum
3237 3083 3390 3153 quod
3418 3099 3605 3154 repre-

1955 3171 2252 3242 henditur,
2278 3171 2431 3226 malo
2455 3171 2626 3226 modo
2650 3175 2867 3235 actum,
2902 3188 3015 3226 non
3040 3173 3112 3227 ob
3141 3172 3297 3227 aliud
3327 3173 3489 3243 juste
3511 3189 3602 3230 re-

1955 3261 2368 3333 prehendatur,
2393 3260 2505 3315 nisi
2530 3259 2669 3331 quia
2714 3277 2825 3316 non
2850 3265 2939 3315 est
2969 3261 3046 3316 ibi
3070 3265 3332 3317 servatus
3363 3263 3598 3320 modus.

1957 3351 2100 3404 Item
2134 3349 2356 3421 species
2389 3348 2542 3404 mala
2570 3347 2657 3404 vel
2690 3349 2747 3402 in
2780 3348 3212 3420 comparatione
3234 3349 3446 3405 dicitur
3477 3350 3597 3406 for-

1957 3439 2227 3494 mosioris
2249 3442 2424 3508 atque
2447 3437 2816 3508 pulchrioris,
2841 3439 2993 3508 quod
3018 3439 3129 3492 ista
3150 3438 3225 3493 sit
3255 3439 3448 3494 minor
3479 3455 3604 3509 spe-

1959 3528 2095 3593 cies,
2122 3525 2224 3581 illa
2252 3527 2460 3595 major,
2484 3542 2596 3580 non
2622 3525 2792 3590 mole,
2831 3527 2930 3580 sed
2971 3527 3174 3581 decore
3204 3531 3304 3581 aut
3326 3528 3465 3597 quia
3485 3545 3604 3584 non

1959 3614 2228 3686 congruit
2257 3613 2394 3668 huic
2416 3613 2497 3668 rei
2519 3613 2612 3668 cui
2632 3613 2893 3668 adhibita
2914 3620 3003 3668 est
3024 3620 3088 3669 ut
3111 3613 3303 3670 aliena
3323 3620 3379 3670 et
3399 3615 3455 3669 in
3467 3632 3604 3670 con-

1958 3704 2201 3759 veniens
2247 3702 2546 3757 videatur:
2595 3707 2876 3772 tanquam
2904 3702 2952 3757 si
2987 3704 3182 3757 nudus
3203 3703 3377 3759 homo
3400 3705 3457 3758 in
3479 3705 3604 3759 foro

1961 3791 2316 3857 deambulet,
2351 3790 2504 3862 quod
2543 3806 2656 3845 non
2711 3792 2950 3846 offendit
2997 3793 3042 3846 si
3082 3792 3142 3846 in
3172 3792 3381 3848 balneo
3422 3792 3613 3849 videa-

1961 3887 2076 3938 tur.
2104 3880 2387 3936 Similiter
2411 3885 2467 3935 et
2496 3880 2636 3935 ordo
2658 3885 2796 3935 tunc
2838 3880 3030 3935 malus
3075 3881 3307 3948 dicitur,
3339 3899 3471 3938 cum
3499 3882 3606 3938 mi-

1963 3988 2074 4026 nus
2121 3969 2247 4042 ipse
2295 3969 2436 4024 ordo
2486 3973 2797 4024 servatur:
2833 3971 2987 4025 unde
3034 3987 3149 4025 non
3204 3970 3282 4026 ibi
3314 3971 3476 4044 ordo,
3509 3972 3611 4028 sed

1963 4059 2160 4132 potius
2203 4057 2560 4113 inordinatio
2602 4057 2758 4113 mala
2789 4062 2897 4124 est,
2929 4074 3062 4114 cum
3095 4064 3197 4115 aut
3228 4061 3427 4117 minus
3457 4060 3612 4116 ordi-

1964 4154 2165 4204 natum
2217 4152 2306 4202 est
2336 4163 2513 4218 quam
2545 4147 2767 4216 debuit,
2801 4152 2903 4202 aut
2933 4165 3046 4202 non
3081 4149 3232 4204 sicut
3259 4150 3476 4204 debuit.
3503 4150 3614 4206 Ta-

1966 4253 2097 4293 men
2130 4236 2230 4292 ubi
2262 4236 2473 4307 aliquis
2498 4236 2727 4300 modus,
2748 4236 2944 4307 aliqua
2967 4239 3211 4307 species,
3235 4237 3449 4310 aliquis
3472 4239 3612 4295 ordo

1967 4331 2076 4393 est,
2100 4325 2335 4394 aliquod
2370 4325 2582 4378 bonum
2633 4329 2690 4378 et
2721 4323 2918 4394 aliqua
2941 4330 3149 4378 natura
3174 4328 3263 4380 est
3297 4341 3310 4380 :
3363 4326 3460 4380 ubi
3505 4343 3615 4381 au-

1966 4431 2057 4470 em
2077 4414 2276 4468 nullus
2296 4411 2696 4481 modus,nulla
2717 4414 2960 4482 species,
2975 4412 3173 4467 nullus
3194 4413 3335 4468 ordo
3357 4419 3464 4480 est,
3481 4413 3612 4469 nul-

1967 4504 2090 4558 lum
2125 4503 2362 4564 bonum,
2396 4500 2557 4555 nulla
2580 4505 2787 4555 natura
2816 4515 2922 4555 est.

2039 4609 2272 4665 CAPUT
2306 4605 2502 4662 XXIV.
2523 4636 2593 4647 —-
2633 4608 2973 4663 Testimoniis
3001 4608 3305 4679 Scripturae
3342 4611 3620 4678 probatur

1970 4703 2142 4756 Deum
2172 4714 2286 4753 esse
2331 4695 2846 4765 incommutalilem,
2868 4699 3072 4752 Filium
3093 4700 3189 4753 Dei
3209 4715 3324 4754 esse
3347 4701 3618 4771 genitum,

1971 4805 2080 4844 non
2108 4789 2339 4858 factum.
2368 4789 2498 4840 Haec
2522 4802 2646 4855 quae
2678 4790 2875 4841 nostra
2900 4786 3044 4842 ﬁdes
3073 4786 3272 4855 habet,
3296 4793 3354 4842 et
3396 4793 3622 4843 utcum-

1973 4893 2085 4948 que
2116 4875 2260 4930 ratio
2283 4873 2605 4945 vestigavit,
2639 4874 2966 4930 divinarum
2993 4876 3426 4947 Scripturarum
3459 4875 3621 4930 testi-

1974 4965 2187 5022 moniis
2239 4962 2559 5018 munienda
2589 4966 2754 5018 sunt:
2776 4965 2955 5035 utqui
2979 4980 3048 5019 ea
3077 4965 3301 5019 minore
3323 4964 3620 5019 intellectu

1975 5054 2206 5127 assequi
2239 5069 2352 5107 non
2388 5057 2655 5123 possunt,
2684 5053 2892 5108 divinas
2915 5054 3245 5108 auctoritati
3273 5054 3529 5121 credant,
3558 5055 3618 5106 et

1975 5146 2047 5201 ob
2079 5145 2187 5199 hoc
2209 5141 2534 5213 intelligere
2557 5142 3025 5208 mereantur.Qui
3047 5147 3239 5197 autem
3262 5139 3618 5211 intelligunt,

1976 5235 2074 5290 sed
2107 5230 2519 5288 ecclesiasticis
2546 5229 2778 5286 Litteris
2802 5231 2998 5286 minus
3019 5229 3285 5286 instructi
3309 5233 3468 5298 sunt,
3495 5244 3618 5283 ma-

1977 5327 2066 5397 gis
2089 5341 2156 5378 ea
2180 5340 2285 5378 nos
2309 5339 2376 5377 ex
2390 5327 2588 5377 nostro
2607 5322 2900 5377 intellectu
2923 5323 3195 5392 proferre,
3230 5320 3481 5390 quamin
3499 5319 3619 5376 illis

1980 5413 2165 5469 Libris
2186 5427 2334 5472 esse.
2382 5427 2494 5465 non
2519 5410 2894 5466 arbitrentur.
2923 5415 3120 5480 Itaque
3160 5408 3342 5463 Deum
3365 5425 3495 5463 esse
3525 5408 3619 5463 in-

1979 5499 2480 5563 commutabilem,
2507 5500 2591 5553 sic
2613 5499 2894 5568 scriptum
2917 5505 3006 5552 est
3037 5500 3092 5551 in
3119 5497 3361 5551 Psalmis
3387 5513 3399 5552 :
3436 5501 3622 5552 Muta-

1981 5593 2059 5648 bis
2080 5609 2166 5659 ea,
2190 5595 2241 5646 et
2257 5588 2638 5648 mutabuntur;
2661 5591 2844 5640 autem
2867 5588 3010 5641 idem
3038 5589 3152 5657 ipse
3173 5603 3224 5641 es
3247 5586 3620 5658 (Psal.cr,27).

1983 5687 2048 5738 Et
2064 5682 2124 5737 in
2141 5681 2288 5736 libro
2303 5675 2606 5749 Sapientia
2622 5677 2692 5731 de
2713 5676 2843 5749 ipsa
2861 5677 3193 5750 Sapientia:
3219 5678 3278 5732 In
3293 5691 3347 5732 se
3358 5677 3474 5752 ipso
3504 5693 3623 5745 ma.
