4056 6178
456 333 579 393 559

457 480 595 520 nens
608 466 832 519 innovat
846 466 1031 519 omnia
1043 463 1575 535 (Sap.x1127).Unde
1589 466 1645 517 et
1661 462 1959 534 apostolus
1974 462 2113 518 Pau-

460 552 908 617 luszlnvisibili,
960 554 1378 625 incorruptibili
1416 554 1522 609 soli
1565 554 1737 623 Deo(I
1775 554 1969 617 Tim.1,
1998 553 2109 620 17).

464 643 535 698 Et
556 642 857 714 apostolus
878 643 1134 699 Jacobus
1163 660 1175 698 :
1203 644 1374 699 Omne
1401 644 1870 713 datumoptimun,
1887 656 1940 698 et
1958 658 2115 697 omne

463 731 666 787 donum
681 734 983 804 perfectum
1003 732 1287 787 desursum
1311 737 1416 799 est,
1435 732 1761 788 descendens
1782 748 1816 786 a
1830 733 1997 786 Patre
2025 732 2113 785 lu-

465 823 703 891 minum,
730 822 876 892 apud
906 838 1065 893 quem
1088 838 1196 877 non
1232 828 1313 877 est
1338 822 1713 893 commutatio,
1737 837 1835 876 nec
1858 822 2118 876 momenti

467 912 812 968 obumbratio
852 912 1060 983 (Jacobi
1098 928 1137 979 ι,
1177 913 1285 984 17).
1314 913 1455 967 Item
1488 913 1628 984 quia
1658 912 1716 967 id
1763 912 1918 984 quod
1956 911 2025 966 de
2058 926 2119 965 se

469 1001 691 1073 genuit,
724 1000 833 1057 hoc
854 1005 943 1057 est
959 1002 1112 1074 quod
1136 1001 1261 1074 ipse
1281 1005 1389 1067 est,
1414 1000 1749 1074 istaabipso
1770 1000 1909 1057 Filio
1933 998 2116 1055 brevi-

466 1092 557 1145 ter
572 1089 824 1146 dicitur:
857 1090 968 1160 Ego
1016 1100 1068 1147 et
1110 1093 1274 1147 Pater
1306 1108 1481 1147 unum
1508 1107 1696 1147 sumus
1717 1091 1900 1163 (Joan.
1925 1108 1981 1159 x,
2004 1089 2115 1162 30).

468 1178 616 1244 Quia
644 1184 819 1234 auten
843 1196 960 1235 non
983 1182 1072 1235 est
1102 1179 1288 1236 factus
1316 1178 1521 1248 Filius,
1544 1180 1759 1252 quippe
1780 1196 1913 1235 cum
1939 1176 2119 1251 peril-

466 1265 593 1323 lum
623 1267 775 1323 facta
799 1268 919 1323 sint
939 1268 1280 1337 omnia;sio
1324 1269 1608 1341 scriptum
1655 1272 1867 1326 esttln
1912 1269 2120 1342 princi-

465 1358 558 1429 pio
596 1365 714 1414 erat
748 1358 998 1427 Verbum,
1031 1362 1081 1414 et
1112 1358 1349 1415 Verbum
1386 1362 1505 1414 erat
1552 1359 1699 1431 apud
1744 1360 1935 1428 Deum,
1983 1360 2123 1415 Deus

471 1454 589 1501 erat
625 1446 878 1513 Verbum;
910 1447 1007 1502 hoc
1036 1452 1155 1503 erat
1184 1448 1243 1502 in
1286 1450 1563 1519 principio
1594 1448 1745 1520 apud
1774 1450 1963 1505 Deum.
1998 1448 2123 1503 0m-

473 1537 573 1590 nia
597 1551 697 1607 per
725 1537 909 1607 ipsum
928 1538 1082 1607 facta
1100 1544 1250 1604 sunt,
1282 1539 1469 1592 etsine
1493 1539 1606 1609 ipso
1635 1540 1850 1608 factum
1878 1543 1959 1593 est
1978 1538 2125 1593 nihil

476 1623 577 1696 (Id.
612 1641 651 1694 ι,
686 1624 796 1696 1-3)
823 1624 909 1679 :id
942 1629 1029 1680 est
1062 1642 1176 1681 non
1208 1626 1547 1682 estfactum
1571 1626 1696 1682 sine
1730 1628 1858 1700 ipso
1880 1627 2123 1699 aliquid.

551 1731 780 1787 CAPUT
818 1730 1232 1789 XXV.—-Illud
1251 1734 1563 1805 Evangelii,
1594 1734 1729 1791 Sine
1752 1734 1877 1807 ipso
1910 1736 2128 1791 factum

481 1825 574 1877 est
602 1819 770 1887 nihil,
807 1822 953 1877 male
984 1822 1320 1879 intellectum
1351 1841 1385 1879 a
1406 1824 1714 1881 nonnullis.
1744 1824 1942 1896 Neque
1974 1823 2130 1880 enim

483 1910 777 1966 audienda
807 1915 945 1967 sunt
974 1910 1359 1970 deliramenta
1380 1912 1710 1981 hominum,
1736 1914 1834 1987 qui
1858 1915 2004 1969 nihil
2021 1913 2131 1970 hoc

482 1999 609 2056 loco
633 1999 851 2071 aliquid
878 2000 1323 2074 intelligendum
1363 2006 1591 2076 putant,
1624 2007 1680 2059 et
1706 2004 1776 2060 ad
1791 2002 2132 2075 bujusmodi

482 2090 795 2145 vanitatem
815 2094 1118 2161 prepterea
1135 2096 1343 2163 putant
1364 2094 1487 2164 cogi
1512 2110 1682 2165 posse
1703 2092 1978 2165 aliquem,
1998 2094 2136 2166 quia

483 2177 679 2251 ipsum
696 2180 841 2234 nihil
871 2180 929 2234 in
965 2180 1079 2235 fine
1102 2182 1404 2236 sententia:
1434 2182 1686 2253 positum
1719 2187 1826 2238 est.
1861 2184 2009 2254 Ergo
2040 2183 2135 2237 in-

486 2267 945 2339 quiunt,factum
968 2276 1072 2324 est.
1090 2269 1339 2325 Sensum
1360 2271 1518 2326 enim
1541 2272 1923 2342 perdiderunt
1940 2271 2135 2327 studio

485 2356 1053 2425 contradicendi,nec
1085 2358 1423 2430 intelligunt
1453 2359 1598 2414 nihil
1623 2361 1902 2416 interesse
1935 2365 2135 2415 utrum

489 2444 731 2501 dicatur.
765 2445 895 2502 Sine
916 2446 1013 2502 illo
1041 2449 1247 2518 factum
1270 2451 1347 2503 est
1376 2449 1521 2503 nihil
1540 2465 1561 2510 ;
1580 2466 1673 2517 an,
1704 2450 1836 2505 Sine
1866 2450 1963 2504 illo
1991 2450 2137 2505 nihil

489 2537 674 2607 facum
704 2539 785 2591 est
818 2552 829 2590 :
864 2535 1003 2607 quia
1032 2540 1089 2591 et
1110 2537 1156 2591 si
1181 2536 1279 2592 illo
1326 2537 1528 2593 ordine
1569 2538 2013 2604 diceretur,Sine
2042 2540 2139 2595 illo

491 2625 639 2679 nihil
667 2627 874 2695 factum
896 2634 973 2681 est
997 2642 1009 2679 :
1038 2634 1270 2697 possent
1291 2625 1676 2683 nihilominus
1698 2628 1908 2693 dicere,
1942 2629 2137 2700 ipsum

496 2713 641 2771 nihil
660 2714 881 2786 aliquid
905 2715 1202 2787 esse,quia
1224 2716 1440 2771 factum
1465 2718 1741 2782 εει.ουοά
1767 2719 1923 2774 enim
1946 2735 2142 2775 revera

498 2806 589 2859 est
620 2803 865 2875 aliquid,
899 2804 1041 2875 quid
1062 2804 1306 2859 interest
1320 2805 1612 2861 utrumita
1632 2806 2139 2873 dicatur,Sineillo

499 2892 653 2947 facta
675 2892 1015 2959 estdomus;
1041 2910 1137 2958 an,
1160 2893 1299 2948 Sine
1324 2892 1423 2948 illo
1444 2894 1657 2950 domus
1677 2899 1765 2950 est
1789 2896 1937 2951 facta
1962 2914 1974 2951 :
1997 2898 2139 2952 dum

499 2979 863 3051 intelligatur
882 2980 1101 3052 aliquid
1120 2982 1245 3036 sine
1266 2980 1366 3037 illo
1385 2983 1535 3037 factu
1546 2984 1782 3054 m,quod
1801 2983 2022 3057 aliquid
2046 2987 2143 3042 do-

500 3085 634 3124 mus
655 3074 743 3124 est
758 3070 785 3123 ‘I
812 3070 897 3125 Ita
917 3070 1055 3141 quia
1075 3071 1298 3125 dictum
1318 3073 1567 3137 est,LGe
1596 3074 1693 3127 illo
1710 3074 1923 3142 factum
1942 3080 2021 3130 est
2046 3078 2138 3131 ni-

500 3155 607 3219 hil;
629 3158 907 3227 quoniam
930 3158 1076 3213 nihil
1100 3158 1301 3231 utique
1339 3176 1454 3215 non
1495 3165 1583 3216 est
1626 3160 1869 3233 aliquid,
1906 3167 2140 3235 quando

495 3261 629 3302 vere
654 3251 746 3301 est
776 3246 1006 3319 preprie
1028 3246 1275 3303 dicitur:
1298 3248 1417 3304 sive
1446 3249 1696 3318 dicatur,
1734 3251 1863 3307 Sine
1904 3254 2001 3309 illo
2022 3256 2143 3326 fae-

492 3343 616 3391 tum
634 3345 711 3391 est
742 3336 912 3399 nihil;
934 3336 1217 3404 sive,Sine
1240 3337 1343 3393 illo
1356 3339 1499 3394 nihil
1517 3343 1725 3410 factum
1741 3350 1837 3407 est,
1864 3342 1973 3412 vel,
1996 3344 2143 3401 nihil

491 3428 570 3481 est
594 3428 829 3497 factum;
843 3425 988 3481 nihil
1012 3426 1269 3482 interest.
1293 3429 1434 3495 Quis
1447 3434 1641 3485 autem
1664 3430 1803 3487 velit
1824 3431 1984 3504 loqui
2004 3450 2139 3490 cum

492 3513 854 3582 hominibus,
878 3516 975 3589 qui
1008 3515 1118 3572 hoc
1141 3516 1337 3588 ipsum
1380 3518 1531 3589 quod
1547 3518 1683 3591 dixi,
1704 3520 1858 3575 Nihil
1877 3522 2136 3597 interest,

488 3611 740 3678 possunt
760 3607 971 3673 dicere,
990 3608 1135 3680 Ergo
1162 3608 1404 3665 interest
1425 3608 1816 3682 aliquid,quia
1834 3612 2027 3683 ipsum
2047 3616 2135 3670 ni-

488 3693 573 3749 hil
586 3694 803 3767 aliquid
819 3696 936 3751 est?
948 3696 1015 3751 Hi
1028 3702 1222 3753 autem
1238 3699 1793 3770 quiisanumbabent
1807 3705 2133 3775 cerebrum,

486 3800 610 3840 rem
633 3785 1175 3841 manifestissimam
1197 3787 1530 3853 vident,hoc
1554 3788 1707 3843 idem
1730 3789 1974 3863 intelligi
1999 3810 2134 3849 cum

488 3873 626 3940 dixi,
651 3873 807 3929 Nihil
846 3874 1107 3941 interest,
1132 3876 1285 3947 quod
1328 3875 1749 3946 intelligeretur
1776 3878 1822 3933 si
1856 3880 2132 3949 dicerem,

487 3961 733 4018 Interest
754 3961 919 4018 nihil.
943 3965 1015 4018 At
1038 3963 1133 4018 isti
1151 3964 1201 4018 si
1226 3962 1398 4018 alicui
1422 3965 1640 4034 dicant,
1657 3966 1805 4031 Quid
1830 3969 2057 4025 fecisti?
2078 3977 2134 4026 et

483 4049 581 4107 ille
611 4052 980 4122 respondeat,
1004 4052 1148 4106 nihil
1164 4070 1225 4108 se
1241 4052 1444 4109 fecisse
1467 4072 1479 4109 :
1500 4071 1863 4129 consequens
1886 4064 1976 4115 est
1998 4064 2062 4114 ut
2082 4060 2133 4116 ei

483 4139 919 4196 calumnientur
947 4141 1223 4211 dicentes,
1287 4142 1491 4199 Fecisti
1529 4160 1664 4216 ergo
1718 4146 1961 4219 aliquid,
1996 4148 2135 4219 quia

482 4226 628 4283 nihil
660 4228 878 4297 fecisti;
916 4229 1111 4302 ipsum
1148 4231 1303 4287 enim
1336 4231 1483 4286 nihil
1526 4234 1745 4305 aliquid
1777 4241 1881 4291 est.
1908 4239 2133 4294 Habent

480 4323 673 4375 autem
697 4323 755 4375 et
786 4320 978 4391 ipsum
1011 4320 1322 4377 Dominum
1353 4322 1411 4376 in
1436 4322 1550 4377 fine
1573 4327 1872 4380 sententiis
1908 4344 2130 4399 ponen-

478 4410 598 4463 tem
638 4408 745 4464 hoc
776 4409 1042 4478 verbum,
1075 4410 1297 4476 ubisit,
1324 4426 1336 4465 :
1365 4411 1429 4465 Et
1459 4412 1518 4465 in
1547 4414 1750 4469 occulto
1772 4414 1983 4471 locutus
2009 4434 2129 4473 sum

478 4496 626 4551 nihil
650 4498 931 4568 (Id.xvm,
960 4498 1074 4570 20).
1100 4499 1251 4569 Ergo
1282 4498 1500 4571 legant,
1530 4506 1587 4556 et
1614 4506 1861 4559 taceant.

551 4584 785 4641 CAPUT
824 4586 1015 4643 XXVI.
1050 4618 1119 4629 —
1150 4588 1440 4644 Creaturas
1470 4605 1540 4644 ex
1568 4592 1751 4648 nihilo
1786 4596 1962 4664 factas
1990 4612 2123 4653 esse.

477 4673 624 4738 Quia
650 4691 787 4747 ergo
810 4676 957 4731 Deus
973 4676 1170 4733 omnia
1191 4694 1319 4749 quis
1339 4695 1450 4734 non
1477 4680 1547 4734 de
1571 4697 1631 4735 se
1648 4682 1868 4753 genuit,
1893 4685 1993 4739 sed
2023 4702 2128 4756 per

474 4761 732 4819 Verbum
755 4781 931 4820 suum
955 4765 1228 4834 fecit,non
1253 4767 1323 4822 de
1346 4767 1437 4823 his
1452 4768 1625 4825 rebus
1648 4772 1914 4841 quanjam
1937 4780 2123 4844 erant,

473 4854 575 4910 sed
607 4854 677 4910 de
698 4852 790 4909 his
813 4870 938 4925 quas
961 4854 1198 4911 omnino
1222 4873 1336 4912 non
1360 4861 1545 4925 erant,
1586 4859 1691 4915 hoc
1709 4865 1815 4931 est,
1845 4862 1915 4917 de
1943 4864 2123 4921 nihilo

470 4943 627 5015 fecit,
650 4942 733 4999 ita
752 4942 895 4999 dicit
920 4944 1231 5015 Apostolus
1255 4962 1268 5001 :
1297 4946 1403 5015 Qui
1432 4955 1584 5003 vocat
1606 4964 1669 5004 ea
1690 4966 1809 5021 quae
1831 4967 1940 5007 non
1971 4958 2119 5022 sunt,

469 5037 738 5105 tanquam
766 5035 914 5089 sunt'
940 5034 1111 5105 (Rom.
1133 5052 1207 5102 1v,
1235 5036 1343 5101 17).
1375 5036 1649 5107 Apertius
1670 5044 1864 5095 autem
1891 5040 1946 5095 in
1972 5040 2120 5099 libro

470 5122 935 5179 Machabaaorum
968 5124 1250 5196 scriptum
1275 5128 1399 5180 est:
1434 5125 1542 5181 Oro
1572 5132 1647 5193 te,
1678 5128 1783 5197 ﬁli,
1811 5133 2022 5201 respice
2052 5133 2121 5189 ad

469 5214 688 5282 caelum,
721 5218 771 5267 et
784 5224 1015 5277 terram,
1047 5221 1099 5267 et
1128 5214 1315 5267 omnia
1345 5228 1471 5284 quae
1502 5215 1562 5268 in
1589 5217 1665 5270 eis
1694 5221 1821 5272 sunt
1850 5238 1872 5273 .’
1896 5222 2035 5287 vide,
2070 5225 2120 5277 et

468 5302 601 5357 scito
626 5303 759 5374 quia
807 5318 916 5357 non
960 5305 1137 5367 erant,
1182 5318 1251 5357 ex
1298 5303 1497 5373 quibus
1545 5320 1645 5359 nos
1690 5308 1819 5377 fecit
1856 5310 2121 5366 Dominus

469 5387 605 5443 Deus
632 5391 704 5461 (II
750 5392 990 5447 Machab.
1016 5409 1117 5461 vn,
1151 5392 1263 5463 28).
1306 5392 1377 5446 Et
1407 5391 1548 5447 illud
1597 5396 1751 5464 quod
1796 5396 1851 5450 in
1883 5398 2115 5456 Psalmo

470 5478 754 5549 scriptum
781 5485 890 5553 est,
913 5485 1034 5553 Ipse
1062 5482 1230 5549 dixit,
1263 5484 1314 5537 et
1342 5482 1492 5551 [acta
1522 5487 1652 5538 sunt
1683 5486 1853 5556 (Psal.
1886 5504 2111 5558 cxnvm,

530 5672 551 5742 ἕ
582 5671 668 5726 Sic
696 5673 815 5723 Mss.
849 5675 985 5728 Editi
1015 5692 1161 5740 vero.
1193 5683 1439 5745 tanquam
1469 5693 1528 5731 ea
1557 5695 1667 5746 quae
1693 5686 1830 5734 sunt.

1055 334 1160 394 DE
1204 332 1525 394 NATURA
1574 330 1759 391 ΒΟΝΙ
1805 329 2117 392 CONTRA
2161 328 2668 405 MANICHzEOS,
2703 331 2769 392 S.
2817 327 3245 393 AUGUSTINI

3478 104 3501 135 ε.

3709 336 3809 399 560

2214 464 2297 533 5):
2330 464 2705 519 manifestum
2725 466 2835 530 est,
2854 464 3008 535 quod
3024 479 3138 517 non
3162 462 3231 517 de
3254 476 3313 517 se
3333 460 3441 518 ista
3457 464 3817 535 genuerit,sed

2216 551 2275 607 in
2291 554 2464 608 verbo
2484 559 2659 625 atque
2680 554 2925 625 imperio
2946 552 3329 617 fecerit.Quod
3348 558 3533 609 autem
3547 571 3654 609 non
3670 556 3731 611 de
3749 575 3818 627 se,

2220 642 2420 713 utique
2442 643 2512 697 de
2535 642 2739 697 nihilo.
2768 643 2892 698 Non
2915 643 3071 698 enim
3104 648 3228 697 erat
3258 641 3412 697 aliud
3446 644 3592 699 unde
3620 644 3823 713 faceret,

2220 732 2290 786 de
2305 748 2416 801 quo
2439 732 2807 803 apertissime
2829 732 3143 804 Apostolus
3162 730 3301 786 dicit
3318 748 3330 787 :
3347 735 3613 803 Quoniam
3632 736 3824 806 exipso,

2220 824 2271 875 et
2292 837 2390 888 per
2409 823 2607 892 ipsum,
2632 828 2687 876 et
2707 825 2768 877 in
2790 824 2907 893 ipso
2925 825 3053 877 sunt
3082 823 3273 876 omnia
3300 822 3476 893 (Rom.
3502 840 3575 890 χι,
3601 824 3703 895 36).

2295 912 2524 968 CAPUT
2542 913 2736 968 XXVII
2749 944 2833 970 .--
2850 918 2926 967 Ex
2944 914 3069 985 ipso
3091 916 3143 968 et
3164 918 3240 968 De
3256 914 3381 983 ipso
3402 931 3507 969 non
3528 916 3664 970 idem
3681 918 3829 985 signi-

2225 1000 2413 1072 ﬁcare.
2429 1003 2512 1057 Ea:
2531 1005 2647 1072 ipso
2670 1007 2864 1058 autem
2890 1019 3005 1058 non
3028 1003 3132 1057 hoc
3155 1002 3617 1074 significat,quod
3633 1006 3827 1077 Deipso.

2227 1090 2388 1155 Quod
2413 1092 2568 1148 enim
2584 1092 2655 1149 de
2670 1092 2796 1164 ipso
2815 1096 2921 1158 est,
2938 1096 3131 1164 potest
3153 1092 3265 1147 dici
3288 1108 3355 1148 ex
3371 1091 3521 1164 ipso:
3541 1110 3646 1149 non
3661 1100 3831 1151 autem

2227 1197 2399 1238 omne
2443 1183 2601 1254 quod
2639 1199 2708 1238 ex
2740 1182 2868 1254 ipso
2916 1185 3024 1252 est,
3044 1186 3197 1237 recte
3235 1180 3448 1236 dicitur
3495 1182 3564 1238 de
3598 1182 3733 1254 ipso.
3770 1186 3838 1239 Ex

2228 1270 2356 1343 ipso
2372 1272 2528 1327 enim
2552 1270 2763 1327 coelum
2785 1276 2841 1326 et
2862 1272 3182 1341 terra,quia
3197 1270 3323 1342 ipse
3343 1270 3479 1326 fecit
3506 1286 3572 1327 ea
3595 1288 3607 1325 :
3632 1288 3735 1326 non
3756 1288 3838 1327 au-

2227 1364 2345 1415 tem
2367 1361 2437 1416 de
2458 1360 2748 1432 ipso,quia
2769 1377 2883 1416 non
2906 1360 2977 1416 de
2998 1360 3331 1416 substantia
3345 1360 3841 1433 sua.Sicutaliquis

2232 1449 2406 1504 homo
2428 1449 2478 1505 si
2500 1450 2701 1522 gignat
2723 1449 2997 1517 ﬁlium,et
3010 1449 3531 1519 faciatdomum,ex
3550 1449 3671 1521 ipso
3690 1449 3840 1518 Illius,

2231 1555 2302 1594 ex
2325 1539 2453 1609 ipso
2478 1540 2687 1594 domus
2715 1554 2726 1595 :
2752 1539 2851 1594 sed
2873 1538 3029 1593 ﬁlius
3048 1539 3117 1594 de
3139 1538 3286 1611 ipso,
3312 1540 3522 1599 domus
3551 1538 3618 1593 de
3637 1543 3778 1595 terra
3796 1543 3846 1596 st

2234 1626 2415 1699 ligno.
2432 1626 2542 1681 Sed
2559 1627 2666 1682 hoc
2689 1626 2827 1698 quia
2849 1627 3023 1683 homo
3044 1630 3153 1693 est,
3172 1627 3272 1699 qui
3299 1643 3413 1683 non
3439 1632 3622 1699 potest
3642 1625 3841 1698 aliquid

2233 1717 2407 1772 etiam
2433 1716 2502 1771 de
2544 1716 2725 1771 nihilo
2752 1716 2937 1772 facere
2960 1733 2973 1771 :
2998 1717 3152 1772 Deus
3187 1720 3383 1772 autem
3424 1734 3493 1772 ex
3522 1733 3629 1788 quo
3655 1716 3847 1788 omnia,

2235 1822 2339 1878 per
2360 1821 2533 1878 quem
2566 1806 2784 1877 omnia,
2816 1805 2875 1861 in
2917 1823 3031 1877 quo
3053 1806 3272 1872 omnia,
3305 1824 3419 1862 non
3453 1822 3596 1879 opus
3626 1806 3853 1863 habebat

2237 1894 2432 1967 aliqua
2449 1896 2715 1966 materia,
2734 1912 2911 1967 quam
2934 1895 3059 1968 ipse
3080 1912 3196 1952 non
3220 1897 3453 1963 fecerat,
3472 1896 3562 1967 adj
3573 1896 3723 1952 uvari
3743 1911 3850 1952 om-

2237 1984 2617 2056 nipotentiam
2644 2002 2836 2041 suam.

2307 2073 2534 2130 CAPUT
2554 2073 2803 2129 XXVIII.
2836 2105 2905 2117 —-
2935 2079 3168 2131 Peccata
3189 2091 3299 2132 non
3332 2091 3402 2131 ex
3425 2075 3549 2141 Deo,
3580 2074 3671 2130 sed
3698 2090 3759 2130 ea:
3774 2090 3856 2132 υο-

2241 2166 2950 2236 luntateessepeecantium.
2980 2164 3125 2220 Cum
3148 2170 3347 2222 autem
3372 2164 3862 2232 audimus,0mnia

2238 2274 2313 2312 eo:
2331 2258 2465 2327 ipso,
2499 2265 2549 2312 et
2562 2272 2661 2328 per
2680 2259 2939 2328 ipsum,et
2958 2259 3017 2312 in
3034 2258 3175 2329 ipso;
3198 2273 3409 2313 omnes
3426 2257 3626 2328 utique
3651 2263 3864 2313 naturas

2243 2346 2567 2417 intelligere
2601 2346 2883 2402 debemus
2933 2363 3060 2417 quas
3105 2348 3458 2402 naturaliter
3495 2350 3655 2403 sunt.
3695 2347 3868 2416 Neque

2244 2436 2399 2490 enim
2439 2451 2507 2490 ex
2535 2435 2662 2507 ipso
2692 2440 2834 2492 sunt
2863 2440 3121 2508 peccata,
3156 2450 3282 2507 qua
3318 2440 3597 2492 naturam
3628 2450 3737 2490 non
3765 2450 3865 2490 ser-

2243 2530 2400 2591 vant,
2424 2526 2523 2581 sed
2547 2525 2771 2595 vitiant,
2799 2543 2927 2597 quae
2952 2529 3187 2597 peccata
3206 2542 3274 2581 ex
3296 2525 3602 2581 voluntate
3625 2541 3745 2580 esse
3764 2539 3872 2596 pec-

2246 2615 2507 2671 cantium
2550 2614 2755 2671 multis
2787 2615 2979 2671 modis
3010 2621 3212 2670 sancta
3251 2615 3565 2687 Scriptura
3618 2618 3865 2683 testatur,

2246 2705 2535 2777 praecipue
2581 2704 2680 2760 illo
2724 2704 2847 2760 loco
2900 2722 3017 2776 quo
3043 2704 3185 2760 dicit
3214 2704 3872 2777 Apostolus:E.cistimas

2246 2803 2429 2850 autem
2458 2796 2572 2864 hoc,
2594 2810 2630 2850 ο
2660 2796 2835 2862 homo,
2894 2796 2990 2865 qui
3023 2794 3244 2864 judicas
3279 2810 3373 2851 eos
3412 2796 3512 2866 qui
3542 2794 3678 2849 talia
3697 2800 3869 2866 agunt,

2245 2887 2383 2956 facis
2402 2900 2484 2949 ea,
2508 2886 2769 2955 quoniam
2789 2889 2851 2939 tu
2877 2884 3103 2955 eﬂugies
3115 2885 3401 2955 judicium
3419 2883 3561 2940 Dei?
3592 2885 3673 2939 Αη
3691 2882 3871 2938 divini-

2245 2980 2327 3031 tas
2370 2979 2732 3047 benignitatis
2786 2982 2839 3033 et
2891 2978 3177 3047 patientiae
3223 2978 3345 3048 ejus
3408 2982 3460 3032 et
3508 2974 3875 3047 longanimatis

2246 3070 2569 3135 contemnis,
2603 3070 2864 3136 ignorans
2890 3069 3150 3140 quoniam
3187 3071 3465 3142 patientia
3493 3070 3593 3125 Dei
3624 3070 3696 3124 ad
3722 3066 3875 3134 pani-

2245 3159 2473 3212 tentiam
2498 3165 2550 3212 te
2578 3157 2843 3212 adducit?
2883 3157 3190 3213 Secundum
3214 3158 3496 3214 duritiam
3512 3162 3700 3214 autem
3714 3154 3872 3212 cordis

2246 3248 2329 3301 tui
2347 3255 2398 3302 et
2427 3262 2516 3302 cor
2547 3247 3251 3317 impenitens,lhesauriz.as
3286 3249 3398 3303 tibi
3425 3254 3573 3303 iram
3604 3250 3664 3302 in
3691 3246 3775 3302 dei
3796 3247 3880 3300 ira

2244 3339 2293 3390 et
2322 3336 2665 3391 reuelationis
2696 3338 2831 3405 iusti
2856 3336 3079 3405 iudicii,
3114 3337 3227 3402 Dei.
3252 3339 3355 3407 qui
3377 3338 3569 3393 reddet
3600 3335 3881 3405 unicuique

2241 3425 2544 3481 secundum
2561 3441 2723 3496 opera
2752 3444 2855 3481 sua
2894 3427 3085 3497 (1.1.11,
3119 3428 3260 3497 3-6).

2312 3514 2544 3570 CAPUT
2566 3516 2761 3570 XXIX.
2780 3546 2843 3556 —-
2865 3517 3104 3571 Peccatis
3134 3518 3336 3573 nostris
3370 3522 3551 3573 Deum
3570 3532 3682 3572 non
3711 3514 3880 3585 inqui-

2240 3606 2389 3670 nari,
2413 3604 2526 3659 Nec
2541 3608 2760 3670 tamen,
2781 3620 2915 3659 cum
2939 3605 2998 3659 in
3018 3604 3133 3659 Deo
3155 3606 3274 3660 sint
3297 3607 3586 3661 universa
3606 3622 3733 3677 quae
3762 3618 3879 3658 con-

2239 3694 2407 3757 didit,
2423 3694 2733 3765 inquinant
2753 3710 2887 3748 eum
2910 3693 3009 3764 qui
3024 3701 3283 3764 peccant,
3310 3697 3385 3751 de
3410 3698 3588 3767 cujus
3610 3691 3878 3767 sapientia

2239 3783 2454 3837 dicitur
2480 3799 2493 3837 :
2529 3783 2763 3851 Attingit
2784 3787 2965 3837 autem
2998 3785 3190 3839 omnia
3216 3790 3456 3857 propter
3484 3803 3646 3841 suam
3675 3780 3877 3838 mundi-

2237 3874 2433 3941 tiom',
2456 3876 2505 3926 et
2535 3872 2687 3927 nihil
2719 3874 3070 3944 inquinatum
3100 3876 3161 3927 in
3190 3890 3313 3929 eam
3375 3876 3598 3930 incurit
3619 3875 3767 3945 (Sap.
3791 3885 3876 3939 vn,

2236 3963 2325 4029 24,
2355 3962 2469 4032 25).
2504 3961 2744 4032 Oportet
2776 3962 2951 4031 enim,
2986 3966 3051 4016 ut
3094 3962 3245 4017 sicut
3278 3967 3468 4019 Deum
3510 3957 3878 4031 inccorrupti-

2237 4050 2410 4105 bilem
2446 4056 2503 4107 et
2534 4051 3106 4120 incommutabilem,
3144 4052 3224 4107 ita
3254 4059 3695 4126 consequenter
3723 4051 3880 4108 etiam

2236 4139 2794 4210 incoinquinabilem
2829 4142 3158 4196 credamus.

2305 4228 2535 4284 CAPUT
2560 4228 2723 4283 XXX.
2748 4260 2813 4270 —
2840 4232 2989 4285 Bona
3016 4232 3185 4285 etiam
3208 4233 3455 4287 minima
3487 4236 3540 4289 et
3563 4240 3886 4288 terrenaesse

2235 4334 2266 4371 a
2298 4318 2422 4373 Deo.
2453 4318 2598 4381 Quia
2627 4334 2762 4373 vero
2792 4323 2849 4373 et
2881 4320 3167 4387 mimima,
3193 4320 3369 4388 bona,
3396 4320 3513 4377 hoc
3533 4326 3646 4387 est,
3669 4325 3885 4375 terrena

2234 4410 2403 4477 atque
2430 4406 2698 4462 mortalia
2715 4407 2839 4479 ipse
2854 4408 3114 4475 fecit,illo
3135 4409 3401 4480 Apostoli
3431 4410 3563 4466 loco
3580 4410 3709 4466 sine
3725 4404 3882 4463 dubi—

2233 4496 2453 4551 tatione
2475 4495 2837 4567 intelligitur,
2874 4496 2975 4551 ubi
3008 4496 3255 4569 loquens
3278 4499 3352 4555 de
3387 4500 3687 4555 membris
3709 4494 3885 4553 carnis

2233 4589 2464 4653 nostras,
2491 4587 2631 4653 Quia
2654 4587 2704 4641 si
2722 4586 3081 4659 gloriﬁcatur
3104 4604 3279 4641 unum
3300 4589 3644 4657 membrum,
3662 4600 3884 4658 congau-

2230 4674 2561 4731 dentomnia
2574 4676 2834 4743 membra;
2855 4679 2905 4730 et
2923 4677 2975 4730 si
2982 4678 3198 4747 patitur
3214 4693 3398 4732 unum
3416 4680 3890 4743 membrumwm-

2224 4767 2517 4835 patiuntur
2532 4766 2716 4819 omnia
2730 4764 3173 4829 membra;etiam
3186 4766 3296 4821 hoc
3311 4766 3395 4822 ibi
3416 4768 3527 4833 ait,
3552 4769 3697 4823 Deus
3710 4762 3881 4837 posuit

2227 4856 2492 4922 membra,
2516 4855 2798 4923 singulum
2814 4854 3056 4926 quodque
3074 4871 3261 4911 eorum
3285 4858 3343 4911 in
3368 4874 3613 4926 corpore
3630 4859 3789 4929 prout
3805 4868 3887 4909 vo-

2229 4944 2366 4999 luit:
2390 4948 2463 5011 et,
2485 4944 2621 4999 Deus
2641 4946 2966 5015 temperavit
2981 4961 3192 5017 corpus,
3222 4947 3284 5001 ei
3301 4948 3398 5001 cui
3413 4947 3613 5003 deerat
3637 4946 3885 5016 majorem

2227 5033 2483 5088 honorem
2499 5034 2656 5098 dans,
2690 5041 2752 5088 ut
2781 5050 2892 5089 non
2934 5038 3112 5090 essent
3131 5038 3387 5090 scissurm
3416 5038 3483 5092 in
3526 5052 3781 5108 corpore,
3799 5029 3889 5088 sed

2226 5122 2370 5177 idem
2398 5125 2572 5193 ipsum
2594 5128 2651 5177 ut
2664 5139 2767 5193 pro
2784 5125 3017 5179 inuicem
3035 5125 3275 5180 sollicita
3291 5127 3407 5181 sint
3429 5127 3692 5181 membra
3712 5124 3752 5195 (l
3775 5122 3883 5177 Cor.

2226 5230 2325 5277 xu,
2346 5213 2435 5282 26,
2465 5214 2545 5278 18,
2576 5213 2666 5282 24,
2696 5214 2808 5283 25).
2832 5213 2947 5268 Hoc
2964 5220 3158 5269 autem
3186 5214 3338 5285 quod
3367 5216 3460 5269 sic
3486 5217 3546 5270 in
3568 5215 3744 5272 modo
3763 5216 3817 5268 et
3833 5209 3887 5265 in

2224 5300 2416 5373 specie
2429 5305 2485 5355 et
2498 5302 2699 5356 ordine
2716 5302 3047 5357 membroru
3060 5321 3112 5357 m
3129 5304 3320 5358 carnis
3336 5302 3887 5376 laudatApostolus,

2224 5390 2487 5447 omnium
2506 5390 2854 5446 animalium
2881 5408 3053 5448 carne
3072 5393 3385 5460 invenis,et
3412 5396 3819 5450 maximorum
3838 5389 3889 5444 et

2216 5628 2313 5751 pr;
2335 5624 2611 5737 Ιὲᾰίιὶέἄεν
2629 5638 2773 5675 suam
2805 5625 3116 5677 munditiam
3141 5627 3207 5679 At
3234 5628 3357 5679 Mss.
3384 5625 3557 5690 juxta
3583 5623 3888 5689 Vulgatam,

2314 5704 2347 5751 p
2375 5703 2445 5749 er,
2572 5726 2582 5737 .

2314 5703 2445 5752 pter,
2480 5703 2582 5737 etc.
