4046 6184
218 370 333 432 565

211 508 293 561 est
324 503 737 568 immoderata,
771 503 863 559 cui
896 504 1137 558 modum
1167 502 1313 575 legis
1344 501 1633 574 imponit?
1668 500 1725 556 Si
1747 517 1860 555 non

212 598 297 651 est
325 594 628 661 deformis,
662 593 804 664 quid
840 592 1153 648 reformat?
1194 593 1251 649 Si
1286 610 1401 647 non
1452 597 1541 648 est
1572 606 1858 663 perversa,

207 682 342 757 quid
376 681 690 737 emendat?
716 681 927 737 Omnia
956 681 1112 736 enim
1144 681 1264 737 haec
1296 698 1329 735 a
1356 681 1605 747 Christo,
1640 697 1753 734 non
1776 678 1859 733 illi

206 773 282 828 rei
307 772 569 844 praestari
606 771 833 837 dicunt,
867 788 993 842 qua:
1026 772 1175 826 facta
1205 774 1294 826 est
1324 787 1358 826 a
1387 771 1587 837 Deo,et
1617 768 1858 825 arbitrio

207 861 439 936 proprio
471 861 763 932 peccando
790 861 1132 931 depravata;
1167 864 1262 915 sed
1300 859 1413 932 ipsi
1443 868 1696 926 naturae;
1743 857 1857 930 ipsi

210 951 550 1006 substantia:
583 950 705 1021 Dei,
740 966 870 1021 qua:
900 949 1010 1004 hoc
1041 954 1129 1005 est
1162 950 1313 1021 quod
1352 954 1521 1004 Deus.

274 1039 509 1094 CAPUT
534 1039 698 1094 XLII.
718 1070 786 1079 —
809 1037 1235 1095 Manichaeorum
1265 1040 1339 1093 de
1370 1040 1470 1093 Dei
1499 1047 1712 1093 natura
1739 1037 1853 1092 bla-

201 1128 480 1201 sphemiae.
508 1127 653 1194 Quid
685 1127 816 1183 istis
846 1127 1231 1200 blasphemiis
1263 1127 1586 1199 comparari
1622 1126 1855 1198 potest?

205 1216 362 1274 Nihil
392 1217 652 1287 omnino,
685 1218 787 1273 sed
812 1219 831 1254 ί
871 1216 920 1272 si
952 1216 1201 1272 aliarum
1236 1232 1637 1288 perversarum
1664 1220 1852 1272 secta-

204 1324 331 1363 rum
361 1306 806 1363 considerentur
835 1322 1088 1362 errores:
1123 1306 1171 1361 si
1205 1310 1401 1361 autem
1432 1306 1542 1361 iste
1562 1304 1673 1360 sibi
1695 1322 1855 1360 error

202 1414 262 1453 ex
294 1399 460 1469 parte
512 1394 713 1463 altera,
756 1396 827 1451 de
875 1412 992 1467 qua
1045 1395 1307 1451 nondum
1358 1394 1634 1460 diximus,
1689 1410 1852 1450 com-

204 1489 456 1561 paretur,
480 1484 671 1540 adhuc
684 1485 859 1540 etiam
890 1485 1074 1540 multo
1098 1485 1267 1556 pejus
1284 1489 1340 1539 et
1364 1482 1850 1539 exsecrabiliusin

204 1576 294 1632 Dei
328 1580 598 1631 naturam
630 1573 1038 1646 blasphemare
1059 1573 1665 1629 convincitur.Dicunt
1693 1575 1849 1628 enim

202 1665 373 1722 etiam
406 1663 721 1720 nonnullas
750 1663 1000 1734 animas,
1034 1680 1180 1735 quas
1209 1662 1414 1718 volunt
1438 1678 1566 1718 esse
1607 1663 1677 1717 de
1707 1662 1846 1718 sub-

201 1754 411 1810 stantia
446 1755 542 1809 Dei
591 1757 647 1808 et
692 1754 956 1824 ejusdem
1008 1752 1246 1808 omnino
1300 1756 1537 1823 natura»,
1571 1768 1698 1823 quas
1731 1768 1846 1807 non

202 1849 399 1917 sponte
431 1843 812 1915 peccaverint,
848 1843 944 1898 sed
978 1860 1010 1897 a
1039 1847 1209 1914 gente
1243 1842 1633 1911 tenebrarum,
1668 1858 1844 1913 quam

204 1933 335 1989 mali
366 1938 637 1988 naturam
659 1933 878 1997 dicunt,
896 1932 965 1986 ad
987 1948 1159 2004 quam
1197 1931 1599 1987 debellandam
1620 1948 1736 1987 non
1762 1930 1846 1987 ul-

207 2024 407 2092 tro,sed
430 2021 616 2093 patris
634 2020 874 2093 imperio
897 2021 1639 2092 descenderunt,superataa
1663 2028 1716 2076 el
1738 2037 1845 2091 op-

202 2128 406 2185 pressae
438 2111 578 2177 sint,
607 2110 766 2182 afﬁgi
796 2109 852 2164 in
887 2114 1169 2165 mternum
1201 2108 1374 2182 globo
1396 2108 1659 2164 horribili
1684 2114 1842 2163 tene-

202 2202 455 2256 brarum.
480 2202 564 2255 Ita
594 2199 918 2254 secundum
951 2215 1152 2255 eorum
1183 2198 1465 2271 sacrilega
1486 2198 1841 2269 vaniloquia,

205 2292 339 2347 Deus
354 2290 629 2363 seipsum
645 2289 703 2343 in
727 2289 984 2360 quadam
1003 2292 1438 2361 parteamagno
1462 2288 1614 2343 malo
1633 2288 1840 2344 libera-

200 2381 291 2444 vit,
321 2387 381 2436 et
413 2395 623 2435 rursus
654 2395 715 2434 se
746 2379 937 2449 ipsum
971 2378 1027 2433 in
1052 2378 1303 2450 quadam
1328 2381 1489 2450 parte
1521 2378 1839 2447 damnavit,

205 2487 369 2543 quam
404 2468 654 2524 liberare
693 2469 767 2523 ab
798 2468 966 2524 hoste
996 2485 1109 2523 non
1145 2468 1350 2539 potuit,
1385 2472 1440 2523 et
1462 2472 1745 2539 tanquam
1769 2469 1840 2523 de

200 2561 314 2630 ipso
348 2558 520 2614 hoste
539 2556 760 2613 devicto
776 2557 1020 2629 insuper
1038 2557 1501 2629 triumphavit.0
1532 2556 1839 2613 scelestam

201 2652 250 2702 et
274 2646 683 2703 incredibilem
726 2646 1056 2715 audaciam,
1094 2645 1235 2701 talia
1277 2647 1348 2700 de
1396 2646 1513 2702 Deo
1542 2646 1836 2716 credendi,

198 2735 323 2792 talia
352 2735 657 2808 loquendi,
690 2736 833 2791 talia
861 2734 1244 2807 prtedicandil
1291 2736 1452 2800 Quod
1485 2752 1618 2791 cum
1640 2735 1837 2791 defen-

198 2827 319 2882 dere
364 2834 680 2893 conantur,
714 2830 781 2880 ut
809 2825 867 2880 in
900 2826 1099 2897 pejora
1132 2826 1354 2879 irruant
1382 2824 1598 2881 clausis
1627 2826 1836 2896 oculis,

196 2916 389 2971 dicunt
412 2916 436 2950 ²
460 2914 625 2970 mala:
658 2918 880 2970 natura:
912 2914 1384 2969 commixtionem
1420 2914 1605 2970 facere
1634 2915 1838 2986 ista,ut

198 3004 337 3060 bona
366 3004 474 3061 Dei
509 3011 718 3059 natura
748 3008 910 3059 tanta
957 3002 1111 3058 mala
1150 3003 1433 3075 patiatur:
1478 3020 1613 3059 nam
1647 3004 1834 3077 ipsam

196 3094 334 3167 apud
367 3110 437 3149 se
465 3092 654 3165 ipsam
679 3091 827 3147 nihil
857 3092 1063 3147 horum
1098 3093 1217 3164 pati
1243 3092 1501 3164 potuisse
1530 3092 1617 3147 vel
1640 3110 1831 3165 posse.

194 3181 352 3246 Quasi
392 3183 532 3238 inde
564 3181 854 3237 laudanda
876 3182 952 3237 sit
982 3182 1836 3256 naturaincorruptibilis,quia

193 3271 305 3344 ipsa
333 3272 453 3328 sibi
487 3288 603 3327 non
636 3275 824 3339 nocet,
875 3274 932 3327 et
961 3289 1076 3326 non
1108 3271 1246 3343 quia
1275 3271 1421 3326 nihil
1453 3272 1504 3327 ei
1537 3274 1730 3328 noceri
1762 3275 1833 3330 ab

193 3360 376 3435 aliquo
414 3366 629 3434 potest.
661 3361 881 3416 Deinde
910 3362 959 3416 si
992 3366 1203 3416 natura
1231 3361 1604 3417 tenebrarum
1635 3364 1835 3420 nocuit

192 3456 404 3506 naturae
420 3450 609 3517 Dei,et
620 3455 826 3507 natura
848 3450 947 3506 Dei
967 3450 1164 3506 nocuit
1180 3457 1317 3505 natu
1327 3468 1399 3505 rae
1422 3452 1795 3508 tenebrarum
1817 3479 1832 3521 ;

191 3540 294 3595 duo
323 3557 471 3613 ergo
503 3539 659 3595 mala
689 3544 827 3595 sunt
858 3557 985 3611 quae
1014 3540 1126 3595 sibi
1148 3540 1395 3595 invicem
1428 3547 1834 3607 nocuerunt,et

192 3629 426 3686 meliore
457 3629 654 3685 animo
686 3629 795 3684 fuit
824 3646 967 3702 gens
997 3630 1390 3700 tenebrarum,
1416 3631 1555 3701 quia
1584 3635 1640 3686 et
1661 3632 1708 3686 si
1728 3648 1829 3687 no-

190 3720 312 3786 cuit,
338 3719 556 3775 nolens
585 3720 812 3787 nocuit;
846 3735 1034 3790 neque
1055 3720 1212 3774 enim
1245 3735 1470 3789 nocere,
1486 3721 1587 3775 sed
1603 3719 1715 3775 frui
1741 3738 1830 3777 vo-

189 3805 283 3862 luit
303 3808 464 3863 bono
495 3807 789 3863 Dei.Deus
820 3811 1014 3862 autem
1046 3806 1205 3863 illam
1238 3808 1603 3882 exstinguere
1624 3809 1827 3883 voluit,

190 3895 328 3952 sicut
357 3896 722 3952 Manichacus
743 3897 1110 3969 apertissime
1140 3897 1195 3952 in
1221 3898 1469 3970 epistola
1490 3898 1711 3955 ruinosi
1736 3899 1828 3956 sui

188 3984 564 4042 Fundamenti
600 3985 826 4041 delirat.
862 3985 1088 4041 Oblitus
1119 3985 1274 4042 enim
1307 3987 1460 4058 quod
1496 3987 1668 4056 paulo
1691 3993 1828 4045 ante

186 4072 420 4143 dixerat,
448 4076 525 4131 Ita
557 4083 741 4131 autem
766 4076 1139 4146 fundamenta
1166 4081 1294 4131 sunt
1313 4077 1549 4149 ejusdem
1577 4078 1827 4148 splendi-

184 4161 402 4220 dissima
434 4180 607 4234 regna
634 4181 800 4236 supra
839 4164 1081 4221 lucidam
1110 4174 1162 4222 et
1192 4165 1402 4221 beatam
1432 4170 1657 4236 terram,
1699 4178 1763 4223 ut
1791 4185 1826 4225 α

183 4254 326 4311 nullo
354 4270 607 4325 unquam
638 4256 978 4321 autmcveri,
1004 4258 1101 4309 aut
1120 4257 1338 4311 concuti
1351 4257 1563 4326 possint
1582 4276 1604 4325 ,-
1624 4261 1825 4328 postea

184 4341 351 4399 dixit:
376 4344 549 4399 Lucis
566 4358 693 4399 vero
716 4344 1049 4400 beatissima
1070 4345 1251 4413 Pater,
1275 4346 1452 4400 sciens
1470 4346 1647 4401 labem
1674 4363 1826 4416 mag-

183 4446 299 4486 nam
323 4448 396 4488 ac
430 4434 749 4487 vastitatem
778 4448 896 4503 qua
917 4448 990 4486 ea:
1018 4432 1253 4487 tenebris
1270 4438 1537 4502 surgeret,
1564 4434 1823 4491 adversus

183 4536 270 4575 sua
295 4526 493 4577 sancta
524 4521 836 4593 impendere
854 4521 1080 4587 saecula,
1101 4522 1217 4576 nisi
1233 4522 1460 4593 aliquod
1479 4526 1746 4579 eximium
1761 4542 1825 4581 ac

178 4613 514 4680 praeclarum
548 4619 599 4667 et
624 4614 828 4667 virtute
853 4620 1038 4681 potens
1070 4627 1271 4666 numen
1289 4619 1523 4683 opponat
1541 4613 1582 4680 ³,
1614 4630 1717 4685 quo
1737 4632 1823 4669 su-

178 4710 315 4770 peret
332 4701 513 4755 simul
543 4717 607 4755 ac
632 4700 872 4756 destruat
901 4704 1126 4772 stirpem
1156 4701 1526 4771 tenebrarum,
1558 4718 1667 4774 qua
1692 4718 1819 4759 eccs-

182 4792 340 4844 tincta
364 4796 637 4862 perpetua
666 4792 815 4863 quies
840 4792 979 4846 lucis
1006 4791 1201 4847 incolis
1235 4800 1546 4862 pararetur.
1582 4794 1722 4848 Ecce
1744 4794 1821 4847 ti-

182 4879 529 4935 muitlabem
546 4896 613 4934 ac
631 4878 959 4935 vastitatem
975 4879 1410 4953 impendentem
1424 4881 1652 4937 saeculis
1675 4882 1817 4938 suis.

182 4969 329 5023 Certe
358 4968 446 5024 sic
478 4972 646 5024 erant
692 4969 932 5024 fundata
961 4985 1138 5040 super
1183 4970 1439 5026 lucidam
1492 4975 1549 5026 et
1590 4972 1821 5027 beatam

181 5058 405 5129 terram,
432 5062 499 5112 ut
529 5074 563 5113 a
592 5056 752 5113 nullo
777 5074 1037 5130 unquam
1070 5059 1286 5114 moveri
1309 5064 1410 5114 aut
1437 5061 1667 5115 concuti
1690 5077 1822 5131 pos-

181 5145 335 5202 sent?
352 5147 502 5203 Ecce
522 5163 557 5202 a
583 5146 793 5203 timore
811 5163 1017 5203 nocere
1028 5145 1211 5202 voluit
1226 5146 1431 5204 vicinae
1457 5150 1821 5221 genti,quam

182 5232 473 5291 destruere
503 5240 559 5291 et
603 5236 973 5307 exstinguere
1019 5240 1263 5291 conatus
1294 5240 1403 5304 est,
1452 5241 1516 5291 ut
1544 5242 1823 5309 perpetua

182 5325 338 5394 quies
362 5324 517 5380 lucis
545 5324 753 5381 incolis
782 5325 1306 5397 pararetur.Quare
1337 5341 1450 5380 non
1483 5326 1731 5393 addidit,
1755 5328 1823 5382 Et

183 5418 525 5486 perpetuum
556 5413 897 5470 vinculum?
916 5420 1004 5471 An
1028 5414 1136 5470 illae
1159 5415 1366 5470 animas
1392 5432 1540 5487 quas
1567 5416 1627 5472 in
1650 5416 1820 5489 globo

185 5504 549 5559 tenebrarum
583 5503 642 5559 in
675 5508 953 5560 aeternum
986 5505 1246 5577 contigit,
1280 5522 1396 5560 non
1428 5510 1592 5561 erant
1617 5505 1819 5562 incolas

236 5611 253 5675 ξ
283 5611 421 5670 Vox,
449 5610 552 5672 sed,
586 5611 736 5662 abest
770 5612 837 5661 ab
860 5613 943 5661 Er.
975 5613 1141 5675 Lugd.
1174 5614 1305 5664 Ven.
1337 5614 1460 5663 Lov.
1532 5615 1596 5663 M.

236 5673 445 5733 'Editi,
490 5690 551 5725 ne
577 5676 866 5740 in_pejora
920 5673 1141 5739 imant,
1195 5675 1381 5729 clausis
1435 5675 1589 5727 oculis
1622 5676 1816 5730 dicunt.

180 5731 500 5787 Emendatur
526 5752 592 5788 ex
617 5731 740 5788 Ms's.

237 5798 259 5837 ³
282 5799 529 5866 Plerique
546 5800 695 5867 Msa,
726 5800 895 5856 lumen
923 5803 1162 5869 opponat.

1672 365 1911 428 LIBER
1952 365 2060 428 UN
2068 365 2190 428 US.

3510 363 3632 431 566

1972 498 2141 565 lucis,
2175 500 2244 554 de
2277 501 2491 573 quibus
2515 508 2712 574 aperte
2736 501 2897 569 dicit,
2923 502 3079 574 quod
3105 517 3294 558 errare
3312 517 3367 557 se
3392 519 3424 556 a
3442 504 3630 573 priore

1973 588 2159 643 lucida
2189 606 2285 645 sua
2315 600 2516 647 natura
2544 609 2719 663 passae
2749 594 2861 647 sint
2880 595 2905 646 γ
2927 592 3024 646 ubi
3059 595 3117 646 et
3147 590 3350 646 nolens
3390 598 3627 649 coactus

1967 683 2056 734 est
2087 679 2296 744 dicere,
2323 680 2611 736 liberaeas
2628 680 2925 737 voluntate
2946 681 3345 753 peccasse,qui
3372 698 3485 737 non
3500 682 3625 738 vult

1964 773 2269 839 peccatum
2304 786 2515 841 ponere
2546 769 2654 825 nisi
2680 770 2738 824 in
2766 771 3111 826 necessitate
3145 776 3363 825 naturae
3398 776 3622 827 contra-

1964 857 2090 912 riae:
2125 858 2343 929 ubique
2366 860 2632 914 nesciens
2653 859 2792 931 quid
2813 859 3168 931 loquatur,et
3187 864 3467 931 tanquam
3496 861 3618 932 ipse

1954 946 2081 1018 jam
2118 946 2380 1003 inclusus
2412 947 2489 1003 sit
2520 947 2578 1002 in
2610 948 2984 1003 tenebrarum
3017 948 3187 1020 globo
3219 965 3388 1019 quem
3428 948 3614 1021 ﬁnxit,

1962 1052 2229 1108 quaerens
2251 1054 2368 1108 qua
2383 1042 2565 1103 exeat,
2597 1041 2655 1093 et
2679 1054 2795 1093 non
2813 1037 3135 1093 inveniens.
3153 1038 3263 1093 Sed
3288 1038 3440 1093 dicat
3458 1041 3613 1109 quod

1958 1124 2084 1180 vult
2114 1126 2372 1181 seductis
2427 1130 2483 1181 et
2515 1126 2767 1197 miseris,
2801 1144 2835 1183 a
2883 1126 3098 1199 quibus
3130 1126 3315 1182 multo
3362 1128 3616 1201 amplius

1959 1230 2137 1286 quam
2160 1214 2426 1271 Christus
2457 1215 2799 1286 honoratur,
2817 1220 2882 1271 ut
2910 1216 3018 1271 hoc
3047 1215 3233 1287 pretio
3264 1218 3385 1271 tam
3410 1215 3613 1290 longas

1957 1306 2016 1359 et
2044 1307 2164 1358 tam
2197 1303 2512 1377 sacrilegas
2560 1304 2644 1361 eis
2705 1304 2937 1360 fabulas
2990 1304 3221 1362 vendat.
3247 1304 3413 1361 Dicat
3455 1309 3612 1377 quod

1956 1391 2099 1459 vult,
2133 1391 2396 1449 includat
2425 1393 2484 1448 in
2515 1393 2685 1466 globo
2707 1399 2993 1466 tanquam
3025 1393 3084 1449 in
3116 1410 3346 1450 carcere
3375 1400 3611 1465 gentem

1954 1481 2351 1552 tenebrarum,
2383 1486 2441 1537 et
2462 1481 2785 1538 forinsecus
2815 1482 3014 1553 alligat
3037 1486 3308 1538 naturam
3338 1482 3610 1551 lucis,cui

1955 1570 2026 1625 de
2060 1569 2222 1626 hoste
2251 1570 2535 1626 exstincto
2566 1570 2820 1643 quietem
2836 1575 3175 1643 perpetuam
3206 1571 3603 1644 promittebat:

1954 1674 2084 1715 ecce
2111 1662 2273 1732 pejor
2303 1664 2393 1716 est
2423 1678 2593 1732 poena
2622 1660 2773 1717 lucis
2803 1678 2980 1732 quam
3012 1662 3409 1729 tenebrarum,
3444 1663 3608 1734 pejor

1954 1752 2043 1804 est
2075 1766 2244 1821 poena
2274 1749 2480 1805 divinae
2511 1754 2732 1807 natura;
2765 1767 2940 1823 quam
2970 1750 3161 1823 gentis
3192 1751 3464 1808 adversae.
3500 1750 3606 1809 Illa

1953 1837 2169 1909 quippe
2199 1838 2307 1894 etsi
2337 1837 2395 1893 in
2429 1839 2685 1895 tenebris
2715 1838 2877 1894 intus
2900 1844 3008 1908 est,
3057 1840 3128 1895 ad
3160 1843 3433 1895 naturam
3471 1841 3602 1910 ejus

1952 1929 2203 1998 pertinet
2248 1927 2306 1982 in
2351 1929 2608 1984 tenebris
2662 1928 2957 1985 habitare:
3001 1928 3210 1984 animm
3243 1933 3437 1985 autem
3470 1946 3603 2001 qum

1950 2016 2059 2071 hoc
2090 2021 2228 2071 sunt
2257 2018 2410 2088 quod
2437 2017 2612 2081 Deus,
2649 2034 2765 2073 non
2798 2021 3071 2089 poterunt
3099 2017 3299 2089 recipi,
3330 2018 3481 2073 sicut
3510 2019 3602 2075 di-

1949 2104 2046 2176 cit,
2081 2105 2138 2160 in
2167 2122 2343 2175 regna
2373 2104 2474 2161 illa
2491 2105 2753 2176 pacifica,
2774 2110 2830 2160 et
2859 2122 2893 2160 a
2920 2105 3037 2160 vita
3058 2122 3123 2161 ac
3140 2105 3405 2161 libertate
3426 2124 3603 2163 sanc-

1948 2198 2018 2248 tas
2048 2193 2197 2250 lucis
2246 2194 2677 2265 alienabuntur,
2719 2199 2777 2250 et
2823 2195 3192 2267 contigentur
3237 2196 3296 2250 in
3328 2197 3600 2268 praedicto

1950 2283 2211 2339 horribili
2239 2283 2446 2357 globo:
2491 2285 2648 2340 unde
2678 2287 2732 2340 et
2762 2283 3148 2351 adhwrebunt,
3174 2285 3383 2356 inquit,
3418 2286 3487 2341 iis
3512 2303 3597 2343 re-

1949 2372 2046 2429 bus
2075 2375 2284 2431 animse
2307 2374 2508 2431 eaedem
2538 2391 2675 2447 quas
2712 2373 3055 2443 dilexerunt,
3091 2375 3304 2430 relictae
3334 2376 3393 2430 in
3415 2375 3600 2433 eodem

1948 2464 2299 2519 tenebrarum
2326 2464 2501 2536 globo,
2552 2466 2669 2520 suis
2695 2465 2909 2520 meritis
2958 2464 3015 2520 id
3056 2464 3165 2520 sibi
3191 2466 3595 2537 conquirentes.

1946 2553 2110 2609 Certe
2139 2571 2256 2610 non
2277 2558 2366 2609 est
2396 2553 2647 2609 liberum
2669 2553 2986 2610 voluntatis
3015 2553 3323 2609 arbitrium
3346 2553 3375 2610 ’ἰ
3393 2554 3596 2613 Videte

1946 2643 2237 2714 quomode
2266 2642 2568 2698 insaniens
2595 2642 2734 2714 quid
2768 2643 2921 2698 dicat
2942 2642 3191 2714 ignorat,
3215 2647 3275 2698 et
3304 2643 3595 2701 contraria

1945 2729 2055 2785 sibi
2086 2729 2376 2802 loquendo
2408 2732 2575 2802 pejus
2608 2730 2824 2786 bellum
2862 2736 3064 2786 contra
3112 2747 3174 2786 se
3216 2732 3386 2804 gerit,
3420 2748 3593 2803 quam

1943 2824 2146 2875 contra
2179 2825 2357 2874 Deum
2389 2819 2578 2891 ipsius
2615 2819 2809 2892 gentis
2849 2820 3243 2876 tenebrarum.
3294 2820 3510 2876 Deinde
3539 2821 3593 2878 si

1944 2914 2247 2981 propterea
2276 2909 2633 2965 damnantur
2662 2908 2872 2965 animas
2902 2908 3074 2974 lucis,
3102 2908 3241 2981 quia
3263 2909 3592 2966 dilexerunt

1943 2998 2241 3065 tenebras;
2268 2998 2484 3068 injuste
2514 2999 2831 3053 damnatur
2859 3014 3002 3070 gens
3031 2999 3425 3068 tenebrarum,
3462 3016 3591 3071 qum

1942 3085 2131 3142 lucem
2164 3086 2385 3142 dilexit.
2404 3086 2469 3141 Et
2498 3102 2641 3159 gens
2666 3087 2904 3159 quidem
2934 3087 3332 3156 tenebrarum,
3353 3104 3478 3160 quae
3500 3088 3591 3144 lu-

1942 3192 2065 3231 cem
2097 3176 2169 3231 ab
2214 3175 2378 3231 initio
2411 3174 2633 3244 dilexit,
2688 3192 2864 3248 quam
2909 3176 3020 3232 etsi
3064 3175 3364 3246 violenter,
3395 3181 3591 3235 tamen

1941 3264 2239 3337 possidere
2266 3264 2468 3336 voluit,
2502 3281 2617 3321 non
2643 3265 3014 3337 exstinguere
3040 3280 3053 3321 :
3076 3263 3226 3321 lucis
3255 3271 3453 3322 autem
3487 3284 3593 3324 na-

1939 3359 2071 3410 tura
2100 3354 2159 3409 in
2190 3354 2340 3410 bello
2368 3355 2641 3411 tenebras
2672 3354 3042 3426 exstinguere
3068 3354 3279 3423 voluit;
3312 3372 3413 3412 eas
3451 3372 3588 3429 ergo

1938 3443 2089 3499 victa
2112 3444 2327 3500 dilexit.
2363 3444 2527 3509 Quod
2558 3443 2734 3499 vultis
2764 3443 2988 3515 eligite:
3010 3448 3209 3499 utrum
3241 3445 3589 3502 necessitate

1939 3549 2064 3590 com
2075 3532 2243 3604 pulsa
2257 3536 2320 3587 ut
2334 3532 2600 3605 diligeret
2610 3532 2979 3598 tenebras,an
3003 3531 3300 3588 voluntate
3321 3534 3581 3597 seducta.

1939 3622 1996 3678 Si
2031 3622 2591 3694 necessitate,quare
2613 3620 2967 3676 damnatur?
2997 3620 3047 3676 si
3077 3619 3585 3692 voluntate,quare

1937 3710 2041 3767 Dei
2072 3715 2283 3766 natura
2329 3710 2388 3765 in
2432 3714 2596 3765 tanta
2643 3709 2954 3781 iniquitate
2999 3708 3495 3780 deprehenditur?
3524 3710 3579 3764 Si

1939 3800 2279 3857 necessitate
2310 3800 2409 3855 Dei
2433 3806 2643 3855 natura
2673 3802 2871 3854 coacta
2900 3802 2989 3854 est
3020 3798 3258 3871 diligere
3287 3799 3580 3871 tenebras,

1935 3889 2087 3945 victa
2117 3895 2205 3945 est
2234 3906 2391 3962 ergo,
2424 3906 2540 3944 non
2558 3887 2724 3945 vicit:
2746 3888 2794 3944 si
2818 3887 3133 3957 voluntate,
3164 3887 3303 3959 quid
3318 3887 3443 3959 jam
3477 3888 3585 3943 mi-

1936 3978 2049 4035 seri
2080 3978 2354 4034 dubitant
2383 3976 2664 4050 peccandi
2694 3976 3051 4043 voluntatem
3084 3976 3341 4032 tribuere
3362 3980 3582 4032 natura

1935 4084 2114 4141 quam
2148 4068 2301 4124 Deus
2339 4084 2409 4123 ex
2454 4066 2639 4123 nihilo
2686 4066 2843 4135 fecit,
2892 4082 2966 4122 ne
2992 4065 3260 4121 tribuant
3309 4082 3434 4122 eam
3468 4064 3586 4122 luci

1933 4173 2110 4230 quam
2145 4157 2350 4230 genuit
2375 4157 2404 4211 ?

2003 4282 2233 4339 CAPUT
2270 4281 2467 4338 XLIII.
2518 4313 2587 4323 —
2635 4280 2779 4337 Mala
2807 4283 2934 4337 ante
2962 4280 3101 4336 mali
3140 4280 3583 4337 commixtionem

1931 4372 2108 4427 multa
2146 4372 2320 4428 tribui
2337 4379 2568 4429 naturae
2594 4372 2695 4426 Dei
2717 4387 2752 4426 a
2782 4369 3122 4426 Manichaeis.
3154 4369 3381 4434 Quid,si
3404 4369 3581 4426 etiam

1932 4459 2944 4527 ostendimus,antecommixtionem
2958 4457 3305 4529 mali,quam
3321 4457 3584 4516 fabulose

1931 4549 2239 4605 confictam
2271 4548 2713 4604 dementissime
2744 4547 3137 4618 crediderunt,
3180 4546 3241 4602 in
3272 4548 3402 4619 ipsa
3432 4547 3582 4604 lucis

1932 4643 2164 4703 natura,
2198 4652 2376 4708 quam
2410 4636 2633 4700 dicunt,
2658 4652 2870 4708 magna
2899 4633 3056 4690 mala
3085 4634 3305 4691 fuisse?
3336 4636 3476 4707 quid
3509 4637 3581 4692 ad

1932 4727 2076 4783 istas
2109 4724 2504 4797 blasphemiae
2532 4724 2665 4780 addi
2698 4741 2868 4797 posse
2894 4724 3231 4780 videbitur?
3267 4724 3389 4781 Illic
3423 4726 3579 4780 enim

1932 4815 2045 4872 luit
2074 4820 2385 4887 antequam
2418 4818 2796 4888 pugnaretur,
2818 4814 2963 4869 dura
2986 4818 3043 4871 et
3063 4814 3415 4870 inevitabilis
3436 4831 3582 4887 pug-

1932 4906 2111 4961 nandi
2143 4904 2462 4961 necessitas
2486 4922 2499 4960 :
2524 4920 2654 4960 ecce
2676 4904 2803 4975 jam
2836 4919 3117 4976 magnum
3166 4903 3384 4959 malum
3416 4908 3578 4959 ante-

1933 5011 2110 5067 quam
2144 4994 2296 5050 bono
2327 4994 2673 5050 misceretur
2713 4992 2966 5049 malum:
3020 4992 3218 5048 dicant
3260 4992 3369 5048 hoc
3403 4992 3577 5063 unde,

1933 5100 2068 5140 cum
2100 5083 2290 5139 adhuc
2311 5082 2471 5139 nulla
2498 5087 2652 5139 esset
2684 5082 2835 5138 facta
2865 5082 3225 5138 commixtio.
3276 5081 3335 5136 Si
3381 5085 3577 5137 autem

1932 5172 2247 5228 necessitas
2278 5188 2392 5228 non
2419 5171 2840 5240 erat,voluntas
2861 5186 2997 5242 ergo
3028 5174 3153 5226 erat
3173 5186 3186 5224 :
3205 5170 3359 5225 unde
3390 5175 3446 5225 et
3467 5168 3576 5226 hoc

1930 5266 2054 5316 tam
2085 5278 2367 5333 magnum
2398 5260 2642 5332 malum,
2672 5266 2737 5316 ut
2768 5264 2915 5315 Deus
2936 5258 3061 5331 ipse
3083 5262 3301 5314 natura
3323 5275 3439 5314 suae
3471 5274 3574 5315 no-

1932 5366 2060 5407 cere
2088 5350 2278 5420 vellet,
2299 5351 2392 5407 cui
2416 5350 2608 5407 noceri
2635 5350 2706 5406 ab
2737 5348 2904 5405 hoste
2934 5365 3048 5403 non
3078 5351 3323 5419 poterat,
3344 5348 3576 5405 mitten-

1931 5439 2005 5495 do
2037 5456 2167 5496 eam
2188 5440 2502 5496 crudeliter
2514 5439 2891 5505 miscendam,
2919 5436 3167 5509 turpiter
3181 5438 3572 5510 purgandam,

1930 5528 2133 5601 inique
2163 5528 2601 5585 damnandam?
2630 5528 2771 5583 Ecce
2800 5529 3084 5597 quantum
3118 5524 3340 5582 malum
3372 5527 3575 5599 perni-

1932 5617 2100 5675 ciosas
2131 5623 2187 5673 et
2215 5619 2394 5674 noxiae
2442 5621 2498 5673 et
2534 5614 2975 5671 immanissimas
3023 5615 3365 5683 voluntatis,
3408 5619 3571 5672 ante-

1931 5723 2107 5779 quam
2142 5705 2326 5761 ullum
2358 5704 2578 5761 malum
2602 5706 2672 5761 de
2702 5707 2872 5775 gente
2896 5706 3187 5761 contraria
3207 5704 3569 5763 misceretur.

1931 5798 2016 5855 An
2050 5796 2198 5853 forte
2226 5795 2523 5854 nesciebat
2549 5795 2660 5854 hoc
2678 5797 3024 5856 eventurum
3046 5794 3330 5854 membris
3356 5793 3574 5867 suis,ut
