2023 3092
40 2847 81 2880 δι’

82 2920 129 2942 Μω

22 2935 196 2978 manu:

213 182 274 214 567

217 249 372 286 diligerent
382 251 517 280 tenebras
528 253 688 280 etinimicas
695 253 852 281 existerent
860 252 1043 285 sanctisluci,

219 294 297 323 sicut
311 295 374 331 ipse
387 296 467 330 dicit,
491 297 545 325 hoc
560 300 615 331 est,
633 306 690 325 non
707 300 821 326 tantum
838 300 894 326 Deo
911 306 975 330 suo,
992 297 1042 325 sed

220 340 308 367 etiam
326 340 402 368 Patri
418 341 454 369 de
478 350 536 377 quo
562 342 664 369 erant?
685 342 766 371 Unde
789 351 857 378 ergo
872 342 926 370 hoc
942 343 971 369 in
987 342 1045 370 Deo

221 386 283 412 tam
299 389 439 421 magnum
455 386 624 422 ignorantia:
641 386 763 421 malum,
780 390 938 423 antequam
954 386 1047 414 ullum

223 429 259 457 de
272 433 358 465 gente
365 431 510 458 contraria
519 431 689 459 misceretur
697 431 829 460 malum?
841 432 869 460 Si
887 434 983 459 autem
993 431 1048 459 hoc

225 473 357 501 futurum
373 474 494 509 sciebat,
504 478 554 503 aut
569 477 749 512 sempiterna
762 476 793 504 in
805 477 853 504 illo
870 480 932 504 crat
948 476 1049 503 erude-

224 517 302 552 litas,
320 519 344 547 si
360 520 395 547 de
411 528 470 547 suae
495 523 604 548 natura:
629 521 729 549 futura
753 520 1000 549 contaminatione
1023 522 1050 548 ct

225 563 413 592 damnatione
429 564 501 592 nihil
511 565 627 593 dolebat
640 575 646 598 ;
657 569 708 594 aut
725 566 905 602 sempiterna
922 565 1050 599 miseria,

227 608 252 636 si
267 608 397 636 dolebat:
414 609 491 637 unde
502 612 530 637 et
544 610 598 638 hoc
609 612 724 638 tantum
735 611 847 639 malum
863 610 972 638 summi
984 609 1052 638 boni

227 653 317 680 vestri
332 656 399 681 ante
414 653 504 681 ullam
520 655 758 683 commixtionem
782 655 890 683 summi
907 654 1052 682 malives-

229 697 289 725 tri?
315 697 380 733 lpsa
398 701 475 726 certe
490 699 632 734 particula
648 702 758 727 natura:
775 700 877 736 ipsius,
894 707 958 735 quae
973 698 1003 726 in
1019 698 1053 726 i1-

230 741 288 770 lius
304 741 382 778 globi
397 745 504 771 aeterno
520 744 635 772 vinculo
649 744 816 780 conﬁgitur,
827 744 851 772 si
863 744 916 772 hoc
934 743 989 771 sibi
1001 743 1055 771 im-

231 786 342 814 minere
357 787 514 822 nesciebat,
530 789 617 816 etiam
633 788 675 816 sic
683 789 780 817 eratin
796 792 902 816 natura
917 788 967 816 Dei
978 795 1054 816 sem-

231 831 345 867 piterna
363 831 542 867 ignorantia;
569 833 593 860 si
614 836 711 861 autem
737 833 856 866 sciebat,
878 832 1056 868 sempiterna

232 875 369 903 miseria:
383 876 459 904 unde
469 876 522 905 hoc
534 880 647 905 tantum
660 878 782 910 malum,
791 879 949 913 antequam
962 876 1055 904 ullum

233 920 269 948 de
277 922 362 956 gente
374 922 519 950 contraria
531 922 702 950 misceretur
710 922 819 951 malum
830 922 894 950 ?An
911 922 983 950 forte
994 929 1056 949 ma-

234 972 292 1001 gna
306 964 446 993 charitate
461 967 616 1002 gaudebat,
639 967 708 1004 quia
723 976 773 1004 per
787 967 850 1003 ejus
866 974 980 1002 pcanam
993 974 1057 1002 per-

235 1012 323 1045 petua
338 1010 421 1045 quies
437 1011 547 1039 caeteris
562 1011 636 1039 lucis
664 1012 767 1040 incolis
792 1012 951 1047 parabatur
964 1011 978 1038 ἰ’
999 1010 1057 1038 Hoc

236 1061 325 1089 quam
340 1055 421 1083 nefas
436 1055 475 1083 sit
489 1056 584 1084 dicere
599 1056 648 1092 qui
663 1056 752 1089 videt,
763 1055 1021 1084 anathemet‘.Sed
1033 1055 1058 1082 si

236 1097 291 1125 hoc
306 1098 410 1126 saltem
427 1100 467 1127 ita
482 1100 597 1136 faceret,
614 1103 646 1129 ut
660 1101 725 1137 ipsa
739 1101 797 1129 luci
809 1100 928 1128 inimica
942 1108 1001 1127 non
1008 1099 1057 1126 fie-

236 1145 289 1177 ret,
315 1146 413 1179 posset
433 1145 556 1173 tortasse
580 1154 638 1173 non
653 1148 794 1182 tanquam
812 1145 860 1173 Dei
876 1147 991 1177 natura,
1008 1144 1058 1171 sed

233 1188 375 1223 tanquam
390 1187 497 1224 aliquis
512 1189 598 1217 homo
618 1189 741 1223 laudari,
766 1190 816 1225 qui
831 1198 881 1225 pro
897 1188 991 1225 patria
1004 1196 1058 1215 sua

233 1231 319 1259 vellet
335 1231 403 1259 mali
427 1231 535 1268 aliquid
560 1233 629 1269 pati,
656 1234 733 1269 quod
754 1233 873 1269 quidem
895 1232 1006 1260 malum
1021 1232 1055 1259 ad

233 1277 351 1313 tempus
362 1279 461 1313 posset
471 1285 546 1312 esse,
564 1286 620 1305 non
637 1278 667 1306 in
682 1280 822 1306 aeternum
836 1287 843 1306 :
855 1286 934 1306 nunc
948 1285 1015 1305 vero
1031 1278 1059 1305 et

233 1320 315 1349 illam
331 1321 360 1348 in
376 1321 654 1358 globotenebrarum
671 1323 862 1351 conlisionem
870 1323 972 1350 dicunt
980 1324 1058 1350 aster-

232 1373 312 1400 nam,
324 1368 418 1394 etnon
434 1367 577 1403 cujusque
589 1368 639 1402 rei,
648 1368 698 1396 sed
712 1369 822 1395 naturae
838 1368 905 1402 Dei;
919 1371 947 1396 et
957 1368 1058 1403 utique

231 1409 453 1446 iniquissimum
467 1415 495 1439 et
510 1412 685 1440 exsecrabile
699 1414 728 1440 et
743 1412 929 1440 ineﬂ‘abiliter
943 1413 1059 1441 sacrile-

232 1462 304 1491 gum
315 1455 455 1491 gaudium
471 1459 540 1491 erat,
558 1457 582 1484 si
592 1457 642 1484 Dei
655 1459 759 1485 natura
772 1457 918 1493 gaudebat
931 1466 962 1486 se
977 1461 1057 1486 tene-

233 1499 301 1527 bras
312 1499 496 1534 dilecturam,
512 1503 541 1528 et
555 1500 612 1528 luci
628 1504 735 1529 sanctae
751 1501 900 1530 inimicam
916 1503 1056 1531 futuram.

234 1543 316 1572 Unde
326 1544 380 1573 hoc
391 1547 451 1573 tam
466 1545 594 1574 immane
611 1548 640 1574 et
659 1546 817 1575 scelestum
832 1547 954 1582 malum,
976 1550 1057 1576 ante-

233 1596 324 1625 quam
339 1589 433 1617 ullum
446 1592 571 1627 exgente
587 1591 734 1619 contraria
745 1591 916 1620 misceretur
926 1592 1057 1620 malum?

232 1633 304 1666 Quis
319 1636 378 1661 tam
393 1642 558 1670 perversam
575 1638 603 1663 et
616 1637 677 1664 tam
688 1635 809 1672 impiam
822 1636 1055 1672 feratinsauiam,

232 1685 350 1707 summo
366 1679 442 1707 malo
457 1679 583 1708 tribuere
598 1681 680 1708 tanta
694 1681 781 1714 bona,
797 1683 826 1709 et
838 1689 954 1709 summo
967 1682 1055 1715 bono,

233 1723 310 1759 quod
325 1723 402 1751 Deus
417 1726 471 1759 est,
487 1726 568 1752 tanta
583 1725 681 1753 mala?

268 1767 384 1796 CAPUT
402 1768 497 1796 XLIV.
511 1784 543 1789 —
554 1770 749 1805 Turpitudines
756 1770 956 1798 incredibilesa
966 1771 1055 1799 Mani-

231 1811 307 1841 chaee
321 1813 481 1847 excogitata
496 1814 526 1841 in
537 1817 602 1842 Deo.
622 1815 687 1842 Jam
707 1823 773 1842 vero
788 1815 863 1850 quod
879 1816 972 1851 ipsam
990 1825 1055 1852 par-

231 1859 291 1885 tem
304 1860 414 1885 natura:
429 1859 479 1886 Dei
496 1858 598 1887 dicunt
609 1859 718 1895 ubique
733 1859 905 1895 permixtam
921 1860 951 1888 in
964 1860 1055 1894 cmlis,

232 1901 263 1929 in
279 1902 376 1937 terris,
393 1903 447 1930 sub
464 1904 560 1938 terris,
576 1903 605 1931 in
622 1904 759 1932 omnibus
775 1904 955 1940 corporibus,
970 1905 1056 1934 siccis

232 1948 262 1974 et
277 1946 419 1982 humidis,
435 1947 464 1974 in
481 1948 619 1975 omnibus
633 1948 781 1983 carnibus,
807 1949 837 1977 in
858 1949 995 1978 omnibus
1011 1958 1056 1978 se-

233 1990 364 2018 minibus
380 1991 1053 2027 arborum,herbarum,hominum,animalium:

233 2043 291 2063 non
307 2037 436 2071 potentia
450 2036 607 2064 divinitatis
623 2037 753 2066 sineullo
769 2047 842 2066 nexu
854 2038 1055 2076 incoinquina-

231 2079 339 2114 biliter,
355 2080 568 2115 inviolabiliter,
585 2081 844 2118 incorruptibiliter
859 2084 996 2113 omnibus
1010 2092 1056 2113 re-

230 2124 287 2152 bus
302 2124 544 2153 administrandis
565 2125 759 2162 regendisque
779 2130 962 2163 praesentem,
978 2130 1055 2165 quod

231 2176 285 2196 nos
295 2169 331 2197 de
348 2169 403 2197 Deo
413 2170 555 2203 dicimus;
565 2171 613 2198 sed
625 2170 757 2207 ligatam,
773 2180 952 2207 oppressam,
961 2174 1055 2210 pollu-

230 2215 302 2248 tam,
317 2222 405 2250 quam
427 2214 510 2248 solvi,
527 2214 655 2249 liberari,
679 2216 857 2253 purgarique
868 2217 980 2250 dicunt,
997 2227 1055 2246 non

231 2257 326 2286 solum
342 2266 393 2294 per
407 2259 573 2287 discursum
590 2259 660 2287 solis
676 2262 704 2288 et
718 2260 806 2296 lunas,
826 2263 854 2289 et
868 2262 992 2290 virtutes
1008 2262 1055 2291 lu-

230 2302 283 2335 cis,
300 2310 400 2330 νει-ιη)
416 2303 503 2331 etiam
526 2312 578 2340 per
594 2303 705 2332 Eiectos
720 2313 804 2333 suos:
826 2305 880 2334 hoc
894 2313 988 2342 genus
1002 2315 1055 2335 ne-

232 2345 398 2374 fandissimi
413 2347 519 2375 erroris
534 2356 623 2384 quam
647 2349 805 2386 sacrilegas
827 2352 855 2378 et
870 2350 1055 2380 incredibiles

231 2390 430 2426 turpitudines
454 2392 496 2420 eis
513 2393 644 2429 suadeat,
665 2394 781 2422 etiamsi
797 2403 854 2423 non
870 2395 1054 2431 persuadeat,

232 2434 371 2463 horribile
395 2438 439 2464 est
463 2437 576 2465 dicere.
600 2438 706 2466 Dicunt
726 2439 804 2467 enim
828 2439 951 2468 virtutes
979 2439 1054 2469 lucis

230 2480 433 2516 transﬁgurari
444 2481 473 2508 in
488 2482 634 2510 masculos
649 2482 797 2518 pulchros,
808 2486 837 2512 et
846 2485 952 2520 opponi
968 2485 1053 2513 femi-

229 2523 276 2552 nis
291 2525 387 2561 gentis
401 2527 602 2560 tenebrarum;
626 2530 653 2555 et
675 2529 793 2556 easdem
814 2537 917 2557 rursus
932 2530 1053 2559 virtutes

227 2568 304 2597 lucis
317 2571 521 2606 transﬁgurari
536 2571 565 2599 in
585 2572 709 2601 feminas
728 2573 877 2609 pulchras,
901 2577 930 2602 et
944 2574 1052 2611 opponi

227 2614 368 2643 masculis
380 2615 669 2651 gentistenebrarum
680 2630 687 2650 ;
697 2619 786 2654 utper
800 2617 1051 2654 pulchritudinem

225 2666 310 2686 suam
326 2659 511 2688 inﬂamment
534 2661 757 2697 spurcissimam
773 2661 925 2692 libidinem
942 2663 1050 2701 princi-

257 2707 266 2743 ξ
281 2707 340 2743 Am.
349 2710 382 2743 _et
397 2708 454 2743 Er.:
471 2709 521 2734 Hoc
531 2717 607 2743 quam
619 2711 695 2742 nefas
706 2711 740 2743 sit
747 2711 838 2741 dicere,
849 2714 949 2737 natura
957 2713 1006 2738 Dei
1014 2714 1051 2739 sic

222 2736 365 2777 subveniri;
387 2736 542 2777 quicumque.-
547 2741 638 2777 _audit,
651 2736 892 2777 'anathematizuret,
899 2736 1048 2777 signa}:

223 2768 274 2802 Hoc
288 2768 365 2802 quam
380 2768 456 2802 riefas
473 2768 508 2796 sit
523 2773 616 2802 dicere,
630 2768 731 2798 natura
745 2774 794 2799 Dei
809 2782 824 2799 α
839 2768 1050 2802 παίὶιγῖαίυῖίέέᾶ

222 2799 361 2836 sysbaeniri,
377 2799 529 2836 quicumque
542 2799 624 2834 audit,
641 2799 881 2836 anathematizuret,
889 2799 937 2831 etc;
950 2799 1049 2833 bime;

223 2829 299 2865 lio_ris
315 2829 392 2865 nobis:
402 2833 472 2865 Mrssq
485 2829 605 2865 'omisso,
619 2829 731 2861 ’παίω-ε
748 2829 794 2861 Dei
804 2829 824 2861 ra
843 2829 937 2862 natura
950 2829 1000 2863 Dei
1012 2829 1049 2864 sic

223 2860 371 2902 mentri”
384 2860 500 2902 h‘abpnt;
520 2866 575 2902 μσς
587 2860 665 2902 ᾀηειη
678 2860 801 2902 uer/assit
815 2860 1046 2902 dicere-"giti—bid'ett;

223 2892 381 2929 anathemel.
395 2893 448 2918 Sed
467 2895 492 2920 si
515 2895 563 2922 hoc
584 2892 675 2924 s'altens
698 2892 736 2925 ita
748 2892 1047 2934 race-et}"iu§iie}"tiié

221 2923 352 2957 particula
362 2925 463 2950 natura
472 2925 528 2952 Det.

274 2938 352 2950 σοι-κ
363 2938 462 2950 ΙΝΙΙΩΓ.
472 2938 528 2952 un.

0 2978 124 3010 ωιῂεηιει.
138 2979 206 3005 Sesa-
220 2979 246 3010 ἐξ,

0 3009 95 3036 rticuls
105 3009 248 3041 natantium,
268 3038 269 3041 η

240 3032 270 3081 ἱ

518 187 570 217 DE
592 187 754 218 NATURA
776 186 868 218 BONI
890 186 1047 218 CONTRA
1069 185 1325 218 MANIGHEOS.
1349 188 1382 218 S.
1404 188 1624 220 AUGUSTINI

1094 261 1165 288 pum
1181 254 1413 288 tenebrarum,et
1427 263 1460 283 eo
1477 255 1563 283 modo
1571 255 1667 284 vitalis
1683 257 1850 295 substantia,
1857 262 1906 291 hoc

1094 299 1149 329 est,
1161 298 1209 325 Dei
1226 301 1341 331 natura,
1358 307 1446 335 quam
1463 299 1566 328 dicunt
1582 300 1611 327 in
1631 309 1728 330 eorum
1741 306 1898 340 corporibus

1103 341 1223 377 ligatam
1241 343 1379 377 teneri,ex
1389 351 1489 372 eorum
1504 345 1645 373 membris
1658 354 1706 380 per
1716 346 1806 382 ipsam
1815 357 1908 382 conca.

1102 386 1276 422 piscentiam
1292 387 1438 421 relaxatis,
1456 389 1552 416 soluta
1571 389 1673 425 fugiat,
1689 393 1717 418 et
1730 397 1858 429 suscepta
1869 396 1907 425 vel

1102 433 1226 466 purgata
1241 431 1389 460 liberetur.
1404 435 1463 461 Hoc
1480 433 1609 462 infelices
1626 434 1735 470 legunt,
1743 436 1793 464 hoc
1807 438 1906 475 dicunt,

1102 475 1156 502 hoc
1171 476 1306 509 audiunt,
1320 476 1374 504 hoc
1382 478 1578 512 credunt,boc
1593 478 1703 507 inlibro
1719 481 1837 517 septimo
1845 483 1909 513 The-

1103 520 1182 547 sauri
1199 528 1300 548 eorum
1310 521 1364 557 (sic
1380 522 1457 550 enim
1469 523 1618 559 appellant
1628 524 1808 560 scripturam,
1821 535 1910 563 quam-

1103 564 1168 592 dam
1178 565 1462 599 Manichmi,ubiistae
1472 567 1656 603 blasphemiae
1671 570 1834 606 conscripta:
1841 574 1910 610 sunt)

1103 607 1144 635 ila
1159 609 1285 644 positum
1303 613 1365 638 est:
1394 611 1464 639 Tunc
1480 612 1573 639 beatus
1588 613 1637 640 ille
1650 614 1744 647 Pater,
1759 616 1806 650 qui
1819 607 1912 645 lucidas

1104 661 1187 680 naves
1201 653 1281 681 habet
1290 654 1446 683 diversoria
1451 661 1476 684 et
1484 657 1645 685 habitacula
1651 666 1701 685 seu
1709 660 1911 696 magnitudines,

1103 704 1153 733 pro
1169 698 1253 725 insita
1267 700 1323 726 sibi
1335 700 1481 728 clementia
1494 703 1549 737 fort
1563 710 1652 737 opem,
1668 711 1723 738 qua
1733 704 1842 732 exuitur
1854 708 1878 733 et
1886 707 1913 734 li-

1106 741 1216 769 beratur
1229 744 1263 770 ab
1279 744 1374 778 impiis
1389 746 1552 774 retinaculis
1566 749 1592 774 et
1601 749 1737 782 angustiis
1750 752 1829 784 atque
1840 758 1914 785 ango-

1107 786 1184 814 ribus
1202 795 1262 816 sux
1285 789 1381 817 vitalis
1404 790 1592 819 substantite‘.
1617 792 1712 828 Itaque
1726 794 1858 822 invisibili
1873 803 1914 824 sua

1107 834 1176 858 nutu
1191 832 1256 859 illas
1270 841 1333 861 sua:
1348 835 1473 870 virtutes,
1500 844 1562 871 qua:
1585 837 1615 864 in
1630 837 1786 866 clarissima
1798 838 1847 867 hac
1858 841 1915 868 navi

1110 876 1252 913 habentur,
1277 880 1466 915 transﬁgurat,
1492 889 1590 918 easque
1612 890 1710 917 parere
1723 884 1790 918 facit
1804 884 1916 913 adversis

1107 922 1296 955 potestatibus,
1313 932 1373 959 quae
1389 925 1419 952 in
1432 927 1553 960 singulis
1567 926 1698 954 cartorum
1709 928 1837 956 tractibus
1850 929 1916 957 ordi-

1108 967 1182 993 παίω
1196 972 1269 995 sunt.
1280 968 1345 1002 Quae
1359 971 1490 1004 quoniam
1501 979 1537 999 ex
1544 973 1658 1008 utroque
1665 980 1734 1000 sexu
1746 974 1918 1002 masculorum

1109 1018 1142 1038 ac
1154 1012 1323 1045 feminarum
1338 1016 1497 1051 consistunt,
1510 1016 1571 1044 ideo
1581 1017 1729 1049 praedictas
1743 1019 1853 1047 virtutes
1864 1027 1919 1055 par-

1109 1057 1162 1081 tim
1176 1057 1267 1090 specie
1286 1065 1437 1092 puerorum
1461 1061 1610 1088 investium
1630 1069 1737 1097 parere
1747 1062 1823 1098 jubet
1836 1064 1918 1099 generi

1110 1098 1223 1127 aduerso
1236 1102 1415 1136 feminarum,
1428 1105 1533 1139 partim
1548 1106 1691 1140 virginum
1706 1098 1855 1135 lucidarum
1868 1108 1918 1143 for-

1110 1152 1161 1171 ma
1175 1147 1272 1179 generi
1289 1149 1428 1175 contrario
1447 1149 1657 1185 masculorum;
1679 1151 1766 1179 sciens
1780 1159 1824 1180 eas
1836 1160 1919 1180 omnes

1109 1187 1220 1217 hostiles
1241 1192 1396 1226 potestates,
1411 1198 1524 1230 propter
1547 1195 1705 1231 ingenitam
1719 1195 1773 1224 sibi
1787 1196 1887 1225 letalem
1898 1200 1920 1225 et

1109 1235 1315 1269 spurcissimam
1338 1239 1585 1272 concupiscentiam
1604 1240 1741 1275 facillime
1761 1242 1829 1277 capi,
1847 1244 1920 1277 atque

1110 1277 1207 1306 iisdem
1220 1281 1361 1315 speciebus
1382 1283 1575 1318 pulcherrimis
1595 1292 1656 1320 qum
1672 1289 1805 1321 apparent
1825 1287 1919 1314 manci-

1108 1323 1182 1359 pari,
1197 1324 1299 1360 hocque
1312 1327 1390 1354 modo
1404 1327 1525 1356 dissolvi.
1546 1329 1646 1357 Sciatis
1660 1334 1752 1358 autem
1771 1331 1841 1359 hunc
1852 1338 1919 1359 eum-

1110 1367 1175 1395 dem
1188 1371 1313 1397 nostrum
1323 1371 1429 1399 beatum
1437 1375 1549 1401 Patrem
1557 1374 1606 1401 hoc
1614 1374 1689 1402 idem
1699 1376 1837 1411 esse,quod
1845 1376 1918 1404 etiam

1108 1420 1170 1441 sum
1184 1414 1306 1448 virtutes,
1318 1424 1389 1451 quas
1396 1417 1428 1445 ob
1436 1419 1618 1446 necessariam
1631 1427 1746 1447 causam
1752 1421 1920 1455 transformat

1109 1457 1140 1484 in
1153 1465 1303 1491 puerorum
1309 1462 1335 1487 et
1346 1462 1684 1496 virginumintemeratam
1692 1465 1702 1480 ²
1709 1463 1919 1493 similitudinem.

1110 1502 1203 1530 Utitur
1213 1506 1305 1532 autem
1312 1504 1355 1532 his
1369 1507 1502 1542 tanquam
1507 1509 1628 1544 propriis
1635 1510 1819 1546 armis,atquc
1827 1517 1874 1545 per
1880 1517 1920 1537 ea:

1108 1554 1189 1574 suam
1196 1549 1310 1584 complet
1316 1550 1492 1579 uoluntatem.
1497 1554 1543 1580 Ha
1547 1561 1610 1580 rum
1619 1561 1684 1581 vero
1691 1555 1819 1582 uirtutum
1825 1554 1921 1582 diuina-

1108 1598 1182 1626 rum,
1198 1600 1257 1628 quz
1272 1593 1536 1632 adinstarconjugii
1543 1601 1639 1625 contra
1654 1599 1922 1634 infernagenerasta-

1107 1636 1233 1670 tuantur,
1250 1646 1363 1674 quzque
1370 1640 1518 1669 alacritate
1526 1650 1562 1669 ac
1570 1643 1708 1677 facilitate
1718 1643 1746 1671 id
1756 1643 1825 1679 quod
1834 1643 1921 1678 cogitav-

1107 1681 1344 1713 verintmwmento
1359 1684 1451 1712 eodem
1459 1686 1685 1722 efficiunt,plcnae
1699 1692 1764 1716 sunt
1778 1687 1921 1716 lucidam—

1107 1732 1160 1752 ves.
1177 1726 1270 1761 Itaque
1283 1735 1345 1755 cum
1359 1730 1429 1757 ratio
1442 1732 1630 1766 poposceritut
1640 1733 1773 1761 masculis
1782 1734 1922 1768 appareant

1106 1769 1211 1797 eaedem
1224 1774 1446 1801 sanctazuirtutes
1452 1775 1537 1804 .illico
1547 1777 1717 1805 etiamsuam
1725 1778 1841 1813 efﬁgiem
1847 1776 1920 1812 virgi-

1107 1815 1435 1850 numpulcherrimarum
1443 1819 1541 1848 habitu
1548 1820 1747 1850 demonstrant.
1759 1822 1859 1850 Rursus
1867 1829 1920 1849 cum

1107 1858 1142 1886 ad
1159 1860 1278 1894 feminas
1293 1864 1402 1890 ventum
1414 1865 1510 1899 fuerit,
1526 1867 1718 1901 postponentes
1730 1867 1833 1902 species
1845 1865 1920 1902 ntroi-

1107 1911 1185 1937 num,
1197 1912 1350 1940 puerorum
1365 1908 1514 1936 investium
1527 1911 1642 1945 speciem
1658 1910 1814 1939 ostendunt.
1822 1911 1874 1939 Hoc
1880 1917 1921 1938 ααι

1107 1948 1161 1975 tem
1166 1949 1228 1977 visu
1238 1950 1335 1979 decoro
1343 1952 1460 1980 illarum
1467 1954 1549 1982 ardor
1557 1956 1584 1982 et
1593 1956 1816 1991 concupiscentia
1824 1955 1920 1989 crescit,

1107 1996 1188 2029 atque
1201 1994 1251 2022 hoc
1263 1996 1341 2024 modo
1357 1998 1501 2026 vinculum
1518 2000 1703 2033 pessimarum
1718 1998 1921 2036 cogitationttIn'

1106 2045 1202 2066 earum
1208 2040 1334 2075 solvitur,
1343 2042 1559 2078 vivaqueanima
1565 2052 1629 2080 quae
1636 2045 1794 2074 earumdem
1802 2043 1921 2074 membris

1106 2082 1259 2117 tenebatur,
1277 2085 1327 2113 hac
1339 2088 1478 2115 occasione
1492 2088 1587 2117 laxata
1601 2089 1705 2124 evadit,
1714 2094 1741 2118 et
1754 2097 1803 2118 sua
1810 2088 1920 2126 purissi-

1106 2134 1150 2154 ma
1163 2129 1228 2156 aeri
1236 2129 1381 2162 miscetur;
1388 2131 1436 2158 ubi
1437 2134 1547 2167 penitus
1554 2134 1662 2162 ablatae
1671 2136 1776 2163 animas
1784 2133 1922 2163 ascende

1106 2171 1142 2198 ad
1156 2172 1357 2209 lucidasnaves,
1364 2183 1424 2211 qua
1431 2177 1486 2205 sibi
1493 2177 1715 2207 advectationem
1724 2178 1921 2216 ‘atqueadm

1103 2217 1204 2251 patria
1218 2220 1471 2255 transfretationem
1486 2224 1550 2250 sunt
1562 2224 1773 2259 preparatteJd
1783 2231 1846 2252 nem
1857 2220 1922 2260 quod

1105 2261 1194 2289 adhuc
1208 2262 1321 2292 adversi
1324 2266 1432 2300 generis
1446 2267 1588 2296 masculus
1593 2269 1747 2304 portat,per
1756 2270 1837 2297 astus
1845 2269 1922 2303 atquc

1105 2309 1211 2335 calores
1216 2309 1410 2343 particulatim
1416 2311 1646 2349 descendit,atque
1655 2313 1806 2342 arboribus
1810 2312 1922 2341 ceteris-

1105 2359 1158 2388 que
1163 2352 1381 2387 plantationth
1391 2363 1424 2382 ac
1433 2357 1503 2384 satis
1512 2357 1638 2385 omnibus
1644 2359 1789 2392 miscetur,
1795 2359 1822 2386 ct
1829 2356 1922 2386 calori-

1106 2398 1155 2425 bus
1170 2397 1287 2426 diuersis
1301 2400 1426 2435 inﬁcitur
1435 2400 1456 2428 ⁸.
1473 2401 1506 2428 Et
1519 2409 1573 2437 quo
1587 2406 1666 2436 pacta
1674 2410 1711 2431 ea:
1725 2403 1781 2431 ista
1793 2399 1922 2438 magna“

1104 2441 1262 2470 clarissima
1272 2444 1437 2479 naviﬁgurae
1446 2453 1599 2481 puerorum
1610 2447 1789 2482 acvirginuns
1796 2445 1923 2482 φραηηι

1104 2487 1252 2514 contrariis
1264 2489 1452 2523 potestatibus,
1468 2497 1532 2525 quae
1554 2490 1585 2518 in
1599 2491 1674 2518 catis
1687 2491 1799 2526 degunt,
1813 2494 1922 2526 qm"

1104 2530 1213 2566 igneam
1224 2531 1323 2559 habent
1336 2537 1482 2570 naturam;
1496 2537 1578 2570 atque
1592 2543 1629 2562 ea:
1638 2535 1690 2564 ista
1704 2539 1814 2571 aspectu
1821 2534 1920 2567 ducto,

1104 2576 1163 2603 vita
1176 2584 1242 2611 pars
1252 2584 1314 2612 que
1329 2578 1358 2605 in
1371 2578 1530 2607 earumdem
1543 2580 1675 2608 membris
1686 2579 1813 2614 habetur,
1828 2578 1920 2608 lauta

1101 2619 1246 2649 deducitur
1256 2630 1305 2657 per
1313 2622 1419 2651 calores
1429 2623 1459 2651 in
1469 2628 1587 2652 terram:
1596 2624 1779 2653 eodemmodo
1788 2621 1920 2653 Ma

1101 2664 1239 2694 altissima
1247 2667 1411 2703 virtus,quae
1418 2668 1449 2696 in
1454 2668 1520 2696 navi
1525 2669 1653 2697 uitalium
1660 2676 1798 2706 aquarum
1805 2667 1918 2701 Μαίη.

1101 2709 1131 2738 in
1144 2711 1330 2740 similitudine
1341 2720 1492 2748 puerorum
1505 2721 1537 2741 ac
1549 2714 1688 2748 virginum
1702 2716 1863 2743 sanctarum
1873 2717 1920 2749 ρον

1132 2778 1142 2816 ξ
1155 2777 1266 2816 Aliquis}
1275 2779 1354 2816 tua,
1369 2785 1417 2816 {ua
1431 2778 1518 2816 vitatis
1530 2778 1684 2816 substgntia.

1131 2809 1142 2843 ξ
1155 2808 1218 2843 Tres
1230 2808 1353 2843 _\_’aticani
1369 2810 1442 2843 Mss”
1455 2810 1662 2843 intemperatam.

1130 2839 1141 2873 ἓ
1154 2839 1216 2873 pug
1228 2841 1300 2871 Mss.,
1314 2841 1477 2873 passives-um
1490 2839 1684 2873 cogitationum.
1851 2870 1857 2873 Α
1882 2853 1889 2861 ι

1130 2871 1142 2890 ⁴
1154 2871 1184 2895 In
1202 2871 1240 2902 3.,
1254 2871 1442 2899 matutinum.
1457 2873 1501 2898 Er.

1098 2908 1167 2928 mus.
1183 2902 1218 2928 Il.
1560 2902 1576 2906 “
1719 2911 1721 2914 ‘

1129 2920 1278 2967 Γριῖῖῖςιιο
1293 2935 1370 2966 Im.
1379 2935 1406 2961 et
1418 2933 1545 2963 colem
1557 2935 1666 2965 ἀίυοηὲσ
1831 2929 1846 2971 ξ

1699 2974 1710 2980 ν.
1804 2975 1819 2979 γ.
1846 2974 1862 2981 ,ο

1978 2644 1989 2769 ἓ

1911 2769 1989 2946 ..._l

1676 2946 1819 2980 WW9.
1840 2967 1862 2981 κ.

1700 3039 1707 3051 .

1540 2873 1605 2906 ugd.
1617 2873 1684 2902 Van.
1693 2873 1763 2914 14η,
1868 2873 1907 2921 ςζ
1932 2917 1936 2922 ⁵
