4056 6178
106 70 207 113 '1‘“,
192 72 265 111 ,ιγ’

120 126 125 131 υ
146 118 165 129 ιι
218 132 221 135 ν

104 142 119 171 ιζ
212 140 215 143 ’
256 154 259 161 ν

110 174 123 187 -ς

110 310 115 317 ,
152 310 157 311 ,

92 358 97 367 μ

96 484 127 513 ..τ’

108 576 115 583 .

98 634 103 643 .

106 666 109 673 .

96 732 109 749 μ·

106 3342 111 3359 1

108 3364 121 3379 ἣν

104 3380 115 3401 τη

106 3592 115 3625 ἱ

96 3632 121 3659 ίι.

106 3768 115 3781 I

108 3800 117 3827 ἶ

108 3916 123 3949 ii

110 3976 119 3989 ’ν

108 4094 119 4105 ε

108 4136 119 4175 ἓ

108 4262 115 4279 J

108 4302 121 4325 Ψ

108 4332 115 4343 λ

114 4394 119 4409 ι

116 4420 121 4429 ι

112 4442 121 4471 Ῐ

499 324 617 389 5⁸15

495 463 870 536 disposueras
896 460 1047 533 (Gen.
1072 464 1173 530 vn)
1199 462 1374 517 PNovi
1393 478 1497 533 ego
1516 469 1572 519 te
1604 464 1723 520 haec
1754 481 1986 535 semper
2005 464 2136 519 odio

491 552 787 621 habuisse,
816 551 945 607 novi
977 568 1080 623 ego
1102 555 1157 607 te
1188 568 1420 623 semper
1440 570 1653 625 magna
1677 554 1986 619 amavisse,
2011 570 2136 624 quae

489 646 673 699 terras
702 642 1054 708 desererent,
1088 659 1213 713 quas
1234 641 1409 697 caelos
1436 649 1713 714 peterent,
1738 662 1865 715 quae
1897 660 2139 715 corpora

493 731 928 801 mortiﬁcarent,
962 749 1087 803 quae
1119 732 1345 787 animas
1386 733 1759 789 vivificarent.
1793 734 1931 799 Quis
1961 733 2139 805 igitur

492 819 587 876 ille
618 824 707 875 est
739 821 835 892 qui
868 825 921 875 te
952 826 1185 892 repente
1217 822 1510 877 mutavit?

565 911 618 966 4.
650 910 993 981 Quanquam
1019 910 1139 965 haec
1161 914 1271 965 tuae
1292 912 1595 967 Sanctitati
1621 912 1808 967 dicere
1832 911 2009 966 nimis
2031 910 2136 965 ab-

495 1000 739 1055 surdum
757 1000 987 1071 sit.lpse
1000 1001 1154 1055 enim
1172 1018 1288 1055 non
1303 1001 1537 1073 ignoras
1552 1001 2025 1072 quampessimus
2039 1000 2138 1066 sit,

492 1106 787 1161 quamque
816 1090 1129 1161 malignus,
1164 1091 1382 1162 quique
1422 1092 1597 1146 etiam
1632 1096 1791 1146 tanta
1821 1089 2138 1145 calliditate

490 1178 768 1234 adversus
786 1177 982 1234 ﬁdeles
996 1184 1330 1234 etsummos
1345 1180 1496 1235 viros
1511 1179 1740 1249 militat,
1756 1184 1821 1233 ut
1836 1182 1893 1234 et
1906 1182 2139 1233 Petrum

492 1268 742 1338 coegerit
771 1268 879 1323 sub
914 1285 1030 1323 una
1063 1274 1227 1324 nocte
1272 1269 1440 1324 tertio
1474 1270 1785 1325 Dominum
1823 1284 2053 1340 negare,
2084 1270 2137 1321 et

491 1356 676 1412 eidem
712 1359 1037 1428 resurgenti
1068 1358 1351 1414 Thomam
1385 1376 1499 1414 non
1524 1358 2134 1430 permiseritcredere:

496 1461 621 1518 quae
645 1448 840 1500 tamen
859 1446 1095 1501 vulnera
1116 1453 1319 1502 curata
1341 1451 1481 1503 sunt
1502 1446 1876 1519 indulgentias
1899 1444 2137 1501 medici-

496 1551 592 1590 na.
625 1534 770 1589 Illud
791 1552 924 1590 vero
947 1552 1123 1607 quam
1147 1537 1421 1592 audacter
1440 1538 1679 1593 molitus
1701 1537 1797 1604 sit,
1814 1540 1877 1592 ut
1896 1535 2137 1591 Domino

494 1623 782 1696 Optimum
806 1640 1001 1680 semen
1023 1625 1356 1696 seminanti,
1382 1626 1477 1681 ille
1497 1626 1716 1681 zizania
1740 1625 2062 1695 miscuerit,
2085 1627 2142 1680 et

492 1716 653 1768 tanto
691 1714 905 1783 pastori
952 1714 1284 1770 Iscariotem
1332 1716 1627 1788 rapuerit;
1679 1721 1735 1772 et
1786 1720 1853 1771 ut
1880 1715 1949 1770 ad
2004 1714 2139 1769 ulti-

494 1819 655 1857 mum
690 1804 879 1858 crucis
911 1804 1264 1875 supplicium
1294 1806 1687 1872 veniretur,in
1722 1804 2034 1878 perniciem
2058 1803 2141 1876 ip-

496 1891 622 1947 sius
654 1891 887 1947 Scribas
915 1893 1351 1967 Pharisaaosque
1373 1896 1719 1964 accenderit,
1745 1901 1809 1950 ut
1828 1896 2140 1949 Barrabam

498 1980 711 2036 dimitti
736 1981 1073 2051 clamarent,
1098 1989 1151 2038 et
1171 1985 1372 2039 Jesum
1396 1986 1677 2057 cruciﬁgi.
1705 1985 2010 2039 Evasimus
2032 1983 2142 2053 igi-

497 2072 613 2139 tur,
636 2070 771 2140 quia
788 2070 1147 2141 spiritualem
1178 2075 1359 2128 secuti
1378 2091 1585 2129 sumus
1604 2073 1980 2130 Salvatorem.
1997 2072 2143 2127 Nam

501 2159 660 2214 illius
693 2164 921 2214 tantum
955 2161 1145 2232 erupit
1175 2163 1438 2231 audacia,
1465 2168 1529 2218 ut
1558 2162 1607 2218 si
1640 2167 1836 2217 noster
1867 2162 2147 2216 Dominus

503 2248 753 2305 carnalis
785 2250 949 2315 foret,
984 2249 1175 2306 omnis
1199 2257 1397 2307 nostra
1427 2252 1633 2308 fuisset
1663 2268 1797 2324 spes
1823 2256 2145 2322 amputata.

504 2338 574 2394 Et
604 2343 799 2395 tamen
834 2356 905 2394 ne
935 2339 1061 2411 ipso
1110 2341 1348 2412 quidem
1381 2342 1571 2397 crucis
1620 2342 1931 2414 opprobrio
1964 2340 2151 2411 potuit

503 2427 702 2484 satiari
737 2447 749 2484 :
783 2429 1046 2499 quinimo
1090 2430 1411 2496 insaniens,
1443 2431 1575 2486 hinc
1606 2433 1793 2504 coegit
1832 2430 2019 2503 spinis
2057 2446 2148 2485 co-

508 2516 897 2584 ronari,illinc
928 2523 1088 2575 aceto
1106 2522 1324 2591 potari;
1359 2520 1494 2576 hinc
1518 2521 1776 2577 militum
1801 2521 2003 2576 lancea
2025 2536 2152 2591 per-

510 2608 649 2674 cuti,
680 2606 838 2661 illinc
868 2608 1089 2664 sinistri
1123 2608 1369 2665 latronis
1400 2626 1497 2666 ore
1528 2610 1919 2683 blasphemari
1943 2609 2151 2678 (Matth.

512 2713 663 2763 xxvr,
695 2715 882 2765 xxvn;
920 2700 1045 2754 Luc.
1092 2718 1231 2766 χχιι,
1263 2717 1422 2765 xxm,
1454 2706 1506 2755 et
1552 2705 1712 2756 lacn.
1756 2700 2037 2770 xvm-xx).
2082 2703 2158 2753 At

506 2792 705 2859 postea
754 2792 978 2843 tantum
1012 2789 1140 2860 ejus
1189 2790 1365 2844 crevit
1408 2790 1703 2861 iniquitas,
1739 2795 1801 2844 ut
1830 2794 1888 2845 et
1936 2789 2063 2860 ipso
2102 2792 2158 2843 et

502 2876 795 2948 Apostolis
826 2878 954 2947 ejus
987 2876 1126 2933 illuc
1157 2880 1611 2935 ascendentibus
1632 2881 1891 2934 diversas
1918 2894 2156 2949 compo-

508 2969 671 3020 neret
717 2966 1088 3037 quaestiones,
1123 2967 1233 3021 sub
1264 2984 1487 3035 eorum,
1522 2969 1677 3039 quod
1709 2969 1873 3039 pejus
1914 2971 2021 3033 est,
2055 2983 2157 3021 no-

513 3057 670 3109 mine
716 3056 1141 3127 superstitiosis
1183 3056 1479 3126 omnibus,
1529 3057 1585 3111 id
1619 3062 1728 3126 est,
1762 3054 2031 3111 catholici
2062 3072 2157 3111 vo-

514 3142 708 3198 cabuli
740 3143 1002 3199 dividens
1033 3145 1396 3217 dignitatem.
1425 3146 1643 3201 Omitto
1676 3162 1923 3217 namque
1954 3149 2157 3217 quate-

515 3250 626 3288 nus
658 3250 1138 3305 unumquemque
1171 3235 1588 3307 discipulorum
1633 3238 1912 3290 adversus
1945 3235 2161 3307 magis-

510 3325 633 3378 tros
692 3323 1003 3377 armaverit
1047 3329 1335 3394 quatenus
1384 3325 1759 3396 Hymenaeum
1782 3328 1824 3395 ί,
1873 3328 2161 3396 quatenus

510 3411 905 3467 Alexandrum
936 3413 1225 3484 deceperit
1263 3416 1308 3480 (Ι
1332 3416 1463 3469 Tim.
1490 3431 1530 3480 1,
1560 3414 1673 3486 20),
1708 3432 1836 3486 quae
1866 3415 2018 3486 apud
2044 3415 2164 3467 An-

512 3500 815 3569 tiochiam,
850 3517 976 3571 quas
1009 3503 1160 3572 apud
1205 3506 1534 3575 Smyrnam,
1562 3520 1688 3574 quae
1718 3504 1871 3575 apud
1904 3502 2163 3558 Iconium

516 3589 923 3646 commiserit:
964 3589 1062 3645 illa
1112 3608 1267 3647 nunc
1314 3593 1464 3647 addo
1497 3610 1621 3663 qua;
1672 3609 1927 3664 praesens
1969 3592 2167 3647 actitat

518 3679 852 3749 multitudo,
887 3696 1058 3751 aqua
1098 3686 1327 3737 tantum
1368 3681 1551 3738 virtus
1599 3682 1797 3754 procul
1831 3687 1939 3747 est,
1981 3698 2165 3754 quan-

518 3772 646 3824 tum
680 3768 895 3841 populo
916 3768 1111 3825 clausa
1129 3774 1366 3826 est.Nec
1384 3772 1539 3827 enim
1558 3772 1744 3827 virtus
1774 3776 1865 3827 est
1895 3771 1963 3825 ad
1989 3786 2167 3842 quam

518 3859 689 3914 turba
720 3858 1002 3930 pervenit,
1023 3864 1078 3914 et
1108 3861 1281 3915 turba
1305 3878 1482 3932 quam
1518 3862 1769 3916 maxime
1794 3860 2166 3915 feminarum.

519 3947 629 4003 Sed
663 3964 863 4003 vereor
879 3946 1241 4003 clandestina
1258 3966 1459 4004 eorum
1493 3949 1810 4021 publicare,
1845 3966 1915 4003 ne
1934 3950 2005 4003 ab
2040 3947 2170 4003 aliis

517 4036 707 4092 ordita
738 4036 984 4091 crimina
1034 4037 1424 4109 geminentur.
1461 4040 1806 4110 Quanquam
1840 4038 2170 4109 sapientum

523 4132 612 4182 est
644 4130 960 4197 utrumque
1010 4128 1178 4193 ferre,
1212 4132 1530 4199 utrumque
1561 4129 1783 4193 ridere;
1834 4132 1890 4182 et
1919 4128 1987 4181 ad
2030 4126 2171 4181 illud

525 4221 757 4272 tantum
814 4218 942 4286 niti,
999 4218 1153 4290 quod
1206 4217 1626 4273 beatitudinem
1677 4216 1964 4286 conciliat,
2019 4216 2175 4287 quod

529 4308 783 4380 parturit
809 4308 1008 4363 vitam.

600 4398 653 4453 5.
690 4398 755 4452 Et
786 4402 982 4453 tamen
1016 4396 1225 4453 iterum
1249 4402 1422 4468 atque
1452 4396 1663 4451 iterum
1697 4394 1943 4467 supplex
1972 4395 2178 4465 depre-

531 4503 649 4558 cor,
684 4503 784 4542 oro
807 4488 981 4541 etiam
1008 4494 1181 4558 atque
1202 4486 1378 4542 etiam
1403 4485 1924 4557 obsecro,primum
1944 4482 2177 4556 quidem

1195 324 1610 390 SECUNDINI
1655 328 2062 391 MANICH/EI
2106 328 2489 391 EPISTULA
2533 327 2639 391 AD
2682 327 3205 392 AUGUSTINUM

3778 334 3879 397 576

2258 468 2421 535 potes
2443 464 2668 520 docere.
2691 463 2928 519 Dimitte
2942 461 3247 518 hominum
3271 462 3541 536 gloriam,
3565 464 3612 520 si
3634 464 3715 521 vis
3736 466 3876 523 Chri-

2254 558 2345 608 sto
2369 553 2615 625 placere.
2646 553 3031 624 Temporibus
3055 554 3269 609 nostris
3296 570 3504 609 renova
3522 553 3876 629 Paulum,qui

2257 658 2388 698 cum
2412 642 2557 713 legis
2578 642 2835 698 Judaicm
2856 643 3057 698 doctor
3075 647 3246 710 esset,
3272 646 3626 699 consecutus
3645 660 3680 699 a
3702 644 3877 701 Domi-

2252 748 2326 787 no
2378 730 2739 803 apostolatus
2783 732 3056 804 gratiam,
3088 748 3218 804 quas
3270 733 3515 803 putabat
3562 735 3870 804 commoda,

2247 821 2600 895 contempsit
2655 826 2717 876 ut
2766 826 3041 888 stercora,
3076 825 3141 877 ut
3191 821 3491 877 Christum
3539 821 3881 880 lucrifaceret

2248 910 2524 983 (Philipp.
2561 927 2645 978 ιιι,
2678 912 2757 979 8).
2808 910 3060 966 Subveni
3110 911 3319 966 animae
3352 918 3464 966 tuae
3488 915 3611 965 tam
3644 909 3876 971 lucida:

2248 1000 2385 1073 quia
2416 1000 2651 1072 ignoras
2678 999 2840 1071 quali
2891 1000 2969 1055 sit
3002 1000 3093 1055 fur
3137 1000 3279 1055 hora
3310 1005 3616 1056 venturus.
3650 1000 3770 1056 Noli
3799 1019 3877 1057 or-

2247 1106 2385 1145 nare
2418 1094 2679 1144 mortuos
2714 1107 2726 1145 :
2758 1089 2895 1160 quia
2924 1088 3185 1145 vivorum
3218 1106 3278 1145 es
3309 1094 3743 1145 ornamentum.
3768 1090 3881 1146 Noli

2247 1195 2440 1234 comes
2470 1195 2597 1234 esse
2628 1178 2730 1234 lati
2761 1178 3009 1243 itineris,
3042 1178 3181 1250 quia
3218 1178 3633 1234 Amorrhzeum
3664 1194 3881 1252 exspec-

2245 1272 2377 1323 tat:
2411 1268 2512 1323 sed
2561 1269 2631 1323 ad
2684 1273 2902 1323 arctam
2952 1268 3162 1323 festina
3191 1269 3366 1335 viam,
3405 1272 3472 1323 ut
3521 1268 3884 1339 consequaris

2246 1357 2425 1412 vitam
2482 1361 2779 1413 teternam.
2838 1356 3068 1425 Desine,
3130 1373 3347 1429 quaeso,
3410 1363 3578 1412 utero
3634 1356 3885 1414 claudere

2247 1446 2568 1513 Christum,
2589 1463 2661 1501 ne
2689 1446 2815 1518 ipse
2837 1462 3075 1501 rursum
3094 1450 3257 1502 utero
3276 1445 3676 1501 concludaris.
3699 1446 3885 1502 Desine

2249 1536 2395 1592 duas
2426 1540 2664 1591 naturas
2697 1536 2883 1591 facere
2913 1552 3091 1591 unam
3118 1554 3131 1604 ;
3164 1536 3302 1607 quia
3331 1535 3765 1609 apprOpinquat
3791 1534 3885 1590 Do-

2249 1626 2391 1681 mini
2417 1625 2733 1697 judicium.
2768 1625 2861 1680 Vaa
2894 1625 2995 1698 qui
3046 1624 3353 1698 accipient,
3387 1625 3493 1698 qui
3527 1625 3682 1697 quod
3733 1623 3886 1681 dulce

2248 1719 2354 1781 est,
2389 1716 2447 1770 in
2480 1715 2931 1770 amaritudinem
2962 1714 3343 1771 transferunt.

2318 1807 2371 1860 6.
2388 1804 2492 1860 Sed
2518 1804 2563 1859 si
2589 1804 2826 1860 dubitas
2848 1805 2919 1860 de
2942 1803 3578 1877 principio,siambigis
3605 1804 3673 1859 de
3695 1819 3883 1876 pugnas

2249 1894 2725 1965 exordio,poterit
2745 1894 2955 1949 diurno
2969 1899 3222 1950 tractatu
3241 1893 3604 1966 paciﬁcoque
3620 1891 3885 1963 colloquio

2250 1984 2412 2040 reddi
2430 1982 2749 2039 ratio.Illud
2772 1988 2966 2038 tamen
2989 1989 3191 2039 notum
3209 1983 3355 2039 facio
3367 1988 3484 2038 tua:
3506 1982 3881 2055 sagacissimis

2251 2073 2518 2142 bonitati,
2544 2073 2681 2143 quia
2711 2078 2852 2127 sunt
2880 2073 3143 2144 quaedam
3168 2090 3259 2127 res
3290 2089 3423 2144 quae
3453 2071 3662 2143 exponi
3685 2074 3763 2126 sic
3783 2086 3883 2125 non

2254 2168 2504 2234 possunt
2535 2166 2596 2217 ut
2620 2161 3025 2234 intelligantur
3057 2179 3069 2219 :
3105 2162 3323 2218 excedit
3347 2162 3512 2217 enim
3536 2160 3729 2216 divina
3756 2159 3883 2215 ratio

2256 2251 2592 2308 mortalium
2611 2256 2844 2325 pectora
2865 2266 2878 2307 :
2906 2256 3112 2324 utputa
3132 2251 3771 2324 hoc,ipsum,quomodo
3787 2247 3890 2304 sint

2257 2341 2384 2397 duas
2418 2344 2774 2411 naturae,aut
2799 2356 2977 2411 quare
3008 2339 3352 2413 pugnaverit
3376 2358 3482 2414 qui
3510 2339 3656 2395 nihil
3688 2340 3891 2411 poterat

2260 2430 2412 2503 pati;
2439 2446 2661 2486 necnon
2686 2430 2859 2485 etiam
2883 2431 2954 2485 de
2986 2430 3197 2486 saeculo
3230 2447 3405 2501 novo,
3431 2430 3588 2502 quod
3611 2429 3759 2483 idem
3789 2441 3891 2481 me-

2260 2524 2468 2590 morat,
2495 2520 2633 2591 quia
2665 2519 2923 2591 praecisis
2946 2523 2962 2556 ¹
2997 2521 3263 2576 maximae
3284 2519 3454 2576 illius
3472 2524 3641 2574 terra;
3662 2517 3892 2573 motibus

2260 2610 2369 2665 hoc
2414 2611 2752 2666 aedificetur.
2794 2610 2934 2674 Quis
2982 2614 3179 2666 autem
3230 2610 3514 2665 admittat
3546 2608 3698 2664 inter
3725 2605 3896 2661 divina

2262 2700 2517 2770 prmeidi,
2535 2698 2755 2754 scilicet
2776 2699 2888 2755 nisi
2912 2700 3159 2771 figuram
3181 2698 3359 2754 facias
3386 2695 3813 2769 interpretantis
3832 2692 3891 2748 ad

2262 2790 2586 2845 auditorem
2614 2788 2657 2858 ³,
2682 2788 2820 2860 quia
2850 2789 2921 2843 ab
2956 2789 3062 2843 hoc
3109 2789 3284 2843 verba
3314 2788 3733 2859 praeciduntur,
3764 2787 3817 2838 et
3843 2780 3894 2836 in

2262 2877 2360 2934 illo
2382 2883 2813 2949 componuntur
2830 2878 2857 2933 ?
2883 2879 2949 2933 Et
2966 2878 3234 2950 quamvis
3258 2882 3546 2933 tractator
3568 2874 3747 2930 multa
3764 2872 3894 2927 dixe-

2265 2968 2360 3034 rit,
2396 2984 2524 3039 quae
2545 2972 2738 3023 teneat
2769 2968 2923 3040 apud
2948 2984 3009 3023 se
3040 2967 3295 3036 auditor,
3325 2972 3533 3022 tamen
3557 2983 3590 3022 a
3611 2967 3894 3021 tractatorc

2266 3073 2378 3112 non
2396 3062 2760 3113 recesserunt
2784 3073 2796 3110 :
2824 3056 2933 3111 nisi
2948 3056 3145 3113 taliter
3159 3060 3215 3112 et
3233 3056 3303 3111 de
3325 3054 3434 3111 illo
3454 3054 3670 3112 sentias
3686 3049 3893 3113 saeculo,

2267 3149 2323 3201 et
2351 3146 2408 3201 id
2441 3148 2517 3217 (α)
2548 3146 2703 3217 quod
2737 3145 2953 3201 dicitur
2985 3144 3229 3201 stultum
3263 3145 3417 3200 satis
3452 3149 3508 3200 et
3537 3145 3804 3215 ineptum.
3824 3140 3895 3194 Ita

2267 3252 2496 3307 quoque
2526 3240 2582 3291 et
2603 3236 2672 3290 de
2700 3236 3084 3307 pugna,quod
3114 3235 3225 3291 nisi
3252 3235 3453 3307 primo
3478 3228 3898 3304 conjicias,quia

2268 3324 2420 3379 Deus
2450 3327 2607 3379 totus
2632 3324 2865 3393 justitia
2895 3329 3003 3389 est,
3037 3323 3310 3379 ultimum
3345 3329 3549 3379 autem
3584 3322 3797 3377 facinus
3822 3318 3895 3372 est

2269 3414 2540 3469 invadere
2561 3413 2749 3469 aliena
2783 3430 2795 3468 :
2830 3414 2901 3468 ad
2934 3414 3043 3468 hoc
3067 3429 3199 3469 vero
3222 3428 3354 3469 cum
3379 3412 3610 3469 venerit
3638 3404 3898 3466 contraria

2271 3507 2502 3566 natura.
2522 3502 2620 3557 ille
2651 3502 2888 3575 quidem
2911 3502 3055 3557 nihil
3080 3506 3305 3573 poterat
3327 3502 3479 3573 pati,
3499 3501 3637 3573 quia
3653 3496 3899 3571 praescius

2271 3594 2580 3662 erat,visus
2593 3591 2800 3647 fuisset
2815 3592 3053 3647 facinori
3071 3591 3452 3646 consensisse
3467 3590 3577 3646 nisi
3593 3586 3895 3661 pugnasset:

2273 3686 2329 3739 et
2350 3682 2478 3738 ideo
2503 3698 2775 3755 magnam
2793 3680 3331 3753 opposuitvenienti
3349 3680 3650 3746 virtutem,
3665 3676 3744 3733 uti
3754 3669 3901 3747 justi-

2273 3771 2555 3844 tiaipsius
2569 3769 2728 3826 nulla
2756 3770 3111 3843 pollueretur
3124 3768 3422 3842 sacrilegii
3437 3761 3900 3826 consensione.lta

2275 3862 2428 3918 enim
2456 3862 2529 3917 ab
2554 3861 2838 3933 eojustus
2858 3861 2880 3894 ³
2902 3860 3103 3915 ﬁnitus
3124 3864 3233 3928 est,
3256 3863 3321 3914 ut
3343 3876 3459 3915 nec
3480 3859 3605 3932 ipse
3625 3856 3807 3930 peccet
3820 3847 3902 3905 ali-

2277 3953 2528 4024 quando,
2565 3967 2669 4006 nec
2718 3949 3034 4021 aliquando
3067 3948 3397 4005 consentiat
3443 3945 3743 4021 peccatori.
3774 3937 3901 3995 Illud

2278 4040 2452 4096 etiam
2480 4040 2619 4112 quia
2641 4044 2793 4095 Deus
2818 4039 2873 4093 in
2901 4056 3005 4094 suo
3028 4055 3204 4109 regno
3237 4043 3450 4109 potens
3469 4042 3589 4093 erat
3610 4036 3666 4090 in
3699 4035 3901 4092 natura,

2280 4135 2344 4185 ut
2360 4130 2734 4200 omnipotens
2756 4128 3029 4198 etjudex.
3055 4132 3187 4183 Haec
3204 4127 3505 4199 siquidem
3519 4124 3757 4181 itadicta
3769 4119 3902 4184 sunt,

2280 4236 2395 4275 non
2415 4224 2479 4272 ut
2498 4217 2595 4272 ille
2610 4217 2798 4272 factus
2822 4222 2929 4281 est,
2946 4218 3044 4271 sed
3071 4216 3378 4286 utassequi
3402 4232 3508 4287 ego
3521 4231 3632 4270 non
3645 4207 3787 4267 valui
3806 4206 3903 4274 (b):

2281 4308 2473 4363 adhuc
2488 4323 2601 4362 non
2616 4305 2765 4361 satis
2782 4306 3001 4361 faciunt
3021 4305 3420 4376 perfidiae,nec
3432 4304 3596 4360 caecis
3611 4300 3693 4357 sol
3706 4299 3908 4355 exortus

2283 4400 2392 4464 est,
2429 4412 2533 4451 nec
2573 4396 2768 4452 surdis
2798 4412 2905 4451 vox
2952 4394 3152 4450 audita
3180 4398 3288 4461 est,
3324 4410 3432 4450 nec
3464 4394 3641 4465 dapes
3688 4379 3906 4443 mortuis

2285 4489 2640 4559 praeparata.
2673 4484 2837 4551 Quod
2873 4488 3068 4539 autem
3099 4482 3226 4539 loca
3255 4482 3487 4539 naturis
3518 4473 3791 4552 assignari
3810 4482 3908 4559 non

102 5204 105 5219 ι

122 5232 131 5241 .

118 5294 127 5311 ‘1

118 5320 129 5331 Β

122 5612 129 5627 ι

122 5642 127 5661 ι

120 5710 131 5719 υ

116 5876 129 5893 ι

120 6024 123 6033 ι

525 4575 751 4630 veniam
785 4575 983 4648 largiri
1019 4575 1295 4647 digneris,
1323 4576 1369 4630 si
1396 4592 1510 4646 quo
1534 4590 1800 4630 sermone
1824 4572 1995 4628 fuerit
2014 4576 2180 4627 tuum
2289 4578 2552 4648 possunt,
2584 4574 2691 4630 hoc
2713 4578 2800 4629 est
2820 4575 2973 4646 quod
2995 4573 3251 4628 conditio
3269 4572 3532 4627 humana
3555 4555 3909 4648 inenarrabile

530 4664 839 4721 titillatum
868 4645 1110 4719 aureum
1146 4645 1345 4736 pectus
1380 4645 1634 4719 :iardore
1666 4663 1821 4718 enim
1863 4663 1971 4717 hoc
2003 4661 2182 4716 nimio
2288 4645 3753 4736 vocatatqueinefl‘abile,Salvatorautemcuitotum
3771 4645 3910 4705 facile

527 4754 660 4824 feci,
695 4753 835 4826 quia
866 4752 997 4809 nolo
1018 4760 1074 4808 te
1098 4773 1131 4809 a
1166 4760 1365 4810 nostro
1388 4771 1561 4827 grege
1592 4752 1857 4821 divelli,a
1876 4768 1989 4823 quo
2010 4751 2185 4806 etiam
2292 4760 2400 4823 est,
2425 4754 2540 4809 duo
2562 4753 2684 4810 haec
2708 4755 2973 4809 dextrum
3001 4756 3167 4808 vocat
3188 4769 3254 4807 ao
3274 4750 3668 4819 laevum,intus
3690 4759 3749 4798 ac
3770 4736 3908 4800 foris.

535 4860 672 4917 ergo
705 4843 830 4916 ipse
862 4844 1144 4899 aberrans
1176 4860 1320 4915 pene
1361 4844 1669 4915 peric-ram,
1708 4842 1819 4897 nisi
1855 4844 1967 4897 cito
1998 4857 2090 4895 me
2118 4841 2189 4895 de
2303 4847 2487 4901 Venite
2505 4861 2572 4899 ac
2591 4842 3072 4915 Receditemwh.
3095 4841 3248 4913 xxv).
3270 4840 3356 4896 Tu
3381 4844 3575 4896 autem
3601 4836 3910 4917 conversum

540 4913 1192 5007 iniquacommunionis
1207 4913 1477 4988 tulissem
1502 4932 2049 4997 natura.Deinde,ut
2064 4946 2193 4985 con-
2298 4933 2442 4990 facis
2470 4933 2542 5004 (c)
2573 4938 2630 4988 et
2659 4913 2869 5005 pedem
2896 4932 3088 5003 ponis,
3122 4935 3188 4986 ut
3218 4937 3329 4997 est,
3373 4928 3567 4997 Orbis,
3597 4925 3730 4987 vita,
3758 4913 3913 4974 salus,

536 5024 699 5082 cilies
721 5029 777 5079 te
798 5022 907 5089 illi,
932 5040 1059 5093 quae
1083 5022 1141 5077 in
1166 5027 1223 5077 te
1246 5021 1392 5076 nihil
1412 5020 1989 5093 deliquitzredeasad
2010 5019 2193 5085 illam,
2299 5022 2519 5091 lumen,
2543 5020 2652 5090 lex,
2687 5021 2848 5088 ordo,
2884 5024 3174 5091 potestas:
3199 5019 3249 5075 si
3270 5017 3527 5075 vocalem
3554 5011 3697 5068 dicis
3727 5014 3776 5062 et
3802 5014 3914 5059 ωυ-

552 5131 681 5187 quae
712 5112 819 5169 tibi
843 5118 899 5169 et
922 5113 981 5167 in
1003 5112 1227 5167 dierum
1245 5110 1538 5182 culpami,
1559 5127 1673 5165 non
1697 5109 2194 5165 eritsuccensura.
2303 5116 2445 5178 tam,
2476 5110 2711 5182 longam
2758 5126 2929 5166 vocas
2961 5109 3215 5177 brevem,
3249 5124 3375 5179 quae
3408 5111 3627 5162 naturae
3668 5098 3781 5154 hac
3818 5098 3913 5144 non

553 5209 669 5261 Nec
688 5204 845 5260 enim
870 5202 1083 5275 septies
1114 5206 1343 5257 tantum
1369 5199 1526 5255 novit
1556 5199 1855 5271 ignoscere
1888 5216 1900 5253 :
1935 5197 2198 5270 quinimo
2368 5211 2390 5296 ξ
2417 5210 2498 5296 με
2526 5207 2985 5296 ϐαιηοῐρηοὶὶΜε.
3016 5202 3597 5296 Αεθῆηῇὶρςιξξεςξρζε.
3617 5247 3914 5296 ΙΜΜΜΜ

554 5293 730 5349 habet
750 5262 1380 5365 etligahdietsolvendi
1402 5262 1901 5362 potestatemNoli
1921 5262 1973 5343 te
1992 5287 2204 5358 fingere
2308 5273 2390 5365 η]
2407 5272 2757 5365 ξξξξῇξζξξῇδίδ
2786 5270 2971 5331 θοάων
3001 5268 3094 5319 sed
3120 5262 3407 5333 “i‘iﬁwm
3433 5265 3597 5328 Ϊ⁰⁶ί⁰³
3616 5262 3823 5321 “mpera

558 5334 730 5349 ...ιυυι
751 5334 1206 5365 “unusunus”
1222 5334 1232 5344 .
1248 5334 1380 5345 νην..
1402 5334 1901 5362 τυ-ν--μ-υ-----.-.-
1924 5334 1971 5343 --
1992 5334 2160 5358 .--Ὃν
2176 5334 2201 5342 ,
2522 5336 2531 5344 ,

558 5382 815 5455 palpare,
848 5382 947 5456 qui
980 5382 1207 5437 dudum
1236 5379 1433 5436 vidisti
1471 5396 1484 5434 :
1519 5377 1636 5434 noli
1669 5376 1813 5432 velle
1838 5376 2078 5447 discere,
2104 5375 2203 5448 qui
2307 5334 2998 5448 “da‘gﬁ’ﬁﬁfﬁmmmi,
3027 5398 3090 5446 Αι
3118 5393 3243 5444 editi
3280 5407 3293 5443 τ

2373 5443 3285 5525 (αῙ-ᾗόιιίὸάῖςῖιᾶίῖὶιιιῐδ*Μαι-οι,
3316 5455 3571 5525 Element.
3604 5443 3785 5501 Critic.,
3812 5444 3910 5498 pago

623 5525 641 5557 1
674 5522 1012 5575 Carnotensis
1041 5525 1225 5586 codex,
1256 5525 1392 5584 loco,
1425 5523 1770 5587 Hymencum,
1802 5519 1963 5570 habet
2000 5518 2087 5568 He:
2101 5533 2207 5569 mo-
2311 5514 2441 5587 300:
2486 5585 2517 5587 ᾼ
2643 5514 2653 5522 ’
2847 5514 2939 5587 ’,ί
3004 5582 3018 5587 _
3057 5582 3069 5587 _
3112 5585 3118 5587 Α
3273 5514 3279 5517 Ὗ
3474 5514 3545 5563 Μ’

553 5597 752 5650 σοηετη-
926 5649 930 5650 ν
1212 5580 1222 5586 ’
1379 5580 1490 5587 ’⁷
2081 5645 2091 5650 ,

2377 5586 2451 5650 (ὁ)
2484 5585 2659 5650 Forte,
2685 5598 2776 5650 go
2798 5580 3178 5650 valuj,_deleto,
3209 5595 3352 5650 non._
3493 5638 3503 5649 _
3672 5630 3707 5650 με

627 5598 819 5714 ξϐἷὲὲῳ
840 5649 1002 5696 codex
1029 5650 1388 5711 Carnotensis,
1418 5664 1537 5714 quae,
1558 5647 1653 5697 tibi
1678 5644 1978 5714 eiredieris,
2006 5645 2209 5709 culpam
2332 5712 2344 5714 _
2474 5588 2659 5714 5312i:
2685 5588 3645 5714 ᾒὲἕιῗξιέέίὲἓῖῗῗέεῗᾝπορρὶωω
3669 5630 3741 5684 sic
3755 5624 3908 5686 1⁸8⁸³·

562 5721 669 5760 non
698 5710 797 5760 erit
822 5723 1143 5766 succensum.
1172 5714 1326 5767 Forte
1351 5702 1659 5779 legendum,
1686 5709 1748 5761 ob
1776 5702 1995 5774 culpavi.
2085 5702 2100 5709 ’
2317 5702 2445 5765 dum
2476 5727 2490 5765 :
2524 5712 2595 5764 Tu
2621 5702 2792 5767 autem
2820 5702 2934 5763 cum
2962 5702 3161 5764 υσνειιὶη
3186 5702 3336 5776 fecit.
3360 5702 3367 5705 ⁷
3428 5702 3499 5756 Ml

3329 5392 3403 5440 Ita
3427 5390 3559 5440 enim
3587 5385 3726 5433 homo
3752 5373 3910 5438 ius!“
