4046 6184
204 335 310 397 581

204 481 438 539 operum
469 467 714 532 creator;
777 461 915 536 quia
962 466 1086 518 erat
1135 463 1353 518 bonum
1386 462 1538 534 quod
1572 462 1694 534 ipse
1728 478 1843 516 non

207 560 529 614 creaverat:
563 570 680 609 non
738 552 892 609 enim
957 553 1026 608 de
1056 551 1209 608 malo
1240 551 1428 608 alieno
1458 551 1687 607 lumina
1715 551 1842 622 qui-

206 648 313 702 bus
345 653 610 717 regnaret
640 644 912 699 efﬁceret.
946 642 1312 713 Relinquitur
1350 642 1565 714 itaque,
1601 646 1665 696 ut
1695 642 1745 697 si
1776 641 1846 697 de

208 752 262 792 re
285 736 483 806 aliqua
505 734 659 801 fecit,
686 733 757 788 de
778 732 878 787 illa
902 732 1103 787 fecerit
1125 749 1302 803 quam
1325 732 1449 804 ipse
1464 733 1589 802 jam
1613 732 1844 787 fecerat.

274 824 510 879 CAPUT
539 823 606 877 V.
638 853 709 864 —
738 823 825 877 Ita
854 821 921 878 fit
952 826 1017 876 ut
1059 822 1279 893 primas
1307 820 1561 894 origines
1592 822 1851 877 conden-

219 915 423 970 darum
446 929 640 968 rerum
665 912 736 967 de
758 910 942 966 nihilo
964 910 1149 966 Deum
1178 910 1383 966 fecisee
1401 911 1715 967 fateamur:
1737 910 1851 966 nisi

210 1004 345 1076 quia
362 1003 508 1057 forte
524 1000 837 1057 ineﬂ'abilis
854 1016 922 1055 ac
944 1000 1354 1056 sacratissimis
1386 1000 1711 1071 majestatis
1741 999 1857 1072 pri-

210 1093 567 1165 mogenitum
587 1092 791 1147 Jesum
806 1089 1108 1147 Christum
1127 1104 1255 1145 esse
1271 1089 1491 1158 dixisti,
1511 1106 1627 1145 non
1646 1106 1854 1145 secun-

211 1182 345 1238 dum
369 1179 807 1252 susceptionem
831 1178 1111 1243 hominis,
1139 1179 1196 1234 in
1224 1195 1341 1251 qua
1362 1195 1466 1250 per
1486 1179 1855 1249 adoptionem

210 1273 459 1338 vocatos,
484 1270 639 1325 sicut
660 1267 981 1339 Apostolus
1006 1269 1166 1337 dicit,
1192 1272 1249 1323 et
1267 1266 1715 1324 sicutcatholica
1729 1282 1857 1322 cre-

213 1360 292 1416 dit
324 1360 490 1425 ﬁdes,
526 1358 764 1414 fratres‘
800 1357 1015 1413 habere
1044 1356 1321 1429 dignatus
1353 1361 1441 1412 est
1471 1356 1688 1429 quibus
1709 1358 1864 1412 esset

214 1447 637 1522 primogenitus
670 1448 849 1517 (Rom.
880 1463 1004 1512 vm,
1035 1446 1128 1517 29)
1154 1471 1169 1514 ;
1195 1446 1294 1501 sed
1318 1446 1514 1517 potius
1536 1446 1861 1501 secundum

216 1540 400 1610 ipsam
438 1536 762 1591 divinitatis
793 1533 1196 1591 excellentiam
1227 1536 1314 1590 vis
1346 1551 1480 1590 eum
1505 1533 1863 1607 primogeni-

217 1632 338 1683 tum
373 1624 640 1695 intelligi,
678 1630 742 1679 ut
772 1623 873 1679 illa
902 1623 1128 1679 lumina
1160 1624 1217 1679 in
1268 1624 1484 1695 quibus
1514 1630 1719 1697 regnat
1748 1624 1865 1678 fra-

218 1722 332 1772 tres
357 1716 487 1787 ejus
516 1714 636 1770 sint
662 1732 677 1782 ;
714 1731 827 1769 non
862 1713 995 1768 facti
1029 1730 1063 1768 a
1091 1714 1258 1769 Patre
1282 1713 1616 1785 peripsum,
1640 1714 1743 1768 sed
1765 1728 1868 1785 ge-

221 1804 320 1861 niti
356 1822 389 1859 a
418 1805 588 1859 Patre
619 1807 751 1875 post
779 1803 977 1875 ipsum
1003 1820 1016 1870 ;
1050 1806 1117 1857 ut
1140 1802 1257 1858 sint
1279 1803 1389 1874 ipsi
1414 1801 1750 1875 postgeniti,
1772 1801 1870 1858 ille

222 1892 666 1966 primogenitus,
697 1907 903 1947 omnes
947 1896 1144 1948 tamen
1186 1891 1257 1946 de
1289 1891 1524 1964 propria
1557 1892 1743 1947 Patris
1773 1907 1869 1947 ea-

225 1983 469 2054 demque
486 1981 837 2037 substantia.
860 1980 1020 2046 Quod
1045 1980 1094 2035 si
1118 1979 1201 2035 ita
1222 1981 1433 2047 credis,
1458 1980 1715 2052 primum
1740 1996 1872 2036 con-

228 2071 459 2127 tradicis
490 2070 822 2143 Evangelio,
850 2070 949 2125 ubi
972 2072 1146 2126 etiam
1170 2070 1509 2143 unigenitus
1530 2070 1722 2124 dictus
1746 2073 1834 2124 est
1858 2085 1870 2124 :

220 2161 276 2217 Et
308 2162 571 2231 vidimus,
606 2160 821 2232 inquit,
852 2161 1089 2231 gloriam
1116 2160 1238 2232 ejus
1260 2168 1520 2231 tanquam
1541 2160 1822 2228 unigeniti
1842 2176 1877 2213 α

220 2252 382 2306 Patre
398 2268 416 2304 :
436 2250 671 2322 quando
686 2251 706 2284 ⁸
725 2248 882 2304 nullo
908 2250 1083 2305 modo
1100 2265 1299 2304 verum
1319 2248 1573 2304 diceretu
1584 2265 1628 2315 r,
1653 2247 1702 2303 si
1728 2263 1879 2302 sem-

220 2341 447 2413 piterna
494 2355 725 2410 quoque
779 2338 966 2393 virtus
997 2339 1125 2409 ejus
1170 2354 1235 2393 ac
1265 2338 1563 2405 divinitas,
1597 2353 1715 2409 qua
1746 2353 1877 2392 con-

229 2427 633 2486 substantialis
682 2432 770 2484 est
820 2427 971 2483 Patri
1015 2432 1072 2483 et
1101 2432 1189 2483 est
1219 2432 1352 2482 ante
1382 2443 1617 2483 omnem
1651 2430 1877 2482 creatu-

231 2535 380 2585 ram,
410 2534 480 2573 ex
509 2517 711 2572 eadem
761 2516 1097 2572 substantia
1140 2516 1348 2571 fratres
1388 2515 1645 2572 haberet.
1679 2515 1882 2586 Itaque

232 2624 368 2663 cum
402 2611 459 2661 et
506 2606 873 2677 unigenitum
923 2610 980 2659 et
1031 2605 1486 2677 primogenitum
1520 2621 1653 2660 eum
1687 2604 1885 2659 divina

231 2700 527 2753 testentur
547 2694 815 2767 eloquia;
844 2695 1235 2767 unigenitum,
1258 2694 1396 2765 quia
1417 2694 1543 2750 sine
1566 2693 1879 2761 fratribus;

233 2785 721 2859 primogenitum,
773 2783 905 2854 quia
953 2799 1088 2839 cum
1134 2783 1593 2839 fratribusznon
1625 2783 1885 2839 invenies

239 2875 537 2947 quomodo
567 2878 882 2944 utrumque
911 2873 983 2928 de
1011 2872 1112 2927 illo
1141 2873 1465 2928 secundum
1496 2874 1761 2929 eamdem
1784 2888 1886 2927 na-

236 2967 433 3017 turam
454 2961 781 3016 divinitatis
799 2958 1113 3031 intelligas.
1134 2960 1304 3016 Fides
1316 2977 1446 3016 vero
1462 2960 1744 3016 catholica
1758 2977 1885 3033 qua

237 3050 397 3105 inter
423 3050 755 3106 Creatorem
805 3053 1250 3121 creaturamque
1296 3049 1623 3121 distinguit,
1666 3050 1887 3106 nullam

236 3139 466 3211 patitur
496 3139 557 3193 in
589 3138 682 3194 his
713 3138 943 3193 duobus
977 3138 1315 3194 nominibus
1345 3138 1707 3211 intelligendi
1732 3140 1893 3194 diffl-

237 3229 550 3293 cultatem,
584 3227 949 3299 unigenitum
981 3244 1115 3283 eum
1149 3227 1438 3300 accipiens
1476 3230 1798 3284 secundum
1829 3229 1887 3284 id

239 3319 393 3391 quod
428 3316 718 3388 scriptum
753 3321 861 3385 est,
892 3318 955 3372 In
977 3317 1255 3389 principio
1275 3326 1395 3372 erat
1420 3317 1664 3387 Verbum,
1686 3325 1737 3373 et
1765 3320 1890 3375 Ver-

240 3409 365 3463 bum
395 3414 520 3462 erat
549 3406 695 3477 apud
723 3408 912 3472 Deum,
944 3410 997 3461 et
1026 3406 1167 3462 Deus
1196 3410 1315 3461 erat
1368 3406 1610 3462 Verbum
1639 3407 1814 3478 (Joan.
1848 3422 1888 3476 1,

240 3498 323 3563 14,
356 3498 458 3564 4);
520 3495 976 3567 primogenitum
1034 3499 1229 3550 autem
1275 3495 1558 3551 universae
1590 3500 1890 3563 creaturis,

238 3585 572 3641 secundum
594 3583 651 3638 id
676 3585 825 3655 quod
850 3583 1163 3657 Apostolus
1185 3584 1281 3648 ait,
1311 3585 1375 3641 Ut
1391 3586 1461 3639 sit
1482 3586 1597 3655 ipse
1610 3587 1893 3656 primoge-

237 3678 391 3731 nitus
415 3676 481 3729 in
500 3673 695 3728 multis
714 3673 982 3744 fratribus
1005 3672 1233 3745 (Coloss.
1260 3690 1298 3742 1,
1325 3674 1412 3746 18)
1439 3692 1452 3741 ;
1477 3690 1625 3744 quos
1645 3674 1695 3729 ei
1727 3679 1897 3730 Pater

239 3765 308 3819 ad
336 3764 660 3820 fraternam
681 3763 1039 3830 societatem,
1060 3779 1174 3819 non
1194 3762 1520 3834 aequalitate
1537 3763 1895 3830 substentite,

241 3854 341 3909 sed
370 3853 692 3923 adoptione
714 3851 910 3924 gratiae
934 3851 1250 3924 generavit.
1271 3851 1631 3923 Legeitaque
1647 3852 1899 3923 Scriptu-

242 3959 335 3997 ras
360 3958 665 4014 nusquam
686 3940 946 3997 invenies
966 3942 1037 3996 de
1056 3940 1283 3996 Christo
1305 3941 1550 4010 dictum,
1574 3942 1724 4011 quod
1760 3942 1896 3996 ado-

242 4033 447 4104 ptione
471 4031 551 4086 sit
574 4030 750 4087 Filius
772 4029 894 4085 Dei.
919 4030 1000 4086 De
1022 4030 1191 4085 nobis
1210 4033 1406 4085 autem
1425 4030 1749 4100 saepissime
1765 4029 1903 4103 legi-

242 4126 342 4177 tur
367 4139 380 4176 :
405 4122 703 4192 Accepistis
731 4121 994 4191 spiritum
1019 4119 1328 4191 adoptionis
1349 4119 1597 4189 ﬁliorum
1614 4136 1635 4181 ,ο
1658 4119 1900 4190 adoptio-

242 4228 369 4267 nem
384 4214 789 4279 exspectantes,
814 4208 1243 4280 redemptionem
1263 4210 1504 4279 corporis
1524 4217 1701 4265 nostri
1723 4209 1897 4280 (Rom.

244 4316 368 4368 vm,
406 4300 500 4362 15,
561 4299 691 4371 23);
755 4300 819 4355 Ut
872 4299 1229 4369 adoptionem
1280 4298 1526 4367 ﬁliorum
1571 4299 1905 4369 recipiamus

244 4389 456 4459 (Gatat.
485 4405 561 4453 ιν,
596 4388 686 4459 4);
721 4388 1150 4445 Prwdestinavit
1169 4403 1271 4442 nos
1292 4390 1354 4442 in
1382 4386 1729 4456 adaptionem
1762 4388 1905 4455 ﬁlio-

242 4495 373 4534 rum
408 4478 629 4551 (Ephes.
663 4495 704 4543 1,
735 4478 830 4547 5);
868 4477 1004 4533 Gens
1050 4481 1265 4541 sancta,
1304 4476 1541 4547 populus
1573 4472 1633 4530 in
1662 4475 1906 4547 adoptio-

244 4570 409 4624 nem3
442 4567 489 4639 (Ι
520 4569 674 4623 Petr.
709 4584 770 4636 11,
802 4568 859 4637 9)
885 4585 898 4636 ;
937 4568 1149 4623 Vocavit
1178 4582 1269 4621 vos
1294 4581 1394 4637 per
1420 4566 1788 4637 Evangetium
1806 4581 1907 4621 no-

245 4661 435 4714 strum
459 4658 519 4711 in
540 4656 884 4727 adoptionem
905 4657 1096 4728 glorise
1120 4656 1344 4712 Domini
1363 4654 1543 4710 nostri
1554 4657 1685 4709 Jesu
1705 4654 1911 4711 Christi

245 4748 321 4809 (II
376 4746 561 4802 Thess.
594 4762 656 4817 11,
693 4747 778 4813 12,
814 4746 901 4819 13)
933 4763 947 4813 ;
979 4750 1036 4801 et
1068 4746 1117 4800 si
1148 4762 1265 4817 qua
1295 4742 1436 4799 talia
1466 4742 1793 4798 recordanti
1821 4743 1909 4800 vel

246 4834 477 4907 legenti
503 4836 883 4890 occurrerint.
909 4834 1081 4889 Aliud
1106 4838 1195 4889 est
1216 4833 1374 4888 enim
1398 4848 1501 4904 per
1520 4831 1705 4887 Patris
1726 4832 1908 4888 excel-

248 4923 505 4979 lentiam
527 4939 657 4979 esse
676 4923 911 4978 unicum
931 4922 1140 4979 Filium
1157 4922 1284 4989 Dei,
1298 4920 1459 4977 aliud
1477 4936 1578 4992 per
1590 4920 1912 4978 misericor-

252 5013 390 5068 dem
416 5012 670 5086 gratiam
694 5012 953 5084 accipere
978 5015 1322 5085 potestatem
1346 5008 1500 5065 ﬁlios
1520 5008 1620 5065 Dei
1644 5009 1764 5065 fieri
1788 5027 1909 5067 cre-

315 5123 334 5156 ¹
380 5121 443 5169 In
476 5119 633 5169 editis
668 5119 870 5177 deerat,
899 5121 1108 5183 fratres.
1136 5119 1200 5167 Et
1230 5116 1542 5183 paulopost
1562 5122 1696 5183 loco,
1717 5117 1912 5183 fratres

249 5184 367 5244 eius
398 5184 523 5241 sint,
546 5183 836 5245 legebatur,
868 5180 1067 5245 semper
1094 5182 1206 5245 ejus
1232 5183 1353 5230 sint.
1403 5181 1644 5245 Itemque
1675 5180 1811 5245 intra
1854 5181 1910 5230 in

247 5242 499 5295 editione
530 5242 655 5294 Lo'v.
684 5246 758 5295 ita
790 5242 1085 5295 ferebatur:
1113 5242 1368 5305 'Quoniam
1397 5242 1718 5305 nullogmodo
1736 5257 1911 5291 verum

249 5309 538 5373 diceretur,
560 5309 873 5373 sempiterua
898 5322 1095 5373 quoque
1122 5303 1285 5356 uirtus
1304 5306 1417 5373 ejus
1440 5319 1499 5351 ac
1519 5303 1782 5373 divinitas.
1811 5319 1912 5370 qua

247 5369 715 5419 consubstantialis
748 5375 820 5419 est
852 5369 1074 5419 Putri'et
1102 5381 1175 5419 est
1224 5372 1342 5417 ante
1370 5380 1571 5415 omnem
1599 5372 1910 5418 creaturam.

247 5435 359 5482 nisi
388 5447 456 5482 ex
484 5432 666 5481 eadem
713 5432 1002 5482 substantia
1047 5447 1245 5496 semper
1272 5429 1642 5496 haberet:_Hos
1673 5430 1911 5496 aliosque

247 5496 461 5559 passim
492 5495 636 5544 locos
664 5496 1009 5559 emendamus
1039 5510 1106 5546 ex
1134 5492 1447 5545 Carnotensi
1474 5492 1576 5559 ,Με-

314 5560 338 5623 ξ
364 5559 561 5623 Forte,
576 5558 727 5623 quod.

314 5622 338 5656 ³
372 5621 462 5670 Sic
491 5615 651 5685 etiam
683 5620 810 5685 legit
841 5621 1171 5680 Ambrosius,
1201 5629 1448 5670 sermons
1477 5619 1523 5678 6,
1556 5615 1612 5667 in
1642 5616 1777 5669 Psal.
1803 5620 1909 5679 118,

245 5685 441 5736 Graece
468 5687 567 5744 est,
600 5683 709 5734 iaos
737 5683 809 5734 eis
833 5684 1167 5749 peripdiésin.

1648 328 1880 390 LIBER
1923 329 2158 391 UNUS.

3487 336 3607 398 582

1955 462 2159 517 dentes
2183 461 2239 516 in
2263 479 2417 518 eum.
2442 464 2599 520 Dedit
2619 480 2717 531 eis,
2745 464 2953 536 inquit,
2984 473 3305 536 potestatem
3332 467 3475 537 ﬁlios
3505 467 3605 522 Dei

1957 551 2097 621 ﬁeri.
2128 550 2251 606 Non
2287 567 2418 623 ergo
2441 559 2605 609 erant
2629 558 2856 623 natura,
2883 571 3015 609 cum
3041 561 3388 626 potestatem
3414 561 3477 611 ut
3500 557 3602 611 fie-

1959 646 2089 696 rent
2106 646 2448 713 acceperunt
2471 642 2759 698 credendo
2785 643 2843 697 in
2858 643 3073 715 ipsum,
3092 644 3183 698 cui
3200 643 3370 699 unico
3386 661 3494 699 non
3505 661 3601 717 pe-

1957 731 2149 802 percit,
2182 730 2273 785 sed
2299 746 2397 801 pro
2426 732 2582 786 nobis
2613 732 2863 787 omnibus
2882 733 3117 789 tradidit
3135 751 3261 789 eum
3284 735 3454 801 (Rom.
3480 752 3600 804 VIII,

1963 819 2091 889 32);
2124 824 2188 873 ut
2216 820 2370 891 apud
2406 836 2466 874 se
2496 820 2885 892 unigenitum,
2919 822 2990 876 ad
3015 839 3120 878 nos
3146 824 3602 895 primogenitum

1964 908 2197 964 faceret.
2232 913 2309 963 Ex
2340 907 2439 963 illo
2471 909 2651 979 igitur
2680 911 2834 981 quod
2885 911 3219 983 unigenitus
3252 918 3360 980 est,
3391 930 3506 969 non
3539 929 3608 970 ex

1966 1013 2159 1069 carne,
2194 1014 2307 1051 non
2342 1014 2410 1053 ex
2440 998 2746 1067 sanguine,
2782 1016 2898 1054 non
2932 1016 2998 1054 ex
3030 1002 3328 1057 voluntate
3356 1002 3483 1070 viri,
3518 1020 3619 1060 ne-

1968 1103 2082 1157 que
2110 1103 2179 1142 ex
2208 1085 2501 1143 voluntate
2530 1088 2752 1153 carnis,
2784 1088 2884 1144 sed
2916 1106 2984 1143 ex
3026 1090 3139 1145 Deo
3190 1096 3363 1147 natus
3395 1098 3521 1149 est:
3553 1109 3623 1149 ex

1970 1176 2071 1231 illo
2104 1180 2297 1231 autem
2333 1177 2485 1249 quod
2518 1178 2941 1249 primogenitus
2971 1177 3027 1233 in
3064 1178 3319 1235 Ecclesia
3345 1181 3622 1238 fratribus

1971 1265 2157 1321 factus
2180 1272 2289 1334 est,
2315 1266 2541 1322 Verbum
2562 1282 2694 1321 caro
2717 1270 2925 1337 [actum
2945 1276 3043 1334 est,
3070 1272 3122 1323 et
3145 1269 3416 1325 habitavit
3438 1273 3499 1325 in
3522 1287 3628 1326 no-

1973 1355 2055 1410 bis
2074 1354 2249 1425 (Joan.
2276 1371 2315 1421 1,
2344 1356 2427 1421 12,
2458 1354 2563 1423 14).
2591 1355 2706 1412 Nos
2730 1372 2963 1429 quoque
2986 1358 3043 1412 in
3070 1363 3356 1429 quantum
3386 1364 3625 1414 natura-

1973 1441 2105 1499 liter
2126 1443 2229 1498 ﬁlii
2261 1444 2358 1498 ira:
2391 1444 2612 1500 fuimus
2645 1445 2856 1516 (Ephes.
2892 1463 2953 1516 11,
2986 1448 3062 1515 3),
3096 1447 3204 1502 hoc
3238 1453 3327 1503 est
3356 1449 3625 1504 vindictas

1978 1532 2105 1598 filii,
2168 1533 2399 1588 vinculo
2453 1533 2831 1590 mortalitatis
2885 1537 3171 1604 obstricti,
3223 1539 3491 1609 quamvis
3526 1538 3624 1594 illo

1976 1626 2204 1677 creante
2217 1627 2393 1694 atque
2407 1622 2768 1687 instituente,
2790 1625 2890 1696 qui
2910 1625 3107 1696 procul
3128 1627 3304 1682 dubio
3323 1620 3356 1682 a
3372 1629 3624 1684 summis

1979 1727 2168 1782 usque
2200 1712 2270 1765 ad
2305 1712 2441 1779 ima,
2468 1713 2665 1768 omnia
2687 1714 2744 1767 in
2771 1729 3049 1769 mensura
3069 1719 3125 1770 et
3148 1733 3388 1772 numero
3410 1722 3464 1771 et
3492 1733 3631 1788 pon-

1980 1799 2115 1856 dere
2143 1800 2404 1871 disponit
2433 1805 2489 1856 et
2520 1802 2731 1857 format
2765 1801 2919 1874 (Sap.
2952 1820 3031 1873 x1,
3054 1804 3167 1875 21),
3186 1810 3383 1861 tamen
3410 1822 3477 1861 ex
3499 1823 3630 1861 car-

1980 1906 2053 1945 ne
2084 1893 2140 1944 et
2163 1890 2449 1961 sanguine
2482 1895 2537 1945 et
2567 1907 2636 1945 ex
2666 1890 2964 1947 voluntate
2997 1893 3188 1949 carnis
3222 1895 3341 1949 nati
3380 1912 3587 1951 sumus
3615 1911 3628 1951 :

1980 1978 2040 2033 in
2075 1988 2357 2051 quantum
2391 1986 2583 2037 autem
2632 1980 2952 2053 accipimus
2995 1987 3341 2054 potestatem
3390 1984 3495 2039 ﬁlii
3528 1984 3629 2040 Dei

1984 2068 2129 2138 fieri,
2163 2085 2267 2124 nec
2298 2086 2402 2124 nos
2430 2086 2499 2124 ex
2548 2086 2717 2125 carne
2763 2074 2820 2126 et
2848 2072 3152 2144 sanguine,
3194 2078 3295 2128 aut
3323 2090 3392 2129 ex
3420 2074 3628 2129 volun-

1984 2163 2103 2213 tate
2133 2158 2261 2224 viri,
2295 2163 2394 2213 aut
2424 2174 2492 2214 ex
2520 2158 2819 2215 voluntate
2849 2162 3061 2226 carnis,
3096 2162 3195 2217 sed
3240 2179 3307 2217 ex
3339 2163 3476 2233 Deo,
3511 2180 3627 2219 non

1987 2247 2221 2320 quidem
2253 2252 2589 2320 coaequante
2646 2253 2875 2318 natura,
2935 2252 3035 2306 sed
3097 2252 3412 2323 adoptante
3441 2252 3631 2325 gratia

1988 2354 2305 2393 ηαεαιωυιι.

2060 2426 2295 2482 CAPUT
2316 2427 2408 2483 VI.
2432 2427 2735 2483 ——Deinds
2754 2428 2935 2499 sijam
2974 2429 3347 2486 concederem
3379 2448 3492 2486 non
3507 2446 3637 2487 esse

1990 2516 2229 2571 unicum
2253 2518 2407 2571 Patri
2431 2517 2631 2572 Jesum
2666 2517 2983 2585 Christum,
3019 2521 3340 2575 secundum
3373 2521 3637 2592 ejusdem

1991 2607 2334 2662 substantiae
2367 2607 2757 2674 divinitatem,
2788 2609 2889 2663 sed
2921 2608 3132 2664 habere
3173 2610 3384 2665 fratres
3416 2615 3546 2682 post
3575 2628 3637 2667 se

1992 2700 2160 2751 natos
2186 2694 2402 2766 quibus
2432 2700 2585 2751 esset
2616 2697 3064 2767 primogenitus,
3098 2700 3389 2769 quomodo
3420 2717 3514 2754 rex
3539 2717 3634 2755 eo-

1994 2801 2124 2840 rum
2155 2801 2284 2840 esse
2314 2785 2558 2856 posset?
2587 2785 2788 2849 Quaeso
2820 2791 2895 2855 te,
2947 2803 3016 2841 an
3064 2788 3309 2842 auderes
3349 2787 3539 2843 dicere
3568 2804 3636 2844 eo

1995 2875 2291 2930 fortiorem
2324 2879 2527 2929 natum
2560 2889 2710 2940 esse,
2733 2890 2847 2946 quo
2870 2874 3120 2945 priorem
3144 2875 3173 2929 7
3204 2876 3454 2931 Puderet
3484 2881 3637 2932 certe

1995 2962 2075 3018 ita
2096 2964 2330 3019 sentire.
2354 2964 2477 3018 Non
2502 2967 2696 3019 autem
2720 2963 2803 3019 ita
2824 2963 3033 3019 sentis:
3055 2964 3196 3035 quid
3216 2965 3395 3037 igitur
3414 2967 3598 3021 sentis
3613 2964 3642 3020 ?

1997 3052 2136 3107 Leni
2168 3054 2432 3107 animum
2464 3055 2657 3117 tuum,
2690 3058 2748 3108 et
2778 3052 3123 3124 placabilem
3156 3057 3213 3108 te
3244 3054 3419 3108 redde
3450 3053 3641 3109 consi-

1997 3141 2265 3197 deranda:
2296 3142 2423 3196 sine
2455 3141 2774 3212 pertinacia
2822 3142 3073 3197 veritati.
3129 3144 3243 3197 Hoc
3275 3143 3428 3197 enim
3464 3144 3641 3197 etiam

1998 3232 2103 3287 abs
2134 3235 2191 3285 te
2214 3231 2523 3302 requiram.
2549 3231 2843 3301 quomodo
2867 3230 3161 3302 intelligas
3184 3232 3640 3303 primogenitum

1996 3320 2198 3375 Jesum
2231 3320 2527 3375 Christum
2557 3319 2617 3373 in
2645 3318 2745 3373 illa
2775 3319 2973 3375 divina
3019 3325 3195 3391 atque
3226 3320 3447 3392 optima
3475 3326 3639 3376 aeter-

2000 3426 2189 3481 naque
2202 3408 2754 3464 substantiamtrum
2768 3413 3029 3480 tempore
3043 3409 3270 3480 primus
3284 3413 3372 3464 est
3383 3410 3641 3481 genitus,

2000 3503 2064 3554 ut
2087 3497 2435 3569 posteriores
2457 3501 2624 3552 natos
2642 3498 2659 3532 ¹
2684 3497 2741 3551 in
2770 3496 2867 3552 illo
2895 3514 3070 3569 regno
3093 3496 3494 3568 intelligamus
3520 3499 3650 3569 qui-

1999 3588 2111 3642 bus
2133 3591 2223 3641 est
2246 3585 2669 3657 primogenitus
2697 3603 2710 3653 ;
2737 3602 2925 3658 neque
2956 3586 3253 3657 possimus
3283 3587 3474 3641 dicere
3504 3592 3645 3657 quot

2001 3675 2158 3732 horis
2178 3674 2266 3731 vel
2288 3675 2515 3745 diebus,
2549 3675 2968 3745 mensibusque
2995 3679 3097 3729 aut
3127 3675 3299 3730 annis
3331 3678 3521 3744 major
3550 3675 3648 3741 sit,

2005 3764 2106 3837 qui
2131 3770 2293 3820 ortus
2306 3768 2396 3819 est
2414 3762 2598 3835 prior;
2621 3763 2721 3817 sed
2743 3770 2933 3817 tamen
2950 3761 3143 3833 aliquo
3156 3762 3465 3818 intervallo
3479 3770 3651 3834 atque

2006 3853 2194 3926 spatio
2207 3851 2513 3924 temporali
2527 3851 2632 3907 has
2645 3851 3047 3923 generationes
3059 3851 3339 3907 discretas
3351 3867 3480 3906 esse
3493 3852 3649 3924 cogi-

2006 3948 2235 4000 temus:
2290 3959 2363 3997 an
2393 3956 2526 3996 vero
2556 3956 2670 3996 non
2704 3944 2986 4012 tempore,
3020 3941 3120 3996 sed
3154 3940 3283 4011 ipsa
3311 3940 3651 3997 excellentia

2008 4031 2370 4088 sublimioris
2402 4030 2605 4101 utique
2636 4028 2982 4100 majestatis,
3018 4045 3134 4101 qua
3184 4030 3360 4085 etiam
3391 4046 3494 4085 rex
3524 4046 3654 4086 esse

2008 4121 2289 4176 fratribus
2312 4118 2637 4174 luminibus
2660 4119 2892 4185 meruit,
2920 4117 3374 4190 primogenitum
3404 4118 3653 4190 accipia-

2011 4227 2166 4275 mus,
2197 4214 2480 4279 tanquam
2538 4207 2597 4263 in
2647 4207 2841 4279 aliquo
2898 4207 3160 4278 genitum
3203 4207 3560 4279 principatu.
3595 4206 3656 4263 Si

2011 4298 2383 4371 responderis
2405 4313 2537 4353 cum
2555 4301 2816 4368 tempore
2841 4296 3118 4351 fratribus
3143 4296 3392 4368 priorem
3417 4312 3547 4351 esse
3568 4300 3657 4351 at-

2013 4404 2125 4460 que
2176 4387 2479 4458 majorem:
2513 4392 2575 4439 ut
2597 4385 2722 4456 jam
2756 4401 2825 4439 ex
2854 4384 2963 4439 hoc
2992 4384 3043 4439 ei
3076 4400 3322 4457 regnum
3353 4382 3414 4438 in
3445 4384 3655 4439 fratres

2013 4476 2305 4532 delatuma
2336 4490 2465 4530 esse
2494 4473 2831 4541 contendas,
2866 4473 3022 4544 quod
3053 4489 3151 4528 eos
3184 4473 3475 4529 nascendo
3506 4489 3653 4544 prae-

2014 4566 2274 4632 cesserit,
2305 4567 2363 4620 et
2391 4562 2706 4634 aliquando
2738 4561 2863 4633 ipse
2893 4561 3067 4616 fuerit
3114 4578 3249 4617 cum
3281 4560 3364 4615 illi
3391 4560 3654 4616 nondum

2015 4658 2211 4710 essent
2230 4670 2244 4722 ;
2268 4652 2408 4724 quid
2431 4650 2597 4719 dicis,
2622 4650 2835 4705 frater?
2856 4651 3016 4705 Itane
3040 4649 3430 4723 precipitahis
3451 4654 3662 4706 cortu-

2016 4760 2116 4799 um
2138 4741 2197 4797 in
2221 4742 2331 4797 hoc
2351 4739 2670 4812 impietatis
2686 4739 3022 4810 abruptum,
3038 4738 3658 4795 utexistimesinillam

2016 4832 2272 4888 divinam
2296 4844 2707 4899 summamque
2730 4832 3001 4883 naturam
3024 4827 3478 4883 mutabilitatem
3513 4832 3660 4882 tem-

2018 4922 2174 4995 poris
2186 4917 2697 4991 cadere,etcredas
2713 4918 2789 4973 ibi
2810 4917 3033 4989 aliquid
3058 4919 3325 4984 existere,
3349 4918 3502 4989 quod
3526 4920 3662 4970 ante

2017 5028 2129 5067 non
2165 5008 2381 5065 fuerit?
2412 5013 2497 5062 An
2531 5008 2666 5078 quia
2696 5008 3002 5079 Oportebat
3028 5007 3164 5062 inde
3194 5007 3471 5061 adversus
3501 5008 3659 5058 tene-

2016 5102 2253 5157 brarum
2271 5102 2501 5171 gentem
2518 5096 2743 5152 lumina
2758 5094 3488 5169 progredi,progressiones
3502 5092 3663 5163 ipsas

2016 5188 2421 5261 generationes
2440 5203 2632 5252 vocas,
2658 5202 2804 5258 quas
2829 5185 3227 5257 temporaliter
3255 5184 3439 5238 factas
3462 5187 3661 5254 putas,

2017 5285 2082 5335 ut
2100 5276 2499 5350 temporaliter
2519 5275 2915 5348 pugnaretur?
2931 5281 3048 5330 Non
3073 5290 3207 5345 ergo
3231 5276 3456 5343 poterat
3476 5286 3662 5326 unum

2016 5369 2212 5425 lumen
2232 5368 2521 5429 sufficere,
2538 5366 2691 5437 quod
2710 5370 2891 5420 totum
2908 5363 3050 5418 illud
3075 5362 3340 5418 bellicum
3362 5360 3665 5432 negotium

2018 5459 2217 5515 divina
2245 5456 2458 5510 virtute
2504 5459 2821 5525 perageret.
2872 5457 2989 5506 Aut
3013 5452 3060 5507 si
3104 5451 3305 5506 multis
3336 5466 3485 5521 opus
3516 5454 3663 5515 erat,

2082 5560 2097 5593 ι
2133 5557 2190 5605 In
2220 5552 2531 5603 Carnoteusi
2562 5552 2655 5599 Ms.
2684 5553 2737 5598 ut
2764 5551 3043 5613 posteriore
3080 5555 3305 5613 tempore
3338 5551 3501 5596 natos.

2080 5619 2531 5733 ’mEditiilregnum
2565 5609 2777 5677 insuper
2800 5612 3046 5663 demtum.
3076 5609 3413 5677 Castigantur
3441 5624 3502 5661 ex
3536 5609 3665 5661 Car-

2016 5696 2087 5733 no
2146 5695 2228 5732 DSl
2286 5694 2353 5729 ηε.
