4056 6178
0 537 609 643 1

0 643 596 736 -

0 807 614 912 -ἰ

0 1002 586 1073 _

0 1163 618 1274 -ἔ

0 1334 583 1422 -

0 1601 631 1764 -ἵέ

441 1811 554 1854 δρυΐ-.

479 1851 548 1878 "_J..

499 1879 566 1898 ¹ι.ι,

0 1899 596 1991 1

0 1991 581 2073 Π

0 2318 614 2433 ε

429 2393 452 2400 .,
483 2369 581 2402 Ἥ..

453 2405 490 2430 .:'
567 2403 614 2433 ,Ι

0 2433 598 2523 '

427 2469 502 2522 ,(³⁸⁷
545 2470 591 2523 ιΙ

593 2585 638 2619 ε

0 2869 518 2934 ‘2

433 2939 494 2968 ΙΙ...

389 3023 412 3034 'Il‘

377 3027 511 3106 ξ’ξῗίτ.

431 3123 464 3144 β..

477 3145 516 3198 Ὗ

441 3501 500 3526 ..ψ-
533 3511 542 3518 ι

387 3837 410 3860 ιι,
435 3837 478 3866 ’.11

369 3881 376 3888 ,
417 3869 442 3884 ἑξ
457 3873 464 3882 ο
494 3888 495 3893 η

425 4103 438 4118 Ι
449 4111 452 4116 ι
505 4115 508 4118 .

299 4487 310 4492 -
399 4463 522 4526 ιζιὲὶει
570 4456 581 4487 1

403 4517 408 4550 ἶ
441 4527 480 4564 ιε’
501 4515 522 4554 ¹’ξ
541 4538 581 4568 ,ἠ

367 4625 370 4628 ¹
431 4627 470 4644 ι..

423 4659 496 4682 234-

383 4699 388 4704 '
421 4707 442 4714 -ο

397 4719 470 4760 .‘ru

369 4863 432 4912 ξ),
449 4865 482 4910 d3-
509 4885 526 4900 δι

0 5275 583 5424 1.

0 5785 545 6055 Ὗ

459 397 585 438 ηρ

439 409 719 499 mene
749 426 807 481 in
841 425 1247 499 spiritualibus
1280 423 1649 479 sentiendum
1682 422 1826 486 est‘,
1870 422 1935 473 ut
1964 433 2179 489 angus-

413 501 657 588 “In
690 516 1045 571 arbitremur
1075 516 1296 569 aditum
1324 514 1525 576 fuisse,
1551 528 1667 581 qua
1689 508 1864 565 simul
1889 506 2040 562 exire
2063 523 2177 561 non

475 583 791 670 mssent,
817 610 879 659 ut
903 622 968 659 ex
992 620 1056 659 eo
1076 604 1226 668 quod
1258 619 1407 657 unus
1426 618 1453 655 e
1474 600 1751 655 fratribus
1770 598 1928 669 prior
1943 596 2175 663 exisset,

427 676 1037 772 “primogenitus
1067 692 1177 746 dici
1218 697 1273 746 et
1306 707 1403 746 rex
1431 689 1550 744 ﬁeri
1574 688 1796 744 caeteris
1819 684 2177 741 mereretur?

443 771 674 854 .olo
708 784 1043 838 minutatim
1077 780 1312 853 singula
1362 778 1653 852 persequi,
1707 794 1779 832 ne
1808 775 2040 847 ingenio
2072 779 2174 829 tuo

495 866 736 950 menti
761 890 828 927 ex
852 871 1051 943 paucis
1073 877 1283 926 cuncta
1306 869 1660 940 conspicere,
1686 866 1861 921 nimis
1893 880 2174 919 onerosus

525 952 659 1033 im.
696 962 861 1033 Erige
892 962 1071 1033 igitur
1101 960 1283 1015 aciem
1318 959 1552 1024 mentis,
1590 956 1831 1011 nebulas
1854 952 2169 1009 contentio-

586 1068 616 1108 ο
639 1052 925 1123 absterge.
948 1050 1126 1105 Video
1160 1049 1413 1120 profecto
1447 1062 1635 1119 neque
1665 1044 1989 1102 secundum
2021 1042 2169 1108 loca,

543 1140 715 1214 hque
746 1141 1071 1196 secundum
1102 1144 1385 1209 tempora,
1421 1140 1637 1201 motus,
1672 1150 2035 1208 progressus,
2068 1148 2166 1188 ex-

503 1221 708 1304 I'tus,
744 1245 1008 1295 occasus,
1063 1228 1284 1283 ullasve
1338 1224 1777 1281 conversiones’
1816 1222 1939 1278 ﬁeri
1974 1236 2167 1293 posse,

517 1306 638 1385 nsi
674 1320 732 1373 in
764 1323 1031 1373 creatura
1060 1315 1370 1372 mutabili:
1404 1331 1531 1385 quae
1561 1319 1756 1369 tamen
1789 1311 1902 1366 nisi
1926 1314 2081 1367 esset
2099 1325 2168 1365 ex

481 1387 745 1486 idiﬁce
777 1412 832 1463 et
864 1406 1163 1462 conditore
1193 1406 1332 1470 Deo,
1386 1421 1499 1459 non
1555 1402 1798 1458 dixisset
1826 1398 2163 1472 Apostolus,

397 1487 592 1565 Ε
628 1498 933 1565 coluerunt,
990 1505 1043 1551 et
1092 1496 1397 1550 servierunt
1452 1502 1720 1549 creaturae
1766 1493 1952 1564 potius
2000 1506 2167 1561 quam

495 1569 793 1655 leuiori,
836 1588 933 1655 qui
960 1594 1036 1639 est
1084 1584 1389 1638 benedictus
1430 1583 1489 1636 in
1535 1582 1739 1637 sacula
1769 1581 1943 1651 (Rom.
1980 1596 2018 1648 1,
2048 1579 2161 1649 25).

461 1655 827 1740 “CAPUT
886 1674 1007 1729 VII.
1041 1704 1108 1716 —-
1139 1674 1200 1728 In
1252 1673 1356 1727 hac
1399 1671 1554 1725 enim
1592 1669 1879 1726 sententia
1914 1667 2164 1724 maxime

441 1747 637 1842 uno
669 1767 806 1818 sunt
836 1762 1184 1827 necessaria,
1235 1777 1361 1831 qua:
1402 1775 1627 1814 mecum
1675 1757 1957 1813 intuearis
1990 1762 2161 1828 peto:

431 1839 727 1928 meum,
754 1852 892 1923 quia
916 1851 962 1906 si
986 1856 1249 1905 creatura
1270 1849 1459 1904 aliena
1479 1853 1634 1904 esset
1655 1864 1688 1901 a
1718 1847 1852 1916 Deo,
1886 1864 2000 1902 non
2033 1848 2160 1917 ejus

449 1922 743 2012 master
772 1922 919 1996 Deus
953 1941 1023 1995 ab
1055 1938 1330 2011 Apostolo
1362 1937 1686 1993 diceretur:
1721 1936 1991 2005 alterum,
2023 1936 2161 2006 quia

437 2012 573 2100 Ε
590 2030 768 2086 unius
791 2031 1176 2100 ejusdemque
1197 2027 1539 2083 substantiis
1563 2029 1793 2081 Creator
1812 2029 1868 2079 et
1894 2029 2159 2080 creatura

435 2111 683 2194 “et,
716 2136 831 2175 non
880 2118 1445 2188 reprehenderentur
1475 2116 1613 2186 quia
1644 2113 1971 2170 servierunt
1996 2130 2155 2169 crea-

401 2197 647 2280 “re:
665 2209 859 2280 potius
881 2224 1054 2279 quam
1078 2206 1333 2262 Creatori
1354 2206 1658 2277 ;quoniam
1677 2204 2024 2274 cuicumque
2038 2220 2156 2259 ser-

425 2277 746 2369 ﬂsent,
784 2298 853 2352 ab
902 2277 1115 2351 eadem
1177 2300 1389 2350 natura
1443 2299 1619 2365 atque
1677 2291 2007 2348 substantia
2038 2308 2151 2347 non

427 2376 906 2460 mssissent.
943 2384 1243 2450 Quomodo
1302 2383 1456 2438 enim
1516 2398 1687 2437 nemo
1720 2386 1909 2453 potest
1937 2381 2151 2436 servire

427 2453 651 2548 “lio
675 2474 775 2547 qui
799 2492 912 2529 non
936 2473 1149 2529 serviat
1170 2478 1226 2527 et
1248 2472 1423 2538 Patri,
1449 2473 1583 2541 quia
1606 2471 1911 2542 utriusque
1927 2478 2016 2525 est
2036 2487 2153 2525 una

419 2555 877 2632 “stantia:
911 2562 995 2617 sic
1028 2578 1197 2617 nemo
1229 2566 1419 2632 potest
1467 2560 1680 2615 servire
1728 2565 2003 2615 creaturae
2037 2559 2149 2616 nisi

391 2633 761 2732 “aiens
783 2651 1060 2719 Creatori,
1087 2650 1133 2705 si
1158 2655 1310 2706 esset
1334 2650 1636 2719 utriusque
1662 2667 1777 2704 una
1798 2650 2146 2716 substantia,

359 2725 667 2822 “de
698 2744 746 2798 si
770 2744 895 2814 jam
956 2742 1241 2797 discernis
1296 2745 1351 2797 et
1397 2740 1576 2811 sapis,
1612 2739 1925 2810 plurimum
1956 2744 2145 2795 atten-

385 2799 669 2900 ὥς
700 2850 829 2888 esse
883 2834 1033 2887 inter
1088 2831 1417 2887 Creatorem
1476 2834 1535 2884 et
1572 2834 1937 2884 creaturam:
1974 2834 2147 2900 atque

515 2910 727 3002 ξυνίει
754 2921 1050 2992 intelligas
1087 2919 1300 2992 prolem
1326 2918 1612 2974 Creatoris
1636 2935 1751 2973 non
1774 2934 1901 2973 esse
1924 2924 2146 2973 creatu-

704 3026 837 3065 nam
871 3011 918 3065 si
949 3013 1124 3078 esset,
1158 3026 1272 3064 non
1305 3013 1458 3063 esset
1487 3007 1745 3077 inferior,
1779 3008 1877 3062 sed
1902 3007 2144 3079 aequalis

357 3086 881 3172 musdemque
915 3097 1258 3152 substantiae
1279 3097 1339 3163 3;
1373 3113 1437 3150 ac
1479 3112 1581 3166 per
1611 3104 1717 3150 hoc
1748 3096 2016 3167 quisquis
2046 3112 2142 3153 co-

669 3188 838 3258 eique
870 3186 1128 3255 serviret,
1188 3185 1366 3240 simul
1416 3185 1590 3239 etiam
1642 3183 1894 3239 Creatori
1926 3186 2053 3255 ejus
2085 3190 2141 3243 et

449 3260 653 3357 Eni
678 3275 903 3332 cultum
928 3276 1387 3345 servitutemque
1410 3274 1709 3345 praeberet.
1735 3276 1874 3327 Cum
1898 3290 2029 3329 vero
2049 3290 2135 3329 re-

397 3351 941 3444 mehenduntur
961 3364 1032 3419 ab
1054 3362 1352 3436 Apostolo,
1376 3369 1433 3418 et
1452 3361 1824 3418 detestabiles
1845 3362 2138 3418 habentur

640 3456 945 3510 coluerunt
973 3458 1029 3509 et
1059 3453 1381 3508 servierunt
1421 3459 1698 3507 creaturae
1733 3451 1925 3517 potius
1956 3469 2130 3523 quam

375 3529 765 3624 “uteri,
788 3544 932 3599 satis
950 3542 1276 3598 ostenditur
1292 3541 1451 3624 illius
1468 3546 1523 3596 et
1540 3541 1717 3611 hujus
1734 3540 1991 3597 diversas
2005 3558 2132 3598 esse

381 3620 871 3708 metantias.
898 3631 1059 3687 Sicut
1087 3630 1243 3686 enim
1277 3647 1390 3685 non
1416 3620 1617 3701 potest
1646 3628 1845 3695 videri,
1879 3628 1989 3685 hoc
2019 3635 2129 3701 est,

361 3707 730 3794 melligi
756 3720 957 3787 Filius,
984 3719 1091 3773 nisi
1120 3720 1176 3773 in
1201 3718 1326 3790 ipso
1352 3716 1713 3789 intelligatur
1727 3721 1783 3771 et
1798 3718 2129 3789 Pater;ipse

369 3792 637 3888 mm
672 3792 832 3879 dicit,
894 3810 1009 3881 Qui
1068 3824 1154 3862 me
1210 3807 1367 3876 vidit,
1430 3806 1565 3861 vidit
1619 3814 1670 3861 et
1698 3807 1918 3861 Patrem
1948 3807 2123 3877 (Joan.

621 3899 716 3969 9):
743 3898 825 3954 sic
860 3915 973 3952 non
1004 3901 1196 3969 potest
1222 3896 1331 3951 coli
1363 3896 1539 3950 Filius
1572 3894 1683 3949 nisi
1716 3895 1774 3949 in
1806 3911 1871 3949 eo
1902 3895 2128 3951 colatur

361 3976 757 4064 “fater.
793 3987 859 4041 Et
889 3986 1016 4041 ideo
1048 3986 1095 4040 si
1128 3990 1392 4040 creatura
1415 3984 1591 4039 Filius
1622 3988 1793 4049 esset,
1828 4000 1942 4039 non
1973 3984 2125 4042 cole-

349 4057 642 4145 mur
672 4076 797 4130 sine
828 4075 1115 4142 Creatore,
1150 4090 1339 4145 neque
1368 4073 1786 4127 damnarentur
1827 4072 1925 4144 qui
1960 4090 2123 4129 crea-

379 4147 678 4252 Ηηω
710 4164 904 4236 potius
935 4180 1106 4234 quam
1140 4163 1466 4217 Creatorem
1490 4160 1815 4215 coluerunt.
1840 4161 2123 4231 Perspicis

353 4249 681 4334 “que
699 4254 847 4324 jam,
875 4258 939 4309 ut
959 4253 1230 4319 arbitror,
1253 4268 1367 4306 non
1392 4249 1496 4305 tibi
1521 4266 1838 4321 congruere
1869 4255 1934 4305 ut
1961 4250 2121 4307 dicas

379 4327 933 4428 “mogenitum
967 4340 1371 4398 secretissima
1402 4344 1578 4411 atque
1610 4338 1917 4394 ineti'abilis
1951 4342 2123 4411 maje-

299 4419 666 4526 wtis,
688 4438 743 4487 et
764 4433 1027 4487 omnium
1050 4431 1343 4486 luminum
1361 4445 1556 4501 regem
1579 4430 1775 4483 Jesum
1798 4427 2118 4497 Christum,

455 4518 595 4583 Hei
618 4522 975 4577 manichieus
1001 4536 1128 4576 esse
1147 4518 1459 4583 destiteris,
1481 4522 1545 4572 ut
1560 4521 1889 4573 creaturam
1906 4521 2117 4574 aCrea-

367 4597 602 4679 “re
630 4610 929 4666 discernas
954 4626 966 4675 ;
1002 4615 1067 4664 ut
1093 4610 1265 4664 Jesus
1295 4607 1562 4663 Christus
1592 4610 1649 4661 et
1676 4606 2015 4679 unigenitus
2045 4607 2121 4663 sit

365 4684 803 4774 “cundum
826 4700 881 4753 id
908 4700 1060 4770 quod
1086 4698 1331 4753 Verbum
1352 4696 1575 4762 Deiest,
1599 4700 1749 4751 Deus
1765 4697 1917 4767 apud
1934 4695 2118 4752 Deum

603 4806 643 4860 ι,
672 4793 722 4861 I)
746 4767 961 4860 pariter
984 4785 1478 4843 incommutabilis
1509 4790 1565 4839 et
1596 4784 1813 4856 pariter
1844 4790 2115 4855 aeternus,

625 4879 891 4951 rapinam
925 4877 1217 4933 arbitrans
1263 4891 1390 4930 esse
1440 4873 1675 4945 aequalis
1703 4874 1817 4929 Deo
1847 4875 2116 4947 (Philipp.

403 4933 621 5048 ΕΘ)
649 4986 661 5035 ;
696 4973 752 5023 et
781 4966 1205 5040 primogenitus
1236 4963 1429 5020 omnis
1460 4968 1757 5031 creaturae,
1792 4964 2117 5019 secundum

403 5035 543 5134 ﬂ
565 5059 719 5131 quod
753 5057 810 5111 in
846 5057 973 5128 ipso
1006 5054 1242 5110 condita
1273 5058 1411 5108 sunt
1440 5052 1658 5123 omnia,
1691 5052 1749 5106 in
1779 5052 1939 5108 cmlis
1972 5056 2030 5108 et
2058 5052 2117 5108 in

413 5131 649 5220 “ra.
690 5145 945 5202 visibilia
1002 5150 1059 5200 et
1113 5141 1447 5198 invisibilia.
1504 5140 1787 5213 Agnoscis
1843 5141 2020 5210 enim,
2055 5147 2121 5199 ut

439 5221 538 5260 ΕΞ

425 5303 663 5440 Εἰμὶ
688 5333 1032 5440 [Carnottensis
1076 5332 1168 5381 Ms.
1226 5331 1293 5380 At
1344 5328 1487 5390 editi,
1519 5326 1611 5376 hoc
1638 5341 1771 5378 nunc
1796 5328 2119 5392 spiritualius

585 5411 683 5440 28η(
708 5413 790 5440 um
820 5413 869 5440 ες
901 5435 910 5440 -

448 5404 453 5405 ⁷
585 5404 790 5445 ient/um
852 5404 910 5445 st.

365 5404 747 5524 “getae
777 5413 941 5507 adde:
973 5456 1327 5524 Carnotensis,
1360 5453 1537 5503 illasve
1563 5454 1928 5524 conversiones.

441 5516 563 5584 Ἠ
588 5520 725 5568 Editi
752 5536 843 5570 nec
864 5523 963 5569 sibi
993 5534 1096 5568 esse
1122 5521 1569 5584 in/eriorem,“se_d
1593 5516 1839 5584 {qualem
1864 5517 2119 5584 ejusdem-

453 5579 569 5649 ιη
592 5584 908 5649 substantia.
940 5583 1127 5649 _Verior
1146 5579 1346 5635 veteris
1373 5580 1572 5631 codicis
1597 5579 1939 5631 carnotensis
1959 5580 2116 5631 lectio

461 5644 561 5709 ῃ
578 5644 674 5709 per
698 5658 795 5696 nos
823 5644 1090 5696 restituta.

423 5805 452 5812 ,ιτ

523 245 649 378 ᾖ3
1224 281 2091 353 ΟΟΝΤΒΑἝΕΟΗΝΠΙΝΗΜ
2142 279 2667 353 ΜΑΝΙΟΗΕΗΜ,
2715 282 2780 343 S.
2830 283 3260 347 AUGUSTlNI

3772 301 3871 368 584

2285 415 2511 505 opinor,
2544 416 2720 472 verba
2774 419 3035 490 Apostoli
3095 421 3166 475 ad
3224 419 3577 480 Colossenses
3620 427 3867 505 (Colossi,

2280 504 2370 573 is,
2396 507 2503 578 16).

2351 594 2579 650 CAPUT
2605 594 2754 651 VIII.
2791 627 2857 638 —
2890 598 3252 670 Quapropter
3310 616 3437 655 cum
3480 604 3576 659 abs
3602 610 3655 662 te
3683 624 3865 684 quare,

2280 685 2434 739 unde
2456 684 2530 739 sit
2555 684 2704 740 facta
2728 686 3001 742 universa
3022 693 3309 754 creatura,
3334 693 3587 761 quamvis
3607 694 3661 750 in
3683 714 3775 753 suo
3792 716 3869 773 ge-

2280 790 2413 830 nere
2443 774 2613 840 bona,
2648 779 2915 830 Creatore
2968 781 3163 831 tamen
3210 778 3460 846 inferior,
3492 787 3653 853 atque
3679 785 3767 841 illo
3792 788 3871 844 lu-

2277 862 2679 919 commutabili
2703 870 3082 934 permanente
3103 865 3231 937 ipsa
3256 869 3576 939 mutabilis;
3609 890 3712 929 non
3737 874 3868 933 inve-

2276 952 2401 1007 nies
2426 953 2523 1025 qui
2545 954 2919 1025 respondeas,
2941 954 3053 1010 nisi
3071 955 3142 1010 de
3164 955 3345 1012 nihilo
3366 957 3567 1015 factam
3584 977 3702 1018 esse
3719 964 3869 1021 fatea-

2273 1041 2374 1097 ris.
2402 1044 2469 1097 Et
2487 1042 2614 1099 ideo
2633 1048 2821 1113 potest
2836 1060 3072 1117 vergere
3089 1045 3159 1100 ad
3180 1044 3449 1114 nihilum,
3469 1051 3689 1120 quando
3701 1058 3871 1124 peccat

2272 1129 2373 1186 illa
2401 1136 2687 1201 creatura,
2722 1137 2778 1189 et
2807 1133 2994 1205 portio
3025 1151 3148 1205 quae
3181 1139 3372 1207 potest
3417 1154 3659 1209 peccare,
3687 1158 3791 1197 non
3816 1146 3873 1199 ut

2272 1220 2416 1275 nihil
2448 1221 2544 1291 sit,
2578 1222 2679 1277 sed
2712 1226 2777 1277 ut
2808 1224 3005 1278 minus
3034 1224 3242 1296 vigeat,
3277 1225 3584 1299 minusque
3611 1228 3764 1286 firma
3790 1232 3869 1289 sit.

2270 1309 2415 1366 Nam
2450 1311 2649 1367 minus
2678 1310 2871 1383 vigere
2902 1317 2958 1367 et
2991 1313 3191 1369 minus
3222 1314 3429 1383 valere,
3462 1318 3509 1373 si
3530 1318 3750 1374 omnino
3770 1337 3873 1392 per-

2269 1400 2447 1455 ducas
2469 1400 2540 1455 ad
2562 1400 2860 1468 ultimum,
2882 1406 3141 1457 remanet
3158 1402 3325 1458 nihil.
3346 1404 3543 1477 Diligit
3558 1422 3683 1478 ergo
3701 1412 3876 1479 sponte

2267 1488 2602 1556 vanitatem,
2624 1505 2756 1544 cum
2773 1490 3001 1545 deserta
3020 1491 3310 1549 soliditate
3327 1493 3577 1550 veritatis
3594 1496 3878 1567 opinabilis

2268 1578 2555 1649 sequitur,
2576 1578 2631 1632 id
2651 1582 2760 1643 est,
2782 1579 3107 1635 mutabilia.
3132 1582 3276 1637 Cum
3304 1586 3497 1639 autem
3520 1584 3648 1640 inde
3670 1586 3880 1643 meritas

2266 1684 2468 1739 pmnas
2491 1666 2619 1733 luit,
2644 1668 2956 1738 subjicitur
2978 1687 3091 1725 non
3112 1676 3317 1743 sponte
3334 1672 3589 1739 vanitati,
3610 1674 3879 1731 sicutsub-

2259 1761 2414 1833 jecta
2442 1760 2531 1811 est
2561 1756 2618 1811 in
2671 1755 2906 1813 homine
2940 1764 3235 1829 peccante.
3267 1760 3414 1815 Hinc
3444 1760 3593 1815 enim
3622 1761 3696 1817 ait
3721 1763 3877 1833 Apos-

2264 1846 2440 1911 tolus,
2476 1845 2668 1902 Omnis
2690 1862 2780 1902 ore
2792 1850 2950 1902 itura
2970 1849 3209 1903 vanitati
3224 1849 3464 1921 subjerta
3482 1856 3580 1918 est,
3598 1866 3704 1906 non
3715 1859 3880 1922 sponte

2262 1936 2436 2007 (Rom.
2460 1953 2586 2003 vm,
2617 1937 2709 2007 20)
2737 1952 2748 1991 :
2785 1934 2921 2007 quia
2949 1940 3006 1992 et
3034 1937 3092 1992 in
3125 1937 3363 1994 homine
3393 1938 3581 1995 omnis
3609 1944 3710 1995 est.
3743 1941 3879 1996 Inest

2261 2025 2478 2097 quippe
2494 2025 2717 2080 homini
2735 2030 2791 2081 et
2808 2025 3098 2081 invisibile
3116 2026 3255 2098 quid
3276 2029 3596 2083 secundum
3616 2028 3874 2100 animum,

2259 2118 2317 2170 et
2337 2114 2566 2170 visibile
2588 2114 2912 2169 secundum
2938 2131 3178 2186 corpus:
3204 2117 3399 2172 omnis
3422 2122 3616 2172 autem
3638 2122 3879 2173 creatura

2256 2204 2471 2275 partim
2504 2209 2594 2259 est
2625 2202 2892 2272 visibilis,
2925 2206 3139 2275 partim
3185 2204 3537 2261 invisibilis:
3572 2222 3674 2261 nec
3704 2211 3878 2262 tamen

2257 2293 2448 2347 omnis
2480 2292 2539 2347 in
2572 2308 2798 2364 pecore,
2830 2292 2921 2347 cui
2956 2309 3122 2348 mens
3152 2293 3567 2351 intellectualis
3590 2312 3699 2350 non
3722 2295 3873 2350 inest.

2257 2382 2318 2436 In
2342 2398 2505 2453 spem
2527 2398 2669 2436 sane
2696 2381 3017 2452 subjectam
3050 2398 3178 2437 esse
3208 2382 3374 2452 dicit,
3409 2388 3639 2457 propter
3668 2384 3874 2439 miseri-

2254 2470 2513 2525 cordiam
2544 2470 2848 2526 liberantis
2879 2487 2982 2542 per
3012 2471 3419 2527 remissionem
3455 2478 3808 2545 peccatorum
3826 2475 3877 2528 et

2252 2560 2624 2630 adoptionem
2650 2560 2868 2631 gratias.
2895 2560 2982 2615 Tu
3007 2577 3137 2616 vero
3160 2560 3206 2616 si
3228 2561 3393 2617 fateri
3412 2560 3886 2617 noluerisaPatre'

2251 2665 2353 2721 per
2380 2648 2584 2703 Filium
2612 2648 2666 2703 in
2696 2649 2954 2704 bonitate
2978 2650 3233 2721 Spiritus
3258 2653 3469 2715 sancti,
3494 2668 3621 2722 quae
3641 2650 3876 2705 Trinitas

2250 2737 2765 2793 consubstrntialis
2779 2743 2836 2792 et
2848 2742 3061 2793 eterna
3075 2738 3647 2794 etincommutahilis
3664 2754 3875 2809 semper

2252 2831 2467 2896 manet,
2487 2827 2558 2881 de
2577 2825 2758 2881 nihilo
2783 2827 2992 2881 factam
3012 2842 3140 2883 esse
3158 2833 3513 2894 creaturam,
3538 2830 3743 2884 bonam
3761 2825 3875 2898 qui-

2247 2916 2401 2985 dem,
2428 2916 2527 2971 sed
2550 2920 2742 2970 tamen
2764 2916 3049 2986 imparem
3067 2918 3318 2973 Creatori
3338 2923 3512 2990 atque
3530 2916 3875 2983 mutabilem;

2246 3006 2469 3076 cogeris
2492 3004 2692 3076 utique
2710 3004 3012 3077 sacrilegia
3030 3005 3242 3071 dicere,
3259 3007 3557 3079 utaliquid
3582 3012 3725 3062 Deus
3742 3006 3806 3061 de
3820 3019 3873 3060 se

2244 3092 2372 3165 ipso
2394 3093 2661 3164 genuerit
2683 3094 2835 3165 quod
2859 3110 2973 3149 non
2998 3094 3076 3150 sit
3105 3095 3328 3166 aequale
3358 3096 3646 3169 gignenti,
3672 3100 3727 3151 et
3756 3110 3874 3167 pos-

2243 3182 2320 3235 sit
2336 3182 2545 3252 subjici
2566 3182 2830 3237 vanitati.
2852 3183 3027 3238 Autsi
3048 3184 3271 3256 aequale
3285 3185 3526 3251 dixeris,
3545 3186 3655 3241 erit
3671 3190 3877 3240 utrum-

2241 3287 2353 3342 que
2378 3270 2679 3327 mutabile.
2707 3274 2845 3339 Quie
2867 3273 3056 3342 major
3084 3273 3383 3345 impietas,
3418 3292 3595 3347 quam
3631 3277 3738 3329 ista
3766 3288 3871 3328 cre-
3926 3314 3927 3319 η

2237 3361 2372 3415 dere
2403 3376 2468 3415 ac
2500 3360 2691 3417 dicere
2720 3365 2777 3416 et
2808 3361 2980 3417 malle
3010 3379 3280 3433 perversa
3308 3364 3589 3435 opinione
3620 3364 3792 3420 Deum
3824 3361 3875 3417 in

2235 3449 2513 3519 deterius,
2548 3466 2719 3519 quam
2754 3455 3014 3507 correcta
3035 3452 3261 3507 ratione
3284 3468 3345 3507 se
3366 3452 3569 3524 ipsum
3599 3453 3655 3508 in
3682 3451 3873 3507 melius

2232 3545 2595 3595 commutare
2616 3538 2643 3593 ‘I
2672 3539 2730 3594 Si
2764 3544 2959 3595 autem
2992 3539 3260 3596 timueris
3309 3542 3510 3599 dicere
3553 3540 3877 3598 mutabilem

2232 3627 2578 3699 Deum,quia
2592 3644 2789 3683 revera
2801 3644 3015 3701 magna
3028 3636 3117 3685 est
3130 3635 3186 3685 et
3198 3630 3871 3703 apertissimaimpietas;

2232 3717 2446 3773 dixeris
2477 3717 2651 3772 etiam
2686 3720 3011 3773 creaturam
3045 3735 3173 3775 esse
3220 3720 3789 3783 incommutabilem,
3818 3721 3877 3773 ut

2229 3823 2355 3863 eam
2393 3822 2589 3878 parem
2641 3806 2818 3861 facias
2867 3806 3143 3875 Creatori,
3189 3813 3246 3864 et
3285 3808 3467 3866 unius
3501 3810 3870 3881 ejusdemque

2227 3896 2427 3951 substa
2437 3896 2801 3952 ntiazzrursus
2818 3895 2923 3950 tibi
2938 3901 3039 3951 tua
3050 3897 3291 3969 epistola
3306 3895 3867 3971 respondebitﬂnde

2226 3985 2381 4040 enim
2402 3990 2489 4039 est
2506 3984 2701 4039 anima
2720 3984 2839 4050 illa,
2860 4002 3035 4055 quam
3057 3986 3222 4057 ponis
3242 3988 3299 4041 in
3321 3989 3520 4045 medio
3539 3987 3864 4061 spirituum,

2224 4074 2317 4129 cui
2338 4091 2371 4129 a
2386 4074 2660 4144 principio
2684 4073 2831 4128 dicis
2852 4076 3114 4129 naturam
3136 4092 3297 4131 suam
3313 4078 3540 4133 dedisse
3556 4078 3865 4135 victoriam:

2223 4162 2392 4232 eique
2424 4161 2609 4233 legem
2642 4161 3155 4234 conditionemque
3187 4166 3493 4235 proponis,
3528 4164 3667 4237 quia
3688 4166 3737 4219 si
3765 4176 3869 4216 una

2222 4267 2347 4306 cum
2364 4252 2571 4322 spiritu
2588 4251 2858 4304 virtutum
2873 4250 3093 4323 fecerit,
3115 4252 3329 4307 habebit
3346 4268 3479 4309 cum
3496 4270 3559 4310 eo
3576 4256 3744 4309 vitam
3760 4266 3868 4323 per-

2216 4347 2459 4412 petuam,
2483 4338 2727 4409 illudque
2742 4339 3042 4410 possidebit
3071 4358 3307 4410 regnum
3337 4343 3411 4398 ad
3441 4343 3588 4416 quod
3617 4344 3870 4399 Dominus

2218 4434 2400 4486 noster
2427 4430 2625 4484 invitat
2643 4445 2664 4490 ,·
2683 4430 2737 4484 si
2756 4445 2879 4484 vero
2900 4430 2967 4483 ab
2986 4432 3197 4501 spiritu
3217 4433 3487 4488 vitiorum
3509 4434 3744 4505 incipiat
3761 4439 3865 4485 tra-

2220 4518 2300 4587 hi,
2332 4535 2395 4574 ac
2424 4527 2541 4590 post
2569 4532 2885 4573 consensum
2900 4519 3293 4590 paenitudinem
3320 4530 3502 4589 gerat,
3538 4522 3759 4577 habebit
3778 4519 3869 4573 ha-

2220 4625 2345 4663 rum
2374 4607 2619 4663 sordium
2642 4606 3008 4677 indulgentia:
3032 4609 3261 4678 fontem.
3292 4608 3390 4664 His
3412 4616 3574 4665 certe
3598 4608 3787 4665 verbis
3806 4620 3869 4661 ex

2220 4696 2467 4769 epistola
2486 4702 2589 4751 tua
2608 4696 2940 4769 recognitis,
2958 4696 3133 4752 simul
3147 4698 3320 4753 etiam
3338 4698 3739 4771 recognoscis,
3756 4710 3873 4751 mu«

2220 4785 2454 4842 tabilem
2489 4790 2544 4841 te
2574 4785 2781 4840 animm
2815 4785 3189 4842 constituisse
3222 4791 3524 4843 naturam.
3548 4783 3869 4858 Aliquando

2220 4876 2374 4932 enim
2398 4875 2725 4931 consentire
2746 4874 2975 4946 spiritui
2997 4875 3289 4942 vitiorum,
3309 4893 3375 4931 ac
3394 4894 3607 4933 rursus
3625 4874 3868 4949 pcenitu-

2221 4964 2415 5020 dinem
2449 4980 2667 5035 gerere,
2701 4963 2796 5034 qui
2831 4968 2919 5018 est
2948 4962 3106 5018 aliud
3142 4980 3317 5035 quam
3352 4982 3514 5021 nunc
3547 4968 3607 5020 in
3642 4962 3866 5030 melius,

2220 5071 2377 5110 nunc
2404 5054 2462 5109 in
2486 5052 2741 5107 deterius
2763 5053 3110 5107 commutari
3136 5054 3163 5108 ?
3184 5054 3251 5109 Et
3278 5054 3385 5109 hoc
3417 5060 3475 5109 te
3510 5050 3870 5109 manifestis-

2219 5144 2371 5199 sima
2391 5142 2605 5198 veritas
2629 5142 2911 5213 compulit
2932 5142 3140 5199 dicere.
3172 5144 3302 5215 Ipsa
3322 5143 3483 5199 enim
3521 5143 3724 5198 anima
3754 5145 3867 5203 tua,

2219 5233 2269 5289 si
2290 5230 2662 5288 dissimulare
2684 5230 2914 5296 velles',
2941 5237 3171 5304 urgeret
3192 5236 3248 5287 te
3279 5233 3588 5288 attendere
3623 5224 3868 5286 mutabi-

2219 5320 2446 5376 litatem
2478 5335 2669 5387 suam,
2703 5324 2759 5373 et
2788 5319 2957 5375 toties
2988 5336 3055 5375 ex
3086 5335 3197 5391 quo
3230 5327 3403 5377 natus
3433 5336 3523 5391 es,
3559 5337 3665 5393 per
3685 5316 3869 5373 varias

2217 5408 2569 5476 voluntates,
2602 5408 2898 5464 doctrinas
2941 5408 3279 5481 obliviones,
3331 5410 3869 5476 consensionesque

2284 5577 2501 5643 [Sicgin
2535 5578 2702 5627 veteri
2734 5578 2933 5630 codice.
2964 5580 3031 5631 At
3057 5581 3112 5633 in
3140 5581 3369 5643 excusis,
3397 5578 3504 5630 nisi
3542 5575 3871 5630 dirsimulare

2218 5640 2390 5695 velles.
2420 5639 2597 5690 Minus
2628 5644 2792 5694 recte.
