4056 6178
255 354 381 415 593

254 485 453 541 omnis
478 484 771 558 profectus
799 485 869 540 ab
900 501 967 540 eo
988 486 1143 556 quod
1162 485 1360 541 minus
1381 483 1764 550 est,tenditut
1782 499 1909 537 ma—

250 575 341 645 gis
365 575 463 631 sit.
484 574 680 630 Honor
715 574 930 647 quippe
969 591 1263 640 summus,
1287 574 1521 645 qualem
1554 574 1739 645 pietas
1762 571 1909 627 rcli-

255 663 562 736 giosorum
609 662 866 729 exhibet,
919 663 1123 734 utique
1176 668 1287 717 Deo
1330 663 1591 718 debetur.
1626 662 1733 727 Qui
1773 678 1907 733 ergo

252 758 417 808 amat
465 751 768 820 honorem,
802 752 984 807 Deum
1018 750 1298 807 imitatur.
1334 752 1443 807 Sed
1490 750 1745 806 humiles
1783 749 1907 804 ani-

252 857 367 896 mai
398 843 456 896 in
489 840 588 896 illo
621 857 683 896 se
706 842 979 896 honorari
1002 840 1232 909 volunt;
1262 841 1520 912 superbi,
1544 857 1658 912 prae
1684 839 1903 894 illo.Ad

252 933 441 985 Deum
490 935 687 985 autem
740 929 1017 996 humiles,
1058 928 1404 985 excelsiores
1443 930 1593 983 fiunt
1626 928 1903 1000 injustis;

250 1024 457 1074 contra
480 1019 667 1074 Deum
700 1036 830 1074 vero
861 1018 1094 1082 excelsi.
1129 1019 1475 1074 humiliores
1502 1019 1651 1073 fiunt
1679 1017 1899 1087 justis:

249 1123 318 1163 ea
354 1106 608 1163 scillicet
630 1108 1067 1180 dispensatione
1099 1109 1469 1180 praemiorum
1496 1111 1671 1179 atque
1700 1121 1901 1177 poena-

244 1213 406 1265 rum,
442 1197 585 1269 quia
615 1196 700 1251 illi
729 1199 908 1253 Deum
943 1205 1281 1253 amaverunt
1330 1213 1509 1269 supra
1559 1213 1641 1261 se,
1676 1194 1757 1249 illi
1799 1211 1901 1266 pro

241 1286 363 1343 Deo
394 1291 741 1343 amaverunt
771 1303 853 1342 se.

315 1392 557 1449 CAPUT
597 1392 796 1448 XVIII.
820 1394 1064 1461 ——Jam,
1097 1398 1162 1448 ut
1194 1392 1463 1459 arbitror,
1498 1390 1665 1447 facile
1690 1388 1898 1444 esttibi

238 1481 577 1554 intelligere
591 1498 658 1537 ex
680 1482 868 1554 ipsius
884 1482 1077 1537 verbis
1094 1480 1351 1554 epistolas
1370 1480 1727 1552 tuaa,quibus
1751 1478 1897 1534 dixi-

241 1573 345 1638 sti,
372 1574 649 1641 am'mam,
682 1589 805 1628 cum
849 1574 1117 1628 consentit
1144 1573 1308 1641 malo,
1355 1572 1631 1626 voluntate
1652 1585 1893 1641 peccare,

241 1659 478 1715 nullum
511 1661 731 1715 malum
747 1677 875 1716 esse
891 1664 1025 1716 natu
1036 1678 1158 1715 ram
1177 1660 1410 1727 malam,
1425 1659 1511 1715 vel
1526 1658 1894 1713 dilectionem

242 1756 469 1807 natura
489 1749 653 1804 malis
676 1766 687 1805 :
710 1752 809 1805 sed
844 1767 976 1805 cum
1018 1767 1222 1805 omnes
1246 1756 1465 1804 natura:
1489 1749 1545 1802 in
1564 1764 1668 1803 suo
1683 1761 1893 1819 genere

242 1840 409 1894 bona:
442 1838 580 1905 sint,
606 1837 828 1893 malum
850 1855 978 1894 esse
998 1843 1295 1911 peccatum
1321 1839 1473 1910 quod
1506 1838 1571 1890 fit
1595 1836 1893 1890 voluntate

244 1928 476 1993 animae,
517 1943 648 1982 cum
698 1926 889 1998 diligit
919 1944 1021 1998 pro
1061 1928 1187 1998 ipso
1227 1926 1493 1981 Creatore
1523 1930 1887 1993 creaturam;

247 2014 376 2068 sive
392 2030 490 2068 suo
513 2018 684 2080 nutu,
710 2030 842 2068 cum
877 2014 953 2069 sit
973 2014 1155 2081 mala;
1177 2014 1296 2069 sive
1318 2013 1558 2069 alterius
1577 2029 1886 2084 persuasu,

240 2119 381 2159 cum
412 2104 702 2158 consentit
732 2103 905 2158 malo.
935 2104 1002 2157 Et
1033 2102 1419 2158 nihilominus
1450 2103 1535 2158 sic
1565 2119 1796 2173 quoque
1828 2102 1892 2155 fit

238 2192 422 2260 mala,
483 2193 978 2264 consequentibus
1012 2193 1341 2264 suppliciis,
1390 2209 1494 2264 pro
1527 2192 1751 2246 meritis
1772 2209 1891 2247 om-

236 2281 343 2336 nia
363 2280 777 2353 disponantur,
815 2300 846 2336 a
878 2286 1143 2337 Creatore
1174 2298 1405 2337 summe
1437 2282 1589 2336 bono
1637 2283 1698 2336 in
1730 2296 1889 2335 crea-

232 2375 377 2425 tura
402 2371 681 2435 bona;sed
708 2388 821 2427 non
854 2389 1085 2427 summe
1109 2372 1281 2441 bona,
1314 2372 1452 2443 quia
1481 2390 1595 2427 non
1628 2388 1756 2428 eam
1787 2387 1891 2443 ge-

236 2459 377 2515 nuit
406 2460 477 2515 de
505 2477 566 2515 se
599 2461 746 2532 ipso,
782 2461 883 2517 sed
916 2461 1049 2516 fecit
1069 2478 1138 2516 ex
1167 2460 1367 2516 nihilo.
1395 2462 1477 2516 Tu
1502 2468 1694 2516 autem
1723 2478 1890 2517 cons-

234 2549 462 2605 tituisti
487 2550 633 2605 duas
658 2555 1175 2623 naturas,quarum
1199 2568 1377 2605 unam
1399 2550 1486 2605 vis
1505 2552 1716 2605 bonam
1742 2568 1890 2623 esse,

239 2638 495 2694 alteram
518 2638 758 2707 malam;
775 2639 861 2694 vel
885 2639 1078 2711 potius
1102 2657 1277 2694 unam
1296 2639 1702 2705 boni,alteram
1721 2640 1887 2695 mali:

237 2745 387 2783 nam
414 2727 568 2783 mala
588 2731 799 2783 natura
816 2744 883 2783 ex
912 2728 1066 2784 bona
1094 2728 1267 2783 etiam
1293 2730 1585 2800 peccando
1619 2730 1702 2785 fit.
1728 2729 1891 2784 Fate-

234 2817 329 2872 ris
352 2822 550 2873 tamen
599 2834 725 2873 eam
778 2822 1044 2872 naturam
1092 2834 1268 2888 quam
1309 2818 1523 2873 bonam
1565 2833 1692 2874 esse
1722 2818 1889 2887 dicis,

234 2905 399 2961 malo
435 2907 853 2961 consentiendo
898 2905 1048 2961 male
1081 2906 1286 2973 facere,
1322 2906 1429 2960 hoc
1459 2910 1569 2971 est,
1596 2908 1893 2961 voluntate

230 3012 505 3068 peccare.
543 2999 608 3050 At
627 3012 731 3067 ego
764 2996 968 3051 ambas
992 2998 1174 3051 bonas
1196 3012 1324 3050 esse
1346 3013 1563 3063 assero,
1589 2998 1688 3052 sed
1712 3014 1890 3052 unam

230 3100 447 3140 earum
492 3084 643 3139 male
696 3084 880 3140 facere
917 3085 1238 3148 suadendo.
1285 3083 1460 3139 aliam
1510 3085 1660 3140 male
1706 3086 1893 3141 facere

234 3173 683 3229 consentiendo.
714 3173 876 3229 Sicut
919 3178 1114 3228 autem
1147 3172 1385 3229 alterius
1426 3174 1732 3230 consensio
1775 3192 1891 3230 non

234 3266 336 3317 est
367 3271 595 3329 natura,
620 3262 703 3318 sic
736 3279 840 3318 nec
862 3262 1041 3333 hujus
1065 3262 1257 3318 suasio
1286 3281 1299 3318 :
1324 3265 1475 3318 sicut
1494 3268 1550 3318 et
1575 3265 1687 3318 ista
1710 3264 1757 3317 si
1776 3280 1891 3318 non

231 3351 596 3414 consentiat,
629 3352 781 3407 bona
825 3350 1203 3424 permanebit,
1245 3351 1637 3425 integritatem
1670 3357 1892 3407 naturae

237 3456 368 3495 sum
402 3440 760 3509 custodiens;
792 3441 877 3497 sic
924 3440 1025 3496 illa
1073 3441 1121 3495 si
1177 3458 1290 3496 non
1323 3444 1585 3509 suadeat,
1618 3443 1891 3497 emenda-

234 3532 339 3585 tor
361 3529 491 3586 erit.
523 3531 579 3584 Si
613 3547 743 3586 vero
765 3531 941 3587 etiam
966 3536 1268 3604 peccatum
1303 3532 1456 3603 quod
1497 3549 1610 3587 non
1663 3534 1891 3600 suadet,

235 3632 350 3672 nec
380 3617 509 3689 ipsa
539 3620 906 3687 committat;
941 3620 1159 3692 pariter
1199 3624 1371 3675 erunt
1409 3621 1668 3692 integrae,
1721 3626 1894 3692 atque

242 3706 310 3761 in
339 3724 448 3762 suo
478 3724 764 3779 genenere
794 3708 1145 3765 laudabiles.
1182 3714 1249 3764 Et
1278 3709 1325 3763 si
1351 3709 1506 3764 enim
1532 3710 1620 3765 bis
1650 3710 1749 3764 illa
1772 3726 1896 3781 pec-

238 3801 340 3851 cat
371 3813 499 3867 qua
529 3802 586 3851 et
616 3798 929 3853 committit
961 3804 1018 3853 et
1048 3800 1275 3864 suadet,
1296 3797 1394 3853 illa
1424 3803 1615 3853 autem
1642 3799 1822 3854 semel
1845 3802 1895 3856 si

234 3886 652 3941 tantummodo
673 3887 742 3941 ad
776 3887 927 3942 male
958 3888 1286 3943 faciendum
1309 3887 1665 3956 consentiat;
1698 3894 1894 3946 tamen

239 3974 506 4044 peccatis
531 3976 677 4029 fiunt
708 3975 894 4042 male,
928 3993 1042 4031 non
1088 3982 1298 4032 natura
1328 3981 1467 4032 sunt
1496 3977 1681 4033 malm.
1713 3982 1822 4035 Aul
1845 3981 1891 4035 si

242 4070 489 4133 prapler
518 4063 850 4120 suasionem
880 4071 1088 4121 natura
1118 4066 1233 4121 ista
1265 4066 1417 4120 mala
1446 4071 1554 4132 est,
1589 4066 1673 4121 sic
1706 4076 1757 4123 et
1797 4067 1899 4124 illa

245 4156 491 4221 propter
510 4153 975 4209 consensionem.
995 4156 1104 4210 Sed
1131 4155 1179 4209 si
1210 4155 1491 4227 pejustibi
1520 4155 1752 4212 videtur
1772 4173 1901 4212 esse

252 4239 505 4295 suadere
537 4257 712 4312 quam
745 4243 1091 4309 consentire,
1117 4243 1325 4299 sitista
1351 4243 1527 4312 mala,
1559 4244 1668 4300 ista
1699 4247 1897 4317 pejor:

251 4344 370 4383 non
404 4332 598 4384 tamen
630 4334 792 4386 tanta
838 4332 917 4387 sit
972 4332 1229 4403 acceptio
1260 4350 1665 4404 personarum,
1690 4340 1747 4390 et
1786 4352 1901 4390 non

248 4421 378 4472 tam
411 4417 614 4490 iniqua
644 4419 701 4474 in
728 4419 1049 4490 judicando
1068 4421 1428 4493 gratificatio,
1464 4428 1527 4477 ut
1555 4439 1687 4478 cum
1719 4426 1902 4479 ambae

253 4512 516 4579 peccent,
541 4509 811 4578 quamvis
831 4527 948 4565 una
965 4510 1220 4582 gravius,
1240 4510 1421 4566 altera
1441 4511 1646 4581 levius,
1672 4529 1790 4568 una
1811 4513 1901 4568 di-

253 4601 427 4650 catur
474 4602 683 4653 natura
713 4598 872 4665 mali,
906 4599 1087 4655 altera
1116 4600 1251 4655 boni
1282 4616 1293 4655 :
1329 4616 1395 4655 ac
1424 4617 1539 4655 non
1573 4601 1766 4671 potius
1805 4607 1909 4657 aut

256 4685 448 4741 amba
479 4686 665 4752 bonas,
689 4688 791 4743 sed
816 4687 915 4743 illa
946 4688 1151 4744 melior
1188 4705 1309 4759 quae
1334 4694 1532 4760 peccat
1563 4690 1785 4759 minus,
1808 4694 1911 4746 aut

259 4774 449 4829 ambas
473 4772 661 4843 malm,
687 4777 788 4832 sed
812 4775 914 4832 illa
934 4778 1096 4848 pejor
1117 4793 1242 4848 quas
1274 4781 1475 4849 peccat
1504 4776 1782 4849 amplius.

336 4879 569 4936 CAPUT
588 4881 734 4938 XIX.
764 4912 830 4925 —
869 4884 941 4938 At
973 4882 1127 4939 enim
1158 4883 1313 4939 unde
1335 4888 1425 4939 est
1448 4883 1666 4939 malum
1693 4884 1909 4941 factum

266 4970 421 5039 quod
446 4975 750 5042 peccatum
771 4976 1031 5039 vocatur,
1051 4971 1101 5027 si
1116 4971 1277 5027 nulla
1296 4973 1533 5029 estmali
1550 4972 1796 5029 natura?
1816 4974 1914 5030 Dic

266 5058 416 5114 mihi
436 5060 595 5115 unde
617 5059 807 5115 sitilla
823 5060 1129 5116 consensio
1146 5061 1296 5116 mala
1316 5062 1374 5116 in
1394 5078 1462 5117 ea
1484 5071 1711 5133 natura,
1736 5081 1915 5135 quam

266 5147 484 5203 bonam
499 5164 629 5204 esse
641 5148 912 5204 concedis
933 5154 990 5204 et
1010 5149 1602 5221 praedicas.Quidquid
1635 5153 1788 5207 enim
1816 5170 1917 5225 pa—

266 5237 436 5305 titur,
462 5243 527 5293 ut
543 5238 869 5295 consentiat
899 5239 1074 5309 malo,
1099 5255 1212 5294 non
1237 5239 1438 5310 utique
1461 5246 1772 5315 pateretur,
1807 5243 1918 5299 nisi

270 5327 393 5399 pati
419 5333 637 5398 posset.
665 5328 868 5392 Quaero
912 5328 1105 5400 itaque
1147 5330 1303 5384 unde
1344 5329 1555 5385 habeat
1583 5332 1774 5402 ipsum
1804 5333 1919 5403 pati

272 5433 468 5489 posse.
496 5416 701 5473 Melior
719 5418 874 5474 enim
913 5421 1086 5486 esset,
1117 5417 1166 5473 si
1191 5435 1305 5472 non
1348 5418 1606 5475 haberet.
1644 5421 1766 5478 Non
1788 5439 1922 5495 ergo

276 5510 491 5563 natura
506 5506 731 5563 summi
752 5507 912 5573 boni,
935 5524 1052 5578 qua
1073 5512 1272 5579 posset
1295 5523 1424 5562 esse
1445 5507 1664 5578 aliquid
1690 5510 1922 5566 melius.

275 5595 500 5652 Deinde
522 5596 571 5650 si
595 5595 770 5651 habet
808 5596 866 5651 in
903 5602 1188 5670 potestate
1211 5594 1297 5651 vel
1329 5596 1656 5651 consentire
1693 5599 1776 5654 vel
1814 5618 1924 5655 non

274 5684 631 5758 consentire,
665 5702 780 5744 non
812 5701 947 5760 ergo
986 5685 1138 5742 victa
1170 5684 1478 5743 consentit.
1512 5684 1714 5750 Quare
1752 5688 1931 5761 igitur

1725 353 1959 414 LIBER
2004 353 2237 415 UNUS.

3558 345 3677 406 594

2019 484 2175 538 unde
2197 483 2406 539 habeat
2429 484 2602 539 istam
2624 482 3066 538 consensionem
3094 478 3332 547 malam,
3354 476 3515 533 nulla
3536 494 3671 533 con-

2014 573 2196 627 traria
2225 578 2461 641 cogente
2482 577 2710 627 natura.
2745 573 2803 627 Si
2839 576 3038 626 autem
3073 569 3298 640 cogitur
3319 567 3667 636 consentire,

2012 661 2178 717 itaut
2198 667 2299 716 aut
2321 678 2433 716 non
2460 661 2531 716 sit
2554 664 2609 716 in
2635 662 2761 732 ejus
2784 665 3066 731 potestate
3090 659 3259 714 aliter
3287 659 3505 724 facere;
3550 672 3665 711 non

2014 767 2172 823 ergo,
2207 755 2271 805 ut
2302 751 2557 817 dicebas,
2589 750 2887 805 voluntate
2914 757 3129 822 peccat,
3164 749 3396 819 quando
3428 762 3544 801 non
3577 762 3669 801 vo-

2010 839 2236 895 luntate
2266 841 2574 895 consentit.
2617 841 2722 895 Sed
2756 839 2867 912 ego
2912 839 3102 894 adhuc
3143 854 3359 909 quazro,
3394 836 3552 890 unde
3602 835 3661 889 in

2009 928 2112 984 illa
2134 930 2210 984 sit
2242 946 2409 1000 posse
2441 929 2650 1001 decipi,
2687 930 2733 983 si
2768 930 3075 1000 decipitur.
3130 932 3456 997 Antequam
3503 924 3659 980 enim

2008 1020 2393 1090 deciperetur,
2412 1018 2524 1074 nisi
2558 1023 2713 1073 esset
2734 1019 2794 1072 in
2820 1035 2887 1073 ea
2911 1026 2970 1072 ul
2993 1017 3100 1072 hoc
3126 1017 3243 1088 pati
3268 1019 3482 1087 posset,
3507 1032 3656 1069 nun-

2006 1125 2184 1180 quam
2211 1109 2416 1180 utique
2434 1109 3107 1180 pateretur.Quanquam
3135 1105 3292 1161 nullo
3323 1104 3496 1159 modo
3542 1103 3654 1159 nisi

2003 1196 2303 1253 voluntate
2330 1198 2651 1253 consentit:
2688 1198 2743 1253 Si
2782 1201 2977 1251 autem
3026 1195 3274 1267 cogitur,
3321 1195 3520 1249 cedere
3546 1209 3652 1264 po-

2004 1285 2122 1341 tius
2154 1303 2329 1359 quam
2364 1287 2691 1343 consentire
2721 1288 2967 1342 dicenda
2997 1290 3103 1341 est.
3131 1285 3241 1341 Sed
3274 1282 3654 1355 quoquolibet

2002 1376 2238 1431 nomine
2268 1375 2423 1432 istud
2448 1375 2728 1448 appelles,
2756 1392 2951 1447 quaero
2981 1374 3085 1429 abs
3105 1379 3160 1429 te
3183 1378 3353 1429 acuto
3373 1376 3429 1427 et
3450 1371 3649 1427 solerti

2004 1462 2152 1531 viro,
2184 1469 2242 1519 et
2269 1470 2369 1521 tuo
2400 1466 2661 1521 Romano
2684 1470 2750 1520 ut
2781 1464 3051 1536 gloriaris
3084 1461 3339 1534 ingenio,
3365 1461 3517 1515 unde
3547 1461 3647 1515 ba-

1998 1551 2136 1608 beat
2162 1552 2276 1609 ista
2305 1556 2441 1610 boni
2492 1559 2702 1610 natura
2732 1555 2851 1626 pati
2883 1570 3053 1626 posse
3089 1550 3243 1623 quod
3296 1550 3533 1622 patitur,
3587 1554 3649 1604 ut

1998 1644 2326 1700 consentiat
2378 1644 2551 1700 malo.
2604 1645 2766 1700 Sicut
2796 1644 2951 1699 enim
2990 1642 3051 1697 in
3103 1642 3279 1714 ligno,
3330 1644 3644 1710 antequam

1996 1731 2322 1803 frangatur,
2347 1734 2499 1789 inest
2537 1733 2839 1805 fragilitas,
2873 1750 2998 1803 quae
3031 1730 3140 1786 nisi
3173 1731 3411 1797 inesset,
3454 1727 3641 1799 frangi

1996 1824 2234 1879 omnino
2254 1842 2367 1880 non
2387 1832 2615 1897 posset;
2642 1842 2744 1880 nec
2762 1825 2890 1880 ideo
2918 1842 3033 1879 non
3053 1828 3142 1879 est
3168 1822 3369 1893 fragile
3386 1820 3640 1892 lignum,

1994 1913 2042 1967 si
2078 1915 2277 1971 nullus
2310 1916 2524 1972 fractor
2548 1919 2821 1973 accedat:
2856 1915 2939 1971 sic
2962 1932 3157 1987 quaero
3180 1914 3238 1968 in
3262 1913 3375 1968 ista
3403 1916 3635 1977 natura,

1995 2007 2150 2061 unde
2181 2007 2257 2061 sit
2288 2010 2554 2078 quaedam
2592 2009 2678 2065 vel
2731 2008 3017 2080 fragilitas
3046 2006 3134 2062 vel
3162 2004 3514 2068 ﬂexibilitas,
3540 2017 3639 2058 an-

1994 2095 2229 2163 tequam
2279 2096 2352 2151 ad
2388 2095 2602 2151 malam
2635 2096 3079 2151 consensionem
3111 2093 3198 2148 vel
3229 2093 3282 2146 vi
3316 2095 3641 2163 lrangatur,

1992 2186 2082 2240 vel
2119 2187 2395 2243 suasione
2424 2189 2710 2243 ﬂectatur.
2744 2192 2821 2242 At
2846 2187 2895 2242 si
2918 2184 3053 2240 mali
3076 2182 3509 2251 vicinitatejam
3532 2181 3642 2236 fra-

1994 2277 2375 2349 gilitasj‘erat,
2408 2278 2559 2334 sicut
2590 2278 2780 2334 solent
2811 2293 3054 2349 corpora
3072 2275 3271 2329 vicinae
3294 2271 3522 2344 paludis
3546 2287 3644 2326 ex-

2002 2366 2296 2423 halatione
2330 2370 2658 2440 corrumpi;
2682 2369 2810 2438 jam
2841 2383 2977 2437 ergo
3008 2362 3405 2436 corruptibilis
3427 2366 3571 2428 erat,
3595 2359 3645 2415 si

1997 2456 2187 2528 potuit
2215 2473 2343 2512 eam
2375 2457 2694 2512 vicinitatis
2738 2457 2898 2512 illius
2939 2453 3205 2527 contagio
3246 2450 3647 2525 pestilentiosa

2001 2564 2393 2620 corrumpere.
2417 2552 2618 2615 Quaero
2652 2551 2828 2621 igitur
2856 2549 3013 2604 unde
3041 2548 3142 2603 illa
3173 2542 3608 2617 corruptibilas.

2067 2639 2291 2707 Quaeso,
2317 2642 2550 2696 attende
2578 2641 2711 2712 quid
2739 2641 2963 2712 loquar,
2991 2645 3050 2696 et
3066 2640 3203 2695 cede
3217 2637 3646 2710 perspicuave-

1995 2728 2152 2784 ritati
2179 2746 2191 2784 :
2214 2747 2327 2785 non
2351 2732 2506 2786 enim
2531 2747 2725 2802 quaero
2749 2731 2904 2785 unde
2925 2729 3242 2800 corruptio;
3262 2724 3643 2797 respondebis

1996 2821 2173 2890 enim,
2196 2823 2623 2892 Acorruptore;
2647 2823 3039 2893 eumdemque
3076 2822 3473 2890 corruptorem
3511 2831 3642 2871 nes-

1996 2910 2085 2965 cio
2107 2927 2281 2981 quem
2314 2910 2635 2982 principem
2656 2910 2846 2982 gentis
2868 2910 3241 2965 tenebrarum
3261 2923 3391 2963 esse
3406 2909 3640 2961 conten-

1996 3001 2109 3067 dis,
2138 3000 2393 3055 utetiam
2433 2998 2711 3055 fabulosis
2732 2999 3091 3071 tegminibus
3126 2997 3456 3052 involutum
3496 2994 3643 3050 evol-

1996 3106 2127 3144 vere
2159 3106 2223 3143 ac
2259 3096 2448 3143 tenere
2475 3088 2568 3143 vix
2598 3087 2815 3159 possit:
2842 3089 2941 3143 sed
2974 3103 3169 3159 quaero
3187 3086 3342 3142 unde
3355 3083 3642 3157 corrupti-

1996 3177 2215 3248 bilitas,
2247 3178 2424 3232 etiam
2466 3182 2779 3248 antequam
2823 3181 3130 3249 corruptor
3151 3176 3481 3231 accederet:
3514 3190 3644 3245 quas

1998 3267 2111 3323 nisi
2147 3272 2320 3333 esset,
2346 3273 2447 3322 aut
2476 3266 2675 3322 nullus
2696 3266 3097 3331 existeret,aut
3119 3265 3267 3321 nihil
3291 3267 3521 3320 noceret
3544 3279 3646 3317 cu-

1992 3356 2240 3427 juslibet
2270 3356 2627 3427 corruptoris
2651 3356 2927 3411 accessio.
2947 3356 3091 3410 Cum
3114 3371 3250 3427 ergo
3271 3358 3332 3408 tu
3360 3351 3646 3409 inveneris

2000 3446 2157 3501 unde
2190 3446 2247 3500 in
2281 3447 2433 3501 bona
2457 3450 2667 3499 natura
2690 3446 2799 3500 ista
2829 3444 3306 3515 corruptibilitas,
3333 3447 3647 3510 antequam

1999 3552 2067 3590 ex
2097 3534 2299 3589 hostili
2322 3534 2672 3589 adversitate
2690 3539 3047 3588 mutaretur:
3074 3549 3188 3587 non
3212 3530 3363 3586 enim
3387 3546 3500 3584 non
3521 3544 3647 3582 mu-

2000 3627 2164 3678 tatur
2186 3628 2396 3677 natura
2421 3624 2480 3676 in
2504 3622 2778 3689 deterius,
2818 3638 2948 3693 quae
2978 3622 3129 3675 fitex
3151 3620 3411 3690 sapiente
3445 3614 3644 3682 stulta,

2000 3718 2057 3768 et
2077 3729 2204 3783 qua:
2227 3711 2590 3766 obliviscitur
2606 3711 2718 3778 sui;
2739 3718 2797 3765 tu
2823 3710 2975 3766 enim
2991 3708 3286 3765 istaverba
3298 3701 3644 3777 apposuisti,

2002 3801 2223 3867 dicens,
2252 3800 2311 3855 Si
2338 3816 2462 3855 cum
2483 3816 2543 3854 se
2568 3801 2745 3871 ipsam
2772 3804 3098 3870 cognoverit,
3120 3802 3423 3856 consentiat
3452 3802 3606 3857 malo
3631 3820 3644 3860 :

2003 3896 2269 3947 mutatur
2298 3906 2433 3961 ergo
2456 3889 2513 3944 in
2541 3889 2798 3945 deterius
2817 3906 2949 3944 cum
2970 3890 3351 3957 obliviscitur,
3385 3891 3468 3946 sic
3496 3897 3560 3946 ut
3586 3909 3648 3948 se

2000 3982 2193 4054 ipsam
2208 3980 2224 4013 ¹
2250 3996 2456 4034 rursus
2476 3983 2991 4034 commemoratam
3007 3984 3345 4051 cognoscat;
3362 3980 3522 4037 nullo
3546 3999 3649 4036 au-

2003 4078 2121 4129 tem
2155 4074 2323 4143 pacto
2358 4070 2570 4125 mutari
2605 4071 2910 4142 potuisset,
2951 4069 3065 4126 nisi
3099 4075 3413 4143 antequam
3436 4078 3650 4128 muta-

2006 4166 2167 4218 retur
2195 4165 2351 4217 esset
2382 4159 2681 4215 mutabilis
2706 4177 2720 4215 :
2744 4176 2877 4213 cum
2900 4176 3037 4231 ergo
3070 4164 3134 4215 tu
3176 4159 3468 4216 inveneris
3501 4161 3655 4217 unde

2008 4252 2120 4306 ista
2150 4248 2515 4305 mutabilitas
2556 4249 2612 4303 in
2656 4248 2987 4304 substantia
3032 4251 3250 4305 summi
3291 4250 3449 4321 boni,
3492 4255 3655 4307 ante-

2010 4357 2186 4412 quam
2212 4344 2367 4395 esset
2391 4338 2510 4393 ulla
2540 4338 2676 4393 boni
2707 4343 2763 4393 et
2794 4337 2933 4392 mali
2961 4338 3112 4393 facta
3128 4338 3465 4394 commixtio
3491 4356 3656 4411 ;pro-

2012 4430 2160 4485 fecto
2225 4428 2458 4483 desines
2514 4445 2547 4482 a
2605 4444 2698 4482 me
2752 4443 3010 4498 quaerere
3068 4426 3223 4481 unde
3278 4428 3358 4482 sit
3396 4427 3659 4483 malum.

2017 4519 2366 4589 Quanquam
2402 4515 2461 4570 in
2512 4520 2724 4570 natura
2780 4515 2993 4569 summi
3043 4516 3201 4582 boni,
3248 4515 3298 4572 si
3336 4533 3463 4571 eam
3509 4520 3664 4572 recte

2018 4607 2255 4680 cogites,
2308 4603 2528 4659 nullam
2582 4620 2824 4675 prorsus
2893 4603 3344 4660 mutabilitatem
3386 4605 3664 4677 temporis

2017 4694 2284 4759 inveniri,
2351 4710 2453 4748 nec
2511 4710 2545 4748 a
2589 4709 2650 4748 se
2695 4694 2986 4764 ipsa,nec
3048 4692 3287 4750 alterius
3347 4694 3666 4764 cujuslibet

2019 4784 2225 4857 possit,
2276 4782 2430 4837 sicut
2474 4782 2533 4835 in
2583 4798 2650 4836 ea
2688 4788 2899 4837 natura
2946 4799 3121 4852 quam
3167 4782 3523 4839 Manichacus
3554 4786 3663 4838 tin-

2020 4873 2121 4944 git,
2188 4877 2245 4927 et
2291 4886 2521 4927 summe
2576 4869 2790 4925 bonam
2849 4887 2978 4926 esse
3007 4870 3344 4941 arbitratur,
3374 4871 3463 4926 vel
3488 4872 3663 4926 etiam

2024 4961 2136 5017 sibi
2167 4959 2538 5016 credentibus
2560 4960 2887 5030 persuadet.
2921 4962 3121 5025 Quaere
3159 4965 3328 5030 atque
3360 4960 3666 5031 responde,

2028 5053 2076 5108 si
2108 5056 2295 5124 potes,
2332 5049 2488 5104 unde
2542 5048 2655 5103 ista
2686 5049 3072 5115 mulabilitas,
3108 5066 3237 5121 qum
3270 5066 3384 5104 non
3418 5049 3672 5119 inventa,

2029 5142 2129 5197 sed
2191 5137 2423 5211 prodita
2482 5141 2587 5205 est,
2644 5154 2777 5192 cum
2833 5154 2995 5193 mora
3041 5138 3341 5193 accederet
3396 5135 3678 5209 (a)?Mu-

2029 5230 2141 5287 tari
2175 5229 2331 5285 enim
2366 5244 2471 5283 nec
2515 5228 2587 5282 ab
2636 5227 2802 5283 hoste
2834 5231 3054 5299 posset,
3103 5226 3151 5281 si
3193 5225 3407 5280 mutari
3441 5226 3681 5283 omnino

2034 5336 2148 5375 non
2193 5322 2412 5391 posset.
2461 5319 2603 5373 Cum
2638 5322 2831 5371 autem
2881 5314 3087 5387 potuit,
3117 5330 3229 5369 non
3276 5330 3337 5369 se
3382 5311 3561 5369 fuisse
3592 5315 3681 5369 in-

2036 5411 2523 5470 cummutabilem
2556 5408 2995 5466 demonstravit.
3017 5407 3143 5461 Haec
3162 5423 3297 5479 ergo
3322 5407 3684 5464 mutabilitas

2103 5514 2119 5547 ί
2150 5510 2323 5559 Editio
2356 5511 2470 5559 Am.
2494 5513 2547 5558 et
2577 5510 2671 5557 Ms.
2708 5506 3128 5569 Carnotensis,“
3162 5512 3216 5552 ut
3241 5518 3294 5553 se
3313 5504 3494 5569 ipsam.
3528 5508 3685 5557 Forte

2036 5574 2346 5637 legendum,
2376 5587 2485 5620 cum
2515 5568 2952 5637 obliviscitunsui,
2987 5580 3037 5637 ις
3069 5568 3252 5637 ipsaet.

2102 5630 2175 5697 (ιι)
2200 5636 2369 5691 Forte,
2401 5647 2638 5698 quaene»
2689 5632 2902 5698 invecta,
2933 5631 3023 5679 sed
3044 5631 3255 5694 prodita
3284 5633 3358 5680 est
3386 5645 3498 5681 cum
3529 5630 3685 5684 hostia

2046 5693 2209 5748 idest
2238 5693 2533 5760 corruptor)
2568 5693 2842 5743 accederet.
