4056 6178
448 340 565 401 595

452 486 585 527 cum
616 483 743 524 esse
778 467 834 522 in
870 467 1201 523 substantia
1251 466 1472 522 summi
1519 466 1677 533 boni,
1724 466 1831 522 hoc
1878 471 1989 535 est,
2042 466 2099 520 in

451 558 783 615 substantia
812 557 911 612 Dei
945 557 1218 623 creditur,
1255 557 1303 611 si
1335 557 1736 612 contentiosns
1758 573 1872 611 non
1902 573 1985 623 es,
2018 556 2100 611 vi-

452 648 553 703 des
585 650 805 717 quanta
830 645 1163 716 insipientia
1195 644 1655 717 blasphematur.
1681 648 1826 702 Cum
1866 661 1997 700 vero
2032 645 2103 699 de

453 746 720 792 creatura
749 734 863 789 tale
892 734 1113 804 aliquid
1138 735 1371 804 dicitur,
1398 752 1574 806 quam
1597 735 1751 789 Deus
1783 752 1885 789 nec
1903 734 2103 805 genuit

454 847 560 886 nec
591 829 833 901 protulit
865 830 932 884 de
964 830 1293 885 substantia
1325 846 1453 896 sua,
1488 830 1587 884 sed
1612 826 1746 885 fecit
1775 845 1843 883 ex
1872 827 2055 883 nihilo
2086 844 2100 894 ;

457 936 573 975 non
598 920 668 974 de
691 933 923 974 summo
950 919 1101 973 bono
1126 919 1335 989 agitur,
1362 918 1463 973 sed
1486 923 1679 972 tamen
1704 918 1775 972 de
1795 916 1899 972 tali
1925 917 2098 981 bono,

457 1009 608 1079 quod
642 1008 752 1063 nisi
795 1025 827 1061 a
855 1024 1111 1078 summo,
1137 1007 1235 1078 qui
1266 1012 1416 1062 Deus
1447 1010 1554 1076 est,
1572 1024 1687 1061 non
1721 1011 1920 1078 posset
1943 1005 2105 1061 insti-

456 1097 564 1153 tui.
586 1096 739 1154 Deus
754 1097 969 1168 quippe
986 1112 1217 1151 summe
1232 1113 1336 1151 nec
1352 1096 1915 1152 incommutabiliter
1932 1096 2104 1162 bona,

456 1188 558 1244 sed
591 1190 785 1242 tamen
813 1186 967 1241 bona
1006 1185 1245 1253 fecit,ab
1271 1185 1508 1257 Angelis
1531 1184 1806 1241 cmlorum
1832 1200 2018 1256 usque
2036 1185 2106 1239 ad

460 1281 748 1332 extremas
780 1275 997 1330 bestias
1029 1275 1355 1346 herbasque
1384 1280 1695 1342 terrarum,
1729 1291 1831 1347 pro
1871 1291 1979 1330 sua
2008 1291 2108 1328 cu-

455 1367 678 1437 jusque
707 1365 992 1436 dignitate
1025 1370 1243 1420 naturze
1274 1363 1472 1419 omnia
1502 1364 1643 1419 locis
1660 1363 1934 1435 congruis
1957 1363 2112 1419 ordi-

462 1454 897 1510 nata.Verumin
912 1452 970 1507 in
986 1452 1076 1507 his
1092 1452 1389 1508 rationalis
1408 1458 1600 1509 creatu
1612 1469 1831 1523 ra,cum
1848 1450 2112 1521 creatori,

464 1544 573 1599 hoc
603 1548 711 1613 est,
732 1543 935 1598 factori
962 1547 1016 1598 et
1037 1542 1348 1597 institutori
1377 1560 1481 1598 suo
1504 1544 1614 1597 Deo
1635 1541 1962 1598 dilectionis
1985 1542 2114 1596 obe-

465 1633 684 1687 dientia
710 1632 981 1696 cohaeret,
1016 1636 1285 1686 naturam
1310 1648 1477 1687 suam
1503 1632 1559 1686 in
1582 1631 1739 1686 illius
1769 1631 2111 1696 aeternitate,

467 1721 1017 1787 veritate,charitate
1034 1722 1315 1775 custodit:
1335 1737 1465 1775 cum
1481 1737 1613 1775 vero
1632 1737 1764 1775 eum
1781 1719 2114 1776 contumaci

469 1809 865 1865 inobedientia
887 1808 1119 1877 deserit,
1163 1827 1264 1882 per
1297 1826 1469 1865 suum
1508 1810 1753 1865 liberum
1806 1809 2113 1863 arbitrium

473 1902 727 1971 peccatis
758 1915 820 1954 se
852 1898 1109 1969 involvit,
1146 1916 1247 1969 per
1276 1899 1436 1954 illius
1484 1887 1680 1954 autem
1705 1899 1933 1968 justum
1961 1897 2120 1968 judi—

472 1988 629 2043 cium
661 1987 948 2060 supplicio
982 1989 1193 2043 misera
1221 1988 1513 2055 afﬁcitur;
1558 1992 1617 2043 et
1666 1988 1772 2044 hoc
1811 1992 1901 2043 est
1930 1992 2115 2043 totum

478 2076 722 2141 malum,
758 2077 965 2144 partim
990 2078 1141 2147 quod
1160 2077 1373 2147 injuste
1393 2077 1545 2144 facit,
1566 2076 1775 2148 partim
1796 2076 2117 2147 quodjuste

478 2166 715 2238 patitur.
748 2165 866 2219 Hoc
897 2170 959 2220 tu
992 2181 1027 2220 a
1050 2183 1140 2221 me
1163 2183 1276 2221 non
1300 2183 1527 2237 quaeras
1553 2168 1705 2221 unde
1734 2166 1828 2231 sit,
1854 2182 1987 2220 cum
2011 2163 2119 2219 tibi

474 2255 593 2325 jam
628 2255 751 2326 ipse
770 2255 1159 2324 responderis,
1179 2255 1277 2326 qui
1311 2254 1529 2321 dixisti,
1552 2256 1703 2325 quod
1725 2270 1850 2310 (tum
1864 2270 1921 2309 se
1938 2255 2118 2325 ipsam

471 2346 778 2413 cognoverit
821 2346 1030 2409 anima,
1061 2346 1109 2398 si
1138 2344 1287 2398 malo
1318 2345 1669 2410 consenserit,
1702 2344 1975 2398 voluntate
2016 2359 2115 2397 sua

469 2441 675 2505 peccat.
710 2440 850 2493 Ecce
882 2439 1035 2493 unde
1066 2442 1153 2493 est
1175 2438 1416 2503 malum,
1452 2454 1485 2491 a
1508 2437 1742 2509 prepria
1772 2428 1994 2493 scilicet
2014 2453 2112 2491 vo-

469 2526 714 2583 luntate.
749 2527 873 2583 Non
907 2532 1101 2583 autem
1133 2527 1247 2582 ista
1278 2532 1506 2592 natura,
1540 2528 1640 2582 sed
1674 2525 1846 2597 culpa
1880 2531 2002 2594 est;
2051 2542 2115 2580 ac

470 2634 573 2690 per
602 2604 710 2672 hoc
746 2616 921 2672 etiam
974 2616 1267 2672 contraria
1300 2621 1541 2681 naturae,
1577 2617 1668 2671 cui
1705 2616 1906 2687 utique
1948 2621 2116 2670 nocet

470 2706 753 2778 privando
783 2722 910 2762 eam
942 2706 1116 2771 bono,
1150 2722 1263 2777 quo
1296 2706 1466 2761 beata
1496 2722 1623 2761 esse
1654 2711 1869 2777 posset,
1904 2705 1949 2760 si
1983 2721 2116 2776 pec-

468 2813 600 2852 care
620 2795 924 2851 noluisset.
960 2795 1119 2849 Hanc
1156 2800 1214 2849 tu
1251 2794 1469 2865 peccati
1499 2794 1857 2849 voluntatem
1897 2795 2113 2849 moveri

470 2902 585 2941 non
617 2889 788 2950 putas
818 2884 877 2939 in
910 2884 1128 2949 anima,
1163 2883 1273 2939 nisi
1307 2900 1374 2938 ex
1405 2883 1516 2939 alio
1554 2883 1707 2939 malo
1739 2884 1892 2954 quod
1927 2883 2116 2939 credis

471 2991 599 3030 esse
631 2979 922 3042 naturam,
957 2989 1135 3043 quam
1168 2990 1283 3027 non
1309 2974 1505 3027 fecerit
1527 2977 1960 3043 Deus,eamque
1991 2972 2114 3026 ani-

473 3081 631 3119 mam
664 3071 933 3118 naturam
968 3066 1065 3117 Dei
1099 3078 1229 3117 esse
1260 3064 1563 3119 contendis
1589 3079 1601 3118 :
1626 3079 1693 3117 ac
1725 3079 1823 3133 per
1868 3062 1975 3117 hoc
2005 3063 2117 3117 ista

473 3158 612 3213 mali
644 3157 836 3212 nescio
864 3174 990 3227 quae
1013 3157 1307 3226 natura,si
1331 3156 1481 3212 hanc
1503 3157 1561 3211 in
1580 3156 1777 3212 anima
1801 3157 2015 3227 peccati
2039 3157 2116 3227 (α)

472 3250 772 3306 suadendo
801 3249 953 3316 facit,
989 3249 1045 3305 in
1079 3255 1378 3320 peccatum
1411 3249 1593 3305 victus
1629 3249 1901 3320 dejicitur
1942 3250 2114 3305 Deus.

540 3340 772 3395 CAPUT
800 3340 919 3397 XX.
955 3372 1019 3381 —
1048 3342 1190 3395 Ecce
1217 3346 1439 3413 quanta
1460 3339 1777 3412 impietate,
1813 3356 1990 3411 quam
2019 3357 2118 3396 ne-

470 3431 631 3486 fariis
660 3430 1083 3502 horrendisque
1116 3430 1494 3502 blasphemiis
1526 3436 1581 3485 te
1612 3448 1724 3485 non
1766 3431 1853 3485 vis
1887 3447 2115 3500 exuere,

468 3521 733 3593 ponendo
768 3522 823 3575 in
860 3526 1067 3576 natura
1087 3538 1262 3591 quam
1286 3537 1401 3575 non
1428 3520 1559 3575 fecit
1584 3520 1739 3575 Deus
1755 3521 1959 3585 vitam,
1984 3536 2116 3574 sen-

469 3625 623 3674 sum,
657 3625 1009 3678 sermonem,
1037 3609 1592 3681 modum,speciem,
1613 3609 1901 3673 ordinem,
1922 3614 1975 3661 et
2004 3608 2118 3664 alia

464 3697 919 3752 innumerabilia
968 3699 1138 3765 bona;
1159 3701 1215 3751 et
1237 3697 1504 3768 ponendo
1530 3695 1588 3751 in
1617 3696 1746 3767 ipsa
1769 3696 1865 3751 Dei
1907 3701 2118 3751 natura

466 3792 601 3843 ante
618 3788 795 3843 ullam
811 3805 935 3843 com
947 3788 1281 3843 mixtionem
1297 3786 1651 3857 mali,ipsam
1668 3786 2115 3841 mutabilitatem

466 3898 583 3953 qua
613 3882 739 3953 capi
768 3886 1072 3953 poterat,et
1089 3883 1181 3936 cui
1204 3882 1409 3935 timere
1432 3880 1766 3952 cogebatur,
1786 3880 1973 3935 videns
1994 3896 2114 3934 ma-

464 3988 633 4039 gnam
661 3972 833 4025 tabem
866 3987 928 4024 ac
951 3970 1256 4024 vastitatem
1274 3969 1534 4025 adversus
1549 3986 1653 4024 sua
1681 3977 1873 4024 sancta
1904 3972 2111 4041 impen-

464 4060 590 4115 dere
630 4062 854 4125 seeeuta,
886 4062 999 4115 nisi
1049 4060 1261 4131 aliquid
1308 4062 1575 4115 eximium
1604 4077 1668 4115 ac
1686 4062 2027 4131 praeclarum
2059 4070 2114 4116 et

464 4152 667 4205 virtute
710 4158 899 4220 potens
942 4165 1151 4203 numen
1200 4157 1489 4220 opponeret
1517 4150 1624 4220 (Ea:
1656 4150 1955 4207 Manio/wet
1984 4151 2110 4221 Epi-

460 4240 621 4305 stola,
645 4256 811 4311 quam
832 4240 1091 4295 vocabant
1113 4237 1521 4310 Fundamenti).
1548 4238 1616 4293 Et
1645 4240 1850 4309 utquid
1886 4239 1994 4294 hoc
2021 4243 2111 4293 to-

461 4336 611 4400 tum,
645 4333 852 4388 nisiut
896 4332 998 4388 illa
1048 4333 1146 4387 Dei
1191 4338 1397 4388 natura
1441 4336 1615 4405 atque
1665 4333 1996 4388 substantia
2027 4331 2110 4388 sic

461 4423 827 4494 impxicatum
862 4429 1054 4479 teneat
1095 4423 1322 4480 hostem
1375 4425 1727 4494 subjectum,
1762 4428 1826 4478 ut
1866 4440 2110 4494 peccans

462 4514 716 4585 perferat
744 4520 800 4570 et
831 4515 1098 4586 ligatum,
1134 4531 1237 4570 nec
1268 4522 1453 4571 totum
1485 4517 1690 4570 evadat
1722 4516 2109 4586 purgatajam

460 4604 682 4658 victum
709 4609 765 4659 et
797 4609 863 4659 ut
891 4606 1168 4661 damnata
1190 4610 1380 4661 servet
1403 4607 1697 4662 inclusum
1715 4605 1742 4659 ?
1767 4606 2109 4662 Praeclaram

459 4710 596 4750 vero
626 4696 1091 4751 excusationem1
1120 4697 1336 4753 bellica:
1369 4698 1733 4753 necessitatis
1765 4699 1824 4752 in
1850 4698 1961 4753 Deo
1984 4716 2107 4754 ves-

460 4786 553 4839 tro
582 4782 907 4848 invenistis,
941 4790 1141 4840 contra
1170 4785 1312 4839 illud
1348 4785 1499 4855 quod
1538 4785 1700 4839 vobis
1742 4786 2105 4857 proponitur,

462 4878 527 4929 ut
557 4874 957 4945 respondeatis
991 4876 1089 4945 qui
1123 4874 1343 4929 factura
1373 4879 1497 4929 erat
1530 4879 1639 4929 Deo
1668 4891 1812 4946 gens
1842 4875 2107 4930 tenebra-

461 4985 616 5035 rum,
650 4968 698 5024 si
733 4985 865 5023 cum
900 4984 967 5023 ea
996 4985 1257 5041 pugnare
1289 4966 1790 5039 noluisset:quam
1812 4969 1860 5023 si
1896 4970 2105 5025 dixeri-

456 5058 534 5114 tis
564 5056 787 5130 aliquid
816 5057 997 5114 fuisse
1029 5058 1378 5123 nocituram,
1414 5057 1735 5112 fatebimini
1759 5059 2103 5129 corruptibi-

455 5148 570 5204 lem
600 5155 659 5205 et
690 5148 1021 5205 violabilem
1066 5147 1290 5214 Deum;
1325 5147 1373 5203 si
1426 5152 1622 5203 autem
1658 5148 1919 5205 letl‘lilS
1952 5151 2102 5220 quod

454 5239 506 5294 ei
539 5256 743 5297 nocere
792 5256 906 5295 non
942 5244 1160 5311 posset,
1197 5243 1490 5311 quaretur
1518 5256 1552 5294 a
1583 5239 1766 5309 vobis,
1823 5241 1938 5295 Cur
1967 5258 2103 5313 ergo

453 5334 773 5405 pugnavit?
800 5340 916 5391 Cur
942 5332 1334 5391 substantiam
1387 5350 1553 5389 suam
1611 5336 2101 5406 corrumpendam

453 5426 627 5492 aqtue
672 5416 999 5479 violandam
1064 5428 1121 5479 et
1164 5423 1233 5478 ad
1277 5428 1510 5496 peccata
1554 5422 1751 5478 omnia
1781 5425 2101 5494 cogendam

450 5507 720 5566 hostibus
742 5513 1022 5569 tradidit?
1054 5514 1265 5569 Contra
1287 5514 1460 5569 istam
1486 5529 1620 5584 ergo
1641 5512 2099 5582 complexionem

448 5612 758 5667 nunquam
789 5602 944 5657 exire
975 5603 1276 5674 potuistis.

515 5738 532 5805 ξ
567 5735 652 5805 ltg
674 5738 1015 5805 Carnotensis
1046 5742 1140 5805 Ms.
1179 5742 1317 5794 Editi
1348 5757 1494 5805 vero,
1526 5741 1883 5793 exclusionem.

514 5800 585 5859 (α)
612 5799 785 5864 Forte,
810 5804 1009 5867 peccati
1036 5803 1368 5856 voluntatem.

1143 335 1453 397 CONTRA
1502 334 2008 398 SECUNDINUM
2057 333 2585 410 MANICH/EUM,
2636 337 2696 394 S.
2747 334 3173 396 AUGUSTINI

3442 80 3445 81 ν
3510 74 3533 83 ’-
3554 74 3599 97 ιγ
3618 74 3715 97 ἰιχς

3442 80 3445 81 ν
3510 74 3533 83 ν-
3554 74 3599 97 ῷν
3618 74 3715 91 τιι“’,

3424 94 3425 97 η
3500 100 3513 107 ῃ
3656 100 3659 105 Α

3530 112 3543 129 ,ο
3670 112 3677 119 ι
3710 106 3717 111 ⁸
3732 116 3751 123 7,
3770 116 3779 123 ,,
3858 120 3865 129 ⁸
3918 112 3921 115 -

3656 138 3661 143 .
3704 136 3713 141 ν
3794 136 3799 143 ε
3988 136 3989 145 l

3656 138 3661 143 .
3704 136 3713 141 ν
3790 132 3837 143 λεν
3988 136 3989 145 l

3728 152 3731 155 '
3978 158 3997 171 θ

3729 346 3833 407 596

2281 467 2556 538 Magnum
2590 465 2811 538 aliquid
2855 466 3018 522 vobis
3049 471 3106 523 et
3144 472 3333 523 tutum
3367 470 3649 526 invenisse
3681 472 3833 530 vide-

2213 556 2378 623 mini,
2415 561 2478 611 ut
2507 557 2908 629 respondeatis
2940 558 3230 615 dicentes:
3254 559 3834 636 Magnaestiniquitas

2212 650 2475 717 appetere
2507 644 2714 712 aliena,
2748 646 2841 701 cui
2874 647 3027 702 Deus
3058 648 3354 718 iniquitati
3388 652 3723 721 praebuisset
3751 672 3835 711 as-

2214 751 2481 800 sensum,
2512 735 2560 789 si
2611 751 2735 789 eam
2768 741 2999 807 gentem
3034 753 3157 807 quae
3193 738 3298 793 hoc
3332 756 3473 794 ausa
3523 741 3721 809 fuerat,
3750 760 3833 800 ex-

2217 840 2476 895 pugnare
2490 823 2582 878 nol
2594 823 2795 879 uisset.
2808 826 3025 880 Habere
3039 825 3148 881 ista
3162 829 3837 900 responsioqualemcum-

2218 929 2329 984 que
2351 913 2594 983 justitice
2626 913 2900 985 colorem,
2934 914 2983 972 si
3015 915 3223 971 saltem
3255 917 3460 988 inipso
3478 918 3626 974 bello
3648 926 3837 978 natura

2218 1001 2319 1057 Dl.i
2351 1002 2523 1057 vestri
2554 1019 2615 1057 se
2640 1003 2927 1074 integram
2960 1004 3454 1077 impollutamque
3475 1015 3771 1079 servasset,
3792 1017 3841 1066 et

2219 1090 2829 1163 permixtahostilibus
2854 1093 3129 1149 membris
3150 1094 3293 1149 nihil
3317 1094 3643 1167 iniquitatis
3665 1100 3839 1155 velco-

2220 1186 2348 1237 acta
2375 1181 2459 1237 vel
2491 1183 2734 1238 seducta
2770 1183 3032 1240 fecisset:
3054 1201 3187 1239 cum
3220 1202 3351 1242 vero
3384 1187 3563 1243 tantis
3593 1188 3841 1245 facinori-

2222 1271 2331 1325 bus
2364 1274 2420 1325 et
2451 1271 2687 1342 ﬂagitiis
2718 1288 2846 1327 eam
2898 1274 3188 1345 captivam
3238 1276 3567 1332 consentire
3617 1277 3840 1346 dicatis;

2221 1376 2355 1415 cum
2388 1360 2639 1433 denique
2670 1362 2741 1417 ab
2784 1361 2885 1418 illa
2936 1363 3234 1434 impietate
3284 1369 3404 1419 tam
3452 1366 3711 1435 immani,
3746 1385 3845 1440 qua

2221 1449 2395 1505 etiam
2452 1448 2663 1505 lumini
2694 1456 2916 1523 sancto,
2948 1454 3117 1523 cujus
3147 1455 3332 1525 portio
3364 1458 3472 1521 est,
3506 1456 3717 1511 exstitit
3747 1457 3846 1511 ini-

2224 1538 2394 1605 mica,
2428 1555 2534 1594 nec
2576 1544 2756 1595 totam
2789 1542 3143 1612 perhibeatis
3188 1559 3360 1614 posse
3406 1546 3661 1616 purgari,
3710 1547 3847 1602 unde

2223 1626 2306 1681 illi
2340 1628 2543 1683 merito
2577 1630 2898 1685 retribuere
2928 1632 3164 1686 creditis
3198 1631 3473 1688 horrendi
3511 1633 3665 1689 illius
3711 1635 3849 1707 globi

2222 1721 2436 1771 (eterna
2454 1717 2773 1789 supplicia;
2807 1725 3027 1791 quanto
3052 1721 3238 1776 satius
3262 1726 3387 1776 erat
3414 1723 3713 1779 inimicum
3738 1724 3851 1781 bos-

2224 1808 2342 1859 tem
2370 1805 2426 1859 in
2460 1822 2567 1860 sua
2598 1807 2905 1878 iniquitate
2936 1809 3266 1881 relinquere
3290 1812 3490 1866 inania
3513 1812 3848 1879 molientem,

2225 1910 2402 1964 quam
2436 1896 2662 1951 tradere
2693 1897 2740 1951 ei
2779 1903 3001 1968 partem
3031 1899 3147 1967 Dei,
3184 1900 3357 1970 cujus
3401 1901 3552 1956 vires
3593 1902 3847 1971 hauriret,

2225 1984 2395 2052 cujus
2426 1984 2688 2039 decorem
2723 1992 3063 2058 corruptum
3097 2005 3216 2042 sua:
3261 1989 3557 2061 iniquitati
3604 1992 3850 2062 sociarat,

2225 2071 2353 2139 quis
2385 2087 2500 2125 non
2531 2072 2759 2127 videat?
2793 2074 2931 2137 Quis
2964 2080 3127 2129 tanta
3170 2077 3566 2133 obstinatione
3608 2084 3851 2140 caecatur,

2226 2163 2291 2211 ut
2323 2175 2437 2213 non
2469 2159 2703 2228 sentiat,
2734 2177 2849 2215 non
2910 2164 3192 2231 attendat,
3226 2169 3450 2235 quanto
3494 2165 3709 2222 minore
3751 2166 3850 2221 ini-

2226 2246 2444 2318 quitate
2474 2265 2618 2319 gens
2649 2252 3023 2306 tenebrarum
3056 2252 3277 2308 frustra
3308 2260 3581 2309 naturam
3604 2256 3852 2311 invadere

2224 2342 2531 2393 conaretur
2560 2337 2833 2405 alienam,
2866 2357 3042 2411 quam
3076 2342 3229 2397 Deus
3260 2342 3652 2399 invadendam
3698 2350 3751 2399 et
3784 2346 3845 2399 ad

2224 2424 2591 2495 iniquitatem
2616 2430 3022 2499 cogendam,et
3042 2431 3111 2485 ad
3129 2447 3363 2502 poenam
3389 2449 3457 2488 ex
3482 2432 3674 2505 aliqua
3689 2434 3844 2488 etiam

2222 2521 2385 2584 parte
2399 2515 2778 2572 damnandam
2795 2519 3047 2575 traderet
3060 2520 3515 2577 suam?lloccine
3529 2524 3753 2579 tandem
3768 2529 3845 2579 est

2223 2602 2517 2676 iniquitati
2542 2611 2868 2663 consentire
2885 2608 3164 2678 noluisse,
3197 2615 3253 2663 et
3282 2614 3407 2665 tam
3442 2611 3840 2683 ingentemini-

2223 2694 2501 2764 quitatem
2536 2696 2661 2751 sine
2684 2695 2844 2751 nulla
2866 2699 3211 2752 necessitate
3236 2698 3477 2754 fecisse?
3505 2702 3589 2755 An
3608 2706 3723 2756 erat
3760 2717 3845 2755 ne-

2223 2783 2487 2849 cessitas,
2507 2786 2661 2855 quod
2687 2785 2812 2857 ipsu
2825 2803 2879 2841 m
2896 2787 3278 2842 Manicbazum
3295 2789 3492 2844 dicere
3515 2807 3625 2844 non
3640 2790 3848 2861 puduit,

2222 2876 2277 2925 et
2310 2889 2406 2927 vos
2439 2875 2647 2944 pudet?
2673 2875 2769 2929 llle
2801 2877 3015 2948 quippe
3044 2876 3145 2944 ait,
3178 2877 3389 2932 vidisse
3419 2879 3586 2933 Deum
3617 2896 3849 2948 magnam

2224 2961 2404 3018 labem
2435 2981 2498 3019 ac
2526 2968 2834 3021 vastitatem
2881 2968 3143 3022 adversus
3185 2984 3287 3023 sua
3328 2975 3529 3025 sancta
3568 2970 3850 3042 impendere

2221 3057 2445 3125 saecula,
2474 3059 2590 3112 nisi
2618 3059 2840 3129 aliquod
2869 3061 3137 3115 eximium
3163 3068 3213 3115 et
3241 3063 3452 3116 virtute
3468 3071 3653 3133 potens
3673 3079 3848 3117 numen

2223 3153 2531 3218 opponeret.
2588 3154 2700 3205 Vos
2755 3156 2955 3207 autem
3002 3153 3236 3207 acutius
3268 3154 3545 3210 videlicet
3574 3154 3852 3211 ratiocina-

2226 3236 2391 3305 mini,
2427 3254 2600 3309 quam
2636 3238 2709 3294 si‘
2748 3245 2925 3295 Deum
2960 3241 3228 3297 dixeritis
3268 3258 3335 3297 ea
3386 3244 3720 3299 necessitate
3756 3259 3849 3315 pu-

2223 3344 2457 3400 gnasse,
2486 3347 2556 3386 ne
2590 3337 2821 3388 noceret
2861 3334 2908 3387 ei
2944 3350 3088 3405 gens
3120 3336 3525 3404 tenebrarum,
3556 3336 3854 3392 violabilem

2224 3423 2279 3471 et
2311 3420 2749 3491 corruptibilem
2783 3421 3043 3479 dicentes
3067 3428 3265 3495 Deum,
3300 3426 3401 3480 cui
3427 3442 3629 3481 nocere
3658 3424 3853 3496 aliquid

2225 3515 2440 3578 posset,
2466 3510 2512 3564 si
2540 3527 2799 3583 pugnare
2818 3512 3119 3570 noluisset.
3142 3515 3377 3587 Abigite
3391 3534 3527 3590 ergo
3541 3523 3595 3572 et
3610 3514 3852 3587 expellite

2222 3615 2254 3652 a
2286 3600 2558 3655 cordibus
2604 3602 2810 3657 vestris
2852 3608 2908 3656 et
2962 3620 2995 3658 a
3042 3605 3153 3659 fide
3210 3610 3433 3674 vestra,
3466 3608 3638 3662 etiam
3676 3607 3842 3677 ipsam

2224 3706 2510 3763 pugnam;
2571 3696 2870 3764 totamque
2928 3693 3090 3749 illam
3132 3696 3419 3765 fabulam,
3463 3698 3763 3770 impiarum
3802 3700 3849 3752 et

2221 3780 2834 3840 immundissimarum
2854 3786 3362 3859 blasphemiarum
3385 3790 3619 3845 horrore
3642 3792 3847 3843 contex-

2220 3876 2362 3945 tam,
2401 3876 2637 3932 tandem
2692 3878 3008 3951 aliquando
3058 3881 3437 3938 anathemate
3482 3888 3652 3954 atque
3704 3882 3848 3936 dam-

2220 3969 2371 4020 nate.
2408 3967 2551 4024 Nam
2585 3969 2756 4039 quale
2787 3975 2895 4037 est,
2930 3971 3170 4027 obsecro
3202 3977 3278 4039 te,
3312 3975 3498 4043 quod,
3519 3978 3723 4029 utante
3743 3970 3845 4025 dic-

2218 4060 2344 4111 tum
2376 4062 2485 4123 est,
2517 4058 2845 4115 violabilem
2868 4060 3027 4116 illam
3052 4068 3320 4117 naturam
3355 4070 3414 4120 et
3430 4063 3843 4136 corruptibilem

2217 4150 2397 4201 Deum
2429 4148 2619 4204 dicere
2652 4167 2765 4206 non
2793 4151 3011 4208 timetis
3039 4171 3052 4221 ;
3087 4158 3150 4207 ut
3199 4159 3415 4210 natura
3461 4155 3557 4209 Dei
3590 4152 3768 4220 vestri,
3800 4150 3842 4206 si

2216 4238 2616 4294 iortitudinem
2658 4257 2773 4310 qua
2806 4259 2919 4297 non
2958 4248 3263 4314 caperetur
3306 4262 3428 4299 non
3478 4246 3663 4317 potuit
3699 4259 3840 4299 exer-

2217 4345 2363 4395 cere,
2386 4346 2501 4384 non
2537 4332 2789 4401 potuerit
2811 4332 3322 4405 saltemjustitiam
3340 4336 3572 4408 captiva
3596 4348 3840 4391 servare:

2216 4420 2364 4489 quod
2397 4421 2599 4476 Daniel
2632 4423 2839 4494 potuit,
2882 4425 2979 4496 qui
3024 4424 3219 4480 leones
3258 4443 3443 4483 ausus
3479 4432 3567 4482 est
3596 4425 3837 4485 irridere,

2215 4511 2314 4582 qui
2347 4528 2547 4568 eorum
2573 4532 2606 4569 a
2635 4515 2848 4584 quibus
2907 4519 3171 4589 captivus
3230 4517 3445 4574 ductus
3479 4519 3710 4585 fuerat',
3744 4513 3841 4568 ini-

2215 4605 2422 4673 quitati
2455 4606 2631 4661 etiam
2667 4605 2900 4677 pitetate
2931 4625 3039 4663 sua
3069 4608 3227 4663 nullo
3270 4610 3614 4682 compulsus
3644 4613 3839 4663 terrore

2213 4698 2528 4761 consensit,
2575 4714 2677 4752 nec
2725 4698 2783 4752 in
2825 4700 3155 4754 conditione
3204 4701 3524 4772 corporalis
3564 4695 3837 4753 servitutis

2212 4786 2547 4857 aequitatem
2570 4804 2635 4842 ac
2657 4788 2981 4844 libertatem
3002 4788 3183 4844 animi
3203 4790 3478 4861 patientis
3501 4795 3557 4844 et
3578 4784 3838 4858 sapientis

2211 4877 2579 4949 amisit(D(m.
2603 4896 2679 4943 vx,
2695 4889 2744 4935 et
2763 4882 2897 4950 xw).
2918 4881 3139 4936 Natura
3167 4899 3299 4936 vero
3318 4882 3418 4937 Dei
3440 4881 3662 4953 captiva
3681 4879 3837 4933 ducta

2210 4973 2316 5031 est,
2355 4966 2559 5039 iniqua
2589 4969 2739 5023 facta
2760 4976 2881 5037 est;
2918 4988 3031 5025 non
3067 4976 3258 5040 potest
3289 4976 3408 5027 tota
3435 4971 3665 5043 purgari
3697 4968 3838 5039 cogi-

2209 5060 2306 5110 tur
2335 5057 2392 5110 in
2428 5059 2541 5112 line
2570 5058 2858 5113 damnari.
2920 5062 3079 5127 Quod
3118 5062 3336 5117 malum
3370 5061 3482 5116 sibi
3514 5064 3763 5115 futurum
3792 5054 3835 5111 si

2209 5148 2426 5202 sciebat
2451 5166 2518 5204 ex
2541 5152 2879 5219 aeternitate,
2903 5151 2987 5206 illi
3012 5152 3170 5207 nulla
3201 5153 3477 5208 divinitas
3503 5153 3573 5207 de
3595 5167 3654 5208 se
3680 5148 3833 5204 debe-

2208 5239 2380 5294 batur
2404 5258 2415 5296 :
2442 5242 2490 5296 si
2519 5247 2711 5297 autem
2744 5243 2831 5299 vel
2856 5243 3025 5299 terris
3050 5245 3132 5299 vel
3157 5245 3491 5316 regionibus
3512 5243 3739 5298 sibimet
3757 5238 3830 5291 vi-

2207 5330 2446 5387 cinitate
2466 5332 2759 5405 contiguis
2791 5334 2954 5406 regni
2975 5334 3218 5391 lucis3et
3233 5337 3423 5410 gentis
3454 5335 3829 5393 tenebrarum,

2268 5433 2286 5499 ξ
2322 5431 2438 5499 Am.
2471 5432 2637 5481 codex
2669 5435 2719 5499 et
2747 5434 3102 5499 Carentensis,
3135 5438 3301 5499 quasi.

2268 5495 2287 5527 ³
2318 5494 2401 5543 Sic
2434 5500 2584 5544 vetus
2614 5497 2781 5560 codex
2809 5494 3167 5547 Carnotensis'.
3197 5500 3264 5548 At
3294 5498 3436 5555 editi,
3462 5496 3551 5560 qui
3579 5496 3705 5560 teges
3732 5504 3827 5560 0m-

2201 5570 2289 5628 nes
2322 5571 2475 5629 ausus
2504 5560 2577 5629 est
2622 5558 2843 5629 irridere
2885 5573 3075 5617 eorum,
3119 5576 3149 5609 a
3191 5561 3372 5625 quibus
3425 5554 3601 5609 ductus
3626 5554 3826 5618 Ῐὶιεναΐτ

2202 5622 2468 5691 iniquitati
2497 5622 2671 5691 etiam,
2705 5626 2801 5669 etc.
2947 5685 2953 5691 .
3202 5622 3213 5625 '
3647 5681 3655 5690 .

2202 5744 2235 5755 ,η
2264 5683 2283 5715 ³
2312 5682 2467 5755 ῌάίῘοιρ
2520 5684 2722 5755 διοιῖζιει
2769 5686 2820 5732 in
2854 5684 3057 5755 civitate
3099 5686 3352 5755 contiguis
3383 5682 3532 5755 regni
3563 5681 3696 5755 locis,
3722 5681 3814 5755 etc:

2199 5744 2381 5811 Errata
2408 5744 2494 5793 hic
2524 5744 2710 5811 multa,
2742 5759 2861 5811 qua:
2882 5761 2985 5811 ope
3007 5744 3344 5799 Carnotensis
3363 5744 3556 5797 codicis
3572 5744 3810 5805 castigare

2200 5807 2380 5859 omnia
2414 5820 2523 5860 non
2551 5808 2716 5859 licuit.
