4046 6184
278 282 398 342 601

281 418 460 488 tange
492 414 646 486 quod
671 413 845 480 fallo;
881 413 1227 484 nisi,Tange
1258 412 1465 467 falsam
1490 427 1744 479 carnem,
1765 415 1936 481 tange

285 503 568 558 falsorum
596 503 819 556 fallacia
833 501 1136 556 vulnerum
1160 502 1368 568 loca,et
1383 500 1496 555 noli
1520 518 1646 554 esse
1667 500 1864 554 incred
1876 517 1935 553 u-

280 592 375 647 lus
407 593 557 647 meis
599 592 980 646 mendacibus
1012 591 1310 657 membris,
1348 598 1409 644 ut
1449 591 1737 644 credendo
1771 589 1930 643 falsis

285 684 478 754 possis
509 699 638 737 esse
671 681 875 735 fidelis.
910 681 1076 735 Tales
1123 680 1322 733 ﬁdeles
1355 680 1526 732 habet
1556 677 1928 744 Manichreus,

284 773 480 826 omnis
510 771 785 825 doctrinae
818 769 1235 824 daemoniorum
1264 768 1857 839 i‘nendaciloquorum.

355 860 589 914 CAPUT
621 859 809 914 XXVI.
845 891 910 897 —
942 859 1095 928 Fuge
1138 858 1269 924 ista,
1303 859 1565 920 obsecro,
1599 874 1714 910 non
1747 862 1803 911 te
1835 858 1932 912 de-

280 949 460 1020 cipiat
483 949 708 1019 species
725 948 1336 1018 paucitatis,quoniam
1353 947 1476 1017 ipse
1495 947 1772 1001 Dominus
1791 946 1936 999 dixit

278 1044 596 1109 angustam
621 1039 770 1092 viam
800 1054 928 1091 esse
955 1054 1270 1108 paucorum
1295 1037 1622 1106 (Matth.v11,
1645 1035 1752 1105 14).
1781 1035 1934 1089 Inter

278 1144 502 1198 paucos
533 1127 618 1180 vis
650 1143 797 1189 esse,
825 1127 923 1181 sed
950 1126 1254 1196 pessimos.
1283 1126 1426 1181 Nam
1448 1142 1646 1179 verum
1670 1129 1758 1178 est
1777 1123 1933 1194 quod

279 1216 451 1286 pauci
484 1219 626 1270 sunt
656 1216 814 1270 omni
849 1217 1020 1270 modo
1052 1215 1410 1280 innocentes,
1437 1215 1537 1269 sed
1568 1214 1624 1267 in
1658 1213 1803 1284 ipsis
1835 1230 1933 1268 no-

276 1305 551 1359 centibus
582 1305 882 1375 pauciores
902 1309 1040 1359 sunt
1058 1304 1362 1359 homicidae
1383 1320 1554 1374 quam
1589 1303 1762 1371 fures,
1786 1319 1932 1373 pau-

274 1393 464 1448 ciores
507 1399 648 1449 sunt
695 1394 1072 1448 incestatores
1122 1411 1296 1464 quam
1348 1392 1643 1447 adulteri:
1679 1393 1932 1463 denique

274 1483 452 1539 etiam
487 1484 630 1554 ipsa
650 1483 1024 1551 antiquorum
1047 1482 1131 1537 vel
1160 1482 1367 1537 fabulae
1396 1482 1484 1537 vel
1507 1482 1762 1536 historia:
1790 1499 1930 1552 pau-

275 1572 465 1627 ciores
498 1572 716 1626 habent
744 1572 974 1626 Medeae
998 1577 1053 1626 et
1085 1572 1374 1637 Phaedrae,
1401 1589 1573 1644 quam
1606 1571 1931 1626 facinorum

277 1661 532 1717 aliorum
551 1661 1016 1731 flagitiorumque
1030 1661 1301 1716 mulieres
1319 1679 1331 1727 ;
1349 1663 1651 1732 pauciores
1669 1661 1855 1716 Ochos
1877 1665 1934 1716 et

279 1751 412 1807 Busi
427 1750 604 1820 rides,
621 1767 795 1822 quam
819 1750 1186 1820 impietatum
1207 1750 1453 1805 aliarum
1473 1757 1530 1806 et
1546 1751 1827 1806 scelerum
1845 1752 1929 1805 vi-

278 1857 388 1895 ros.
417 1839 567 1894 Vide
598 1855 752 1910 ergo,
777 1855 847 1893 ne
877 1841 1020 1894 forte
1038 1840 1190 1909 apud
1222 1856 1322 1894 vos
1355 1840 1571 1894 nimius
1596 1840 1799 1894 horror
1820 1841 1932 1894 im-

284 1929 514 2000 pietatis
551 1929 720 1983 faciat
751 1927 1026 1982 meritum
1060 1929 1387 1999 paucitatis.
1420 1929 1583 1984 Talia
1605 1931 1819 2000 quippe
1851 1930 1928 1983 ibi

280 2015 578 2086 leguntur,
612 2017 907 2086 dicuntur,
940 2023 1278 2082 creduntur,
1301 2022 1364 2070 ut
1393 2018 1450 2071 in
1484 2017 1649 2072 illum
1673 2035 1928 2073 errorem

275 2105 469 2175 magis
501 2104 733 2176 aliquos
765 2122 942 2176 quam
965 2122 1179 2176 paucos
1212 2107 1450 2173 irruere,
1478 2107 1565 2161 vel
1608 2106 1724 2160 illic
1749 2123 1932 2161 rema-

272 2210 434 2262 nere,
496 2195 831 2249 mirandum
889 2195 984 2249 sit.
1037 2197 1378 2250 Sanctorum
1413 2202 1608 2250 autem
1641 2197 1928 2267 paucitas,

270 2300 527 2353 quorum
564 2289 810 2354 angusta
858 2286 950 2339 via
979 2289 1087 2347 est,
1119 2285 1175 2338 in
1228 2287 1664 2356 comparatione
1697 2286 1932 2356 ponitur

270 2372 674 2427 multitudinis
699 2377 1062 2444 peccatorum
1099 2390 1112 2428 :
1147 2390 1274 2445 quae
1305 2376 1540 2446 quidem
1575 2377 1840 2446 paucitas
1870 2375 1930 2430 in

272 2462 464 2515 multo
508 2463 728 2531 majore
763 2478 1004 2516 numero
1040 2463 1333 2534 palearum
1368 2463 1545 2530 latet;
1580 2466 1678 2519 sed
1713 2465 1771 2519 in
1803 2464 1932 2536 ipsa

270 2567 407 2606 area
435 2550 732 2605 catholicae
758 2551 1022 2606 Ecclesiae
1043 2557 1307 2608 estnunc
1325 2555 1732 2626 congreganda
1752 2559 1806 2609 et
1826 2555 1928 2608 tri-

268 2640 556 2706 turanda,
591 2640 648 2693 in
686 2641 796 2694 fine
827 2646 1026 2695 autem
1057 2642 1391 2696 ventilanda
1421 2648 1594 2713 atque
1625 2644 1930 2714 purganda

267 2729 368 2798 (Id.
401 2746 490 2799 ιιι,
523 2731 609 2799 12)
637 2745 647 2784 :
673 2730 744 2783 ad
768 2747 944 2798 quam
969 2734 1022 2784 te
1052 2736 1277 2802 oportet
1299 2733 1581 2798 conferas,
1611 2732 1657 2787 si
1685 2732 1930 2787 fideliter

265 2817 466 2873 ﬁdelis
499 2834 629 2872 esse
659 2817 974 2888 desideras,
1010 2836 1080 2873 ne
1112 2820 1341 2875 fidendo
1374 2820 1558 2886 falsis,
1591 2821 1741 2875 sicut
1779 2822 1927 2876 scri-

264 2910 442 2978 ptum
476 2911 585 2972 est,
619 2912 819 2962 ventos
839 2925 1040 2977 pascas
1063 2909 1214 2979 (Osee
1240 2926 1341 2977 xu,
1369 2911 1441 2979 1),
1465 2911 1518 2964 id
1543 2914 1652 2976 est,
1672 2911 1926 2965 immun-

267 2996 354 3050 dis
387 2995 709 3067 spiritibus
740 3013 871 3051 esca
899 2998 1024 3051 fias.
1058 2999 1113 3051 Si
1148 2999 1300 3052 enim
1337 2998 1552 3054 Paulus
1600 2999 1924 3070 apostolus,

266 3102 453 3157 quem
488 3101 938 3151 commemoras,
964 3103 1077 3140 non
1111 3086 1440 3158 sapientum
1474 3088 1698 3142 Veteris
1728 3089 1925 3142 Testa-

266 3190 397 3228 men
409 3175 456 3227 ti
473 3174 694 3240 scriptu
707 3191 798 3227 ras
812 3179 1110 3245 totamque
1126 3174 1282 3229 illam
1293 3175 1472 3246 proph
1483 3177 1927 3247 eticamdispen-

264 3263 565 3317 sationem
600 3263 885 3317 dictorum
937 3269 1111 3334 atque
1144 3264 1451 3328 factorum,
1485 3267 1581 3319 sed
1634 3265 1922 3320 carnalem

261 3352 535 3407 Judaicze
567 3351 904 3423 propaginis
935 3353 1358 3414 excellentiam,
1387 3360 1442 3408 et
1473 3371 1574 3424 pro
1606 3354 1925 3426 Synagogis

260 3447 528 3513 paternas
542 3442 732 3512 gentis
745 3441 1078 3496 errantibus
1091 3448 1146 3496 et
1157 3443 1233 3497 Cb
1243 3444 1448 3497 ristum
1473 3460 1586 3497 non
1607 3460 1926 3516 agnoscen-

261 3532 445 3594 tibus,
482 3530 677 3584 zelum
698 3533 1081 3602 persequendi
1104 3531 1487 3597 Christianos,
1513 3550 1626 3602 quo
1650 3542 1924 3604 tanquam

257 3619 550 3675 laudabili
569 3621 1012 3686 accendebatur,
1034 3621 1395 3690 etjustitiam
1416 3638 1542 3691 quae
1558 3639 1625 3676 ex
1650 3623 1798 3694 Lege
1818 3629 1924 3691 est,

256 3727 367 3780 qua
387 3709 612 3779 Judaei,
630 3726 743 3762 non
771 3709 847 3763 ibi
873 3709 1168 3764 intellecta
1186 3711 1276 3764 Dei
1298 3712 1504 3781 gratia,
1541 3713 1792 3782 superbe
1810 3712 1927 3784 glo-

258 3800 519 3868 riantur,
553 3800 772 3852 damna
801 3802 859 3853 et
892 3803 1146 3853 stercora
1177 3799 1493 3869 deputavit,
1530 3806 1594 3854 ut
1624 3800 1923 3856 Christum

256 3887 637 3943 lucrifaceret
655 3887 922 3957 (Philipp.
950 3889 1092 3954 iu,8.
1115 3888 1171 3957 9)
1198 3905 1209 3943 :
1237 3893 1456 3958 quanto
1482 3888 1668 3960 magis
1690 3895 1751 3944 tu
1777 3890 1923 3944 scri-

255 3981 466 4048 pturas
509 3975 644 4031 illas
689 3976 1074 4030 nefandarum
1118 3977 1615 4048 blasphemiarum
1653 3978 1923 4049 plenissi-

256 4082 404 4134 mas,
441 4065 550 4119 ubi
587 4069 800 4119 natura
829 4065 1118 4131 veritatis,
1143 4071 1352 4120 natura
1382 4067 1597 4120 summi
1632 4067 1788 4134 boni,
1825 4085 1924 4122 na-

254 4159 386 4208 tura
399 4154 510 4209 Dei
539 4154 714 4208 toties
736 4153 1237 4217 mutabilis,toties
1259 4154 1609 4221 victa,toties
1627 4163 1918 4228 corrupta,

1116 279 1353 340 INDEX
1396 277 1975 340 OPUSCULORUM
2023 277 2372 338 ALlORUM
2417 278 2870 342 AUGUSTINI.

3573 276 3691 335 602

2048 412 2103 466 et
2124 425 2190 464 ex
2222 415 2382 480 parte
2413 411 2896 483 inexplicabiliter
2922 411 3226 483 inquinata
3253 414 3425 483 atque
3456 410 3529 465 ab
3561 411 3688 481 ipsa

2043 499 2285 555 veritate
2303 501 2356 553 in
2383 501 2492 555 fine
2514 502 2847 557 damnanda
2863 502 3353 566 describitur,non
3375 501 3524 555 sicut
3541 507 3688 555 ster-

2043 606 2194 654 cora,
2213 591 2309 644 sed
2329 591 2479 644 sicut
2498 607 2715 645 venena
2728 592 2904 646 debes
2918 593 3008 661 abj
3021 594 3185 659 icere,
3211 598 3267 646 et
3283 592 3352 645 ad
3373 589 3686 645 Ecclesiam

2044 679 2408 742 catholicam,
2437 697 2560 749 quas
2584 680 2732 734 sicut
2755 686 2911 735 tanto
2937 687 3068 735 ante
3095 680 3456 750 prophetata,
3477 681 3556 734 ita
3579 697 3684 734 suo

2044 774 2301 838 tempore
2327 768 2567 823 revelata
2589 774 2696 834 est,
2723 771 2885 823 ﬁnita
2909 770 3274 823 contentione
3297 769 3544 823 transire
3569 769 3596 821 ‘I

2116 857 2274 920 Quod
2312 858 2438 911 ideo
2469 858 2570 911 tibi
2596 857 2821 928 loquor,
2852 858 2987 929 quia
3013 876 3177 912 mens
3209 864 3311 911 tua
3344 874 3446 911 nec
3480 861 3688 912 natura

2045 945 2179 999 mali
2209 953 2316 1012 est,
2343 964 2466 1015 quas
2490 947 2724 1000 omnino
2750 946 2906 1000 nulla
2928 955 3044 1012 est;
3065 965 3167 1002 nec
3188 952 3398 1000 natura
3420 946 3690 1009 Dei,alio-

2044 1035 2185 1104 quin
2216 1035 2678 1089 incommutabili
2701 1035 3200 1106 frustraloquerer
3229 1052 3241 1089 :
3279 1036 3378 1089 sed
3408 1037 3685 1106 quoniam

2044 1129 2268 1178 mutata
2293 1130 2382 1178 est
2430 1126 2747 1179 deserendo
2796 1124 2999 1195 Deum,
3025 1131 3082 1178 et
3111 1124 3239 1195 ipsa
3287 1124 3529 1178 mutatio
3563 1125 3688 1192 ejus

2043 1216 2264 1267 malum
2300 1221 2426 1279 est;
2475 1220 2733 1268 mutetur
2771 1230 3049 1268 conversa
3087 1215 3160 1267 ad
3211 1213 3686 1268 incommutabile

2042 1301 2284 1369 bonum,
2308 1302 2367 1356 in
2399 1303 2687 1373 adiutorio
2715 1303 2899 1374 ipsius
2921 1303 3413 1358 incommutabilis
3437 1303 3607 1368 boni;
3631 1318 3691 1374 et

2042 1393 2171 1448 talis
2185 1395 2311 1463 ejus
2331 1395 2574 1448 mutatio
2595 1394 2704 1448 erit
2720 1412 2753 1448 a
2782 1393 2933 1448 malo
2953 1393 3403 1448 liberatio.Hanc
3420 1395 3488 1448 ad
3500 1394 3686 1448 moni-

2042 1484 2261 1538 tionem
2294 1485 2340 1537 si
2365 1483 2614 1554 spernis,
2634 1485 2780 1537 duas
2799 1484 2988 1538 adhuc
3017 1484 3256 1537 credens
3275 1499 3401 1538 esse
3426 1487 3687 1549 naturas,

2042 1587 2219 1626 unam
2247 1573 2587 1627 mutabilem
2609 1573 2896 1642 boni,qua
2915 1570 3063 1625 malo
3089 1572 3373 1641 permixta
3393 1570 3580 1641 potuit
3596 1569 3685 1624 in-

2037 1661 2275 1729 justitize
2308 1663 2654 1725 consentire,
2679 1661 2921 1716 alteram
2953 1659 3491 1714 incommutabilem
3524 1657 3683 1726 mali,

2041 1766 2164 1818 quae.
2185 1767 2287 1804 nec
2306 1752 2456 1806 bono
2479 1753 2657 1805 mixta
2679 1751 2865 1821 potuit
2881 1749 3686 1820 consentirejustitiaa,proxi-

2042 1856 2175 1894 nam
2209 1839 2366 1895 illam
2420 1841 2749 1911 pudendam
2781 1839 3038 1894 fabulam
3070 1839 3257 1909 garris
3303 1837 3685 1893 exsecrabiles

2039 1932 2351 1998 turpesque
2384 1928 2779 2000 blasphemiae
2805 1929 2863 1982 in
2898 1928 3276 1982 fornicatione
3296 1926 3682 1998 prurientium

2041 2019 2273 2071 aurium
2305 2017 2716 2083 seminantem,
2736 2023 2799 2071 ut
2829 2018 2904 2071 sis
2933 2018 2990 2070 in
3024 2034 3224 2072 eorum
3258 2032 3451 2087 grege,
3472 2017 3540 2071 de
3563 2016 3685 2087 qui-

2039 2106 2150 2160 bus
2183 2107 2522 2177 pradictum
2554 2111 2660 2170 est,
2691 2107 2845 2177 quod
2864 2109 2971 2161 erit
2999 2104 3458 2177 tempu3,quando
3487 2121 3686 2159 sanam

2037 2195 2344 2250 doctrinam
2364 2212 2472 2250 non
2491 2197 2953 2261 sustinebunt,sed
2969 2196 3037 2250 ad
3057 2213 3162 2250 sua
3181 2194 3452 2249 desideria
3474 2210 3684 2249 coacer-

2038 2286 2245 2341 vabunt
2271 2287 2379 2340 sibi
2405 2290 2695 2355 magistros
2721 2287 3037 2356 prurientes
3061 2284 3309 2348 auribus,
3333 2294 3382 2337 et
3409 2299 3443 2338 a
3462 2285 3688 2338 veritate

2041 2377 2265 2447 quidem
2296 2375 2548 2430 auditum
2576 2391 2741 2429 suum
2788 2379 3106 2439 avertentes,
3138 2373 3207 2428 ad
3253 2374 3475 2444 fabula:
3505 2377 3686 2428 autem

2039 2468 2421 2520 convertentur
2441 2465 2515 2536 (ll
2548 2465 2679 2519 Tim.
2705 2481 2779 2528 1v,
2809 2465 2862 2533 3,
2887 2464 2960 2534 4).
2993 2463 3050 2518 Si
3073 2468 3266 2518 autem
3299 2462 3448 2516 hanc
3479 2463 3686 2516 admo-

2040 2553 2319 2608 nitionem
2339 2554 2654 2624 prudenter
2670 2553 2906 2622 accipis,
2928 2568 3242 2607 conversus
3264 2551 3335 2606 ad
3360 2552 3686 2606 incommu-

2036 2643 2274 2697 tabilem
2328 2648 2529 2711 Deum,
2563 2643 2886 2696 mutatione
2937 2640 3216 2695 laudabili
3249 2641 3351 2695 ﬁes
3400 2641 3459 2694 in
3502 2639 3581 2694 eis
3613 2640 3685 2694 de

2039 2732 2253 2803 quibus
2301 2731 2443 2786 dicit
2473 2731 2783 2802 Apostolus
2819 2746 2831 2784 :
2865 2732 3068 2784 Fuistis
3097 2729 3395 2799 aliquando
3427 2729 3682 2796 tenebrw,

2035 2837 2183 2875 nunc
2211 2824 2391 2874 autem
2422 2821 2525 2874 lux
2552 2822 2613 2874 in
2667 2821 2897 2875 Domino
2929 2817 3144 2890 (Ephes.
3178 2836 3232 2881 v,
3263 2819 3338 2889 8).
3393 2818 3553 2882 Quod
3583 2834 3687 2873 nec

2043 2910 2135 2964 Dei
2169 2920 2387 2963 natura;
2419 2910 2532 2963 dici
2569 2914 2783 2981 posset,
2809 2909 2948 2980 quia
2981 2924 3284 2979 nunquam
3309 2907 3417 2961 fuit
3445 2906 3598 2962 mala
3628 2911 3686 2962 et

2036 2998 2214 3069 digna
2230 2999 2338 3052 isto
2352 2999 2587 3052 nomine
2604 2999 3006 3063 tenebrarum;
3029 3013 3132 3052 nec
3150 3002 3370 3050 natura:
3392 2995 3684 3066 mali,qua3

2036 3088 2084 3141 si
2117 3093 2289 3156 esset,
2323 3104 2626 3158 nunquam
2649 3093 2843 3157 posset
2869 3087 3227 3151 mutari,nec
3258 3085 3358 3139 lux
3388 3084 3511 3139 tieri
3540 3102 3553 3140 :
3580 3085 3680 3139 sed

2037 3182 2191 3232 recte
2221 3194 2285 3231 ac
2303 3177 2580 3231 veraciter
2609 3176 2717 3230 hoc
2746 3177 2969 3231 dictum
2996 3181 3084 3231 est
3105 3174 3157 3230 ei
3174 3181 3415 3242 naturis,
3438 3191 3568 3246 qua:
3589 3173 3682 3228 in-

2037 3265 2470 3321 commutabilis
2499 3283 2614 3320 non
2664 3270 2776 3330 est,
2807 3266 2906 3320 sed
2937 3266 3165 3320 deserto
3215 3262 3680 3319 incommutabili

2037 3355 2279 3420 lumine,
2306 3373 2337 3409 a
2361 3372 2475 3425 quo
2499 3356 2651 3411 facta
2671 3359 2780 3423 est,
2807 3356 3221 3409 obtenebratur
3243 3355 3299 3408 in
3324 3371 3415 3420 se;
3447 3354 3516 3408 ad
3537 3352 3680 3406 illud

2037 3451 2231 3499 autem
2263 3461 2541 3499 conversa
2584 3446 2650 3499 ﬁt
2679 3443 2796 3512 lux,
2833 3461 2946 3499 non
2976 3445 3034 3497 in
3067 3461 3150 3507 se,
3183 3444 3282 3498 sed
3315 3442 3372 3496 in
3419 3442 3681 3497 Domino.

2036 3532 2159 3586 Non
2192 3534 2344 3586 enim
2380 3534 2497 3587 a'se
2529 3533 2673 3602 ipsa,
2693 3532 2970 3604 quoniam
2995 3549 3110 3586 non
3133 3536 3222 3586 est
3240 3531 3439 3585 lumen
3458 3546 3681 3594 verum,

2038 3622 2138 3676 sed
2167 3621 2500 3675 illuminata
2522 3621 2695 3684 lucet,
2720 3623 2790 3675 ab
2815 3620 2912 3675 illo
2935 3621 3004 3675 de
3025 3637 3136 3689 quo
3159 3620 3379 3673 dictum
3402 3624 3525 3673 est:
3553 3621 3686 3672 Erat

2038 3712 2220 3765 lumen
2246 3727 2451 3776 verum,
2467 3713 2605 3781 quod
2626 3712 2910 3765 illuminat
2930 3726 3143 3765 omnem
3167 3710 3440 3764 hominem
3457 3710 3682 3762 venien-

2035 3811 2146 3854 tem
2178 3802 2237 3853 in
2265 3801 2410 3854 hunc
2438 3801 2704 3853 mundum
2725 3801 2902 3870 (Joan.
2937 3817 2976 3866 1,
3008 3800 3085 3869 9).
3110 3799 3227 3853 Hoc
3251 3799 3438 3864 crede,
3466 3798 3572 3851 hoc
3601 3798 3680 3850 in-

2035 3888 2465 3944 commutabilis
2487 3888 2643 3957 boni,
2661 3889 2812 3960 quod
2832 3905 2944 3944 non
2967 3895 3127 3960 potes
3149 3904 3276 3942 esse
3297 3904 3398 3958 per
3418 3892 3502 3941 te:
3525 3887 3676 3957 quod

2035 3994 2139 4032 nec
2169 3977 2452 4046 amittere,
2469 3978 2516 4033 si
2544 3977 3101 4033 incommutabiliter
3121 3977 3228 4032 hoc
3249 3993 3437 4041 esses;
3463 3993 3565 4031 nec
3590 3992 3680 4030 re-

2034 4068 2223 4138 cipere
2256 4083 2476 4137 posses,
2511 4068 2560 4122 si
2594 4067 3148 4122 incommutabiliter
3178 4067 3286 4122 hoc
3318 4083 3430 4121 non
3462 4082 3641 4120 esses.

3593 4299 3681 4308 .——.

869 4575 1765 4665 OPUSCULOBUM
1831 4578 2358 4665 ALIoacM
2418 4577 3088 4690 AUGUS'l‘lNl,

970 4743 1186 4792 QUIBUS
1225 4744 1331 4783 VEL
1368 4745 1440 4783 EX
1478 4744 1762 4784 PROFESSO
1799 4745 1905 4785 VEL
1941 4746 2144 4785 OBITER
2179 4746 2311 4785 AGIT
2348 4745 2567 4785 CONTRA
2606 4745 2968 4786 MANICHEOS.

948 4937 993 4972 IN
1024 4938 1039 4972 ι
1068 4938 1221 4975 ΤΟΙΟ.

253 5006 322 5054 De
356 5004 555 5053 Libero
588 5003 817 5053 Arbitrio
843 5003 963 5052 libri
994 5017 1062 5052 ιιι.

255 5067 322 5115 De
353 5067 557 5116 Genesi
595 5071 780 5115 contra
809 5066 1128 5116 Manichaeos
1157 5066 1273 5116 libri
1303 5082 1355 5116 ιι.

251 5130 323 5179 De
369 5130 615 5178 Moribus
653 5129 898 5178 Ecclesiae
946 5129 1244 5189 Catholica,
1286 5135 1337 5180 et
1379 5130 1443 5179 de
1476 5129 1710 5179 Moribus
1750 5131 1913 5181 Mani-

311 5192 599 5242 chmorum
631 5192 750 5240 libri
783 5205 834 5240 ιι.

250 5254 319 5303 De
349 5269 494 5303 vera
521 5255 796 5317 Religione
829 5253 962 5303 liber
991 5268 1024 5302 ι.

251 5318 423 5367 Multa
456 5316 658 5366 contra
671 5318 884 5366 eosdem
920 5319 973 5365 in
1000 5317 1148 5366 libris
1176 5316 1600 5367 Confessionum.

945 5447 990 5482 IN
1020 5446 1054 5482 11
1082 5446 1230 5482 τοιο.

251 5511 498 5576 Epistola
526 5526 681 5563 LXXIX
718 5516 774 5562 et
801 5526 1032 5562 ccxxxvr.

2705 4959 2752 4994 IN
2781 4959 2829 4996 ιν
2856 4959 3010 4994 ³1⁵010.

2026 5024 2303 5074 Enarratio
2331 5024 2386 5073 in
2416 5024 2553 5074 Psal.
2586 5037 2690 5074 an.

2694 5156 2742 5191 IN
2772 5157 2805 5189 V
2832 5156 2987 5192 'I'OIO.

2025 5240 2209 5290 Sermo
2239 5253 2275 5300 ι,
2306 5255 2355 5300 ιι,
2386 5254 2469 5301 ιιι,
2495 5255 2541 5303 ι,
2571 5253 2698 5300 cun,
2733 5255 2922 5290 cum:
2954 5245 3006 5290 et
3034 5253 3277 5290 ccxxxvu.

2705 5370 2756 5406 IN
2783 5370 2830 5406 Vl
2857 5368 2989 5406 TOIO

2025 5454 2178 5503 Liber
2207 5453 2272 5503 de
2308 5454 2490 5517 Agens
2518 5453 2816 5504 Christiano
2846 5459 2896 5503 et
2927 5454 3060 5504 liber
3089 5454 3154 5505 de
3191 5454 3544 5505 Continentia.

253 5615 529 5665 Praeterea
557 5614 676 5665 vide
707 5615 762 5664 in
793 5614 954 5678 hujus
974 5629 1060 5665 vm
1089 5615 1220 5666 tomi
1250 5614 1869 5685 Appendicelibrumde
1904 5616 2030 5685 Fide
2060 5622 2245 5667 contra
2275 5617 2615 5674 Manichaee,
2645 5621 2696 5667 et
2741 5617 3219 5672 Commonitorium
3251 5625 3316 5672 de
3346 5619 3665 5685 recipiendis

1529 5679 1835 5731 Manichais
1864 5681 1957 5744 qui
1984 5685 2388 5732 convertuntur.
