4046 6184
344 341 3746 391 m

1590 459 1668 517 ΙΝ
1715 458 1914 519 OPUS
1962 459 2496 532 SUBSEQUENS,

436 570 577 630 Vide
608 569 709 630 lib.
745 573 807 642 2,
839 589 968 651 cap.
1001 572 1100 646 58,
1142 574 1694 646 Retractationum,
1730 585 1865 634 (om.
1907 574 2101 657 μενοι,
2138 576 2276 657 654,
2313 574 2526 649 verbis,
2549 576 2793 635 Interea
2826 575 2907 656 a)
2940 576 3118 653 liber,
3147 596 3325 657 usque
3353 576 3434 638 ad
3463 578 3664 651 verba,

1621 658 1865 714 Fratres
1898 655 2303 715 dilectissimi.
2392 658 2474 717 M.

403 766 476 834 (α)
511 766 748 834 Proxime
779 770 902 834 ante
933 767 1209 834 recensitis
1241 767 1389 834 libris
1421 767 1483 817 de
1515 769 1704 817 Anima
1734 773 1786 834 et
1815 769 1930 832 ejus
1956 770 2180 834 origine,
2211 771 2385 834 deque
2411 771 2734 820 Adulterinis
2761 770 3050 833 Conjugiis,
3074 773 3161 834 qui
3194 772 3309 821 libri
3342 772 3404 820 ad
3436 786 3637 821 annum
3661 774 3755 822 419

338 829 633 893 pertinent,
664 828 924 890 signiﬁcat
949 829 1056 891 jam
1085 831 1412 889 Augustinus
1445 846 1474 878 a
1500 845 1553 879 se
1585 828 1910 893 conscriptos

1979 847 2035 880 er
2067 833 2206 880 idem
2258 833 2365 881 fere
2400 837 2608 894 tempus
2658 834 2818 882 fuisse
2850 833 3236 896 subsequentes
3285 840 3469 883 contra
3496 836 3755 884 Adversa-

340 892 474 939 rium
510 892 656 952 Legis
683 896 734 940 et
768 893 1145 953 Prophetarum
1177 894 1353 941 libros.
1388 894 1556 955 Hujus
1585 896 1758 955 Operis
1790 892 1907 944 cum
1940 892 2096 944 laude
2127 897 2368 944 meminit
2397 892 2738 944 Cassiodorus
2770 899 2823 944 in
2867 898 2953 945 lib.
2987 892 3051 945 de
3083 898 3417 946 Institutione
3448 899 3750 947 divinarum

345 954 678 1021 Litterarum,
713 968 825 1017 cap.
855 958 899 1004 1.
934 955 1117 1017 Capita
1144 956 1264 1004 libri
1303 954 1598 1005 Adversarii
1624 954 1852 1020 singula,
1885 973 2004 1021 quae
2035 959 2328 1007 refellenda
2357 959 2443 1008 hic
2470 959 2709 1018 fuerunt,
2738 964 3083 1009 recensentur
3110 966 3233 1010 ante
3263 961 3422 1010 ﬁnem
3464 961 3585 1010 libri
3616 963 3663 1019 2,
3697 962 3754 1010 in

343 1030 460 1079 cap.
495 1020 569 1065 10.

344 1131 2686 1158 Ἦ

1065 1269 1185 1371 S.
1275 1271 1984 1373 AURELII
2087 1272 3024 1376 AUGUSTINI

1580 1471 1871 1530 ΗΙΡΡΟΝ
1887 1471 2103 1530 ENSIS
2159 1471 2511 1532 EPISCOPI

1498 1623 1858 1687 CONTRA
1940 1623 2604 1688 ADVERSARIUM

708 1803 1296 1956 LEGIS
1428 1805 1681 1956 ET
1798 1804 3390 1960 PROPHETARUM

1712 2069 1966 2143 LIBRI
2041 2069 2231 2142 DUO
2271 2068 2372 2141 (α).

1484 2305 1931 2398 LIBER
2033 2305 2626 2399 PRIMUS.

1032 2475 1091 2522 In
1123 2488 1230 2538 quo
1260 2474 1459 2524 Veteris
1490 2475 1813 2525 Testamenti
1841 2474 1957 2524 loca
1985 2473 2310 2524 calumniose
2339 2474 2664 2537 reprehensa
2692 2473 3052 2524 vindicantur.

415 2612 642 2668 CAPUT
669 2614 1079 2671 PRIMUM.—l
1097 2662 1108 2673 .
1137 2617 1494 2689 Libro,quem
1511 2618 1992 2689 misistis,l'ratres

347 2699 937 2772 dilectissimi,nescio
956 2706 1125 2777 cujus
1143 2707 1837 2777 haeretici,invento,sicut
1855 2706 1993 2762 scri-

346 2788 569 2860 psistis,
596 2791 653 2844 in
679 2790 866 2862 platea
899 2795 1214 2861 maritima,
1243 2812 1373 2849 cum
1410 2796 1627 2850 venalis
1661 2796 1837 2850 codex
1869 2796 1992 2865 ipse

346 2879 614 2944 terretur,
631 2885 687 2934 et
704 2883 1187 2938 concurrentibus
1206 2884 1391 2938 turbis
1413 2885 1737 2955 periculosa
1754 2883 1992 2938 curiosi-

349 2972 468 3022 tate
483 2974 538 3022 et
558 2969 934 3026 delectatione
956 2974 1327 3043 legeretur,ut
1350 2981 1567 3045 quanto
1588 2990 1813 3046 possem
1839 2989 1992 3026 com-

346 3057 556 3127 pendio
590 3060 1016 3129 responderem,
1043 3063 1205 3133 prius
1239 3063 1474 3133 quaesivi
1507 3064 1813 3133 cujusnam
1837 3065 1994 3116 esset

351 3147 582 3200 erroris.
607 3146 728 3200 Non
763 3148 915 3202 enim
940 3149 1043 3204 soli
1079 3150 1382 3205 Manichaai
1415 3152 1621 3223 Legem
1648 3151 1991 3222 Prophetas-

349 3251 462 3305 que
480 3236 902 3304 condemnant;
923 3239 1020 3293 sed
1043 3247 1097 3293 et
1115 3241 1518 3302 Marcionistaa,
1538 3245 1594 3295 et
1613 3239 1707 3294 alii
1729 3238 1992 3294 nonnulli

350 3340 599 3394 quorum
638 3330 806 3380 secta
831 3343 942 3381 non
970 3328 1049 3382 ita
1073 3329 1444 3384 innotuerunt
1466 3329 1696 3401 populis
1723 3329 1994 3384 christia-

348 3412 459 3467 nis.
487 3415 1001 3487 Isteautem,cujus
1017 3434 1225 3472 nomen
1243 3419 1299 3473 in
1319 3420 1518 3473 eodem
1539 3419 1682 3474 libro
1697 3436 1812 3473 non
1831 3435 1992 3473 com-

348 3502 820 3574 peri,detestatur
840 3505 1021 3560 Deum
1049 3507 1250 3561 mundi
1269 3508 1666 3563 fabricatorem
1691 3524 1851 3562 :cum
1875 3508 1995 3562 Ma-

351 3590 581 3659 nicheei,
617 3594 882 3663 quamvis
932 3594 1147 3650 librum
1199 3597 1487 3652 Geneseos
1520 3615 1632 3651 non
1685 3597 1994 3668 accipiant,

348 3687 519 3750 atque
551 3681 980 3753 hlasphement,
1005 3685 1183 3740 Deum
1209 3691 1406 3740 tamen
1431 3687 1646 3741 bonum
1683 3686 1998 3741 fabricasse

351 3773 658 3836 mundum,
682 3773 787 3827 etsi
821 3790 886 3827 ex
914 3773 1103 3829 aliena
1133 3781 1343 3830 natura
1374 3781 1547 3847 atque
1571 3776 1836 3840 materia,
1861 3793 1996 3831 con-

349 3861 644 3916 fiteantur.
678 3864 783 3917 Sed
818 3880 1156 3935 quanquam
1191 3883 1303 3920 non
1342 3865 1483 3919 mihi
1516 3865 1870 3937 apparuerit,
1905 3883 1998 3920 cu-

347 3950 446 4019 jus
476 3955 640 4004 sectse
675 3952 747 4004 sit
776 3951 885 4007 iste
933 3952 1336 4025 blasphemus,
1371 3956 1729 4009 defendenda
1761 3959 1850 4008 est
1898 3955 1998 4009 ad-

351 4055 554 4093 versus
574 4040 699 4108 ejus
717 4040 976 4111 linguam
1003 4043 1304 4112 Scriptura
1325 4043 1538 4109 divina,
1556 4061 1732 4114 quam
1759 4043 2000 4098 maledi-

356 4127 440 4183 cis
463 4129 959 4200 disputationibus
992 4131 1334 4186 insectatur.
1361 4137 1427 4187 Et
1456 4133 1731 4204 quoniam
1767 4149 2000 4203 quoquo

357 4218 530 4272 modo
562 4218 944 4274 christianum
979 4237 1039 4276 se
1070 4221 1245 4276 videri
1271 4222 1451 4293 cupit,
1477 4223 1628 4276 unde
1650 4226 1703 4276 et
1733 4239 1795 4276 ex
1823 4227 2000 4276 Evan-

357 4307 507 4378 gelio
539 4312 595 4362 et
624 4325 692 4362 ex
721 4310 995 4379 Apostolo
1019 4311 1180 4381 ponit
1201 4311 1398 4381 aliqua
1437 4310 1800 4377 testimonia;
1824 4311 1998 4365 etiam

356 4395 673 4466 Scripturis
717 4399 786 4451 ad
837 4398 1060 4453 Novum
1099 4403 1532 4454 Testamentum
1581 4398 2004 4470 pertinentibus

359 4484 706 4540 refellendus
740 4497 825 4540 est
862 4505 873 4542 :
906 4492 971 4541 ut
992 4489 1334 4543 ostendatur
1360 4488 1416 4541 in
1447 4488 1895 4559 reprehensione
1918 4505 2006 4542 ve-

355 4576 546 4626 terum
577 4574 1107 4632 inconsiderantius
1139 4594 1314 4647 quam
1349 4579 1642 4633 versutius
1674 4577 1948 4632 insanire.

429 4661 662 4717 CAPUT
696 4664 764 4717 Il.
804 4697 863 4704 —
896 4667 949 4718 2.
992 4667 1068 4719 Ac
1102 4667 1381 4736 primum,
1414 4668 1565 4737 quod
1620 4666 1753 4736 pius
1784 4669 2009 4737 poterat

353 4749 648 4821 religioso,
676 4753 881 4822 quaerit
906 4754 1013 4808 iste
1043 4754 1258 4823 impius
1281 4773 1376 4809 ore
1396 4755 1696 4825 sacrilego,
1714 4755 2006 4824 quomodo

357 4837 758 4908 accipiendum
787 4841 862 4896 sit
889 4842 1037 4912 quod
1064 4844 1174 4898 scri
1187 4848 1348 4914 ptum
1373 4849 1480 4909 est,
1510 4846 1570 4898 In
1588 4844 1861 4914 principio
1880 4845 2010 4913 fecit

357 4927 501 4984 Deus
530 4932 720 4984 caelum
743 4939 792 4986 ει
822 4934 1025 4985 terram
1049 4932 1199 5001 (Gen.
1222 4951 1262 4998 1,
1285 4933 1334 5002 1)
1370 4949 1381 4985 :
1417 4949 1754 5003 quanquam
1779 4948 1893 4985 non
1912 4931 2009 4985 ad-

361 5016 594 5084 diderit,
628 5023 855 5086 terram,
881 5019 951 5074 de
983 5037 1096 5090 qua
1125 5024 1255 5091 post
1286 5019 1564 5091 loquitur.
1601 5019 1815 5083 Quaerit
1830 5035 2003 5091 ergo:

2104 2618 2217 2685 Quo
2241 2617 2517 2687 principio
2539 2619 2564 2670 .9
2582 2617 2767 2688 ejusne
2791 2632 2895 2687 quo
2921 2616 3064 2671 idem
3083 2621 3226 2671 Deus
3245 2631 3364 2671 esse
3386 2615 3563 2687 erepit,
3590 2633 3658 2670 an
3685 2633 3763 2672 ex

2101 2723 2160 2762 eo
2178 2722 2280 2777 quo
2300 2706 2460 2760 illum
2476 2722 2587 2761 esse
2603 2722 2832 2760 vacuum
2849 2704 3037 2759 taeduit
3049 2707 3073 2757 ?
3085 2704 3186 2759 Cui
3207 2705 3649 2775 respondetur,q
3661 2705 3761 2760 uia

2103 2813 2207 2851 nec
2236 2798 2381 2849 Deus
2415 2811 2542 2850 esse
2564 2794 2866 2866 coepit,nec
2890 2809 3022 2848 eum
3045 2793 3366 2848 vacationis
3391 2811 3506 2848 suae
3527 2794 3760 2863 tmduit,

2102 2885 2198 2956 qui
2222 2900 2409 2955 neque
2431 2882 2744 2954 aliquando
2769 2900 2881 2938 non
2907 2883 3035 2947 fuit,
3061 2899 3166 2937 nec
3197 2883 3477 2937 cessando
3504 2883 3760 2955 torpuit,

2103 2990 2208 3028 nec
2222 2973 2513 3044 operando
2527 2972 2813 3027 laboravit
2838 2989 2849 3027 :
2875 2989 2979 3026 nec
2994 2971 3117 3026 sine
3131 2971 3274 3026 casio
3299 2972 3452 3026 sedis
3477 2971 3760 3043 indiguit,

2103 3078 2207 3116 nec
2230 3062 2380 3116 facto
2405 3061 2544 3118 caelo
2564 3062 3050 3130 sedemtanquam
3078 3060 3258 3116 finitis
3280 3061 3575 3115 erroribus
3595 3077 3760 3131 pere-

2101 3149 2776 3220 grinusinvenit.Potens
2799 3155 2886 3205 est
2903 3150 3056 3204 enim
3074 3150 3413 3205 beatissime
3436 3166 3671 3205 manere
3691 3151 3753 3205 in

2104 3239 2417 3310 semetipso
2437 3257 2449 3306 ;
2469 3238 2686 3310 templo
2705 3245 2899 3294 autem
2925 3256 3031 3294 suo
3055 3240 3208 3309 quod
3228 3243 3366 3293 sunt
3387 3256 3590 3294 omnes
3612 3255 3758 3293 san-

2104 3328 2202 3397 cti,
2227 3333 2283 3383 et
2301 3327 2500 3400 Angeli
2526 3333 2582 3382 et
2606 3328 2873 3382 homines
2890 3332 2929 3398 ¹,
2949 3327 3031 3382 sic
3052 3327 3306 3399 imperiti
3332 3328 3758 3383 habitationem

2105 3435 2298 3483 suam,
2333 3423 2395 3471 ut
2424 3417 2507 3471 illi
2541 3433 2608 3472 ex
2641 3418 2767 3488 ipso
2786 3417 3037 3472 habeant
3065 3417 3178 3472 tale
3202 3417 3420 3472 bonum
3456 3433 3568 3488 quo
3601 3417 3759 3472 beati

2105 3523 2233 3561 esse
2257 3507 2501 3577 possint,
2527 3523 2640 3560 non
2673 3524 2740 3561 ex
2761 3506 2844 3560 eis
2878 3505 2972 3560 ille
3002 3505 3178 3561 talem
3212 3506 3451 3560 domum
3485 3506 3607 3560 sine
3640 3523 3766 3577 qua

2107 3597 2311 3651 beatus
2342 3612 2468 3650 esse
2501 3613 2612 3650 non
2649 3595 2852 3666 possit.
2893 3598 2998 3649 Aut
3029 3611 3164 3666 ergo
3196 3593 3279 3648 sic
3309 3593 3764 3666 intelligendum

2107 3690 2195 3741 est
2225 3687 2377 3756 quod
2416 3685 2699 3756 scriptum
2731 3688 2841 3749 est,
2867 3686 2929 3739 In
2953 3685 3227 3755 principio
3247 3685 3375 3755 [ecit
3405 3684 3542 3738 Deus
3563 3684 3764 3738 cwlum

2108 3783 2156 3830 et
2187 3784 2414 3840 terram,
2449 3779 2510 3828 ut
2541 3772 2890 3845 principium
2925 3773 2999 3828 sit
3026 3789 3092 3827 ex
3115 3788 3231 3844 quo
3263 3789 3391 3827 esse
3423 3776 3758 3842 cmperunt;

2109 3881 2224 3918 non
2256 3862 2411 3918 enim
2445 3863 2559 3918 Deo
2591 3867 2870 3916 coaeterna
2919 3877 3148 3932 semper
3180 3862 3433 3932 fuerunt,
3469 3861 3567 3916 sed
3607 3862 3764 3916 facta

2108 3952 2342 4006 initium
2362 3969 2429 4006 ex
2452 3969 2565 4022 quo
2588 3967 2714 4006 esse
2736 3951 3452 4022 inciperentacceperunt:
3480 3954 3581 4004 aut
3603 3955 3762 4005 certe

2111 4041 2248 4112 quia
2280 4041 2335 4094 in
2371 4040 2654 4111 principio
2677 4038 2788 4095 sibi
2819 4044 3101 4095 coaeterno
3133 4039 3266 4093 fecit
3287 4044 3434 4094 Deus
3466 4039 3674 4093 cmlum
3697 4043 3763 4094 et

2109 4135 2347 4199 terram,
2382 4130 2489 4185 hoc
2521 4134 2631 4195 est,
2665 4129 2724 4184 in
2775 4128 3074 4200 unigenito
3106 4127 3267 4183 Filio.
3305 4129 3434 4198 Ipse
3482 4132 3572 4184 est
3601 4128 3766 4185 enim

2111 4220 2427 4291 Sapientia,
2457 4219 2525 4274 de
2549 4236 2665 4289 qua
2689 4218 2827 4272 dicit
2845 4217 3159 4288 Apostolus
3185 4234 3197 4272 :
3225 4217 3500 4273 Christum
3522 4219 3617 4273 Dei
3641 4219 3767 4273 Vir-

2113 4319 2280 4365 tutem
2309 4313 2358 4363 et
2388 4309 2484 4362 Dei
2514 4307 2851 4379 Sapientiam
2877 4307 2920 4377 (l
2948 4306 3067 4363 Cor.
3092 4324 3131 4377 ι,
3156 4307 3268 4376 24).
3305 4308 3373 4361 Et
3402 4307 3513 4362 Deo
3547 4307 3644 4377 qui
3681 4307 3767 4361 fe-

2113 4399 2191 4452 cit
2211 4398 2420 4453 cmlum
2445 4405 2498 4451 et
2518 4397 2980 4462 terram,dicitur
2998 4396 3057 4450 in
3079 4395 3307 4451 Psalmo
3329 4414 3340 4451 :
3363 4395 3556 4451 Omnia
3580 4398 3640 4450 in
3663 4395 3770 4451 Sa-

2110 4489 2320 4559 pientia
2351 4488 2536 4556 fecisti
2567 4486 2737 4556 (Psal.
2771 4502 2893 4554 cm,
2924 4485 3036 4555 24).
3069 4490 3183 4539 Aut
3213 4485 3260 4539 si
3294 4485 3364 4539 de
3393 4483 3620 4540 Psalmo
3653 4485 3771 4540 iste

2115 4593 2229 4630 non
2253 4574 2376 4630 vult
2394 4575 2653 4645 accipere
2672 4572 3451 4643 testimonium,Apostolum
3476 4573 3675 4627 audiat
3693 4575 3771 4628 de

2115 4664 2344 4719 Christo
2365 4663 2698 4733 loquentem
2725 4678 2736 4714 :
2773 4664 2913 4729 Quia
2936 4664 2992 4715 in
3017 4662 3136 4733 ipso
3167 4662 3384 4717 condita
3402 4671 3532 4717 sunt
3553 4664 3765 4732 omnia,

2116 4756 2176 4808 in.
2197 4755 2327 4808 caelo
2349 4756 2397 4808 et
2420 4755 2476 4806 in
2500 4761 2663 4816 terra,
2684 4752 2927 4806 visibilia
2948 4760 2998 4806 et
3013 4752 3315 4806 invisibilia
3339 4753 3558 4822 (Coloss.
3585 4769 3622 4821 ι,
3651 4753 3762 4822 16).

2189 4843 2241 4896 3.
2276 4842 2427 4896 Deus
2458 4840 2639 4912 igitur
2679 4856 2783 4894 nec
2813 4839 2985 4911 ccepit
3032 4857 3182 4905 esse,
3219 4857 3322 4894 nec
3353 4841 3580 4896 desinet
3611 4856 3624 4894 :
3659 4841 3763 4895 sed

2118 4946 2293 5000 opera
2324 4929 2451 4999 ejus
2483 4929 2748 4998 quaedam
2779 4927 3118 5000 incipientia
3150 4935 3304 4984 certo
3335 4931 3449 4984 ﬁne
3471 4944 3599 4984 esse
3618 4928 3770 4984 desi-

2119 5018 2462 5085 stunt,sicut
2476 5017 3160 5090 tempora;ettemporalia
3175 5035 3187 5084 ;
3203 5019 3468 5090 quedam
3487 5017 3772 5089 incipien-

1544 5144 1860 5182 ADMONITIO
1901 5144 1990 5181 PP.
2033 5141 2563 5182 BBNEDICTINORUM.

421 5214 568 5279 Opus
597 5214 740 5264 istud
773 5220 958 5264 contra
987 5215 1357 5265 Adversarium
1395 5217 1542 5274 Legis
1565 5222 1614 5266 et
1646 5216 2026 5279 Prophetarum
2049 5216 2458 5279 recognovimus
2484 5215 2549 5264 ad
2581 5213 2869 5263 Gallicanos
2892 5213 3310 5279 Mss.ruudecim,
3333 5215 3768 5279 Germanensem,

358 5275 750 5341 Corbeiensem,
781 5279 1176 5341 Remigianum,
1230 5279 1581 5338 Michaelium,
1635 5275 2082 5336 Fiscamnensem,
2113 5278 2508 5336 Pratellensem,
2557 5279 2978 5333 Cisterciensem,
3011 5278 3362 5335 Casalensem,
3391 5277 3766 5341 Sorbonicum,

359 5339 736 5404 Colhertinum,
773 5339 1012 5404 Regium,
1039 5347 1090 5390 et
1117 5342 1180 5390 ad
1216 5356 1383 5391 unum
1415 5343 1726 5392 Vaticanum
1753 5357 1764 5404 ;
1800 5344 1864 5390 ad
1917 5341 2177 5391 editiones
2207 5342 2367 5390 etiam
2414 5343 2531 5390 Am.
2561 5341 2646 5390 Er.
2678 5345 2729 5390 et
2758 5343 2883 5390 Lov.
2912 5345 2964 5391 et
2993 5341 3057 5390 ad
3088 5342 3356 5390 variantes
3397 5340 3649 5391 lectiones
3676 5355 3766 5390 co-

361 5399 538 5450 dicum
572 5399 896 5467 Belgicorum
926 5405 1067 5468 apud
1102 5404 1224 5453 [ιον.

451 5500 936 5580 Comparavimus
961 5513 1251 5584 praeterea
1279 5522 1376 5564 eas
1405 5523 1598 5564 omnes
1630 5503 1904 5564 editiones
1935 5502 2102 5563 initio
2135 5506 2301 5563 Retr.
2337 5511 2396 5563 et
2421 5503 2714 5574 Confess.,
2752 5511 2793 5576 t,
2833 5504 2889 5580 1,
2948 5513 3321 5564 memoratas.
3356 5503 3437 5564 M.

424 5615 495 5678 (a)
528 5613 718 5678 Scripti
746 5616 952 5666 circiter
982 5618 1189 5668 initium
1221 5619 1349 5668 anni
1380 5620 1492 5669 420.

2113 5617 2350 5731 miIMS‘OIa
2377 5618 2488 5669 fere
2534 5617 2695 5669 editio
2741 5619 2866 5669 ιον.
2901 5633 2913 5668 :
2948 5617 3131 5668 Omnes
3177 5617 3362 5683 Angeli
3386 5619 3568 5679 sancti,
3598 5620 3646 5668 et
3675 5616 3760 5668 lio-
