4056 6178
229 360 351 420 605

230 492 320 548 tia
360 492 810 564 permanebunt,
836 491 919 547 sic
960 496 1025 547 ut
1048 493 1173 562 ipsa
1208 497 1543 548 sanctorum
1578 492 1887 549 hominum

236 598 420 655 quam
448 581 780 653 percepturi
808 582 1093 651 sunt,vita
1115 583 1521 646 mterna.Quod
1547 583 1655 640 iste
1671 600 1784 637 non
1806 584 1890 638 vi-

236 673 347 739 dit,
374 674 474 743 qui
500 671 724 741 putavit
750 687 878 725 esse
899 670 1212 725 dicendum
1241 688 1307 725 ac
1330 672 1889 742 deﬁniendum,nul-

235 760 365 816 lum
392 778 518 815 esse
540 759 667 815 sine
698 760 809 814 ﬁne
832 760 1185 830 principium
1208 777 1219 814 :
1242 777 1346 814 nec
1375 760 1568 830 ipsum
1594 760 1780 831 potuit
1807 766 1890 815 at-

235 852 480 906 tendere
498 848 1252 918 numerum,cujusinitium
1270 854 1357 903 est
1374 850 1444 904 ab
1465 854 1663 913 uno,et
1686 850 1890 905 finisin

235 937 645 995 nullo.Nullus
660 938 873 1009 quippe
888 953 1170 991 numerus
1187 937 1511 1008 quamlibet
1526 937 1892 1009 magnus,vel

234 1030 478 1097 dicitur,
504 1025 588 1083 vel
617 1028 664 1081 si
692 1027 799 1079 dici
820 1028 945 1096 jam
971 1042 1085 1079 non
1113 1030 1325 1098 potest,
1346 1027 1755 1097 cogitatur,cui
1778 1044 1893 1082 non

233 1117 376 1173 addi
404 1118 588 1189 possit
608 1121 669 1170 ut
689 1117 875 1187 major
896 1115 1063 1169 sit.Et
1081 1119 1219 1186 puto
1243 1116 1396 1185 quod
1420 1115 1550 1184 iste,
1571 1116 1898 1187 quamlibet

231 1206 509 1262 haeresim
530 1205 638 1261 sub
664 1205 900 1260 nomine
913 1202 1127 1258 Christi
1151 1208 1345 1258 teneat
1358 1208 1560 1259 contra
1576 1204 1894 1275 Christum,

230 1297 417 1352 vitam
445 1295 555 1351 sibi
575 1293 863 1367 promittit
884 1293 941 1347 in
966 1293 1216 1362 Christo,
1238 1293 1439 1364 utique
1460 1294 1709 1364 beatam,
1726 1295 1897 1365 cujus

235 1391 381 1441 tunc
407 1385 755 1458 poteritesse
776 1382 1290 1455 principium,cum
1313 1383 1440 1436 vita;
1463 1382 1645 1453 hujus
1670 1382 1897 1439 miserae

238 1484 380 1539 ﬁnis
404 1482 595 1538 fuerit.
621 1481 990 1552 Respondeat
1010 1480 1226 1551 itaque,
1254 1480 1421 1534 beata
1444 1478 1542 1534 illa
1572 1479 1897 1552 vita,quam

240 1591 359 1629 non
386 1577 562 1644 negat
592 1570 926 1627 habituram
946 1569 1035 1625 vel
1059 1569 1271 1623 habere
1296 1568 1673 1641 principium,
1699 1574 1895 1624 utrum

239 1663 542 1729 habitura,
576 1678 648 1716 an
683 1678 796 1715 non
830 1660 1102 1714 habitura
1134 1658 1209 1713 sit
1240 1658 1463 1713 finem?
1492 1659 1547 1712 Si
1568 1658 1898 1714 dixeritha-

243 1754 528 1815 bituram,
561 1750 849 1821 quomodo
886 1766 947 1803 se
978 1749 1215 1803 audebit
1247 1749 1436 1803 dicere
1469 1748 1901 1804 christianum?

243 1843 306 1898 Si
339 1842 547 1896 dixerit
578 1856 691 1895 non
725 1838 1080 1902 habituram,
1116 1837 1215 1891 ubi
1247 1841 1335 1892 est
1368 1837 1522 1907 quod
1583 1854 1762 1892 ausus
1813 1842 1901 1892 est

247 1932 459 1997 dicere,
495 1929 723 1984 nullum
756 1944 883 1983 esse
915 1929 1039 1983 sine
1073 1928 1185 1981 ﬁne
1219 1926 1615 1998 principium?

329 2018 553 2075 CAPUT
592 2018 687 2073 III.
722 2048 791 2059 --ο
814 2017 866 2072 4.
898 2016 1112 2081 Quaerit
1142 2015 1357 2071 etiam:
1404 2018 1465 2072 Si
1512 2016 1755 2071 mundus
1800 2018 1903 2072 iste

251 2109 450 2165 bonum
473 2107 686 2180 aliquid
706 2116 806 2168 est.
829 2123 928 2161 cur
942 2122 1051 2161 non
1074 2107 1207 2161 olim
1224 2122 1293 2159 ex
1314 2107 1479 2161 initio
1498 2106 1566 2161 ab
1587 2122 1648 2161 eo
1693 2108 1903 2176 factum

247 2198 500 2269 est,quod
516 2197 714 2252 melius
728 2194 1050 2267 [πίθοι]αεί
1075 2211 1135 2250 se
1151 2195 1275 2266 ipso
1290 2195 1511 2267 aliquid
1528 2194 1740 2250 melius
1757 2200 1903 2251 Deus

250 2288 455 2343 fecerit
477 2286 760 2340 mundum
786 2303 798 2351 ;
834 2288 932 2339 aut
963 2284 1089 2338 ideo
1122 2299 1236 2338 non
1261 2284 1528 2339 debuerit
1552 2284 1661 2339 hoc
1681 2284 1901 2340 bonum

252 2376 402 2442 ﬁeri,
428 2375 565 2446 quia
584 2391 699 2429 non
726 2378 817 2428 est
840 2372 1060 2445 aequale
1084 2372 1508 2437 facienti.Quod
1525 2377 1721 2429 autem
1746 2390 1900 2443 quae-

248 2467 348 2531 rit,
373 2481 478 2520 cur
505 2481 617 2519 non
649 2464 807 2518 istud
842 2462 972 2517 olim
1002 2478 1070 2516 ex
1100 2461 1264 2516 initio
1290 2461 1508 2517 factum
1534 2463 1636 2529 sit;
1665 2479 1902 2534 respon-

256 2571 393 2609 sum
415 2554 644 2623 habeat,
672 2558 791 2607 Imo
811 2568 945 2606 vero
974 2550 1112 2606 olim
1132 2566 1199 2604 ex
1225 2550 1391 2607 initio
1415 2551 1630 2605 factum
1675 2561 1757 2606 est
1790 2570 1801 2606 :
1836 2568 1904 2607 ex

253 2643 427 2697 initio
451 2643 647 2710 utique
670 2657 795 2707 suo,
823 2657 935 2695 non
962 2639 1083 2705 Dei,
1110 2639 1201 2693 cui
1222 2639 1451 2694 nullum
1467 2644 1556 2695 est
1579 2640 1902 2697 initium.Si

254 2738 459 2787 autem
482 2731 590 2785 hoc
607 2730 837 2784 initium
863 2729 1178 2802 signiﬁcari
1205 2728 1483 2799 potuit,eo
1506 2730 1656 2800 quod
1682 2730 1902 2785 dictum

252 2827 368 2888 est,
392 2822 450 2875 In
470 2822 751 2893 principio
771 2822 897 2891 fecit
920 2820 1058 2873 Deus
1080 2837 1095 2872 :
1120 2820 1258 2890 quid
1286 2824 1375 2874 est
1397 2819 1551 2890 quod
1575 2818 1903 2875 calumnia-

251 2916 354 2966 tur
377 2910 533 2966 velut
559 2909 941 2981 interrogans,
973 2908 1030 2962 in
1059 2924 1173 2979 quo
1198 2908 1482 2979 principio
1506 2907 1736 2974 fecerit;
1768 2925 1900 2964 cum

248 2999 378 3072 ipse
406 3016 608 3054 rursus
632 3002 983 3070 quaerat,cur
997 3014 1107 3051 non
1132 2996 1269 3051 olim
1290 3013 1356 3051 ex
1378 2997 1542 3051 initio
1560 2998 1775 3053 factum
1800 2999 1904 3053 sit?

243 3089 502 3145 Proinde
516 3106 623 3143 sua
640 3088 808 3143 verba
825 3086 908 3142 illi
932 3086 1266 3158 replicanda
1283 3087 1592 3141 sunt.Nam
1608 3088 1760 3142 sicut
1778 3088 1901 3159 ipse

244 3184 493 3251 propter
516 3179 571 3232 id
600 3177 753 3249 quod
777 3176 1058 3247 scriptum
1082 3180 1189 3243 est,
1210 3177 1270 3231 In
1296 3178 1575 3247 principio
1606 3178 1735 3248 fecit
1761 3178 1900 3234 Deus

243 3270 444 3325 calum
466 3270 515 3322 et
539 3276 760 3331 terram,
784 3270 1264 3336 argumentarum
1288 3266 1518 3333 etdicit,
1539 3268 1597 3321 In
1618 3270 1899 3338 principio

246 3360 427 3429 igitur
446 3372 547 3430 quo
564 3360 589 3409 .9
615 3356 801 3427 ejusne
827 3370 930 3426 quo
951 3356 1101 3409 idem
1124 3355 1261 3409 Deus
1282 3371 1396 3410 esse
1415 3357 1592 3425 etrapit,
1615 3372 1689 3409 an
1726 3372 1795 3411 ex
1838 3372 1899 3413 eo

245 3464 355 3520 quo
378 3448 539 3501 illum
560 3462 674 3501 esse
691 3461 917 3500 vacuum
938 3444 1123 3498 taeduit
1144 3445 1173 3499 ?
1196 3444 1277 3499 ita
1302 3449 1357 3498 et
1387 3461 1491 3499 nos
1536 3445 1603 3499 ad
1650 3445 1705 3500 id
1742 3447 1896 3517 quod

246 3538 350 3603 ait,
380 3535 491 3590 Cur
512 3550 618 3590 non
638 3532 785 3588 istud
814 3534 947 3588 olim
965 3550 1039 3587 ex
1071 3534 1232 3587 initio
1251 3534 1463 3603 factum
1484 3536 1559 3588 est
1590 3534 1656 3589 ab
1678 3551 1737 3590 eo
1758 3536 1785 3591 φ
1817 3551 1899 3590 re-

245 3626 670 3697 spondeamus,
690 3627 745 3678 et
758 3623 1022 3677 dicamus
1036 3622 1110 3689 ei,
1133 3626 1210 3676 Ex
1224 3622 1385 3677 initio
1400 3623 1580 3694 igitur
1592 3624 1899 3695 quo?ejus-

247 3732 321 3771 ne
344 3714 629 3786 quoidem
654 3713 807 3768 Deus
825 3729 954 3767 esse
979 3714 1168 3783 coepit,
1198 3729 1270 3766 an
1307 3728 1373 3766 ex
1414 3729 1526 3783 quo
1569 3712 1734 3768 illum
1768 3731 1895 3771 esse

240 3821 499 3859 vacuum
523 3802 770 3857 taeduit?
794 3801 909 3857 Hoc
929 3801 1142 3873 quippe
1166 3800 1249 3854 illi
1283 3800 1570 3872 displicet,
1598 3803 1750 3874 quod
1779 3820 1894 3859 non

242 3894 386 3949 olim
412 3911 480 3948 ex
502 3892 667 3947 initio
695 3893 841 3946 Deus
864 3891 1060 3946 fecerit
1083 3889 1316 3955 coelum,
1336 3906 1467 3945 cum
1484 3891 1764 3959 dicit,Cur
1786 3908 1895 3948 non

241 3985 379 4041 olim
401 3999 470 4038 ex
484 3982 977 4053 initio?Tanquam
1002 3998 1068 4035 ex
1092 3979 1187 4035 illo
1210 3979 1375 4035 initio
1400 3980 1583 4035 facere
1606 3981 1890 4051 debuerit,

241 4090 313 4129 ex
343 4089 462 4144 quo
490 4076 578 4127 est
606 4071 729 4143 ipse
759 4071 858 4143 qui
892 4069 1041 4126 fecit.
1076 4073 1189 4125 Cur
1219 4086 1332 4124 non
1367 4069 1457 4124 hic
1475 4069 1692 4138 timuit,
1716 4087 1786 4126 ne
1806 4070 1892 4125 di-

239 4164 453 4227 cendo,
488 4178 555 4217 ex
586 4161 750 4215 initio
778 4178 846 4215 ex
877 4177 988 4231 quo
1016 4164 1104 4215 est
1132 4159 1256 4231 ipse
1288 4159 1463 4227 Deus,
1499 4175 1632 4214 eum
1658 4160 1892 4216 debuis-

243 4270 307 4306 se
332 4252 520 4306 Iacere
550 4249 784 4319 coelum,
816 4248 1103 4303 diceretur
1132 4249 1212 4303 ei:
1249 4248 1584 4320 Hahetergo
1611 4254 1759 4305 Deus
1782 4249 1892 4304 ini-

240 4342 418 4407 tium,
454 4356 519 4395 ac
541 4356 641 4411 per
670 4339 778 4394 hoc
811 4338 1133 4393 secundum
1158 4338 1507 4393 sententiam
1529 4342 1688 4393 tuam
1720 4338 1893 4395 habe-

239 4430 329 4485 bit
358 4434 417 4483 et
451 4429 664 4494 ﬁnem;
698 4432 760 4483 tu
795 4427 951 4482 enim
985 4427 1200 4487 dixisti,
1236 4425 1463 4480 nullum
1498 4442 1625 4481 esse
1658 4427 1889 4483 initium

239 4518 373 4574 sine
406 4517 567 4571 fine?
600 4518 772 4573 Porro
813 4516 861 4571 si
892 4516 1047 4571 Deus
1077 4519 1233 4569 caret
1262 4514 1449 4581 initio,
1483 4517 1775 4585 quomodo
1809 4516 1891 4571 fa-

240 4612 399 4662 ceret
431 4606 644 4678 aliquid
679 4622 748 4661 ex
778 4604 945 4660 initio
976 4620 1043 4659 ex
1075 4620 1190 4676 quo
1224 4606 1378 4676 ipse'
1408 4609 1429 4659 Ρ
1454 4609 1531 4657 Ac
1557 4620 1657 4675 per
1687 4605 1795 4659 hoc
1824 4622 1893 4661 ex

239 4696 411 4751 initio
446 4696 579 4750 fecit
608 4694 705 4751 illo
736 4711 805 4750 ex
837 4711 951 4767 quo
985 4694 1137 4762 fecit,
1169 4692 1227 4748 id
1259 4697 1366 4763 est,
1390 4710 1457 4748 ex
1473 4709 1586 4764 quo
1610 4694 1889 4765 cmpites-
1958 4746 1959 4749 η

237 4803 302 4842 se
328 4785 485 4857 quod
520 4785 673 4840 fecit.
710 4788 825 4839 Aut
856 4801 991 4856 ergo
1014 4784 1157 4839 deus
1177 4784 1437 4855 ipsorum
1460 4781 1605 4836 nihil
1630 4782 1765 4838 boni
1791 4800 1891 4839 un-

238 4891 424 4948 quam
456 4874 591 4930 fecit
618 4890 631 4928 :
667 4877 769 4928 aut
787 4874 1109 4928 secundum
1132 4872 1333 4941 istum,
1357 4872 1770 4944 quodcumque
1792 4873 1889 4928 bo-

234 4967 296 5019 ni
335 4964 487 5032 fecit,
522 4980 589 5018 ex
618 4962 718 5018 illo
741 4962 907 5017 initio
927 4962 1059 5017 fecit
1078 4979 1147 5017 ex
1167 4979 1279 5033 quo
1302 4961 1424 5032 ipse
1444 4966 1531 5017 est
1555 4979 1569 5029 ;
1592 4966 1647 5015 et
1670 4960 1887 5017 haben-

232 5054 277 5108 ti
310 5052 571 5119 initium,
606 5052 961 5108 metuendus
992 5056 1079 5107 est
1109 5050 1241 5106 ﬁnis
1269 5067 1281 5106 :
1317 5055 1417 5106 aut
1441 5054 1653 5106 sanctas
1693 5050 1885 5123 Scrip-

232 5147 383 5198 turze
408 5142 599 5198 verbis
631 5142 802 5198 debet
830 5141 1217 5212 acquiescere,
1252 5144 1308 5195 et
1330 5140 1656 5213 intelligere
1682 5145 1882 5210 Deum,

233 5233 336 5305 qui
371 5249 439 5288 ex
472 5230 634 5288 nullo
667 5231 840 5303 ccepit
869 5247 997 5286 esse
1023 5230 1333 5302 principio,
1364 5229 1572 5285 fecisse
1592 5230 1801 5286 cmlum
1824 5230 1881 5285 in

231 5321 545 5394 principio,
580 5320 666 5377 vel
701 5338 769 5376 ex
825 5337 936 5391 quo
994 5318 1203 5375 cmlum
1264 5334 1391 5373 esse
1450 5320 1645 5391 coepit,
1687 5319 1772 5375 vel
1822 5320 1883 5374 in

232 5410 412 5479 Filio;
447 5411 550 5483 qui
580 5409 801 5466 Judaeis
830 5408 1347 5481 interrogantibus,
1384 5408 1700 5482 quisesset,
1723 5408 1884 5482 prin-

233 5500 456 5572 cipium
490 5517 553 5557 se
585 5516 713 5556 esse
745 5498 1045 5571 respondit
1075 5500 1251 5571 (Joan.
1285 5513 1408 5568 vm,
1439 5497 1553 5569 25).

298 5680 315 5713 ί
334 5676 503 5791 fdi};
527 5691 593 5727 ea:
612 5690 710 5742 quo
726 5676 833 5741 ipse
853 5689 955 5725 non
983 5679 1073 5726 est.
1106 5676 1174 5725 At
1194 5673 1318 5723 Mss.
1349 5673 1631 5724 carenthic
1650 5678 1881 5738 negante

298 5754 332 5791 ι·
376 5754 441 5791 cu
466 5754 515 5791 a.

233 5753 515 5804 particula.

572 358 883 419 CONTRA
927 358 1262 420 ADVEHS.
1307 361 1480 421 LEG.
1528 363 1626 422 ET
1672 363 2089 437 PRUPHET.,
2134 366 2197 425 S.
2246 369 2671 431 AUGUSTINI
2717 371 2952 431 LIBElt
2998 370 3316 434 PRIMUS.

3534 375 3652 432 606

2084 497 2264 553 5.Nisi
2287 500 2431 555 forte
2453 501 2718 557 dicturus
2740 508 2850 569 est,
2872 503 3029 558 aliud
3054 503 3311 575 initium,
3335 503 3493 560 aliud
3518 523 3651 562 vero

2014 603 2141 641 esse
2169 588 2541 660 principium.
2567 591 2624 646 Si
2647 608 2782 663 ergo
2806 593 2887 647 ita
2907 598 3060 648 esset
3080 593 3460 665 scriptum.In
3484 594 3649 652 initio

2017 675 2537 734 fecitDeuscmlum
2556 684 2859 749 etterram;
2888 682 3244 737 nihilcontra
3264 684 3369 739 hoc
3394 683 3505 739 iste
3532 702 3659 740 mo-

2016 770 2268 832 veretur,
2302 767 2399 836 qui
2432 768 2594 823 dixit:
2622 769 2730 823 Cur
2749 786 2855 824 non
2880 772 3013 825 olim
3036 788 3105 826 ex
3134 773 3294 827 initio
3315 778 3526 843 [actum
3548 778 3665 829 est?

2017 855 2491 925 quandoquidem
2518 855 2752 926 legeret,
2777 858 2834 911 in
2862 857 3025 912 initio
3051 859 3184 913 fecit
3205 859 3359 915 Deus
3385 878 3529 925 ;non
3553 861 3668 915 exi—

2018 942 2264 997 stimans
2285 944 2609 1015 impium,si
2632 945 3065 1001 credaturDeus
3086 948 3281 1003 haberi
3297 948 3659 1016 initium,sed

2019 1048 2134 1087 non
2168 1032 2379 1088 habere
2412 1033 2792 1105 principium.
2829 1036 2989 1099 Ουιηί
3024 1035 3071 1091 si
3094 1035 3172 1091 ita
3194 1042 3301 1107 est,
3323 1040 3665 1094 emendetur

2017 1120 2127 1177 hoc
2151 1125 2383 1178 auctore
2404 1116 2908 1195 Evangelium,ubi
2932 1125 3211 1195 scriptum
3237 1131 3343 1182 est:
3368 1128 3427 1181 In
3445 1129 3665 1199 princi-

2017 1212 2111 1279 pio
2132 1219 2248 1266 erat
2283 1212 2536 1267 Verbum.
2559 1211 2672 1265 Cur
2701 1212 2856 1266 enim
2892 1228 3003 1266 non
3037 1214 3210 1269 etiam
3244 1214 3335 1270 hic
3362 1215 3472 1271 iste
3489 1218 3662 1273 dicat.

2019 1299 2081 1356 In
2113 1300 2399 1372 principio
2431 1300 2609 1372 igitur
2635 1300 2793 1372 quo?
2825 1302 3028 1372 ejusne
3061 1319 3175 1374 quo
3208 1304 3359 1359 idem
3406 1304 3666 1363 Verbum

2020 1404 2148 1444 esse
2171 1389 2378 1459 coepit?
2399 1390 2468 1444 Et
2500 1390 2637 1461 quia
2660 1390 2813 1445 Deus
2835 1396 2955 1445 erat
2976 1391 3250 1459 Verbum,
3278 1396 3469 1464 potest
3491 1395 3667 1451 etiam

2021 1478 2105 1534 sic
2136 1477 2348 1549 dicere,
2380 1479 2874 1549 quemadmodum
2897 1480 2955 1534 in
2980 1480 3089 1536 hoc
3112 1480 3260 1536 libro
3281 1482 3668 1554 dixitzEjusne

2022 1583 2136 1639 quo
2169 1566 2322 1623 idem
2356 1572 2501 1622 Deus
2534 1584 2661 1623 esse
2692 1568 2908 1641 coepit?
2967 1568 3124 1625 Dicat
3184 1571 3295 1635 hic,
3350 1571 3399 1626 si
3459 1572 3665 1645 placet,

2022 1657 2200 1711 etiam
2222 1656 2383 1711 illam
2405 1657 2762 1712 deﬁnitivam
2789 1675 2979 1726 suam,
3000 1659 3099 1714 ubi
3122 1659 3663 1734 audit,Inprincipio,

2020 1754 2139 1801 erat
2164 1747 2389 1801 Verbum
2411 1764 2428 1799 :
2452 1746 2611 1801 dicat
2631 1747 2805 1801 etiam
2830 1747 2944 1815 hic,
2998 1749 3047 1803 ei
3097 1750 3291 1818 audet,
3320 1750 3549 1806 Nullum
3586 1756 3667 1808 est

2019 1836 2357 1907 principium
2376 1836 2495 1891 sine
2524 1836 2669 1905 ﬁne;
2694 1841 2758 1890 ut
2790 1837 2861 1891 ab
2892 1837 3037 1908 ipsis
3076 1838 3250 1893 etiam
3304 1840 3660 1911 Manichaeis,

2025 1925 2123 1997 qui
2156 1942 2289 1980 eum
2324 1926 2589 1992 fortasse,
2610 1925 3069 1997 quiainimicum
3094 1927 3228 1999 Legi
3254 1928 3666 2001 Prophetisque

2023 2014 2343 2086 reperiunt,
2376 2014 2763 2070 libentissime
2792 2013 3015 2087 legunt,
3046 2017 3340 2085 judicetur
3398 2020 3664 2075 insanus.

2024 2103 2170 2168 Quia
2198 2120 2333 2160 vero
2365 2104 2633 2176 displicet
2664 2104 2713 2159 ei
2750 2104 2904 2160 Deus
2937 2106 3035 2177 qui
3071 2106 3205 2161 fecit
3234 2109 3545 2174 mundum,
3566 2126 3672 2165 cur

2026 2211 2140 2249 non
2175 2193 2442 2265 displicet
2472 2210 2574 2265 per
2603 2210 2779 2265 quem
2834 2194 3023 2249 factus
3088 2200 3175 2250 est
3234 2197 3543 2252 mundus?
3589 2202 3667 2254 De

2026 2282 2253 2339 Christo
2286 2282 2441 2337 enim
2472 2283 2758 2355 scriptum
2790 2287 2914 2339 est:
2952 2284 3012 2339 In
3049 2282 3148 2340 hoc
3189 2284 3392 2341 mundo
3439 2292 3575 2356 erat,
3616 2297 3671 2343 et

2025 2372 2262 2427 mundus
2287 2390 2391 2444 per
2418 2388 2544 2428 eum
2573 2373 2755 2447 factus
2781 2374 3068 2444 est.(Joan.
3111 2391 3147 2442 ι,
3187 2375 3238 2445 1,
3272 2375 3292 2429 4
3304 2375 3381 2446 0).

2098 2460 2327 2517 CAPUT
2365 2461 2458 2516 IV.
2491 2462 2631 2515 —6.
2666 2460 2953 2534 Intelligat
2980 2461 3181 2534 utique
3203 2463 3220 2497 ¹
3271 2462 3453 2518 Deum
3488 2463 3674 2521 facere

2030 2550 2181 2605 bona
2201 2551 2573 2622 posse,hunis
2596 2556 2791 2605 autem
2815 2568 2847 2605 a
2870 2568 2930 2606 sc
2949 2551 3117 2606 factis
3139 2567 3306 2623 egere
3328 2568 3443 2607 non
3462 2570 3664 2625 posse:

2029 2639 2182 2693 unde
2214 2654 2319 2692 nec
2350 2640 2631 2693 faciendis
2663 2638 2844 2710 eguit,
2876 2639 2975 2711 qui
3010 2639 3178 2695 factis
3209 2657 3321 2695 non
3356 2645 3501 2713 eget.
3556 2642 3667 2697 Sed

2028 2744 2259 2783 summe
2288 2728 2479 2783 bonus
2511 2728 2644 2783 fecit
2666 2728 2881 2799 omnia,
2899 2728 3008 2783 sibi
3033 2730 3268 2799 quidem
3294 2730 3669 2801 imparia,sed

2027 2822 2220 2873 tamen
2239 2817 2637 2872 bona.Bonum
2659 2817 2875 2889 quippe
2888 2817 3059 2872 etiam
3087 2835 3196 2873 non
3216 2820 3665 2883 summum,imo

2026 2924 2158 2962 vero
2180 2908 2356 2962 etiam
2373 2907 2781 2971 inﬁmum,nisi
2799 2924 3078 2962 asummo
3094 2909 3240 2963 bono
3254 2924 3381 2964 esse
3400 2926 3511 2964 non
3532 2925 3665 2981 pos-

2026 3000 2133 3051 set.
2168 2996 2352 3051 Nimis
2381 3001 2575 3050 autem
2607 2997 2677 3051 de
2707 2996 2823 3052 Deo
2846 2995 2996 3051 male
3018 2996 3215 3064 sentit,
3240 2997 3339 3069 qui
3363 3002 3667 3070 propterea

2025 3085 2241 3140 bonum
2275 3102 2401 3140 esse
2426 3085 2643 3158 aliquid
2671 3085 3009 3158 negat,quia
3029 3086 3247 3157 aequale
3269 3086 3382 3143 Deo
3399 3104 3510 3143 non
3535 3104 3663 3143 esse

2024 3174 2339 3247 cognoscit.
2370 3179 2456 3229 Ita
2477 3175 2631 3230 enim
2664 3192 2779 3230 non
2802 3175 2912 3230 erit
2932 3174 3026 3229 ille
3050 3192 3369 3245 summum,
3402 3177 3502 3232 sed
3535 3177 3666 3232 intl-

2023 3281 2185 3319 mum
2212 3264 2452 3329 bonum,
2480 3265 2527 3319 si
2549 3265 2834 3337 quidquid
2857 3282 2921 3320 eo
2945 3266 3143 3320 minus
3166 3270 3274 3334 est,
3292 3268 3417 3337 jam
3442 3284 3553 3322 non
3578 3270 3667 3323 est

2020 3353 2263 3408 bonum.
2292 3354 2465 3409 Porro
2488 3354 2609 3408 siin
2634 3354 2809 3409 rebus
2835 3371 2980 3425 quas
2994 3356 3275 3420 condidit,
3297 3372 3365 3410 ea
3385 3372 3511 3428 quas
3527 3360 3669 3411 sunt

2021 3444 2210 3515 prima
2232 3444 2383 3497 bona
2409 3442 2574 3499 valde
2607 3447 2744 3498 sunt
2773 3443 3023 3515 imparia
3050 3445 3367 3513 Conditori,
3403 3445 3538 3515 quia
3567 3444 3665 3501 ille

2021 3532 2174 3598 fecit,
2199 3532 2319 3586 haec
2350 3533 2501 3586 facta
2532 3536 2703 3600 sunt;
2730 3533 2984 3605 profecto
3008 3534 3105 3604 qui
3130 3533 3345 3587 talibus
3370 3550 3484 3587 non
3508 3526 3671 3606 eguit

2021 3621 2092 3676 ad
2108 3622 2433 3692 augendam
2459 3621 2879 3676 beatitudinem
2904 3624 3287 3687 suam,multo
3311 3622 3471 3676 minu
3491 3623 3663 3677 sinfe-

2018 3711 2271 3765 rioribus
2295 3715 2465 3781 atque
2480 3710 2947 3765 omninoinﬁmis
2962 3712 3191 3782 eguisse
3206 3712 3530 3767 credendus
3547 3716 3656 3766 est.

2018 3801 2151 3865 Quae
2171 3808 2357 3854 tamen
2374 3800 2505 3853 fecit
2520 3804 2799 3870 tanquam
2818 3800 3099 3854 bonorum
3118 3800 3377 3854 omnium
3395 3802 3668 3859 constitu.

2017 3892 2127 3943 tor.
2158 3888 2303 3943 Nam
2328 3889 2605 3943 Dominus
2624 3889 2847 3960 Jesus’,
2869 3906 2970 3961 per
2992 3906 3163 3962 quem
3187 3891 3371 3945 factus
3390 3894 3660 3948 estmun-

2017 3979 2148 4044 dus,
2184 3995 2296 4033 non
2331 3978 2455 4033 sola
2484 3978 2758 4045 coelestia,
2785 3979 2885 4033 sed
2909 3980 3085 4034 etiam
3106 3980 3662 4047 terrestria,eorum-

2017 4084 2126 4139 que
2148 4067 2507 4123 terrestrium
2534 4085 2659 4139 qua:
2685 4068 3198 4141 videnturexigna,
3224 4070 3405 4125 Deum
3431 4087 3659 4127 creasse

2016 4162 2071 4213 et
2103 4174 2296 4213 creare
2315 4157 2395 4213 sic
2428 4157 2666 4223 indicat,
2702 4174 2835 4210 cum
2868 4158 3044 4212 dicit:
3082 4158 3142 4212 Si
3161 4174 3286 4229 ergo
3307 4160 3495 4229 fenum
3528 4163 3657 4230 agri

2014 4247 2154 4319 quod
2173 4247 2330 4301 hodie
2349 4250 2442 4314 est,
2465 4255 2519 4301 et
2538 4264 2659 4301 cras
2684 4249 2741 4302 in
2774 4248 3023 4302 libamim
3068 4248 3335 4318 mittitur,
3383 4252 3532 4303 Deus
3576 4251 3657 4305 sic

2014 4338 2205 4397 vestit;
2236 4345 2436 4408 quanto
2459 4338 2633 4407 magis
2655 4354 2742 4393 vos
2765 4336 2984 4392 modicae
3006 4336 3133 4406 ﬁdei
3161 4336 3367 4409 (Matth.
3405 4354 3475 4404 νι,
3510 4339 3600 4407 39)
3625 4339 3653 4393 7

2016 4425 2177 4481 Unus
2210 4442 2343 4498 ergo
2377 4430 2553 4497 atque
2587 4426 2737 4481 idem
2767 4426 2917 4481 Deus
2948 4430 3036 4480 est
3068 4426 3366 4481 institutor
3421 4426 3548 4481 cmli
3598 4432 3655 4484 et

2014 4520 2199 4585 terrae,
2234 4516 2533 4570 stellarum
2559 4520 2614 4571 et
2644 4516 2979 4586 herbarum,
3012 4514 3299 4586 quidquid
3360 4532 3657 4586 mensura,

2015 4604 2223 4674 forma,
2246 4604 2446 4659 ordine
2469 4622 2573 4660 suo
2598 4610 2828 4661 constat
2852 4608 2905 4659 in
2931 4616 3071 4660 caelo
3089 4605 3222 4660 etin
3275 4610 3449 4671 terra,
3492 4606 3659 4677 quid-

2015 4693 2156 4765 quid
2182 4692 2321 4748 vivit
2342 4694 2399 4747 in
2422 4692 2563 4748 ccelo
2586 4698 2640 4749 et
2660 4693 2718 4747 in
2742 4692 3209 4767 terra,quidqui.d
3234 4694 3412 4749 sentit
3434 4694 3491 4748 in
3515 4694 3657 4749 cmlo

2012 4787 2068 4837 et
2095 4782 2154 4836 in
2187 4786 2361 4847 terra,
2396 4783 2683 4854 quidquid
2718 4783 2990 4855 intelligit
3020 4784 3077 4837 in
3112 4782 3252 4838 caelo
3286 4788 3341 4837 et
3389 4784 3445 4838 in
3478 4789 3655 4840 terra.

2012 4873 2146 4939 Quae
2170 4888 2285 4926 non
2308 4871 2497 4925 solum
2524 4870 2603 4925 illi
2638 4889 2670 4927 a
2692 4889 2806 4944 quo
2830 4879 2965 4927 sunt
2988 4873 3237 4943 condita,
3263 4873 3360 4927 scd
3379 4889 3481 4927 nec
3505 4873 3657 4929 inter

2012 4978 2074 5016 se
2092 4978 2219 5016 esse
2241 4961 2543 5032 oportebat
2563 4961 2808 5033 aequalia
2829 4978 2841 5017 :
2866 4966 2923 5016 et
2945 4962 3070 5016 ideo
3094 4964 3231 5015 sunt
3252 4962 3651 5016 omnia3.Nam

2011 5051 2059 5105 si
2091 5056 2289 5105 essent
2317 5050 2583 5121 aequalia.
2618 5067 2802 5104 unum
2834 5065 3020 5121 genus
3052 5049 3334 5105 bonorum
3358 5053 3655 5113 esset,non

2010 5139 2227 5195 omnia.
2253 5139 2417 5194 Nunc
2447 5156 2579 5194 vero
2612 5139 2739 5194 ideo
2772 5144 2911 5194 sunt
2942 5138 3139 5193 omnia
3162 5139 3330 5208 bona,
3357 5138 3493 5208 quia
3516 5143 3655 5194 sunt

2009 5229 2139 5285 aliis
2166 5228 2281 5283 alia
2305 5227 2563 5298 meliora,
2588 5232 2643 5283 et
2666 5227 3248 5283 honitasinferiorum
3265 5227 3425 5280 addit
3443 5226 3657 5281 ‘laudi-

2008 5317 2120 5374 bus
2140 5317 2600 5374 meliorumzetin
2617 5335 2807 5373 rerum
2826 5318 3109 5371 bonarum
3124 5313 3658 5387 inaequalitateipsa

2074 5552 2089 5586 ι
2118 5550 2205 5599 Sic
2233 5549 2355 5598 Mss.
2387 5548 2525 5598 Editi
2555 5561 2700 5606 vero,
2734 5543 2988 5609 :‘nteilzgat
3010 5545 3199 5609 itaque.

2071 5614 2093 5648 ³
2121 5614 2178 5661 In
2211 5612 2361 5660 Mss:
2388 5611 2523 5659 Nam
2560 5609 2806 5672 Dominus
2834 5608 2965 5658 Deus
2992 5608 3285 5672 per’quem.

2068 5677 2091 5711 ³
2118 5675 2289 5724 Editio
2319 5675 2443 5723 Lov.
2476 5673 2559 5721 hic
2589 5670 2765 5734 addit,
2786 5669 2935 5722 bona.
2969 5669 3259 5734 superﬂuo.

2069 5740 2090 5775 δ
2117 5737 2201 5789 Sic
2228 5736 2465 5801 potiores
2493 5735 2617 5786 Mn.
2646 5734 2713 5786 At
2745 5733 2894 5799 Lov.,
2925 5732 3160 5787 additur.
