4046 6184
438 346 554 404 607

445 479 819 548 estjucunda
871 478 1156 549 gradatio,
1216 477 1314 531 ubi
1377 477 1674 531 minorum
1734 476 2090 548 comparatio

450 567 803 638 ampliorum
837 573 924 621 est
955 567 1401 621 commendatio.

515 655 754 711 CAPUT
785 655 851 710 V.
879 687 942 695 —
968 657 1022 711 7.
1043 656 1123 709 Ea
1138 671 1269 710 vero
1290 671 1416 726 qua:
1441 654 1716 709 dicuntur
1755 653 1928 724 mala,
1989 658 2091 708 aut

434 745 581 799 vitia
600 750 737 799 sunt
758 761 945 799 rerum
976 745 1420 814 bonarum,quaa
1438 743 1849 797 omninoextra
1871 759 1962 797 res
1985 743 2088 797 bo-

439 851 546 889 nas
570 837 582 869 ¹
610 850 710 905 per
736 850 796 887 se
821 834 947 903 ipsa
970 833 1183 887 alicubi
1208 849 1335 887 esse
1359 850 1469 887 non
1495 837 1768 904 possunt;
1814 836 1915 886 aut
1950 848 2087 902 sup-

435 924 612 996 plicia
635 927 1025 992 peccatorum,
1047 939 1172 995 quae
1200 921 1532 991 dejustitiae
1553 921 1985 993 pulchritudine
2002 937 2090 975 ve-

436 1013 747 1068 niunt.Sed
775 1013 901 1082 ipsa
924 1028 1155 1082 quoque
1177 1011 1316 1065 vitia
1347 1010 1754 1065 testimonium
1787 1009 2090 1080 perhibent

441 1102 682 1156 bonitati
699 1101 1230 1164 naturarum.Quod
1247 1101 1400 1155 enim
1423 1099 1644 1154 malum
1659 1104 1746 1154 est
1763 1115 1864 1171 per
1882 1098 2086 1153 vitium

439 1191 696 1262 profecto
720 1192 937 1245 bonum
963 1189 1697 1260 estpernaturam.Vitium
1716 1187 1929 1260 quippe
1951 1203 2086 1242 con-

438 1285 529 1334 tra
561 1285 829 1334 naturam
863 1283 969 1348 est,
1003 1281 1142 1350 quia
1168 1283 1390 1333 natura;
1421 1281 1621 1333 nocet:
1682 1293 1785 1332 nec
1837 1279 2085 1341 noceret,

439 1369 549 1425 nisi
583 1372 798 1423 bonum
831 1369 958 1438 ejus
977 1369 1289 1424 minueret.
1310 1367 1434 1422 Non
1461 1370 1550 1422 est
1570 1382 1704 1438 ergo
1728 1365 1948 1421 malum
1974 1365 2084 1420 nisi

434 1457 681 1528 privatio
706 1457 944 1511 boni.Ac
963 1473 1062 1528 per
1092 1456 1201 1511 hoc
1225 1472 1517 1527 nusquam
1545 1461 1631 1510 est
1653 1455 1768 1509 nisi
1803 1454 1860 1508 in
1893 1470 1951 1508 re
1982 1453 2084 1508 ali-

437 1563 554 1618 qua
587 1547 770 1601 bona:
803 1551 858 1600 et
889 1546 938 1600 si
969 1563 1082 1600 non
1103 1562 1336 1600 summe
1359 1546 1531 1611 bona,
1554 1544 1836 1615 quoniam
1857 1557 2086 1597 summe

437 1637 592 1690 bona
621 1634 1082 1705 incorruptibilis
1113 1639 1168 1689 et
1198 1633 1584 1689 immutabilis
1613 1638 1962 1704 perseverat,
2024 1636 2088 1686 ut

441 1725 595 1780 Deus
617 1729 845 1792 est;non
863 1729 1055 1778 tamen
1075 1723 1186 1777 nisi
1212 1724 1269 1777 in
1290 1724 1461 1788 bona,
1490 1721 1764 1794 quoniam
1788 1738 1898 1776 non
1922 1725 2087 1776 nocet

442 1813 555 1870 nisi
577 1814 890 1868 minuendo
913 1814 1066 1883 quod
1087 1813 1307 1867 bonum
1329 1818 1523 1867 est.Ac
1544 1829 1645 1882 per
1663 1811 1769 1866 hoc
1795 1813 1943 1865 bona
1963 1809 2086 1866 sine

442 1902 615 1957 malis
639 1919 766 1958 esse
793 1901 1362 1973 possunt,sicutipse
1384 1906 1551 1964 Deus,
1573 1906 1888 1971 etquaeque
1919 1915 2087 1970 supc-

439 1991 597 2046 riora
627 1990 914 2046 ccelestia:
950 1989 1104 2045 mala
1133 2007 1264 2044 vero
1297 1990 1421 2044 sine
1454 1988 1623 2043 bonis
1655 2004 1781 2043 esse
1811 2004 1926 2042 non
1962 2004 2087 2058 pos-

438 2085 595 2136 sunt.
619 2080 672 2134 Si
701 2081 853 2135 enim
881 2079 1024 2133 nihil
1049 2084 1277 2144 nocent,
1303 2077 1460 2134 mala
1477 2095 1589 2133 non
1617 2081 1790 2132 sunt:
1820 2076 1866 2130 si
1893 2081 2086 2130 autem

438 2173 672 2235 nocent,
709 2169 927 2222 bonum
961 2168 1264 2222 minuunt:
1292 2172 1348 2221 et
1380 2167 1425 2220 si
1456 2165 1710 2237 amplius
1730 2169 1957 2231 nocent,
1984 2164 2084 2219 ha-

438 2257 580 2313 bent
607 2256 797 2311 adhuc
830 2259 1047 2312 bonum
1081 2257 1235 2327 quod
1268 2256 1566 2309 minuant:
1587 2259 1643 2309 et
1665 2257 1710 2308 si
1741 2258 1935 2308 autem
1959 2269 2089 2307 con-

441 2351 706 2413 sumunt,
742 2345 885 2400 nihil
919 2350 1137 2400 naturae
1167 2344 1491 2399 remanebit
1521 2343 1614 2397 cui
1658 2347 1963 2408 noceatur;
2025 2358 2088 2396 ac

443 2434 553 2490 hoc
585 2450 691 2489 nec
719 2433 942 2489 malum
966 2435 1075 2489 erit
1106 2451 1139 2489 a
1169 2451 1284 2505 quo
1302 2438 1597 2499 noceatur,
1620 2432 1854 2504 quando
1880 2435 2090 2485 natura

443 2523 712 2590 defuerit,
748 2523 918 2593 cujus
952 2524 1169 2577 bonum
1201 2522 1460 2577 nocendo
1482 2521 1801 2574 minuatur.

517 2612 746 2667 CAPUT
788 2612 879 2666 VI.
900 2612 1037 2666 --8.
1060 2611 1266 2666 Utrum
1290 2615 1486 2665 autem
1510 2609 1706 2681 aliqua
1735 2614 1944 2663 natura
1983 2608 2089 2663 hoc

443 2701 879 2758 estsubstantia
897 2717 1135 2772 prorsus
1154 2701 1224 2755 ad
1241 2699 1489 2753 nihilum
1511 2698 2093 2769 redigatur,disputa-

442 2791 524 2847 tio
549 2789 938 2845 subtilissima
956 2795 1062 2846 est.
1097 2790 1370 2857 SedIﬁdes
1387 2789 1794 2844 veracissima’
1814 2787 1928 2842 Deo
1955 2803 2090 2842 can-

445 2885 533 2936 tat
555 2897 566 2933 :
588 2879 820 2934 Mutabis
837 2897 922 2945 ea,
949 2883 997 2934 et
1017 2879 1416 2933 mutabuntur:
1439 2881 1499 2931 tu
1518 2887 1701 2932 autem
1724 2876 1867 2930 idem
1887 2877 2004 2945 ipse
2041 2891 2092 2930 es

450 2969 621 3040 (Psal.
649 2985 720 3037 CI,
751 2969 843 3035 27,
875 2970 984 3039 28).
1019 2968 1133 3022 Nec
1168 2966 1300 3021 fecit
1329 2966 1527 3038 igitur,
1553 2982 1656 3020 nec
1675 2965 1819 3036 regit
1843 2963 2093 3018 mutabi-

450 3058 532 3112 lia
563 3059 732 3122 bona,
768 3057 880 3113 nisi
910 3055 1278 3111 immutabile
1310 3056 1549 3124 bonum,
1579 3055 1732 3125 quod
1793 3060 1881 3109 est
1921 3053 2092 3108 Deus.

453 3146 630 3201 Porro
656 3146 808 3199 bona
824 3144 1129 3199 mutabilia
1152 3149 1456 3215 propterea
1478 3142 1628 3197 bona
1647 3141 2095 3211 sunt,quoniam

424 3264 426 3266 τ
454 3251 488 3290 a
507 3250 740 3288 summo
761 3233 909 3288 bono
931 3233 1079 3287 facta
1094 3237 1265 3298 sunt;
1292 3235 1593 3303 propterea
1613 3229 1938 3296 mutabilia,
1961 3229 2098 3300 quia

456 3340 572 3379 non
592 3323 661 3376 de
685 3322 834 3393 ipso,
860 3323 958 3376 sed
986 3321 1056 3376 de
1080 3320 1261 3376 nihilo
1285 3320 1438 3374 facta
1458 3318 2011 3384 sunt.Quamobrem
2045 3321 2101 3371 et

452 3411 582 3482 ipsa
603 3410 893 3479 mortalia,
919 3408 1185 3480 quamvis
1207 3426 1273 3464 ex
1297 3408 1490 3479 aliqua
1515 3411 1676 3478 parte
1710 3406 1957 3477 pcenalia
1985 3405 2101 3460 sint

455 3500 540 3555 eis
563 3500 776 3571 quibus
801 3497 1349 3555 solaimmortalitas
1365 3500 1557 3568 potest
1577 3496 1840 3568 perfectae
1853 3495 2100 3550 beatitu-

457 3589 612 3645 dinis
645 3588 888 3660 implere
920 3603 1290 3652 mensuram;
1324 3585 1541 3639 habent
1573 3589 1767 3637 tamen
1802 3581 2099 3653 proprium

459 3677 895 3734 decorislocum
916 3679 972 3731 in
1001 3675 1436 3748 pulchritudine
1462 3679 1822 3743 temporum:
1846 3671 1943 3725 sed
1979 3686 2104 3724 ma-

450 3768 763 3840 jor’quam
791 3767 1086 3819 humanus
1111 3769 1560 3833 estsensus,quo
1578 3760 1715 3815 talis
1735 3759 2105 3832 pulchritudo

459 3857 731 3915 sentitur.
769 3857 937 3912 Fides
968 3865 1163 3911 tamen
1197 3853 1295 3908 illa
1328 3870 1455 3923 quae
1477 3858 1586 3908 Deo
1611 3868 1717 3906 suo
1739 3849 2107 3905 dicit.0mm‘a

460 3951 520 4004 in
555 3963 829 4012 mensura,
849 3953 898 3999 et
914 3960 1160 4009 numero,
1185 3946 1233 3997 et
1247 3943 1487 4014 pondere
1502 3941 1835 3996 constituisti
1860 3940 2108 4010 (Sap.x1,

459 4038 576 4106 21),
610 4035 876 4106 quamvis
907 4049 1106 4086 amore
1135 4030 1771 4085 vivendiconditionem
1795 4026 1998 4081 mortis
2015 4043 2110 4081 ex-

467 4127 719 4193 horreat,
753 4124 1081 4178 Creatorem
1113 4124 1305 4174 tamen
1340 4119 1603 4173 omnium
1623 4119 1909 4171 bonorum
1933 4116 2110 4170 etiam

470 4215 543 4268 de
574 4213 742 4268 bonis
778 4209 1120 4266 mortalibus
1176 4208 1398 4262 laudat.
1462 4207 1604 4261 Nam
1667 4205 1777 4259 iste
1835 4205 1958 4276 ipse
2015 4203 2109 4275 qui

471 4301 863 4375 reprehendit,
899 4316 1003 4355 nec
1036 4299 1219 4353 Deum
1252 4313 1377 4352 esse
1419 4295 1622 4360 credit,
1671 4295 1840 4364 cujus
1885 4299 2114 4348 terrena

473 4410 648 4464 opera
671 4392 822 4445 videt
842 4406 968 4445 esse
989 4386 1550 4455 mortalia,eumdem
1570 4399 1898 4440 sermonem
1918 4398 2114 4448 suum,

477 4481 579 4552 qui
612 4494 796 4550 usque
827 4479 968 4533 adeo
999 4475 1083 4530 illi
1116 4474 1354 4547 placuit,
1388 4479 1450 4529 ut
1479 4490 1613 4528 eum
1647 4472 1852 4527 litteris
1899 4489 2116 4527 memo-

475 4570 691 4640 riaeque
721 4568 1046 4634 mandaret,
1081 4565 1191 4620 nisi
1222 4565 1459 4620 vocibus
1491 4564 1561 4618 ad
1594 4579 1702 4618 sua
1729 4579 2118 4635 qumquever-

473 4660 550 4714 ba
580 4656 1027 4729 pertinentibus,
1061 4659 1109 4710 et
1131 4653 1754 4725 incipientibustamen
1777 4656 1832 4706 et
1849 4652 2118 4706 deﬁcien-

473 4747 662 4815 tibus,
721 4745 964 4816 implere
1020 4761 1135 4798 non
1192 4747 1421 4814 posset:
1484 4742 1565 4795 ita
1622 4741 2120 4813 pulchritudinem

479 4833 916 4906 disputationis,
953 4849 1070 4906 qua
1097 4831 1220 4887 vult
1239 4832 1608 4903 persuadere,
1628 4829 1914 4902 quidquid
1941 4830 2125 4885 oritur

478 4929 536 4981 et
565 4924 814 4980 moritur
847 4924 1066 4977 bonum
1099 4936 1226 4976 esse
1259 4937 1372 4974 non
1406 4936 1596 4992 posse,
1629 4919 1741 4974 nisi
1803 4918 2124 4974 orientibus

477 5019 538 5071 et
568 5013 956 5069 morientibus
986 5009 1226 5082 syllabis
1257 5026 1370 5063 non
1406 5009 1594 5080 potuit
1623 5007 1930 5079 explicare.
1977 5007 2124 5071 Quid

483 5120 621 5176 ergo
654 5103 871 5158 mirum
907 5099 954 5156 si
986 5100 1044 5154 in
1076 5103 1198 5154 tam
1230 5114 1442 5169 magna
1473 5098 1853 5152 universitate
1906 5100 2127 5152 natura;

481 5197 570 5248 est
585 5192 818 5264 aliquod
845 5191 1111 5245 intimum
1128 5189 1345 5243 bonum
1366 5187 1422 5241 in
1441 5186 2126 5258 ordinibus,temporum,

484 5282 637 5352 quod
656 5298 770 5337 non
796 5279 1204 5353 permansione
1236 5293 1456 5343 rerum,
1474 5276 1628 5331 sicut
1650 5275 1932 5331 nonnulla
1954 5274 2130 5330 subli-

555 5521 572 5583 l
605 5520 756 5583 Apud
791 5522 934 5577 Lov.,
966 5523 1114 5568 extra
1142 5531 1224 5566 res
1250 5530 1424 5566 omnes
1451 5515 1625 5564 bonas.
1656 5516 1834 5580 Abest,
1856 5528 2043 5574 omnes,
2066 5516 2132 5565 ab

489 5582 791 5632 editis’aliis
812 5587 864 5631 et
890 5583 1012 5630 Mss.

551 5645 573 5678 ³
601 5644 754 5701 Editi,
786 5645 1119 5692 vet-ocissime.
1149 5643 1217 5691 At
1247 5643 1390 5700 Msa,
1413 5639 1760 5689 veracissima.

554 5707 575 5742 ³
603 5705 757 5756 Editi.
783 5704 876 5755 sed
903 5706 1171 5768 maiorem.
1204 5704 1390 5757 Melius
1421 5716 1546 5754 vero
1576 5704 1717 5762 Mss,
1747 5702 1838 5752 sed
1868 5702 2054 5768 major.

849 343 1158 403 CONTRA
1201 341 1770 403 ADVERSAltlUM
1817 341 2043 402 LEGIS
2088 340 2187 402 ET
2232 342 2852 416 PROPHETARUM,
2901 342 2967 402 S.
3013 341 3438 404 AUGUSTINI

3705 348 3808 410 608

2199 475 2318 529 mia
2339 475 2688 546 spiritualia,
2719 477 2818 531 sed
2857 494 2957 548 pro
2989 477 3194 531 decore
3227 476 3578 549 suigeneris,
3605 478 3712 534 imo
3733 487 3808 536 at-

2199 580 2309 634 que
2341 569 2568 620 terreno
2599 571 2797 621 exortu
2824 581 3152 637 occasuque
3182 564 3258 620 sit
3285 566 3618 636 pulchrum?

2267 655 2318 707 9.
2355 654 2880 721 Quaecumitasint,
2907 672 3023 709 non
3039 654 3428 709 calumnietur
3442 655 3646 710 dicenti
3674 657 3808 711 Scri-

2198 743 2556 812 pturaeJ’idit
2578 744 2716 798 Deus
2741 743 2918 799 lucem
2943 745 3074 815 quia
3101 744 3238 798 bona
3255 752 3332 799 est
3356 746 3507 814 (Gen.
3529 762 3566 811 1,
3600 746 3670 814 4).
3700 746 3809 802 Non

2199 831 2386 886 solum
2407 832 2560 886 enim
2586 833 2774 888 lucem
2803 850 2977 903 quam
3005 832 3412 898 vocavitdiem,
3434 834 3809 889 etﬁrmamen-

2197 926 2323 976 tum
2347 922 2498 992 quod
2519 922 2739 976 vocavit
2761 922 3057 990 cmium,et
3074 921 3254 978 solem
3275 929 3331 976 et
3347 920 3544 976 lunam
3560 928 3615 977 et
3627 928 3807 979 cetera

2198 1010 2426 1076 sidera;
2459 1026 2658 1066 verum
2692 1011 2865 1066 etiam
2899 1010 3056 1082 ligna
3087 1015 3144 1065 et
3175 1009 3404 1075 herbas,
3429 1010 3556 1063 etin
3583 1012 3739 1082 aquis
3756 1030 3809 1068 ac

2196 1100 2364 1153 terris
2383 1116 2768 1172 quaecumque
2801 1099 3091 1170 mortalia,
3115 1103 3173 1154 ct
3198 1099 3415 1154 creavit
3444 1103 3590 1154 Deus
3605 1116 3811 1156 summe

2197 1189 2776 1261 bonus,etviditquia
2797 1188 2952 1244 bona
2975 1187 3187 1243 suntin
3203 1202 3413 1259 genere
3437 1192 3608 1258 atque
3629 1189 3810 1245 ordine

2195 1278 2444 1333 suo.Nec
2457 1278 2992 1350 timuitquiSpiritu
3008 1278 3106 1333 Dei
3124 1276 3411 1333 revelante
3425 1277 3652 1348 scripsit
3667 1277 3809 1333 hunc

2196 1367 2433 1438 librum,
2458 1369 2682 1424 futuros
2703 1368 2916 1439 impios
2939 1366 3808 1438 reprehensores,vaniloquos,et

2196 1456 2407 1512 mentis
2439 1457 2795 1527 seductores,
2829 1456 3103 1528 primitus
3133 1472 3273 1520 suae,
3306 1455 3515 1510 deinde
3563 1454 3814 1526 aliorum,

2196 1562 2341 1616 quos
2360 1545 2609 1600 delectat
2625 1544 2968 1617 blaspheme
2987 1545 3342 1616 loquacitas:
3369 1545 3508 1616 quia
3528 1548 3581 1600 et
3600 1544 3746 1616 ipsos
3763 1545 3813 1600 in

2197 1639 2484 1706 quantum
2516 1634 2783 1690 homines
2813 1639 2973 1700 sunt,
3009 1634 3068 1687 in
3101 1638 3391 1705 quantum
3410 1649 3640 1704 corpore
3661 1639 3810 1704 atque

2195 1724 2392 1778 anima
2410 1723 2676 1778 rationali
2693 1722 3048 1789 eonstant,in
3066 1727 3353 1794 quantum
3372 1722 3629 1777 membra
3641 1738 3816 1793 corpo-

2196 1816 2276 1868 ris
2298 1829 2497 1868 eorum
2522 1812 2646 1867 suis
2669 1813 3112 1883 distinguuntur
3133 1812 3366 1874 ofﬁciis,
3390 1810 3816 1864 etconcordissi-

2196 1918 2292 1957 ma
2313 1901 2636 1956 ditl'erentia
2653 1901 2708 1955 in
2729 1902 3008 1955 unitatem
3032 1919 3150 1954 sure
3168 1901 3326 1970 pacis
3344 1899 3588 1953 mirabili
3607 1899 3816 1953 ordina-

2195 1993 2354 2047 tione
2371 1991 2826 2056 consentiunt,in
2849 2002 3132 2062 quantum
3151 1991 3349 2043 anima
3369 1989 3452 2043 eis
3477 1986 3716 2043 naturali
3737 2004 3818 2041 ex-

2196 2081 2465 2136 cellentia
2485 2084 2722 2152 prastat
2751 2085 2923 2150 atque
2947 2081 3215 2151 imperat,
3239 2079 3297 2132 in
3322 2083 3608 2150 quantum
3632 2092 3821 2131 sensus

2201 2171 2396 2227 carnis
2420 2169 2678 2241 quinque
2700 2170 2940 2239 partitos
2963 2167 3166 2239 implet
3186 2184 3250 2221 ac
3279 2171 3532 2239 vegetat,
3567 2164 3822 2221 dissimili

2199 2257 2680 2330 potentia,sociali
2699 2256 3183 2322 convenientia,in
3199 2261 3487 2326 quantum
3501 2255 3667 2310 etiam
3683 2270 3823 2308 men-

2196 2353 2252 2402 te
2275 2352 2450 2418 atque
2469 2348 2709 2413 ratione,
2733 2347 2886 2418 quod
2912 2345 3173 2401 bestialis
3191 2345 3392 2400 anima
3413 2361 3526 2399 non
3549 2342 3708 2406 valet,
3732 2357 3823 2413 po-

2198 2441 2312 2492 test
2333 2453 2535 2508 sapere
2569 2442 2741 2506 atque
2776 2435 3154 2505 intelligere‘,
3188 2434 3334 2488 vidit
3365 2439 3512 2489 Deus
3539 2433 3672 2504 quia
3703 2430 3818 2486 boni

2199 2531 2371 2594 sunt;
2400 2531 2455 2580 et
2477 2527 2604 2580 ideo
2623 2525 2855 2580 creavit.
2893 2524 3016 2579 Non
3036 2523 3191 2579 enim
3215 2527 3449 2578 tantum
3473 2527 3686 2578 creatos
3703 2537 3818 2592 pos-

2199 2621 2292 2670 tea
2313 2615 2456 2668 vidit
2477 2633 2488 2681 ;
2508 2615 2607 2669 sed
2631 2619 2689 2669 et
2709 2613 2991 2669 creandos
3006 2618 3139 2668 ante
3157 2612 3423 2684 praevidit
3445 2627 3455 2666 :
3477 2617 3532 2666 et
3551 2610 3698 2682 quod
3712 2625 3825 2680 per-

2199 2722 2366 2760 versa
2387 2703 2682 2759 voluntate
2709 2707 2765 2757 et
2780 2719 2928 2757 caeco
2950 2718 3142 2756 errore
3165 2701 3408 2773 maligni
3425 2704 3694 2764 sunt,non
3710 2698 3821 2752 ideo

2200 2793 2344 2848 vidit
2365 2794 2519 2864 quod
2541 2809 2652 2847 non
2669 2796 2865 2846 essent
2882 2790 3415 2859 creandi;przevidit
3437 2790 3587 2845 enim
3615 2787 3708 2842 ubi
3721 2787 3824 2841 sint

2204 2881 2544 2938 ordinandi:
2569 2885 2626 2936 et
2649 2880 2731 2935 sic
2749 2896 2846 2934 eos
2870 2897 2937 2933 ex
2959 2879 3160 2933 eadem
3181 2895 3379 2934 massa
3396 2878 3590 2947 prima
3631 2891 3826 2948 praeva-

2206 2969 2503 3025 ricationis
2534 2970 2738 3024 merito
2765 2970 3043 3023 damnata
3065 2968 3197 3022 fecit
3219 2985 3360 3023 vasa
3383 2967 3751 3036 iris,siusque
3779 2964 3828 3016 in

2206 3060 2383 3115 ﬁnem
2404 3059 2460 3114 in
2482 3059 2589 3114 hac
2608 3058 2973 3130 malignitate
2998 3057 3335 3128 perdurant,
3363 3064 3426 3111 ut
3448 3055 3668 3128 prosint
3695 3051 3829 3108 vasis

2209 3148 2622 3204 misericordiae
2647 3149 2818 3215 (Rom.
2842 3149 3027 3214 1x,22,
3050 3148 3165 3219 23),
3199 3163 3315 3217 quo
3343 3163 3445 3218 per
3482 3160 3677 3200 eorum
3720 3158 3833 3196 acu-

2210 3239 2371 3292 mina
2383 3237 2661 3292 vanitatis
2676 3235 3017 3308 diligentius
3031 3253 3244 3291 arcana
3259 3235 3518 3289 veritatis
3536 3231 3828 3304 inquirant.

2211 3327 2405 3393 Magna
2427 3326 2641 3397 quippe
2664 3342 2829 3396 opera
2848 3327 3073 3380 Domini
3079 3325 3445 3395 ,exquisitain
3469 3337 3646 3378 omnes
3662 3319 3833 3375 volun-

2213 3421 2344 3471 tates
2366 3416 2482 3486 ejus
2506 3415 2679 3486 (Psal.
2707 3432 2795 3480 cx,
2824 3415 2901 3483 2).
2930 3413 3075 3479 Quid
3101 3417 3295 3468 autem
3343 3413 3560 3468 mirum
3596 3413 3681 3464 est
3715 3405 3836 3477 quia

2213 3504 2483 3574 displicet
2513 3503 2779 3557 humanae
2799 3501 3085 3571 stultitiae,
3112 3501 3265 3572 quod
3287 3517 3464 3572 Opera
3485 3515 3593 3555 sua
3633 3496 3838 3569 placent

2215 3593 2418 3648 divina:
2452 3591 2747 3663 sapientiae
2769 3591 2796 3645 ?
2826 3592 2973 3655 Quid
3005 3597 3094 3646 est
3124 3588 3277 3644 enim
3311 3590 3493 3659 aliud,
3533 3587 3665 3646 Vidit
3687 3587 3838 3640 lucem

2216 3683 2346 3753 quia
2373 3683 2510 3736 bona
2539 3689 2636 3748 est,
2672 3681 2784 3735 nisi
2814 3681 2950 3751 quia
2980 3680 3200 3751 placuit
3229 3677 3280 3733 ei
3302 3679 3323 3712 ²
3347 3679 3374 3734 ‘t

2288 3769 2521 3826 CAPUT
2551 3770 2671 3824 VII.
2708 3801 2773 3810 —
2809 3770 2894 3826 10.
2927 3769 3033 3823 Sed
3068 3768 3179 3823 iste
3208 3767 3564 3838 vaniloquus
3596 3761 3843 3832 blasphe-

2221 3864 2430 3926 mator,
2449 3859 2548 3930 qui
2575 3859 2812 3930 scripsit
2831 3857 3045 3912 librum
3097 3855 3399 3927 sacrilegis
3440 3853 3705 3911 conviciis
3734 3848 3844 3921 ple-

2221 3947 2449 4018 num(in
2467 3963 2581 4019 quo
2598 3948 2822 4001 utinam
2839 3963 2984 4017 opus
2999 3947 3126 4016 ejus
3142 3944 3476 4016 displiceret
3490 3945 3742 4007 ei,etnon
3760 3953 3846 4009 pu-

2221 4041 2369 4093 taret
2383 4035 2519 4108 quia
2535 4037 2686 4090 bonu
2699 4053 2752 4089 m
2773 4040 2878 4099 est,
2897 4035 2997 4090 sed
3013 4035 3234 4089 videret
3249 4033 3392 4104 quia
3410 4033 3629 4087 malum
3642 4025 3844 4096 est),vi-

2224 4128 2351 4181 dete
2378 4125 2518 4196 quid
2540 4123 2916 4179 dixerit:Adeo
2940 4131 3109 4178 antea
3129 4124 3382 4187 nescivit,
3399 4120 3609 4192 inquit,
3627 4111 3849 4186 [μωραιά

2223 4220 2382 4282 esset,
2409 4218 2469 4267 ut
2484 4212 2641 4268 modo
2659 4229 2781 4267 eam
2801 4215 3047 4284 primum
3071 4211 3257 4267 videns
3280 4213 3547 4282 optimam
3573 4208 3848 4280 Judicaret.

2229 4306 2375 4375 Ergo
2395 4306 2450 4356 et
2473 4302 2753 4356 Dominus
2773 4301 2945 4357 Jesus
2964 4301 3197 4372 quando
3219 4300 3439 4355 auditis
3460 4298 3648 4354 verbis
3667 4296 3853 4351 Centu-

2228 4391 2410 4448 rionis
2434 4390 2684 4446 miratus
2705 4395 2813 4460 est,
2837 4395 2893 4445 et
2917 4391 3056 4445 dixit
3079 4388 3389 4460 discipulis
3411 4388 3722 4443 suis.Amen
3741 4381 3850 4436 dico

2229 4483 2399 4548 vobis,
2420 4496 2531 4536 non
2552 4482 2741 4535 iuveni
2760 4485 2972 4535 tantam
2993 4478 3154 4549 ﬁdem
3205 4480 3265 4531 in
3305 4480 3479 4533 Israel
3513 4475 3711 4547 (Matth.
3747 4484 3851 4532 vni,

2234 4572 2342 4642 10),
2371 4570 2614 4626 nescivit
2637 4574 2807 4625 antea
2831 4570 2973 4625 fides
2995 4567 3095 4623 illa
3115 4567 3255 4638 quid
3283 4571 3457 4635 esset,
3495 4571 3555 4620 ut
3575 4569 3706 4618 tunc
3735 4572 3846 4614 eam

2235 4661 2491 4732 primum
2525 4659 2730 4716 videns
2764 4658 3046 4730 optimam
3074 4657 3381 4727 judicaret.
3418 4659 3503 4710 An
3533 4653 3693 4709 vero3
3715 4648 3854 4704 alius

2234 4766 2362 4806 eam
2388 4750 2447 4803 in
2471 4749 2641 4804 corde
2665 4747 3036 4804 Centurionis
3059 4748 3615 4818 operabatur,quam
3634 4742 3750 4812 ipse
3769 4733 3853 4806 qui

2237 4837 2662 4894 mirabatur?Et
2685 4837 2940 4909 profecto
2966 4834 3218 4907 amplius
3240 4839 3330 4892 est
3345 4834 3499 4889 unde
3511 4830 3730 4904 possint
3750 4824 3856 4880 bla-

2243 4927 2555 4999 sphemare
2575 4925 2922 4996 insipientes
2942 4929 2994 4979 et
3013 4923 3468 4995 inﬁdeles,quod
3514 4920 3750 4975 miratus
3781 4914 3857 4999 est

2239 4998 2415 5074 Jesus
2429 5021 2937 5088 quantamcumque
2949 5012 3198 5069 hominis
3213 5013 3565 5083 fidem,quam
3579 5005 3723 5080 quod
3739 4998 3860 5057 vidit

2241 5111 2393 5161 Deus
2417 5104 2605 5159 lucem
2619 5101 2756 5176 quia
2769 5103 2919 5158 bona
2941 5106 3256 5157 est.Potest
3268 5100 3423 5156 enim
3437 5098 3683 5171 quisque
3704 5090 3856 5148 etiam

2242 5193 2417 5251 solita
2436 5193 2629 5248 videre
2652 5192 2790 5263 quia
2807 5192 2960 5247 bona
2976 5196 3136 5262 sunt,
3158 5189 3267 5246 hoc
3284 5193 3393 5255 est,
3419 5187 3530 5244 sibi
3563 5202 3628 5241 ea
3673 5177 3860 5254 placita

2244 5280 2923 5354 comprobarezquisquis
2943 5284 3135 5335 autem
3153 5278 3360 5333 miratu
3371 5274 3670 5348 r,profecto
3683 5283 3801 5325 secu
3811 5280 3861 5318 ηε

2246 5374 2389 5428 dum
2419 5370 2897 5427 consuetudinem
2939 5385 3056 5441 qua
3105 5369 3368 5424 homines
3416 5365 3746 5438 loquuntur,
3790 5354 3861 5407 in-

2313 5517 2329 5551 ι
2367 5513 2451 5563 Sic
2479 5513 2604 5575 Mss,
2636 5512 2704 5575 At
2732 5511 2875 5570 editi,
2910 5525 3014 5561 non
3037 5515 3203 5574 potest
3228 5522 3407 5575 sapere
3439 5509 3589 5570 atque
3607 5497 3861 5562 intelligere

2246 5579 2478 5643 possunt,
2511 5574 2643 5643 vidit
2678 5573 2828 5643 Deus,
2847 5578 2948 5643 _etc_.

2314 5643 2335 5674 ι
2366 5631 2546 5687 Plures
2580 5637 2725 5697 Msa,
2755 5631 2855 5686 nisi
2866 5635 3111 5700 placuitei
3129 5650 3147 5698 ;
3178 5635 3392 5693 omisso,
3423 5631 3565 5697 quia.

2318 5703 2340 5737 ⁸
2367 5703 2429 5753 In
2457 5702 2605 5762 Mam,
2632 5702 2724 5750 aut
2750 5713 2884 5750 vero.
