4046 6184
232 340 357 403 613

229 490 377 530 vasa
391 469 803 527 misericordia
824 470 841 541 (
850 470 997 525 Rom.
1021 486 1097 536 Ix,
1120 468 1337 539 20-23),
1353 472 1411 523 et
1431 468 1629 524 studio
1647 484 1886 540 respon-

233 561 416 619 dendi
441 559 847 633 pestilentibus
871 558 1217 627 maledictis,
1244 557 1558 614 adhibeant
1579 575 1780 613 curam
1804 574 1893 613 sa-

238 651 515 707 lubribus
554 648 749 706 dictis.
784 652 924 703 Ecce
953 649 1108 704 enim
1141 648 1199 703 in
1230 665 1296 703 eo
1328 648 1482 719 quod
1524 646 1895 719 reprehendit

237 742 359 799 iste
389 738 647 797 hominis
668 738 1059 805 Conditorem,
1081 737 1221 810 quia
1248 737 1609 810 prohibuerit
1636 753 1769 792 eum
1796 751 1893 789 su-

242 848 407 887 mere
428 830 623 886 cibum
656 827 1069 900 dignoscentiae
1100 828 1235 883 boni
1269 831 1326 884 et
1349 826 1486 882 mali
1517 826 1670 899 (Gen.
1693 843 1755 891 ιι,
1782 824 1893 907 17),

237 930 531 997 tanquam
558 939 685 978 eam
727 922 1032 993 pecoribus
1054 939 1252 994 parem
1295 939 1420 979 esse
1449 921 1730 977 voluisset
1763 935 1894 974 nes-

239 1016 537 1072 cientibus
553 1015 664 1069 ista
686 1012 1220 1081 discernere,ethoc
1232 1012 1281 1069 ei
1303 1016 1573 1085 negasset
1588 1011 1680 1067 cui
1696 1014 1896 1083 potes-

240 1108 429 1160 tatem
474 1103 730 1158 dedisset
772 1100 829 1155 in
864 1101 1102 1167 bestias,
1134 1118 1246 1171 quo
1279 1100 1402 1157 solo
1455 1100 1627 1155 homo
1657 1101 1897 1169 superat

242 1196 506 1260 bestias;
539 1209 716 1265 quam
749 1192 1147 1248 necessarium
1178 1196 1267 1247 est
1294 1191 1425 1246 vitae
1456 1191 1602 1246 bene
1635 1189 1894 1261 agendae,

242 1289 405 1360 quod
437 1286 721 1342 discimus
742 1288 759 1321 ί
785 1285 1054 1356 quaedam
1074 1283 1384 1339 infeliciter
1405 1283 1573 1347 disci,
1599 1287 1657 1337 et
1677 1280 1899 1336 felicius

244 1374 531 1431 nonnulla
551 1373 806 1429 nesciri?
831 1372 1063 1428 Morbos
1084 1373 1241 1428 enim
1258 1377 1316 1427 et
1333 1370 1559 1427 dolores
1574 1374 1793 1441 quanto
1817 1369 1896 1424 fe-

244 1464 423 1520 licius
438 1460 827 1518 nesciremus?
844 1461 903 1517 Si
921 1477 1057 1533 ergo
1075 1460 1338 1516 medicus
1357 1476 1462 1514 nos
1476 1460 1545 1514 ab
1562 1457 1756 1529 aliquo
1770 1456 1898 1513 cibo

248 1554 605 1626 prohiberet,
630 1570 744 1624 quo
776 1556 1007 1624 accepto
1029 1556 1412 1625 aegrotaturos
1433 1567 1560 1607 esse
1584 1549 1898 1621 praesciret,

249 1649 310 1700 et
325 1644 396 1699 ob
416 1643 525 1698 hoc
543 1640 860 1713 appellaret
870 1641 1141 1696 eumdem
1158 1640 1353 1696 cibum
1376 1638 1787 1711 dignoscentia:
1804 1654 1901 1693 sa-

253 1733 459 1789 nitatis
482 1736 539 1787 et
552 1729 1061 1800 imbecillitatis,eo
1076 1730 1227 1801 quod
1246 1729 1561 1801 peripsum‘
1576 1728 1749 1783 homo
1766 1742 1902 1782 cum

255 1826 539 1895 aegrotare
569 1820 861 1892 coepisset,
884 1819 1230 1891 experiendo
1253 1820 1617 1889 dignosceret
1646 1815 1785 1888 quid
1814 1815 1905 1869 in-

254 1919 495 1970 teresset
510 1913 1025 1968 intercontractam
1050 1910 1263 1976 malam
1287 1908 1677 1965 valetudinem
1700 1913 1756 1963 et
1777 1923 1904 1979 per-

263 2004 445 2061 ditam
462 2008 773 2060 sanitatem
798 2004 819 2038 ²
841 2021 854 2071 ;
874 2004 1027 2074 quod
1045 2003 1247 2075 utique
1261 2000 1473 2056 melius
1497 2000 1909 2073 ignorasset,et

265 2092 437 2147 inilla
448 2107 620 2163 quam
645 2090 899 2163 perdidit
911 2089 1162 2145 sanitate
1183 2088 1769 2157 mansisset,credens
1787 2101 1907 2140 me—

262 2181 392 2237 dico
419 2198 518 2253 per
541 2179 956 2248 obedientiam,
975 2196 1089 2235 non
1108 2179 1309 2234 morbo
1328 2194 1431 2250 per
1451 2175 1870 2249 experientiam
1892 2192 1906 2231 :

261 2270 551 2341 numquid
584 2268 761 2325 talem
796 2270 1085 2325 medicum
1109 2268 1389 2323 invidisse
1420 2266 1588 2323 nobis
1619 2263 1912 2336 ejusmodi

263 2360 571 2416 scientiam
589 2359 915 2415 diceremus
933 2357 961 2412 ‘I
990 2357 1130 2421 Quis
1150 2358 1377 2413 dubitet
1393 2355 1615 2411 malum
1632 2372 1760 2411 esse
1781 2370 1916 2426 pec-

267 2454 463 2506 catum
485 2449 514 2503 ?
547 2450 617 2504 Et
644 2454 839 2504 tamen
871 2464 1003 2503 cum
1032 2446 1203 2502 laude
1226 2447 1447 2502 dictum
1471 2450 1560 2502 est
1579 2446 1649 2500 de
1675 2443 1915 2500 Domino

268 2542 293 2595 .l
304 2556 403 2594 esu
422 2538 821 2609 Cbristo,quia
836 2553 945 2592 non
966 2540 1192 2592 noverat
1201 2544 1488 2608 peccatum
1506 2534 1575 2604 (ll
1600 2534 1781 2597 Conv,
1800 2532 1914 2605 21).

275 2628 397 2683 Non
418 2644 554 2700 ergo
574 2631 809 2683 noverat
829 2626 937 2682 hoc
954 2626 1199 2693 malum,
1219 2630 1392 2697 atque
1409 2625 1563 2680 idem
1586 2623 1749 2679 illam
1764 2622 1920 2677 unde

275 2717 456 2772 Adam
476 2716 803 2788 prohibitus
825 2716 1074 2783 est,honi
1091 2715 1294 2770 etmali
1319 2712 1782 2787 dignoscentiam
1803 2727 1917 2766 non

276 2806 549 2861 habebat.
576 2805 674 2861 Hic
697 2806 746 2860 si
769 2810 1086 2877 quaeratur,
1108 2806 1410 2871 Quomodo
1433 2804 1585 2876 quod
1612 2819 1724 2858 non
1749 2817 1920 2857 nove-

276 2901 364 2950 rat
392 2895 723 2967 arguebat?
761 2911 949 2967 neque
978 2893 1133 2949 enim
1164 2897 1401 2965 peccata
1442 2910 1557 2949 non
1591 2892 1872 2964 arguebat
1904 2907 1919 2947 :

276 2983 474 3040 Omnia
504 2988 689 3039 autem
710 3000 829 3055 qum
851 2987 1182 3055 arguuntur,
1207 2981 1515 3038 sicutdicit
1531 2979 1863 3053 Apostolus,
1887 2997 1921 3035 a

273 3074 482 3129 lumine
509 3075 939 3142 mani/testantur
958 3073 1173 3145 (Ephes.
1192 3089 1247 3138 ν,
1272 3072 1359 3142 13)
1385 3089 1397 3126 :
1427 3070 1719 3142 quomodo
1743 3070 1923 3142 igitur

272 3179 305 3218 ιι
322 3179 435 3234 quo
453 3162 873 3235 arguebantur,
886 3162 1308 3234 ignorabantur
1324 3160 1352 3216 ?
1374 3161 1576 3216 Nonne
1598 3158 1922 3215 rectissime

270 3251 742 3324 respondebitur,
757 3255 813 3307 et
835 3255 1089 3317 noverat,
1122 3255 1179 3306 et
1208 3268 1323 3306 non
1342 3250 1622 3305 noverat?
1645 3248 1920 3303 Rectissi-

271 3357 365 3396 me
384 3339 655 3395 omnino:
682 3344 917 3395 noverat
937 3340 1094 3396 enim
1118 3356 1220 3412 per
1242 3339 1733 3411 sapientiam,non
1757 3352 1924 3393 nove-

270 3434 361 3484 rat
393 3445 495 3500 per
517 3428 960 3500 experientiam.
984 3428 1131 3484 Huic
1162 3428 1359 3501 itaque
1388 3428 1595 3484 divina
1619 3425 1919 3498 sapientiai

272 3519 505 3574 credere
525 3517 729 3573 debuit
746 3516 955 3583 Adam,
979 3520 1044 3571 ut
1073 3517 1146 3571 ab
1169 3514 1270 3571 illa
1291 3515 1429 3571 mali
1454 3514 1697 3571 scientia
1717 3531 1841 3585 quae
1861 3513 1926 3567 fit

272 3622 377 3679 per
391 3604 1126 3677 experientiam,prascepto
1138 3602 1238 3659 Dei
1260 3603 1538 3659 obediens
1550 3604 1922 3673 temperaret.

274 3696 370 3750 Sic
398 3694 556 3749 enim
577 3693 798 3748 malum
817 3691 1246 3757 nescisset,nisi
1273 3692 1523 3748 fecisset.
1550 3692 1703 3747 Fecit
1728 3696 1923 3746 autem

275 3785 411 3848 sibi,
436 3800 551 3839 non
576 3782 712 3838 Deo.
736 3782 889 3838 Nihil
911 3782 1067 3837 enim
1092 3782 1276 3837 facere
1310 3781 1498 3853 potuit
1516 3779 1813 3835 voluntate
1834 3779 1924 3834 in-

274 3872 640 3942 obedientia,
675 3871 787 3926 nisi
838 3872 993 3944 quod
1025 3871 1151 3942 ipse
1184 3875 1479 3942 pateretur
1506 3869 1633 3940 lege
1656 3868 1924 3940 justitim.

277 3963 407 4018 Hac
435 3966 523 4016 est
562 3977 815 4031 namque
844 3976 1016 4032 paena
1044 3958 1400 4015 inobedienti
1446 3957 1669 4013 homini
1700 3957 1928 4013 reddita

272 4053 329 4106 in
365 4050 703 4122 semetipso,
729 4055 792 4105 ut
822 4049 873 4106 ei
893 4050 1153 4104 vicissim
1186 4065 1300 4104 non
1324 4048 1630 4103 obediatur
1652 4063 1805 4102 neca
1836 4062 1927 4101 se-

272 4139 549 4212 metipso.
587 4144 661 4193 De
693 4156 808 4211 qua
839 4154 899 4193 re
948 4138 1189 4194 uberius
1219 4136 1277 4192 in
1310 4136 1461 4201 aliis,
1495 4141 1554 4191 et
1586 4136 1834 4192 maxime
1864 4134 1927 4189 in

271 4234 486 4300 quarto
508 4228 730 4284 decimo
751 4227 898 4284 libro
921 4228 991 4283 de
1014 4226 1256 4283 Civitate
1282 4226 1379 4282 Dei
1401 4224 1854 4297 disputavimus.

352 4319 435 4371 19.
472 4318 639 4373 Nunc
670 4322 867 4373 autem
892 4316 1140 4373 breviter
1168 4315 1571 4388 responderim
1603 4315 1673 4370 ad
1692 4314 1750 4369 id
1775 4316 1930 4386 quod

274 4408 362 4463 ait
392 4408 524 4473 iste,
551 4406 807 4462 hominis
833 4405 1231 4461 institutorem
1262 4420 1524 4476 amaguo
1556 4404 1706 4459 bono
1730 4402 1929 4474 prohi-

278 4496 485 4552 buisse
514 4512 685 4567 quem
711 4496 945 4562 fecerat,
966 4495 1108 4549 dum
1139 4510 1275 4549 eum
1308 4493 1500 4565 pecori
1529 4491 1783 4548 similem
1807 4491 1932 4548 sine

278 4584 688 4656 dignoscentia
717 4583 853 4640 boni
885 4587 941 4638 et
971 4581 1112 4638 mali
1142 4599 1270 4638 esse
1299 4581 1598 4637 voluisset.
1625 4585 1753 4636 Haec
1775 4580 1932 4636 enim

278 4674 689 4746 dignoscentia
720 4690 833 4728 non
864 4677 953 4729 est
999 4672 1151 4728 beati
1184 4670 1435 4727 hominis
1486 4670 1796 4742 sapientia,
1832 4669 1933 4725 sed

281 4764 486 4819 miseri
520 4762 874 4835 experientia
904 4778 919 4819 :
950 4762 1107 4818 unde
1134 4760 1362 4832 lignum
1396 4777 1608 4816 nomen
1639 4759 1878 4831 accepit,
1903 4777 1937 4815 a

282 4854 459 4923 cujus
489 4853 616 4908 cibo
646 4856 735 4908 est
754 4851 927 4907 homo
958 4850 1306 4923 prohibitus,
1329 4854 1395 4905 ut
1425 4848 1753 4905 obedientia
1774 4864 1937 4903 com-

285 4942 669 4997 mandaretur
691 4958 816 5013 quas
850 4940 1108 4995 maxima
1127 4947 1215 4995 est
1244 4940 1450 5003 virtus,
1474 4943 1553 5006 et,
1586 4941 1650 4992 ut
1670 4938 1754 4992 sic
1777 4937 1936 4992 dixe-

283 5031 421 5099 rim,
447 5029 713 5085 omnium
732 5030 897 5102 origo
922 5033 1216 5099 materque
1238 5026 1618 5095 virtutum,in
1641 5044 1709 5081 ea
1731 5030 1940 5081 natura

282 5120 379 5175 cui
401 5120 487 5175 sic
502 5120 705 5174 datum
727 5124 816 5173 est
836 5117 1147 5173 arbitrium
1174 5116 1365 5172 liberae
1384 5116 1792 5185 voluntatis,ut
1808 5131 1938 5170 eam

277 5214 482 5264 tamen
514 5224 759 5264 necesse
808 5207 885 5262 sit
926 5207 1114 5262 vivere
1163 5206 1271 5262 sub
1322 5210 1608 5277 potestate
1650 5203 1935 5260 melioris.

280 5300 636 5370 Quanquam
663 5314 775 5353 non
794 5296 1088 5352 defuerint
1105 5295 1319 5367 quibus
1336 5295 1527 5349 visum
1559 5299 1647 5350 est
1669 5293 1829 5348 illam
1853 5292 1939 5348 di-

279 5385 690 5459 gnoscentiam
723 5386 859 5442 boni
893 5390 949 5441 et
978 5383 1114 5439 mali
1143 5400 1421 5455 magnum
1452 5383 1688 5455 aliquod
1722 5383 1940 5438 bonum

280 5477 469 5532 fuisse
502 5492 514 5530 :
545 5476 718 5547 cujus
768 5490 1011 5547 capaces
1059 5474 1321 5529 nondum
1373 5474 1609 5528 fuerunt
1652 5472 1752 5545 qui
1792 5472 1942 5528 hanc

352 5587 368 5621 ¹
402 5584 528 5635 Sola
562 5582 725 5632 editio
755 5584 902 5646 Lov.,
933 5580 1073 5646 quod
1099 5579 1333 5646 dicimus.

350 5648 373 5684 ³
392 5649 451 5697 ln
483 5647 710 5696 excusis.
742 5649 792 5696 et
821 5639 1007 5695 bomim
1032 5643 1292 5709 perditam
1320 5640 1612 5694 sanitatem.
1647 5641 1831 5702 Abest,
1855 5639 1943 5691 bo-

275 5724 431 5773 nam,
463 5724 497 5761 ι
522 5711 653 5761 Mss.
1420 5764 1423 5765 ν

1644 334 1879 396 LIBER
1924 334 2218 399 PRIMUS
2233 382 2245 397 .

3529 341 3650 400 614

2006 474 2357 541 usurpantes
2383 476 2588 528 contra
2616 473 2878 543 vetitum,
2912 490 3014 546 per
3041 474 3495 536 inobedientiam
3523 498 3651 554 pec-

2006 564 2300 614 caverunt.

2076 648 2166 701 20.
2193 648 2415 713 Quibus
2454 654 2647 706 autem
2687 651 2914 709 videtur
2943 653 3026 708 sic
3066 654 3361 713 hominem
3396 659 3519 714 ﬁeri
3551 660 3649 715 de-

2007 736 2225 800 buisse,
2251 741 2309 791 ut
2333 754 2568 808 peccare
2600 739 2809 808 nollet;
2833 759 2949 797 non
2973 742 3055 798 eis
3085 745 3389 817 displiceat
3409 749 3495 804 sic
3524 766 3653 807 esse

2008 824 2248 892 factum,
2303 831 2369 881 ut
2399 844 2511 881 non
2544 834 2742 900 posset
2772 846 3010 901 peccare
3039 832 3087 886 si
3122 834 3316 891 nollet.
3350 837 3650 910 Numquid

2006 913 2184 978 enim,
2217 914 2263 969 si
2298 915 2502 971 melior
2529 922 2683 973 esset
2712 920 2813 990 qui
2852 937 2965 975 non
2997 929 3201 993 posset
3232 943 3489 996 peccare,
3524 928 3651 985 ideo

2009 1018 2121 1057 non
2158 1004 2302 1058 bene
2333 1004 2523 1060 factus
2553 1012 2640 1061 est
2661 1007 2761 1078 qui
2794 1014 2993 1079 posset
3012 1015 3070 1066 et
3100 1029 3212 1068 non
3247 1017 3652 1085 peccare?Aut

2006 1107 2139 1146 vero
2172 1109 2356 1164 usque
2389 1094 2532 1150 adeo
2564 1095 2971 1167 desipiendum
3016 1105 3123 1165 est,
3160 1107 3224 1157 ut
3251 1103 3426 1161 homo
3455 1106 3651 1162 videat

2008 1179 2219 1235 melius
2250 1180 2468 1253 aliquid
2501 1184 2623 1239 ﬁeri
2656 1185 2948 1255 debuisse,
2982 1194 3039 1244 et
3086 1189 3194 1246 hoc
3224 1192 3407 1249 Deum
3438 1196 3653 1255 vidisse

2007 1285 2123 1323 non
2156 1274 2352 1339 putet;
2382 1276 2481 1325 aut
2510 1272 2957 1344 putet'vidisse,
2991 1282 3047 1332 et
3079 1281 3274 1335 credat
3319 1282 3506 1339 facere
3546 1304 3648 1343 no-

2009 1356 2208 1413 huisse
2235 1377 2247 1426 ;
2282 1360 2651 1417 autvoluisse
2669 1364 2925 1435 quidem,
2946 1366 3046 1421 sed
3068 1368 3307 1426 minime
3340 1374 3601 1443 potuisse
3620 1375 3649 1431 7

2011 1448 2238 1502 Avertat
2268 1448 2376 1504 hoc
2408 1449 2559 1506 Deus
2592 1468 2625 1505 a
2654 1453 2927 1509 cordibus
2959 1456 3209 1526 piorum.
3246 1460 3303 1515 Si
3336 1478 3473 1535 ergo
3504 1464 3652 1521 ratio

2010 1540 2168 1592 recta
2198 1538 2580 1610 demonstrat,
2615 1541 2957 1598 rationalem
2980 1551 3302 1603 creaturam
3336 1550 3496 1607 illam
3528 1570 3657 1610 esse

2012 1626 2337 1694 meliorem,
2370 1645 2497 1699 quae
2548 1630 2710 1686 nulla
2739 1631 3134 1690 inobedientia
3185 1638 3399 1694 deserit
3446 1641 3655 1713 Deum,

2013 1733 2188 1788 quam
2223 1718 2397 1773 istam
2431 1736 2556 1790 quae
2604 1720 2689 1776 ita
2718 1722 2973 1777 deseruit
3004 1740 3016 1778 :
3052 1727 3198 1781 sciat
3245 1728 3515 1801 quisquis
3555 1731 3664 1788 hoc

2014 1805 2187 1877 sapit,
2222 1823 2325 1862 nec
2357 1807 2518 1863 illam
2553 1810 2754 1865 deesse
2785 1811 3118 1869 cmlestibus
3151 1817 3324 1872 rebus
3351 1835 3476 1889 qua:
3510 1837 3665 1876 nun-

2016 1911 2191 1966 quam
2224 1896 2440 1951 deserit
2470 1898 2676 1966 Deum,
2711 1917 2815 1955 nec
2865 1900 3039 1956 istam
3072 1904 3153 1959 ita
3180 1922 3306 1960 esse
3358 1908 3569 1964 factam
3603 1913 3670 1965 ut

2015 1983 2214 2055 aliqua
2238 1985 2580 2041 necessitate
2606 1987 2868 2044 deserere
2886 1996 3188 2062 cogeretur
3203 1993 3386 2051 Deum
3411 2011 3425 2062 ;
3449 2001 3507 2052 et
3527 1997 3667 2069 quia

2014 2072 2311 2129 voluntate
2340 2075 2617 2142 deseruit,
2650 2076 2793 2131 nihil
2816 2094 2884 2133 ex
2913 2079 3020 2135 hoc
3051 2080 3407 2139 diminutum
3430 2088 3662 2159 sapien-

2018 2162 2266 2218 tissimis
2306 2163 2790 2235 dispositionibus
2821 2166 2944 2235 Dei,
2977 2169 3078 2240 qui
3130 2176 3185 2227 et
3218 2172 3385 2229 malis
3436 2176 3582 2232 bene
3607 2180 3666 2233 et

2020 2252 2306 2324 perversis
2327 2260 2479 2309 recte
2500 2258 2769 2322 utitur,et
2789 2257 2858 2312 de
2879 2258 3135 2315 humano
3151 2278 3358 2332 genere
3373 2266 3531 2333 jusle
3548 2282 3669 2322 me-

2022 2342 2250 2414 ritoque
2280 2343 2556 2399 damnato
2589 2344 2871 2402 familiam
2908 2353 3172 2405 sanctam
3196 2356 3371 2424 atque
3395 2371 3670 2411 numero-

2024 2447 2172 2498 sam,
2207 2448 2321 2486 non
2374 2432 2503 2502 ejus
2555 2434 2780 2503 merito,
2831 2437 2931 2490 sed
2962 2438 3149 2510 gratia
3181 2457 3289 2496 sua
3337 2443 3569 2512 factam,
3611 2443 3673 2501 in

2024 2527 2305 2575 aeternum
2339 2536 2581 2592 regnum
2614 2538 2677 2577 se
2705 2523 3128 2582 translaturum
3162 2545 3289 2583 esse
3321 2535 3585 2587 testatur.

2094 2609 2184 2663 21.
2218 2608 2351 2673 Quae
2382 2625 2512 2663 cum
2543 2609 2624 2665 ita
2654 2612 2792 2677 sint,
2826 2629 2929 2668 nec
2961 2619 3109 2670 Deus
3148 2617 3437 2675 occultare
3468 2621 3672 2677 debuit

2026 2696 2275 2768 lignum,
2309 2699 2463 2768 quod
2484 2705 2718 2771 propter
2748 2708 3195 2760 consccuturam
3219 2707 3471 2763 hominis
3491 2710 3665 2765 mise-

2025 2785 2247 2851 riam,si
2272 2802 2340 2842 ex
2360 2786 2459 2842 illo
2481 2793 2683 2843 contra
2706 2789 3154 2860 prohibitionem
3178 2801 3457 2867 usurpato
3471 2798 3671 2870 digno-

2027 2881 2212 2930 sceret
2232 2891 2394 2947 aquo
2420 2876 2568 2932 bono
2588 2877 2915 2944 decidisset,
2940 2884 2998 2935 et
3018 2881 3073 2935 in
3097 2885 3249 2952 quod
3276 2885 3496 2942 malum
3520 2886 3671 2943 inci-

2028 2966 2229 3037 disset,
2254 2964 2566 3039 appellavit
2585 2967 2812 3039 lignum
2835 2969 3246 3041 dignoscentiae
3270 2975 3404 3030 boni
3426 2982 3485 3033 et
3507 2977 3669 3034 mali.

2028 3053 2141 3107 Cur
2161 3053 2316 3108 enim
2339 3053 2653 3111 occultaret
2673 3056 2744 3110 de
2765 3072 2878 3127 quo
2902 3058 3246 3114 mandatum
3278 3061 3472 3133 dabat,
3496 3068 3554 3118 et
3574 3081 3678 3134 per

2029 3146 2183 3217 quod
2199 3145 2582 3201 obedientiam
2598 3148 3188 3206 commendabati’Nec
3203 3151 3441 3223 ignarus
3457 3154 3565 3211 fuit
3578 3155 3680 3212 ho-

2032 3235 2246 3290 minem
2280 3240 2689 3306 peccaturum:
2723 3238 2824 3292 sed
2857 3236 3035 3293 simul
3066 3239 3262 3309 etiam,
3291 3243 3680 3315 quidjustiet

2029 3328 2161 3383 boni
2197 3327 2384 3383 fuerat
2413 3332 2470 3382 et
2498 3329 2569 3384 de
2592 3333 2865 3400 peccante
2899 3330 3181 3399 facturus,
3205 3350 3441 3390 summa
3473 3335 3672 3408 utique

2028 3418 2329 3474 divinitate
2359 3418 2664 3490 praescivit.
2711 3419 2823 3475 Nec
2855 3419 3108 3476 instituit
3138 3424 3287 3493 quod
3336 3426 3587 3496 obesset,
3622 3427 3673 3483 si

2029 3510 2203 3565 homo
2217 3509 2329 3565 sibi
2343 3510 2548 3566 obesse
2570 3510 2880 3567 noluisset:
2906 3513 3005 3567 sed
3030 3513 3225 3584 potius
3245 3515 3500 3572 instituit
3517 3518 3672 3588 quod

2029 3602 2367 3674 prodesset;
2397 3601 2536 3673 quia
2566 3601 2740 3658 homo
2770 3619 2885 3659 non
2909 3602 3035 3660 sine
3068 3606 3218 3660 bona
3249 3609 3512 3664 mercede
3542 3610 3678 3666 obe-

2030 3691 2310 3749 dientiam
2343 3692 2717 3759 custodisset,
2750 3698 2807 3748 et
2839 3711 2952 3749 non
2984 3695 3110 3751 sine
3143 3696 3272 3751 utili
3303 3700 3589 3770 exemplo,
3614 3704 3680 3755 ut

2031 3799 2159 3839 eam
2190 3781 2374 3837 sancti
2408 3782 2536 3852 ejus
2570 3783 2783 3853 posteri
2836 3784 3215 3853 custodirent,
3250 3803 3451 3857 poenas
3484 3788 3682 3845 inobe-

2032 3871 2261 3927 dientia
2286 3870 2673 3942 persolvisset.
2701 3872 2813 3927 Nec
2834 3872 3179 3944 voluitquod
3196 3892 3308 3931 non
3333 3877 3522 3947 potuit
3541 3896 3552 3933 :
3570 3877 3680 3935 hoc

2031 3963 2185 4017 enim
2208 3960 2408 4025 voluit,
2434 3968 2496 4017 ut
2527 3968 2630 4017 aut
2659 3963 2935 4019 obediens
2960 3965 3133 4020 homo
3154 3972 3328 4037 esset,
3352 3971 3453 4023 aut
3484 3969 3679 4025 inobe-

2032 4054 2199 4109 diens
2221 4054 2460 4126 impune
2474 4071 2587 4110 non
2610 4055 2901 4111 esset.Nec
2923 4056 3284 4114 infructuose
3307 4058 3678 4132 voluit,quod

2034 4146 2207 4201 homo
2226 4163 2339 4201 non
2358 4146 2545 4201 fuerat
2570 4152 2927 4217 servaturus,
2941 4148 3149 4218 jubere
3174 4167 3186 4204 ε
3207 4150 3345 4221 quia
3362 4168 3532 4222 poena
3548 4169 3681 4208 con-

2032 4236 2344 4306 temptoris
2376 4235 2575 4291 docuit
2599 4236 2743 4290 alios
2773 4236 3026 4292 obedire.
3055 4237 3167 4294 Nec
3198 4238 3255 4292 in
3289 4238 3523 4296 homine
3546 4259 3682 4312 pars

2034 4324 2135 4379 Dei
2169 4324 2383 4380 restitit
2412 4330 2527 4379 Deo
2561 4342 2573 4380 :
2608 4328 2742 4396 quia
2796 4324 2845 4379 si
2894 4325 3150 4382 hominis
3190 4327 3387 4383 anima
3418 4346 3552 4400 pars
3587 4330 3685 4386 Dei

2036 4419 2211 4485 esset,
2245 4431 2350 4470 nec
2380 4432 2413 4470 a
2445 4431 2506 4470 se
2558 4414 2708 4486 ipsa,
2740 4431 2846 4470 nec
2892 4415 2963 4471 ab
2995 4415 3189 4488 aliquo
3238 4418 3451 4490 decipi,
3480 4436 3585 4475 nec
3615 4420 3688 4476 ad

2036 4504 2256 4575 aliquid
2291 4505 2442 4561 male
2482 4506 2835 4573 faciendum,
2870 4506 2990 4561 sive
3040 4506 3405 4579 patiendum,
3439 4508 3560 4565 ulla
3589 4527 3691 4568 ne-

2037 4595 2307 4651 cessitate
2337 4595 2625 4667 compelli,
2660 4611 2763 4650 nec
2800 4594 2857 4649 in
2893 4595 3102 4652 melius
3132 4595 3219 4651 vel
3268 4597 3524 4654 deterius
3556 4615 3686 4656 mn-

2038 4687 2145 4742 tari
2173 4686 2412 4742 omnino
2442 4686 2747 4759 potuisset.

2106 4778 2197 4834 22.
2228 4777 2428 4833 Flatus
2460 4782 2655 4833 autem
2686 4775 2785 4832 ille
2815 4776 2916 4832 Dei
2947 4776 3047 4849 qui
3076 4777 3375 4833 hominem
3408 4780 3689 4837 animavit

2039 4864 2193 4938 (Gen.
2230 4882 2268 4933 ι,
2287 4866 2365 4936 7),
2391 4865 2579 4919 factus
2601 4868 2690 4919 est
2717 4865 2789 4919 ab
2808 4864 2956 4936 ipso,
2983 4882 3099 4921 non
3123 4867 3191 4921 de
3213 4867 3338 4938 ipso
3361 4870 3399 4921 ί.
3418 4868 3562 4933 Quia
3582 4885 3687 4924 nec

2041 4954 2299 5011 hominis
2322 4952 2778 5024 ﬂatus,hominis
2792 4970 2927 5025 pars
2941 4958 3056 5022 est;
3082 4972 3187 5011 nec
3206 4955 3381 5011 homo
3399 4973 3532 5011 eum
3552 4957 3690 5013 facit

2042 5042 2112 5097 de
2143 5059 2204 5097 se
2234 5042 2381 5114 ipso,
2416 5042 2517 5096 sed
2567 5058 2636 5096 ex
2663 5041 2818 5097 aerio
2867 5039 3052 5097 halitu
3084 5048 3319 5114 sumpto
3366 5048 3423 5097 et
3454 5044 3637 5100 effuso
3672 5059 3687 5100 :

2041 5133 2194 5189 Deus
2218 5149 2347 5188 vero
2375 5132 2560 5204 potuit
2590 5132 2738 5187 etde
2769 5131 2974 5199 nihilo,
2998 5136 3056 5188 et
3084 5133 3277 5189 vivum
3313 5133 3687 5191 rationalem-

2042 5238 2155 5294 que
2176 5223 2218 5291 ³,
2247 5223 2402 5293 quod
2426 5239 2541 5278 non
2566 5227 2757 5294 potest
2782 5221 3255 5287 homo.Quamvis
3282 5221 3545 5276 nonnulli
3567 5225 3685 5279 exi-

2042 5312 2412 5367 stimentnon
2430 5316 2569 5366 tunc
2582 5312 2905 5367 animatum
2921 5310 3689 5383 primumhominem,quan-

2044 5405 2116 5459 do
2148 5403 2301 5458 Deus
2346 5403 2404 5458 in
2454 5404 2583 5474 ejus
2614 5402 2821 5458 faciem
2864 5402 3136 5468 sufﬂavit,
3169 5406 3225 5456 et
3273 5401 3459 5459 factus
3507 5409 3596 5460 est
3626 5406 3686 5463 in

2107 5518 2125 5552 ί
2162 5514 2330 5563 Editio
2361 5516 2484 5573 Lov,
2517 5529 2617 5563 non
2648 5514 2712 5562 de
2741 5528 2793 5561 se
2821 5515 2946 5575 ipso.
2977 5512 3151 5561 Minus
3178 5513 3332 5563 bene.

2109 5580 2129 5613 ⁸
2161 5578 2252 5627 Hic
2284 5578 2400 5626 Am.
2426 5578 2513 5640 Er.
2550 5582 2602 5625 et
2629 5577 2831 5639 aliquot
2859 5577 2981 5623 Mss.
3011 5575 3231 5640 addunt,
3251 5576 3433 5640 potuit.
3466 5578 3690 5635 Quidam

2045 5639 2534 5709 codices,"re_d_dere_.
2582 5638 2873 5709 Lov,’cum
2928 5638 3202 5709 nonnullis
3240 5638 3356 5690 aliis
3401 5640 3695 5709 codicibus,

2044 5706 2233 5769 facere.
2264 5703 2525 5753 Omittth
2543 5701 2801 5765 praecipui
2827 5701 3202 5765 manuscripti.
