  <div class='ocr_page' id='page_1' title='image "/cluster/home/n/w/nwhite01/storage/ocr_20150623/42/hvd.32044096580642/313.png"; bbox 0 0 4056 6178; ppageno 0'>
   <div class='ocr_carea' id='block_1_1' title="bbox 437 314 556 373">
    <p class='ocr_par' dir='ltr' id='par_1_1' title="bbox 437 314 556 373">
     <span class='ocr_line' id='line_1_1' title="bbox 437 314 556 373; baseline 0 -1"><span class='ocrx_word' id='word_1_1' title='bbox 437 314 556 373; x_wconf 82' lang='grc'>615</span> 
     </span>
    </p>
   </div>
   <div class='ocr_carea' id='block_1_2' title="bbox 439 436 2078 511">
    <p class='ocr_par' dir='ltr' id='par_1_2' title="bbox 439 436 2078 511">
     <span class='ocr_line' id='line_1_2' title="bbox 439 436 2078 511; baseline -0.011 -8"><span class='ocrx_word' id='word_1_2' title='bbox 439 448 697 503; x_wconf 89' lang='lat' dir='ltr'>animam</span> <span class='ocrx_word' id='word_1_3' title='bbox 728 446 917 500; x_wconf 89' lang='lat' dir='ltr'>vivam</span> <span class='ocrx_word' id='word_1_4' title='bbox 947 463 960 511; x_wconf 88' lang='lat'><strong>;</strong></span> <span class='ocrx_word' id='word_1_5' title='bbox 995 445 1093 499; x_wconf 92' lang='lat' dir='ltr'>sed</span> <span class='ocrx_word' id='word_1_6' title='bbox 1125 448 1266 497; x_wconf 83' lang='lat' dir='ltr'>tunc</span> <span class='ocrx_word' id='word_1_7' title='bbox 1297 438 1590 509; x_wconf 75' lang='lat' dir='ltr'>accepisse</span> <span class='ocrx_word' id='word_1_8' title='bbox 1619 436 1899 506; x_wconf 76' lang='lat' dir='ltr'>Spiritum</span> <span class='ocrx_word' id='word_1_9' title='bbox 1948 449 2078 488; x_wconf 85' lang='lat' dir='ltr'>san-</span> 
     </span>
    </p>
   </div>
   <div class='ocr_carea' id='block_1_3' title="bbox 436 525 2079 601">
    <p class='ocr_par' dir='ltr' id='par_1_3' title="bbox 436 525 2079 601">
     <span class='ocr_line' id='line_1_3' title="bbox 436 525 2079 601; baseline -0.011 -9"><span class='ocrx_word' id='word_1_10' title='bbox 436 541 616 592; x_wconf 90' lang='lat' dir='ltr'>ctum.</span> <span class='ocrx_word' id='word_1_11' title='bbox 658 535 968 601; x_wconf 80' lang='lat' dir='ltr'>Quodlibet</span> <span class='ocrx_word' id='word_1_12' title='bbox 1041 539 1233 586; x_wconf 85' lang='lat' dir='ltr'>autem</span> <span class='ocrx_word' id='word_1_13' title='bbox 1292 530 1498 584; x_wconf 89' lang='lat' dir='ltr'>horum</span> <span class='ocrx_word' id='word_1_14' title='bbox 1533 525 1869 581; x_wconf 77' lang='lat' dir='ltr'>credibilius</span> <span class='ocrx_word' id='word_1_15' title='bbox 1891 526 2079 576; x_wconf 90' lang='lat' dir='ltr'>osten-</span> 
     </span>
    </p>
   </div>
   <div class='ocr_carea' id='block_1_4' title="bbox 431 609 2077 691">
    <p class='ocr_par' dir='ltr' id='par_1_4' title="bbox 431 609 2077 691">
     <span class='ocr_line' id='line_1_4' title="bbox 431 609 2077 691; baseline -0.01 -11"><span class='ocrx_word' id='word_1_16' title='bbox 431 627 622 691; x_wconf 80' lang='lat' dir='ltr'>datur,</span> <span class='ocrx_word' id='word_1_17' title='bbox 687 625 840 678; x_wconf 92' lang='lat' dir='ltr'>unde</span> <span class='ocrx_word' id='word_1_18' title='bbox 894 639 1050 677; x_wconf 89' lang='lat' dir='ltr'>nunc</span> <span class='ocrx_word' id='word_1_19' title='bbox 1110 621 1347 691; x_wconf 89' lang='lat' dir='ltr'>longum</span> <span class='ocrx_word' id='word_1_20' title='bbox 1405 622 1492 672; x_wconf 90' lang='lat' dir='ltr'>est</span> <span class='ocrx_word' id='word_1_21' title='bbox 1550 616 1898 685; x_wconf 74' lang='lat' dir='ltr'>disputare;</span> <span class='ocrx_word' id='word_1_22' title='bbox 1951 609 2077 664; x_wconf 90' lang='lat' dir='ltr'>ani-</span> 
     </span>
    </p>
   </div>
   <div class='ocr_carea' id='block_1_5' title="bbox 431 702 2078 780">
    <p class='ocr_par' dir='ltr' id='par_1_5' title="bbox 431 702 2078 780">
     <span class='ocr_line' id='line_1_5' title="bbox 431 702 2078 780; baseline -0.01 -12"><span class='ocrx_word' id='word_1_23' title='bbox 431 729 588 768; x_wconf 88' lang='lat' dir='ltr'>mam</span> <span class='ocrx_word' id='word_1_24' title='bbox 621 717 817 767; x_wconf 91' lang='lat' dir='ltr'>tamen</span> <span class='ocrx_word' id='word_1_25' title='bbox 851 729 964 766; x_wconf 91' lang='lat' dir='ltr'>non</span> <span class='ocrx_word' id='word_1_26' title='bbox 999 727 1126 764; x_wconf 89' lang='lat' dir='ltr'>esse</span> <span class='ocrx_word' id='word_1_27' title='bbox 1158 714 1380 780; x_wconf 90' lang='lat' dir='ltr'>partem</span> <span class='ocrx_word' id='word_1_28' title='bbox 1416 707 1536 774; x_wconf 85' lang='lat' dir='ltr'>Dei,</span> <span class='ocrx_word' id='word_1_29' title='bbox 1572 721 1676 759; x_wconf 90' lang='lat' dir='ltr'>nec</span> <span class='ocrx_word' id='word_1_30' title='bbox 1709 704 1778 757; x_wconf 91' lang='lat' dir='ltr'>de</span> <span class='ocrx_word' id='word_1_31' title='bbox 1809 702 2078 754; x_wconf 85' lang='lat' dir='ltr'>substan-</span> 
     </span>
    </p>
   </div>
   <div class='ocr_carea' id='block_1_6' title="bbox 428 790 2076 870">
    <p class='ocr_par' dir='ltr' id='par_1_6' title="bbox 428 790 2076 870">
     <span class='ocr_line' id='line_1_6' title="bbox 428 790 2076 870; baseline -0.01 -13"><span class='ocrx_word' id='word_1_32' title='bbox 428 803 512 857; x_wconf 86' lang='lat' dir='ltr'>tia</span> <span class='ocrx_word' id='word_1_33' title='bbox 540 806 598 857; x_wconf 91' lang='lat' dir='ltr'>et</span> <span class='ocrx_word' id='word_1_34' title='bbox 650 808 857 856; x_wconf 86' lang='lat' dir='ltr'>natura</span> <span class='ocrx_word' id='word_1_35' title='bbox 907 802 1034 870; x_wconf 89' lang='lat' dir='ltr'>ejus</span> <span class='ocrx_word' id='word_1_36' title='bbox 1078 803 1329 854; x_wconf 75' lang='lat' dir='ltr'>creatam</span> <span class='ocrx_word' id='word_1_37' title='bbox 1364 797 1485 850; x_wconf 83' lang='lat' dir='ltr'>sive</span> <span class='ocrx_word' id='word_1_38' title='bbox 1535 794 1840 865; x_wconf 79' lang='lat' dir='ltr'>prolatam,</span> <span class='ocrx_word' id='word_1_39' title='bbox 1876 790 1974 843; x_wconf 88' lang='lat' dir='ltr'>sed</span> <span class='ocrx_word' id='word_1_40' title='bbox 2009 805 2076 842; x_wconf 84' lang='lat' dir='ltr'>ex</span> 
     </span>
    </p>
   </div>
   <div class='ocr_carea' id='block_1_7' title="bbox 431 888 1584 956">
    <p class='ocr_par' dir='ltr' id='par_1_7' title="bbox 431 888 1584 956">
     <span class='ocr_line' id='line_1_7' title="bbox 431 888 1584 956; baseline -0.008 -10"><span class='ocrx_word' id='word_1_41' title='bbox 431 891 614 946; x_wconf 88' lang='lat' dir='ltr'>nihilo</span> <span class='ocrx_word' id='word_1_42' title='bbox 644 892 876 956; x_wconf 89' lang='lat' dir='ltr'>factam,</span> <span class='ocrx_word' id='word_1_43' title='bbox 911 889 1178 944; x_wconf 86' lang='lat' dir='ltr'>dubitare</span> <span class='ocrx_word' id='word_1_44' title='bbox 1214 888 1297 942; x_wconf 87' lang='lat' dir='ltr'>fas</span> <span class='ocrx_word' id='word_1_45' title='bbox 1328 902 1443 940; x_wconf 92' lang='lat' dir='ltr'>non</span> <span class='ocrx_word' id='word_1_46' title='bbox 1476 890 1584 939; x_wconf 83' lang='lat' dir='ltr'>est.</span> 
     </span>
    </p>
   </div>
   <div class='ocr_carea' id='block_1_8' title="bbox 501 967 2074 1044">
    <p class='ocr_par' dir='ltr' id='par_1_8' title="bbox 501 967 2074 1044">
     <span class='ocr_line' id='line_1_8' title="bbox 501 967 2074 1044; baseline -0.011 -8"><span class='ocrx_word' id='word_1_47' title='bbox 501 979 734 1036; x_wconf 86' lang='lat' dir='ltr'>CAPUT</span> <span class='ocrx_word' id='word_1_48' title='bbox 761 978 870 1033; x_wconf 85' lang='lat' dir='ltr'>XV.</span> <span class='ocrx_word' id='word_1_49' title='bbox 895 1009 963 1018; x_wconf 92' lang='lat'>—</span> <span class='ocrx_word' id='word_1_50' title='bbox 983 979 1072 1031; x_wconf 83' lang='lat'>23.</span> <span class='ocrx_word' id='word_1_51' title='bbox 1098 977 1221 1031; x_wconf 89' lang='lat' dir='ltr'>Non</span> <span class='ocrx_word' id='word_1_52' title='bbox 1255 975 1470 1044; x_wconf 79' lang='lat' dir='ltr'>itaque,</span> <span class='ocrx_word' id='word_1_53' title='bbox 1500 973 1650 1027; x_wconf 83' lang='lat' dir='ltr'>sicut</span> <span class='ocrx_word' id='word_1_54' title='bbox 1671 969 1750 1024; x_wconf 91' lang='lat' dir='ltr'>ait</span> <span class='ocrx_word' id='word_1_55' title='bbox 1779 968 1889 1022; x_wconf 91' lang='lat' dir='ltr'>iste</span> <span class='ocrx_word' id='word_1_56' title='bbox 1923 967 2074 1021; x_wconf 88' lang='lat' dir='ltr'>blas-</span> 
     </span>
    </p>
   </div>
   <div class='ocr_carea' id='block_1_9' title="bbox 427 1059 2072 1140">
    <p class='ocr_par' dir='ltr' id='par_1_9' title="bbox 427 1059 2072 1140">
     <span class='ocr_line' id='line_1_9' title="bbox 427 1059 2072 1140; baseline -0.01 -15"><span class='ocrx_word' id='word_1_57' title='bbox 427 1069 698 1140; x_wconf 89' lang='lat' dir='ltr'>phemus,</span> <span class='ocrx_word' id='word_1_58' title='bbox 741 1068 1033 1123; x_wconf 82' lang='lat' dir='ltr'>invenitur</span> <span class='ocrx_word' id='word_1_59' title='bbox 1062 1081 1303 1136; x_wconf 88' lang='lat' dir='ltr'>serpens</span> <span class='ocrx_word' id='word_1_60' title='bbox 1343 1064 1400 1117; x_wconf 94' lang='lat' dir='ltr'>in</span> <span class='ocrx_word' id='word_1_61' title='bbox 1443 1061 1568 1116; x_wconf 94' lang='lat' dir='ltr'>loco</span> <span class='ocrx_word' id='word_1_62' title='bbox 1620 1059 1855 1114; x_wconf 76' lang='lat' dir='ltr'>meliore</span> <span class='ocrx_word' id='word_1_63' title='bbox 1896 1073 2072 1127; x_wconf 85' lang='lat' dir='ltr'>quam</span> 
     </span>
    </p>
   </div>
   <div class='ocr_carea' id='block_1_10' title="bbox 425 1148 2075 1229">
    <p class='ocr_par' dir='ltr' id='par_1_10' title="bbox 425 1148 2075 1229">
     <span class='ocr_line' id='line_1_10' title="bbox 425 1148 2075 1229; baseline -0.01 -15"><span class='ocrx_word' id='word_1_64' title='bbox 425 1158 749 1229; x_wconf 88' lang='lat' dir='ltr'>Deus,quia</span> <span class='ocrx_word' id='word_1_65' title='bbox 762 1155 1060 1228; x_wconf 72' lang='lat' dir='ltr'>praevaluit</span> <span class='ocrx_word' id='word_1_66' title='bbox 1077 1155 1341 1224; x_wconf 90' lang='lat' dir='ltr'>decipere</span> <span class='ocrx_word' id='word_1_67' title='bbox 1353 1152 1647 1224; x_wconf 78' lang='lat' dir='ltr'>hominem</span> <span class='ocrx_word' id='word_1_68' title='bbox 1669 1164 1840 1219; x_wconf 87' lang='lat' dir='ltr'>quem</span> <span class='ocrx_word' id='word_1_69' title='bbox 1864 1148 2075 1200; x_wconf 80' lang='lat' dir='ltr'>fecerat</span> 
     </span>
    </p>
   </div>
   <div class='ocr_carea' id='block_1_11' title="bbox 425 1235 2074 1316">
    <p class='ocr_par' dir='ltr' id='par_1_11' title="bbox 425 1235 2074 1316">
     <span class='ocr_line' id='line_1_11' title="bbox 425 1235 2074 1316; baseline -0.009 -12"><span class='ocrx_word' id='word_1_70' title='bbox 425 1248 578 1304; x_wconf 88' lang='lat' dir='ltr'>Deus</span> <span class='ocrx_word' id='word_1_71' title='bbox 611 1247 761 1316; x_wconf 83' lang='lat' dir='ltr'>(Gen.</span> <span class='ocrx_word' id='word_1_72' title='bbox 796 1264 880 1310; x_wconf 89' lang='lat' dir='ltr'>III,</span> <span class='ocrx_word' id='word_1_73' title='bbox 901 1245 1039 1315; x_wconf 85' lang='grc'>1-6).</span> <span class='ocrx_word' id='word_1_74' title='bbox 1060 1243 1229 1300; x_wconf 90' lang='lat' dir='ltr'>Nullo</span> <span class='ocrx_word' id='word_1_75' title='bbox 1259 1242 1413 1298; x_wconf 91' lang='lat' dir='ltr'>enim</span> <span class='ocrx_word' id='word_1_76' title='bbox 1449 1240 1621 1295; x_wconf 92' lang='lat' dir='ltr'>modo</span> <span class='ocrx_word' id='word_1_77' title='bbox 1653 1239 1826 1292; x_wconf 91' lang='lat' dir='ltr'>homo</span> <span class='ocrx_word' id='word_1_78' title='bbox 1853 1235 2074 1304; x_wconf 89' lang='lat' dir='ltr'>decipe-</span> 
     </span>
    </p>
   </div>
   <div class='ocr_carea' id='block_1_12' title="bbox 425 1325 2068 1404">
    <p class='ocr_par' dir='ltr' id='par_1_12' title="bbox 425 1325 2068 1404">
     <span class='ocr_line' id='line_1_12' title="bbox 425 1325 2068 1404; baseline -0.01 -11"><span class='ocrx_word' id='word_1_79' title='bbox 425 1345 602 1404; x_wconf 86' lang='lat' dir='ltr'>retur,</span> <span class='ocrx_word' id='word_1_80' title='bbox 637 1337 683 1392; x_wconf 90' lang='lat' dir='ltr'>si</span> <span class='ocrx_word' id='word_1_81' title='bbox 721 1353 832 1390; x_wconf 92' lang='lat' dir='ltr'>non</span> <span class='ocrx_word' id='word_1_82' title='bbox 866 1336 923 1389; x_wconf 90' lang='lat' dir='ltr'>in</span> <span class='ocrx_word' id='word_1_83' title='bbox 956 1351 1016 1389; x_wconf 93' lang='lat' dir='ltr'>se</span> <span class='ocrx_word' id='word_1_84' title='bbox 1045 1333 1293 1388; x_wconf 79' lang='lat' dir='ltr'>exaltato</span> <span class='ocrx_word' id='word_1_85' title='bbox 1319 1331 1489 1386; x_wconf 90' lang='lat' dir='ltr'>corde</span> <span class='ocrx_word' id='word_1_86' title='bbox 1520 1327 1856 1382; x_wconf 81' lang='lat' dir='ltr'>recessisset</span> <span class='ocrx_word' id='word_1_87' title='bbox 1879 1343 1911 1378; x_wconf 90' lang='lat' dir='ltr'>a</span> <span class='ocrx_word' id='word_1_88' title='bbox 1935 1325 2068 1378; x_wconf 90' lang='lat' dir='ltr'>Deo.</span> 
     </span>
    </p>
   </div>
   <div class='ocr_carea' id='block_1_13' title="bbox 423 1414 2073 1498">
    <p class='ocr_par' dir='ltr' id='par_1_13' title="bbox 423 1414 2073 1498">
     <span class='ocr_line' id='line_1_13' title="bbox 423 1414 2073 1498; baseline -0.008 -18"><span class='ocrx_word' id='word_1_89' title='bbox 423 1428 574 1483; x_wconf 86' lang='lat' dir='ltr'>Vera</span> <span class='ocrx_word' id='word_1_90' title='bbox 593 1425 827 1498; x_wconf 87' lang='lat' dir='ltr'>quippe,</span> <span class='ocrx_word' id='word_1_91' title='bbox 852 1424 1128 1495; x_wconf 89' lang='lat' dir='ltr'>quoniam</span> <span class='ocrx_word' id='word_1_92' title='bbox 1154 1421 1346 1476; x_wconf 88' lang='lat' dir='ltr'>divina</span> <span class='ocrx_word' id='word_1_93' title='bbox 1369 1417 1584 1485; x_wconf 85' lang='lat' dir='ltr'>est,illa</span> <span class='ocrx_word' id='word_1_94' title='bbox 1607 1414 1921 1471; x_wconf 90' lang='lat' dir='ltr'>sententia:</span> <span class='ocrx_word' id='word_1_95' title='bbox 1941 1415 2073 1467; x_wconf 79' lang='lat' dir='ltr'>Ante</span> 
     </span>
    </p>
   </div>
   <div class='ocr_carea' id='block_1_14' title="bbox 425 1505 2071 1582">
    <p class='ocr_par' dir='ltr' id='par_1_14' title="bbox 425 1505 2071 1582">
     <span class='ocr_line' id='line_1_14' title="bbox 425 1505 2071 1582; baseline -0.01 -10"><span class='ocrx_word' id='word_1_96' title='bbox 425 1519 651 1572; x_wconf 79' lang='lat' dir='ltr'>ruinam</span> <span class='ocrx_word' id='word_1_97' title='bbox 681 1516 967 1569; x_wconf 73' lang='lat' dir='ltr'>exaltatur</span> <span class='ocrx_word' id='word_1_98' title='bbox 1011 1529 1104 1566; x_wconf 88' lang='lat' dir='ltr'>cor</span> <span class='ocrx_word' id='word_1_99' title='bbox 1132 1513 1309 1582; x_wconf 88' lang='lat' dir='ltr'>(Prov.</span> <span class='ocrx_word' id='word_1_100' title='bbox 1347 1526 1458 1573; x_wconf 78' lang='lat' dir='ltr'>xvr,</span> <span class='ocrx_word' id='word_1_101' title='bbox 1499 1508 1602 1578; x_wconf 86' lang='grc'>18).</span> <span class='ocrx_word' id='word_1_102' title='bbox 1639 1507 1705 1560; x_wconf 85' lang='lat' dir='ltr'>Et</span> <span class='ocrx_word' id='word_1_103' title='bbox 1738 1505 1832 1558; x_wconf 89' lang='lat' dir='ltr'>ubi</span> <span class='ocrx_word' id='word_1_104' title='bbox 1868 1508 2071 1557; x_wconf 91' lang='lat' dir='ltr'>contra</span> 
     </span>
    </p>
   </div>
   <div class='ocr_carea' id='block_1_15' title="bbox 427 1594 2067 1670">
    <p class='ocr_par' dir='ltr' id='par_1_15' title="bbox 427 1594 2067 1670">
     <span class='ocr_line' id='line_1_15' title="bbox 427 1594 2067 1670; baseline -0.011 -8"><span class='ocrx_word' id='word_1_105' title='bbox 427 1607 612 1662; x_wconf 89' lang='lat' dir='ltr'>Deum</span> <span class='ocrx_word' id='word_1_106' title='bbox 645 1603 947 1670; x_wconf 83' lang='lat' dir='ltr'>exaltatur,</span> <span class='ocrx_word' id='word_1_107' title='bbox 972 1602 1050 1655; x_wconf 88' lang='lat' dir='ltr'>ibi</span> <span class='ocrx_word' id='word_1_108' title='bbox 1084 1601 1154 1654; x_wconf 93' lang='lat' dir='ltr'>ab</span> <span class='ocrx_word' id='word_1_109' title='bbox 1187 1599 1283 1652; x_wconf 91' lang='lat' dir='ltr'>illo</span> <span class='ocrx_word' id='word_1_110' title='bbox 1307 1597 1615 1662; x_wconf 84' lang='lat' dir='ltr'>deseritur,</span> <span class='ocrx_word' id='word_1_111' title='bbox 1642 1602 1698 1649; x_wconf 92' lang='lat' dir='ltr'>et</span> <span class='ocrx_word' id='word_1_112' title='bbox 1729 1594 1782 1648; x_wconf 92' lang='lat' dir='ltr'>in</span> <span class='ocrx_word' id='word_1_113' title='bbox 1816 1610 1876 1646; x_wconf 88' lang='lat' dir='ltr'>se</span> <span class='ocrx_word' id='word_1_114' title='bbox 1906 1600 2067 1645; x_wconf 88' lang='lat' dir='ltr'>tene-</span> 
     </span>
    </p>
   </div>
   <div class='ocr_carea' id='block_1_16' title="bbox 427 1683 2071 1757">
    <p class='ocr_par' dir='ltr' id='par_1_16' title="bbox 427 1683 2071 1757">
     <span class='ocr_line' id='line_1_16' title="bbox 427 1683 2071 1757; baseline -0.009 -7"><span class='ocrx_word' id='word_1_115' title='bbox 427 1693 809 1757; x_wconf 84' lang='lat' dir='ltr'>bratur.Quid</span> <span class='ocrx_word' id='word_1_116' title='bbox 834 1697 1029 1747; x_wconf 86' lang='lat' dir='ltr'>autem</span> <span class='ocrx_word' id='word_1_117' title='bbox 1053 1688 1344 1755; x_wconf 82' lang='lat' dir='ltr'>mirum,si</span> <span class='ocrx_word' id='word_1_118' title='bbox 1363 1688 1501 1740; x_wconf 90' lang='lat' dir='ltr'>dum</span> <span class='ocrx_word' id='word_1_119' title='bbox 1525 1683 2071 1742; x_wconf 80' lang='lat' dir='ltr'>tenebratur,nescit</span> 
     </span>
    </p>
   </div>
   <div class='ocr_carea' id='block_1_17' title="bbox 428 1771 2066 1856">
    <p class='ocr_par' dir='ltr' id='par_1_17' title="bbox 428 1771 2066 1856">
     <span class='ocr_line' id='line_1_17' title="bbox 428 1771 2066 1856; baseline -0.01 -17"><span class='ocrx_word' id='word_1_120' title='bbox 428 1785 567 1856; x_wconf 90' lang='lat' dir='ltr'>quid</span> <span class='ocrx_word' id='word_1_121' title='bbox 600 1789 879 1854; x_wconf 90' lang='lat' dir='ltr'>sequatur</span> <span class='ocrx_word' id='word_1_122' title='bbox 914 1797 926 1836; x_wconf 93' lang='lat'><strong>:</strong></span> <span class='ocrx_word' id='word_1_123' title='bbox 959 1779 1236 1852; x_wconf 89' lang='lat' dir='ltr'>quoniam</span> <span class='ocrx_word' id='word_1_124' title='bbox 1271 1794 1384 1831; x_wconf 93' lang='lat' dir='ltr'>non</span> <span class='ocrx_word' id='word_1_125' title='bbox 1417 1793 1449 1830; x_wconf 89' lang='lat' dir='ltr'>a</span> <span class='ocrx_word' id='word_1_126' title='bbox 1480 1792 1539 1829; x_wconf 91' lang='lat' dir='ltr'>se</span> <span class='ocrx_word' id='word_1_127' title='bbox 1573 1775 1697 1843; x_wconf 89' lang='lat' dir='ltr'>ipso</span> <span class='ocrx_word' id='word_1_128' title='bbox 1729 1771 1924 1825; x_wconf 92' lang='lat' dir='ltr'>lumen</span> <span class='ocrx_word' id='word_1_129' title='bbox 1959 1774 2066 1838; x_wconf 92' lang='lat' dir='ltr'>est,</span> 
     </span>
    </p>
   </div>
   <div class='ocr_carea' id='block_1_18' title="bbox 425 1861 2067 1940">
    <p class='ocr_par' dir='ltr' id='par_1_18' title="bbox 425 1861 2067 1940">
     <span class='ocr_line' id='line_1_18' title="bbox 425 1861 2067 1940; baseline -0.01 -11"><span class='ocrx_word' id='word_1_130' title='bbox 425 1875 526 1929; x_wconf 91' lang='lat' dir='ltr'>sed</span> <span class='ocrx_word' id='word_1_131' title='bbox 560 1874 630 1928; x_wconf 92' lang='lat' dir='ltr'>ab</span> <span class='ocrx_word' id='word_1_132' title='bbox 663 1872 759 1926; x_wconf 94' lang='lat' dir='ltr'>illo</span> <span class='ocrx_word' id='word_1_133' title='bbox 790 1871 888 1940; x_wconf 88' lang='lat' dir='ltr'>qui</span> <span class='ocrx_word' id='word_1_134' title='bbox 921 1874 1009 1924; x_wconf 92' lang='lat' dir='ltr'>est</span> <span class='ocrx_word' id='word_1_135' title='bbox 1040 1868 1262 1932; x_wconf 89' lang='lat' dir='ltr'>lumen,</span> <span class='ocrx_word' id='word_1_136' title='bbox 1295 1862 1709 1919; x_wconf 82' lang='lat' dir='ltr'>illuminatur‘?</span> <span class='ocrx_word' id='word_1_137' title='bbox 1741 1861 1901 1923; x_wconf 90' lang='lat' dir='ltr'>Quod</span> <span class='ocrx_word' id='word_1_138' title='bbox 1933 1875 2067 1931; x_wconf 88' lang='lat' dir='ltr'>ergo</span> 
     </span>
    </p>
   </div>
   <div class='ocr_carea' id='block_1_19' title="bbox 425 1949 2064 2030">
    <p class='ocr_par' dir='ltr' id='par_1_19' title="bbox 425 1949 2064 2030">
     <span class='ocr_line' id='line_1_19' title="bbox 425 1949 2064 2030; baseline -0.01 -12"><span class='ocrx_word' id='word_1_139' title='bbox 425 1961 580 2019; x_wconf 91' lang='lat' dir='ltr'>Deus</span> <span class='ocrx_word' id='word_1_140' title='bbox 603 1959 1092 2030; x_wconf 89' lang='lat' dir='ltr'>semperinvictus</span> <span class='ocrx_word' id='word_1_141' title='bbox 1117 1957 1390 2020; x_wconf 87' lang='lat' dir='ltr'>sit,etiam</span> <span class='ocrx_word' id='word_1_142' title='bbox 1409 1954 1581 2007; x_wconf 90' lang='lat' dir='ltr'>homo</span> <span class='ocrx_word' id='word_1_143' title='bbox 1595 1952 1780 2004; x_wconf 90' lang='lat' dir='ltr'>victus</span> <span class='ocrx_word' id='word_1_144' title='bbox 1795 1949 2064 2003; x_wconf 88' lang='lat' dir='ltr'>ostendit:</span> 
     </span>
    </p>
   </div>
   <div class='ocr_carea' id='block_1_20' title="bbox 426 2038 2066 2123">
    <p class='ocr_par' dir='ltr' id='par_1_20' title="bbox 426 2038 2066 2123">
     <span class='ocr_line' id='line_1_20' title="bbox 426 2038 2066 2123; baseline -0.009 -18"><span class='ocrx_word' id='word_1_145' title='bbox 426 2051 565 2123; x_wconf 90' lang='lat' dir='ltr'>quia</span> <span class='ocrx_word' id='word_1_146' title='bbox 586 2051 771 2104; x_wconf 90' lang='lat' dir='ltr'>victus</span> <span class='ocrx_word' id='word_1_147' title='bbox 795 2065 905 2102; x_wconf 91' lang='lat' dir='ltr'>non</span> <span class='ocrx_word' id='word_1_148' title='bbox 929 2047 1152 2112; x_wconf 81' lang='lat' dir='ltr'>fuisset,</span> <span class='ocrx_word' id='word_1_149' title='bbox 1170 2045 1215 2099; x_wconf 89' lang='lat' dir='ltr'>si</span> <span class='ocrx_word' id='word_1_150' title='bbox 1243 2045 1312 2098; x_wconf 91' lang='lat' dir='ltr'>ab</span> <span class='ocrx_word' id='word_1_151' title='bbox 1336 2043 1546 2096; x_wconf 87' lang='lat' dir='ltr'>invicto</span> <span class='ocrx_word' id='word_1_152' title='bbox 1569 2057 1680 2095; x_wconf 90' lang='lat' dir='ltr'>non</span> <span class='ocrx_word' id='word_1_153' title='bbox 1709 2038 2066 2093; x_wconf 88' lang='lat' dir='ltr'>recessisset.</span> 
     </span>
    </p>
   </div>
   <div class='ocr_carea' id='block_1_21' title="bbox 425 2131 2069 2206">
    <p class='ocr_par' dir='ltr' id='par_1_21' title="bbox 425 2131 2069 2206">
     <span class='ocr_line' id='line_1_21' title="bbox 425 2131 2069 2206; baseline -0.01 -10"><span class='ocrx_word' id='word_1_154' title='bbox 425 2140 723 2206; x_wconf 87' lang='lat' dir='ltr'>Quomodo</span> <span class='ocrx_word' id='word_1_155' title='bbox 755 2143 841 2194; x_wconf 85' lang='lat' dir='ltr'>est</span> <span class='ocrx_word' id='word_1_156' title='bbox 857 2141 1052 2192; x_wconf 88' lang='lat' dir='ltr'>autem</span> <span class='ocrx_word' id='word_1_157' title='bbox 1071 2135 1252 2188; x_wconf 90' lang='lat' dir='ltr'>victor</span> <span class='ocrx_word' id='word_1_158' title='bbox 1267 2132 1523 2187; x_wconf 86' lang='lat' dir='ltr'>hominis</span> <span class='ocrx_word' id='word_1_159' title='bbox 1555 2131 1845 2200; x_wconf 87' lang='lat' dir='ltr'>deceptor,</span> <span class='ocrx_word' id='word_1_160' title='bbox 1872 2143 2003 2180; x_wconf 90' lang='lat' dir='ltr'>cum</span> <span class='ocrx_word' id='word_1_161' title='bbox 2036 2143 2069 2180; x_wconf 88' lang='lat' dir='ltr'>a</span> 
     </span>
    </p>
   </div>
   <div class='ocr_carea' id='block_1_22' title="bbox 425 2214 2066 2300">
    <p class='ocr_par' dir='ltr' id='par_1_22' title="bbox 425 2214 2066 2300">
     <span class='ocr_line' id='line_1_22' title="bbox 425 2214 2066 2300; baseline -0.012 -14"><span class='ocrx_word' id='word_1_162' title='bbox 425 2229 740 2300; x_wconf 87' lang='lat' dir='ltr'>semetipso</span> <span class='ocrx_word' id='word_1_163' title='bbox 772 2228 850 2281; x_wconf 91' lang='lat' dir='ltr'>sit</span> <span class='ocrx_word' id='word_1_164' title='bbox 871 2227 1044 2280; x_wconf 87' lang='lat' dir='ltr'>etiam</span> <span class='ocrx_word' id='word_1_165' title='bbox 1079 2225 1203 2294; x_wconf 92' lang='lat' dir='ltr'>ipse</span> <span class='ocrx_word' id='word_1_166' title='bbox 1235 2220 1552 2290; x_wconf 86' lang='lat' dir='ltr'>deceptus?</span> <span class='ocrx_word' id='word_1_167' title='bbox 1587 2218 1746 2272; x_wconf 90' lang='lat' dir='ltr'>Unde</span> <span class='ocrx_word' id='word_1_168' title='bbox 1764 2221 1820 2270; x_wconf 92' lang='lat' dir='ltr'>et</span> <span class='ocrx_word' id='word_1_169' title='bbox 1844 2217 1939 2270; x_wconf 92' lang='lat' dir='ltr'>ille</span> <span class='ocrx_word' id='word_1_170' title='bbox 1970 2214 2066 2284; x_wconf 91' lang='lat' dir='ltr'>qui</span> 
     </span>
    </p>
   </div>
   <div class='ocr_carea' id='block_1_23' title="bbox 423 2307 2065 2390">
    <p class='ocr_par' dir='ltr' id='par_1_23' title="bbox 423 2307 2065 2390">
     <span class='ocr_line' id='line_1_23' title="bbox 423 2307 2065 2390; baseline -0.012 -15"><span class='ocrx_word' id='word_1_171' title='bbox 423 2317 666 2390; x_wconf 87' lang='lat' dir='ltr'>decepit,</span> <span class='ocrx_word' id='word_1_172' title='bbox 691 2321 748 2371; x_wconf 92' lang='lat' dir='ltr'>et</span> <span class='ocrx_word' id='word_1_173' title='bbox 769 2315 863 2369; x_wconf 91' lang='lat' dir='ltr'>ille</span> <span class='ocrx_word' id='word_1_174' title='bbox 887 2330 1060 2385; x_wconf 87' lang='lat' dir='ltr'>quem</span> <span class='ocrx_word' id='word_1_175' title='bbox 1084 2312 1329 2381; x_wconf 88' lang='lat' dir='ltr'>decepit,</span> <span class='ocrx_word' id='word_1_176' title='bbox 1360 2311 1530 2364; x_wconf 86' lang='lat' dir='ltr'>ambo</span> <span class='ocrx_word' id='word_1_177' title='bbox 1555 2307 1774 2376; x_wconf 89' lang='lat' dir='ltr'>decepti</span> <span class='ocrx_word' id='word_1_178' title='bbox 1800 2311 1957 2368; x_wconf 91' lang='lat' dir='ltr'>sunt,</span> <span class='ocrx_word' id='word_1_179' title='bbox 1981 2319 2065 2357; x_wconf 86' lang='lat' dir='ltr'>re-</span> 
     </span>
    </p>
   </div>
   <div class='ocr_carea' id='block_1_24' title="bbox 423 2395 2068 2473">
    <p class='ocr_par' dir='ltr' id='par_1_24' title="bbox 423 2395 2068 2473">
     <span class='ocr_line' id='line_1_24' title="bbox 423 2395 2068 2473; baseline -0.01 -11"><span class='ocrx_word' id='word_1_180' title='bbox 423 2407 679 2462; x_wconf 81' lang='lat' dir='ltr'>cedendo</span> <span class='ocrx_word' id='word_1_181' title='bbox 709 2406 781 2459; x_wconf 90' lang='lat' dir='ltr'>ab</span> <span class='ocrx_word' id='word_1_182' title='bbox 811 2421 876 2458; x_wconf 92' lang='lat' dir='ltr'>eo</span> <span class='ocrx_word' id='word_1_183' title='bbox 909 2403 1006 2473; x_wconf 90' lang='lat' dir='ltr'>qui</span> <span class='ocrx_word' id='word_1_184' title='bbox 1034 2419 1142 2456; x_wconf 91' lang='lat' dir='ltr'>non</span> <span class='ocrx_word' id='word_1_185' title='bbox 1173 2403 1361 2471; x_wconf 87' lang='lat' dir='ltr'>potest</span> <span class='ocrx_word' id='word_1_186' title='bbox 1391 2398 1574 2467; x_wconf 90' lang='lat' dir='ltr'>decipi</span> <span class='ocrx_word' id='word_1_187' title='bbox 1604 2422 1615 2461; x_wconf 84' lang='lat'><strong>;</strong></span> <span class='ocrx_word' id='word_1_188' title='bbox 1648 2401 1703 2450; x_wconf 89' lang='lat' dir='ltr'>et</span> <span class='ocrx_word' id='word_1_189' title='bbox 1724 2395 1895 2449; x_wconf 88' lang='lat' dir='ltr'>ambo</span> <span class='ocrx_word' id='word_1_190' title='bbox 1928 2396 2068 2446; x_wconf 91' lang='lat' dir='ltr'>sunt</span> 
     </span>
    </p>
   </div>
   <div class='ocr_carea' id='block_1_25' title="bbox 421 2485 2066 2563">
    <p class='ocr_par' dir='ltr' id='par_1_25' title="bbox 421 2485 2066 2563">
     <span class='ocr_line' id='line_1_25' title="bbox 421 2485 2066 2563; baseline -0.009 -15"><span class='ocrx_word' id='word_1_191' title='bbox 421 2495 576 2563; x_wconf 88' lang='lat' dir='ltr'>victi,</span> <span class='ocrx_word' id='word_1_192' title='bbox 611 2493 927 2548; x_wconf 89' lang='lat' dir='ltr'>recedendo</span> <span class='ocrx_word' id='word_1_193' title='bbox 960 2493 1030 2546; x_wconf 88' lang='lat' dir='ltr'>ab</span> <span class='ocrx_word' id='word_1_194' title='bbox 1063 2507 1127 2545; x_wconf 89' lang='lat' dir='ltr'>eo</span> <span class='ocrx_word' id='word_1_195' title='bbox 1161 2490 1258 2560; x_wconf 90' lang='lat' dir='ltr'>qui</span> <span class='ocrx_word' id='word_1_196' title='bbox 1297 2505 1408 2541; x_wconf 89' lang='lat' dir='ltr'>non</span> <span class='ocrx_word' id='word_1_197' title='bbox 1447 2489 1632 2557; x_wconf 87' lang='lat' dir='ltr'>potest</span> <span class='ocrx_word' id='word_1_198' title='bbox 1663 2485 1832 2537; x_wconf 89' lang='lat' dir='ltr'>vinci.</span> <span class='ocrx_word' id='word_1_199' title='bbox 1881 2485 1922 2536; x_wconf 78' lang='grc' dir='ltr'>Λ</span> <span class='ocrx_word' id='word_1_200' title='bbox 1953 2499 2066 2552; x_wconf 91' lang='lat' dir='ltr'>quo</span> 
     </span>
    </p>
   </div>
   <div class='ocr_carea' id='block_1_26' title="bbox 423 2574 2070 2655">
    <p class='ocr_par' dir='ltr' id='par_1_26' title="bbox 423 2574 2070 2655">
     <span class='ocr_line' id='line_1_26' title="bbox 423 2574 2070 2655; baseline -0.008 -17"><span class='ocrx_word' id='word_1_201' title='bbox 423 2585 624 2655; x_wconf 89' lang='lat' dir='ltr'>utique</span> <span class='ocrx_word' id='word_1_202' title='bbox 646 2585 742 2654; x_wconf 93' lang='lat' dir='ltr'>qui</span> <span class='ocrx_word' id='word_1_203' title='bbox 771 2583 901 2654; x_wconf 88' lang='lat' dir='ltr'>plus</span> <span class='ocrx_word' id='word_1_204' title='bbox 925 2581 1158 2644; x_wconf 89' lang='lat' dir='ltr'>recedit,</span> <span class='ocrx_word' id='word_1_205' title='bbox 1183 2579 1314 2650; x_wconf 90' lang='lat' dir='ltr'>plus</span> <span class='ocrx_word' id='word_1_206' title='bbox 1336 2577 1612 2641; x_wconf 89' lang='lat' dir='ltr'>vincitur;</span> <span class='ocrx_word' id='word_1_207' title='bbox 1640 2574 1776 2644; x_wconf 83' lang='lat' dir='ltr'>quia</span> <span class='ocrx_word' id='word_1_208' title='bbox 1799 2577 1958 2627; x_wconf 90' lang='lat' dir='ltr'>tanto</span> <span class='ocrx_word' id='word_1_209' title='bbox 1982 2577 2070 2626; x_wconf 90' lang='lat' dir='ltr'>est</span> 
     </span>
    </p>
   </div>
   <div class='ocr_carea' id='block_1_27' title="bbox 421 2661 2066 2743">
    <p class='ocr_par' dir='ltr' id='par_1_27' title="bbox 421 2661 2066 2743">
     <span class='ocr_line' id='line_1_27' title="bbox 421 2661 2066 2743; baseline -0.009 -15"><span class='ocrx_word' id='word_1_210' title='bbox 421 2672 678 2741; x_wconf 88' lang='lat' dir='ltr'>inferior,</span> <span class='ocrx_word' id='word_1_211' title='bbox 703 2677 918 2743; x_wconf 89' lang='lat' dir='ltr'>quanto</span> <span class='ocrx_word' id='word_1_212' title='bbox 942 2669 1210 2725; x_wconf 90' lang='lat' dir='ltr'>deterior.</span> <span class='ocrx_word' id='word_1_213' title='bbox 1237 2669 1304 2722; x_wconf 87' lang='lat' dir='ltr'>Et</span> <span class='ocrx_word' id='word_1_214' title='bbox 1330 2666 1457 2720; x_wconf 89' lang='lat' dir='ltr'>ideo</span> <span class='ocrx_word' id='word_1_215' title='bbox 1482 2680 1718 2720; x_wconf 92' lang='lat' dir='ltr'>necesse</span> <span class='ocrx_word' id='word_1_216' title='bbox 1748 2667 1855 2724; x_wconf 91' lang='lat' dir='ltr'>est,</span> <span class='ocrx_word' id='word_1_217' title='bbox 1883 2667 1945 2716; x_wconf 91' lang='lat' dir='ltr'>ut</span> <span class='ocrx_word' id='word_1_218' title='bbox 1968 2661 2066 2731; x_wconf 93' lang='lat' dir='ltr'>qui</span> 
     </span>
    </p>
   </div>
   <div class='ocr_carea' id='block_1_28' title="bbox 423 2749 2067 2828">
    <p class='ocr_par' dir='ltr' id='par_1_28' title="bbox 423 2749 2067 2828">
     <span class='ocr_line' id='line_1_28' title="bbox 423 2749 2067 2828; baseline -0.007 -14"><span class='ocrx_word' id='word_1_219' title='bbox 423 2759 640 2814; x_wconf 90' lang='lat' dir='ltr'>malum</span> <span class='ocrx_word' id='word_1_220' title='bbox 658 2759 818 2814; x_wconf 87' lang='lat' dir='ltr'>alteri</span> <span class='ocrx_word' id='word_1_221' title='bbox 834 2756 995 2828; x_wconf 90' lang='lat' dir='ltr'>prius</span> <span class='ocrx_word' id='word_1_222' title='bbox 1009 2756 1306 2811; x_wconf 87' lang='lat' dir='ltr'>inferendo</span> <span class='ocrx_word' id='word_1_223' title='bbox 1321 2755 1547 2808; x_wconf 88' lang='lat' dir='ltr'>vincere</span> <span class='ocrx_word' id='word_1_224' title='bbox 1560 2749 2067 2820; x_wconf 88' lang='lat' dir='ltr'>videtur,amplius</span> 
     </span>
    </p>
   </div>
   <div class='ocr_carea' id='block_1_29' title="bbox 422 2840 2069 2919">
    <p class='ocr_par' dir='ltr' id='par_1_29' title="bbox 422 2840 2069 2919">
     <span class='ocr_line' id='line_1_29' title="bbox 422 2840 2069 2919; baseline -0.007 -17"><span class='ocrx_word' id='word_1_225' title='bbox 422 2848 547 2919; x_wconf 91' lang='lat' dir='ltr'>ipse</span> <span class='ocrx_word' id='word_1_226' title='bbox 579 2849 797 2902; x_wconf 90' lang='lat' dir='ltr'>bonum</span> <span class='ocrx_word' id='word_1_227' title='bbox 824 2846 1142 2901; x_wconf 88' lang='lat' dir='ltr'>amittendo</span> <span class='ocrx_word' id='word_1_228' title='bbox 1173 2845 1477 2898; x_wconf 89' lang='lat' dir='ltr'>vincatur:</span> <span class='ocrx_word' id='word_1_229' title='bbox 1506 2857 1608 2896; x_wconf 87' lang='lat' dir='ltr'>nec</span> <span class='ocrx_word' id='word_1_230' title='bbox 1642 2840 1762 2895; x_wconf 81' lang='lat' dir='ltr'>fieri</span> <span class='ocrx_word' id='word_1_231' title='bbox 1799 2843 1984 2910; x_wconf 87' lang='lat' dir='ltr'>potest</span> <span class='ocrx_word' id='word_1_232' title='bbox 2005 2842 2069 2892; x_wconf 90' lang='lat' dir='ltr'>ut</span> 
     </span>
    </p>
   </div>
   <div class='ocr_carea' id='block_1_30' title="bbox 424 2928 2065 3003">
    <p class='ocr_par' dir='ltr' id='par_1_30' title="bbox 424 2928 2065 3003">
     <span class='ocr_line' id='line_1_30' title="bbox 424 2928 2065 3003; baseline -0.007 -12"><span class='ocrx_word' id='word_1_233' title='bbox 424 2936 475 2991; x_wconf 90' lang='lat' dir='ltr'>ei</span> <span class='ocrx_word' id='word_1_234' title='bbox 497 2937 575 2991; x_wconf 91' lang='lat' dir='ltr'>sit</span> <span class='ocrx_word' id='word_1_235' title='bbox 597 2937 757 2991; x_wconf 91' lang='lat' dir='ltr'>locus</span> <span class='ocrx_word' id='word_1_236' title='bbox 790 2935 1015 3003; x_wconf 87' lang='lat' dir='ltr'>melior,</span> <span class='ocrx_word' id='word_1_237' title='bbox 1039 2951 1172 2988; x_wconf 92' lang='lat' dir='ltr'>cum</span> <span class='ocrx_word' id='word_1_238' title='bbox 1204 2950 1380 2987; x_wconf 90' lang='lat' dir='ltr'>causa</span> <span class='ocrx_word' id='word_1_239' title='bbox 1411 2932 1486 2986; x_wconf 87' lang='lat' dir='ltr'>sit</span> <span class='ocrx_word' id='word_1_240' title='bbox 1510 2932 1689 3002; x_wconf 83' lang='lat' dir='ltr'>pejor.</span> <span class='ocrx_word' id='word_1_241' title='bbox 1713 2930 1775 2983; x_wconf 87' lang='lat' dir='ltr'>Et</span> <span class='ocrx_word' id='word_1_242' title='bbox 1809 2929 1961 2998; x_wconf 91' lang='lat' dir='ltr'>quod</span> <span class='ocrx_word' id='word_1_243' title='bbox 1995 2928 2065 2981; x_wconf 91' lang='lat' dir='ltr'>ad</span> 
     </span>
    </p>
   </div>
   <div class='ocr_carea' id='block_1_31' title="bbox 418 3018 2066 3095">
    <p class='ocr_par' dir='ltr' id='par_1_31' title="bbox 418 3018 2066 3095">
     <span class='ocr_line' id='line_1_31' title="bbox 418 3018 2066 3095; baseline -0.005 -15"><span class='ocrx_word' id='word_1_244' title='bbox 418 3029 652 3095; x_wconf 86' lang='lat' dir='ltr'>tempus</span> <span class='ocrx_word' id='word_1_245' title='bbox 685 3023 1055 3095; x_wconf 65' lang='lat' dir='ltr'>prmvaluisse</span> <span class='ocrx_word' id='word_1_246' title='bbox 1070 3023 1230 3078; x_wconf 87' lang='lat' dir='ltr'>visus</span> <span class='ocrx_word' id='word_1_247' title='bbox 1247 3019 1614 3075; x_wconf 80' lang='lat' dir='ltr'>estdiabolus</span> <span class='ocrx_word' id='word_1_248' title='bbox 1639 3018 1873 3072; x_wconf 87' lang='lat' dir='ltr'>homine</span> <span class='ocrx_word' id='word_1_249' title='bbox 1896 3033 2066 3086; x_wconf 88' lang='lat' dir='ltr'>supe-</span> 
     </span>
    </p>
   </div>
   <div class='ocr_carea' id='block_1_32' title="bbox 417 3106 2066 3183">
    <p class='ocr_par' dir='ltr' id='par_1_32' title="bbox 417 3106 2066 3183">
     <span class='ocr_line' id='line_1_32' title="bbox 417 3106 2066 3183; baseline -0.005 -17"><span class='ocrx_word' id='word_1_250' title='bbox 417 3116 567 3183; x_wconf 84' lang='lat' dir='ltr'>rato,</span> <span class='ocrx_word' id='word_1_251' title='bbox 599 3111 774 3166; x_wconf 89' lang='lat' dir='ltr'>etiam</span> <span class='ocrx_word' id='word_1_252' title='bbox 808 3112 891 3165; x_wconf 89' lang='lat' dir='ltr'>sic</span> <span class='ocrx_word' id='word_1_253' title='bbox 921 3111 978 3163; x_wconf 91' lang='lat' dir='ltr'>in</span> <span class='ocrx_word' id='word_1_254' title='bbox 1011 3116 1289 3163; x_wconf 64' lang='lat' dir='ltr'>aeternum</span> <span class='ocrx_word' id='word_1_255' title='bbox 1324 3109 1510 3162; x_wconf 91' lang='lat' dir='ltr'>victus</span> <span class='ocrx_word' id='word_1_256' title='bbox 1533 3113 1622 3161; x_wconf 89' lang='lat' dir='ltr'>est</span> <span class='ocrx_word' id='word_1_257' title='bbox 1645 3106 1876 3159; x_wconf 90' lang='lat' dir='ltr'>homine</span> <span class='ocrx_word' id='word_1_258' title='bbox 1901 3121 2066 3174; x_wconf 77' lang='lat' dir='ltr'>repa-</span> 
     </span>
    </p>
   </div>
   <div class='ocr_carea' id='block_1_33' title="bbox 417 3195 2069 3264">
    <p class='ocr_par' dir='ltr' id='par_1_33' title="bbox 417 3195 2069 3264">
     <span class='ocr_line' id='line_1_33' title="bbox 417 3195 2069 3264; baseline -0.005 -10"><span class='ocrx_word' id='word_1_259' title='bbox 417 3206 566 3255; x_wconf 88' lang='lat' dir='ltr'>rato.</span> <span class='ocrx_word' id='word_1_260' title='bbox 590 3200 703 3255; x_wconf 89' lang='lat' dir='ltr'>Nec</span> <span class='ocrx_word' id='word_1_261' title='bbox 726 3200 824 3255; x_wconf 91' lang='lat' dir='ltr'>Dei</span> <span class='ocrx_word' id='word_1_262' title='bbox 857 3199 1183 3254; x_wconf 82' lang='lat' dir='ltr'>confitentis</span> <span class='ocrx_word' id='word_1_263' title='bbox 1215 3198 1388 3252; x_wconf 91' lang='lat' dir='ltr'>verba</span> <span class='ocrx_word' id='word_1_264' title='bbox 1417 3202 1576 3261; x_wconf 90' lang='lat' dir='ltr'>sunt,</span> <span class='ocrx_word' id='word_1_265' title='bbox 1609 3196 1707 3249; x_wconf 91' lang='lat' dir='ltr'>sed</span> <span class='ocrx_word' id='word_1_266' title='bbox 1744 3195 1935 3264; x_wconf 89' lang='lat' dir='ltr'>potius</span> <span class='ocrx_word' id='word_1_267' title='bbox 1968 3210 2069 3247; x_wconf 84' lang='lat' dir='ltr'>ex-</span> 
     </span>
    </p>
   </div>
   <div class='ocr_carea' id='block_1_34' title="bbox 415 3288 2068 3363">
    <p class='ocr_par' dir='ltr' id='par_1_34' title="bbox 415 3288 2068 3363">
     <span class='ocr_line' id='line_1_34' title="bbox 415 3288 2068 3363; baseline -0.005 -19"><span class='ocrx_word' id='word_1_268' title='bbox 415 3291 752 3363; x_wconf 89' lang='lat' dir='ltr'>probrantis</span> <span class='ocrx_word' id='word_1_269' title='bbox 786 3307 797 3345; x_wconf 93' lang='lat'><strong>:</strong></span> <span class='ocrx_word' id='word_1_270' title='bbox 837 3292 961 3344; x_wconf 83' lang='lat' dir='ltr'>Ecce</span> <span class='ocrx_word' id='word_1_271' title='bbox 993 3288 1161 3342; x_wconf 79' lang='lat' dir='ltr'>Adam</span> <span class='ocrx_word' id='word_1_272' title='bbox 1212 3290 1390 3357; x_wconf 79' lang='lat' dir='ltr'>[actus</span> <span class='ocrx_word' id='word_1_273' title='bbox 1420 3294 1497 3340; x_wconf 88' lang='lat' dir='ltr'>est</span> <span class='ocrx_word' id='word_1_274' title='bbox 1526 3289 1793 3354; x_wconf 82' lang='lat' dir='ltr'>tanquam</span> <span class='ocrx_word' id='word_1_275' title='bbox 1824 3300 1966 3336; x_wconf 78' lang='lat' dir='ltr'>unus</span> <span class='ocrx_word' id='word_1_276' title='bbox 1997 3299 2068 3337; x_wconf 76' lang='lat' dir='ltr'>ex</span> 
     </span>
    </p>
   </div>
   <div class='ocr_carea' id='block_1_35' title="bbox 415 3372 2064 3452">
    <p class='ocr_par' dir='ltr' id='par_1_35' title="bbox 415 3372 2064 3452">
     <span class='ocr_line' id='line_1_35' title="bbox 415 3372 2064 3452; baseline -0.005 -18"><span class='ocrx_word' id='word_1_277' title='bbox 415 3381 570 3436; x_wconf 80' lang='lat' dir='ltr'>nobis</span> <span class='ocrx_word' id='word_1_278' title='bbox 591 3382 747 3452; x_wconf 85' lang='lat' dir='ltr'>(Gen.</span> <span class='ocrx_word' id='word_1_279' title='bbox 773 3398 855 3445; x_wconf 80' lang='grc' dir='ltr'>ιιι,</span> <span class='ocrx_word' id='word_1_280' title='bbox 878 3380 990 3450; x_wconf 78' lang='grc'>22).</span> <span class='ocrx_word' id='word_1_281' title='bbox 1024 3379 1184 3432; x_wconf 88' lang='lat' dir='ltr'>Sicut</span> <span class='ocrx_word' id='word_1_282' title='bbox 1215 3383 1270 3432; x_wconf 93' lang='lat' dir='ltr'>et</span> <span class='ocrx_word' id='word_1_283' title='bbox 1301 3375 1613 3447; x_wconf 84' lang='lat' dir='ltr'>Apostolus</span> <span class='ocrx_word' id='word_1_284' title='bbox 1647 3373 1740 3427; x_wconf 89' lang='lat' dir='ltr'>ubi</span> <span class='ocrx_word' id='word_1_285' title='bbox 1771 3372 1928 3437; x_wconf 88' lang='lat' dir='ltr'>dicit,</span> <span class='ocrx_word' id='word_1_286' title='bbox 1965 3375 2064 3425; x_wconf 71' lang='lat' dir='ltr'>Ilo-</span> 
     </span>
    </p>
   </div>
   <div class='ocr_carea' id='block_1_36' title="bbox 412 3463 2063 3539">
    <p class='ocr_par' dir='ltr' id='par_1_36' title="bbox 412 3463 2063 3539">
     <span class='ocr_line' id='line_1_36' title="bbox 412 3463 2063 3539; baseline -0.007 -14"><span class='ocrx_word' id='word_1_287' title='bbox 412 3475 544 3525; x_wconf 83' lang='lat' dir='ltr'>nate</span> <span class='ocrx_word' id='word_1_288' title='bbox 563 3470 702 3524; x_wconf 83' lang='lat' dir='ltr'>mihi</span> <span class='ocrx_word' id='word_1_289' title='bbox 726 3469 866 3523; x_wconf 83' lang='lat' dir='ltr'>hanc</span> <span class='ocrx_word' id='word_1_290' title='bbox 885 3469 1152 3539; x_wconf 83' lang='lat' dir='ltr'>injuriam</span> <span class='ocrx_word' id='word_1_291' title='bbox 1174 3468 1245 3537; x_wconf 90' lang='lat' dir='ltr'>(ll</span> <span class='ocrx_word' id='word_1_292' title='bbox 1268 3469 1388 3522; x_wconf 88' lang='lat' dir='ltr'>Cor.</span> <span class='ocrx_word' id='word_1_293' title='bbox 1417 3465 1635 3534; x_wconf 64' lang='lat'>2111,13),</span> <span class='ocrx_word' id='word_1_294' title='bbox 1661 3463 1859 3533; x_wconf 91' lang='lat' dir='ltr'>utique</span> <span class='ocrx_word' id='word_1_295' title='bbox 1877 3479 1908 3515; x_wconf 90' lang='lat' dir='ltr'>a</span> <span class='ocrx_word' id='word_1_296' title='bbox 1927 3478 2063 3515; x_wconf 91' lang='lat' dir='ltr'>con-</span> 
     </span>
    </p>
   </div>
   <div class='ocr_carea' id='block_1_37' title="bbox 413 3557 2064 3634">
    <p class='ocr_par' dir='ltr' id='par_1_37' title="bbox 413 3557 2064 3634">
     <span class='ocr_line' id='line_1_37' title="bbox 413 3557 2064 3634; baseline -0.007 -15"><span class='ocrx_word' id='word_1_297' title='bbox 413 3563 591 3619; x_wconf 88' lang='lat' dir='ltr'>trario</span> <span class='ocrx_word' id='word_1_298' title='bbox 614 3564 737 3618; x_wconf 91' lang='lat' dir='ltr'>vult</span> <span class='ocrx_word' id='word_1_299' title='bbox 759 3562 1086 3634; x_wconf 90' lang='lat' dir='ltr'>intelligi,si</span> <span class='ocrx_word' id='word_1_300' title='bbox 1114 3562 1266 3616; x_wconf 87' lang='lat' dir='ltr'>adsit</span> <span class='ocrx_word' id='word_1_301' title='bbox 1287 3558 1692 3631; x_wconf 86' lang='lat' dir='ltr'>pronuntiator</span> <span class='ocrx_word' id='word_1_302' title='bbox 1715 3557 2064 3623; x_wconf 91' lang='lat' dir='ltr'>doctus,non</span> 
     </span>
    </p>
   </div>
   <div class='ocr_carea' id='block_1_38' title="bbox 414 3650 1123 3708">
    <p class='ocr_par' dir='ltr' id='par_1_38' title="bbox 414 3650 1123 3708">
     <span class='ocr_line' id='line_1_38' title="bbox 414 3650 1123 3708; baseline -0.007 0"><span class='ocrx_word' id='word_1_303' title='bbox 414 3650 800 3708; x_wconf 83' lang='lat' dir='ltr'>calumniator</span> <span class='ocrx_word' id='word_1_304' title='bbox 829 3651 1123 3705; x_wconf 90' lang='lat' dir='ltr'>indoctus.</span> 
     </span>
    </p>
   </div>
   <div class='ocr_carea' id='block_1_39' title="bbox 483 3732 2064 3807">
    <p class='ocr_par' dir='ltr' id='par_1_39' title="bbox 483 3732 2064 3807">
     <span class='ocr_line' id='line_1_39' title="bbox 483 3732 2064 3807; baseline -0.005 -13"><span class='ocrx_word' id='word_1_305' title='bbox 483 3741 574 3794; x_wconf 72' lang='grc'>24.</span> <span class='ocrx_word' id='word_1_306' title='bbox 599 3741 772 3795; x_wconf 92' lang='lat' dir='ltr'>Porro</span> <span class='ocrx_word' id='word_1_307' title='bbox 795 3746 1010 3805; x_wconf 87' lang='lat' dir='ltr'>autem,</span> <span class='ocrx_word' id='word_1_308' title='bbox 1037 3738 1129 3794; x_wconf 92' lang='lat' dir='ltr'>cui</span> <span class='ocrx_word' id='word_1_309' title='bbox 1154 3735 1423 3807; x_wconf 90' lang='lat' dir='ltr'>displicet</span> <span class='ocrx_word' id='word_1_310' title='bbox 1447 3739 1710 3806; x_wconf 85' lang='lat' dir='ltr'>peccator</span> <span class='ocrx_word' id='word_1_311' title='bbox 1734 3732 2064 3804; x_wconf 87' lang='lat' dir='ltr'>prohibitus</span> 
     </span>
    </p>
   </div>
   <div class='ocr_carea' id='block_1_40' title="bbox 414 3823 2064 3904">
    <p class='ocr_par' dir='ltr' id='par_1_40' title="bbox 414 3823 2064 3904">
     <span class='ocr_line' id='line_1_40' title="bbox 414 3823 2064 3904; baseline -0.006 -17"><span class='ocrx_word' id='word_1_312' title='bbox 414 3849 448 3886; x_wconf 91' lang='lat' dir='ltr'>a</span> <span class='ocrx_word' id='word_1_313' title='bbox 467 3831 624 3904; x_wconf 89' lang='lat' dir='ltr'>ligno</span> <span class='ocrx_word' id='word_1_314' title='bbox 647 3832 798 3897; x_wconf 69' lang='lat' dir='ltr'>vitae,</span> <span class='ocrx_word' id='word_1_315' title='bbox 823 3830 961 3902; x_wconf 92' lang='lat' dir='ltr'>quid</span> <span class='ocrx_word' id='word_1_316' title='bbox 982 3829 1093 3884; x_wconf 91' lang='lat' dir='ltr'>nisi</span> <span class='ocrx_word' id='word_1_317' title='bbox 1117 3829 1356 3900; x_wconf 90' lang='lat' dir='ltr'>impune</span> <span class='ocrx_word' id='word_1_318' title='bbox 1388 3827 1510 3880; x_wconf 91' lang='lat' dir='ltr'>vult</span> <span class='ocrx_word' id='word_1_319' title='bbox 1534 3826 1683 3880; x_wconf 91' lang='lat' dir='ltr'>male</span> <span class='ocrx_word' id='word_1_320' title='bbox 1704 3823 1929 3879; x_wconf 81' lang='lat' dir='ltr'>vivere?</span> <span class='ocrx_word' id='word_1_321' title='bbox 1952 3823 2064 3878; x_wconf 90' lang='lat' dir='ltr'>Nec</span> 
     </span>
    </p>
   </div>
   <div class='ocr_carea' id='block_1_41' title="bbox 414 3913 2064 3992">
    <p class='ocr_par' dir='ltr' id='par_1_41' title="bbox 414 3913 2064 3992">
     <span class='ocr_line' id='line_1_41' title="bbox 414 3913 2064 3992; baseline -0.007 -16"><span class='ocrx_word' id='word_1_322' title='bbox 414 3937 696 3992; x_wconf 84' lang='lat' dir='ltr'>magnum</span> <span class='ocrx_word' id='word_1_323' title='bbox 721 3925 845 3974; x_wconf 87' lang='lat' dir='ltr'>erat</span> <span class='ocrx_word' id='word_1_324' title='bbox 867 3920 1002 3983; x_wconf 87' lang='lat' dir='ltr'>Deo,</span> <span class='ocrx_word' id='word_1_325' title='bbox 1029 3923 1084 3972; x_wconf 92' lang='lat' dir='ltr'>et</span> <span class='ocrx_word' id='word_1_326' title='bbox 1112 3918 1224 3971; x_wconf 89' lang='lat' dir='ltr'>alio</span> <span class='ocrx_word' id='word_1_327' title='bbox 1247 3915 1508 3988; x_wconf 90' lang='lat' dir='ltr'>quolibet</span> <span class='ocrx_word' id='word_1_328' title='bbox 1540 3915 1710 3969; x_wconf 92' lang='lat' dir='ltr'>modo</span> <span class='ocrx_word' id='word_1_329' title='bbox 1730 3913 1902 3967; x_wconf 88' lang='lat' dir='ltr'>vitam</span> <span class='ocrx_word' id='word_1_330' title='bbox 1927 3913 2064 3966; x_wconf 87' lang='lat' dir='ltr'>sub-</span> 
     </span>
    </p>
   </div>
   <div class='ocr_carea' id='block_1_42' title="bbox 413 4001 2062 4078">
    <p class='ocr_par' dir='ltr' id='par_1_42' title="bbox 413 4001 2062 4078">
     <span class='ocr_line' id='line_1_42' title="bbox 413 4001 2062 4078; baseline -0.006 -14"><span class='ocrx_word' id='word_1_331' title='bbox 413 4009 644 4064; x_wconf 86' lang='lat' dir='ltr'>trahere</span> <span class='ocrx_word' id='word_1_332' title='bbox 667 4008 887 4062; x_wconf 88' lang='lat' dir='ltr'>homini</span> <span class='ocrx_word' id='word_1_333' title='bbox 915 4023 1088 4078; x_wconf 90' lang='lat' dir='ltr'>quem</span> <span class='ocrx_word' id='word_1_334' title='bbox 1118 4006 1301 4060; x_wconf 83' lang='lat' dir='ltr'>vivere</span> <span class='ocrx_word' id='word_1_335' title='bbox 1325 4003 1636 4059; x_wconf 91' lang='lat' dir='ltr'>noluisset:</span> <span class='ocrx_word' id='word_1_336' title='bbox 1665 4004 1764 4057; x_wconf 91' lang='lat' dir='ltr'>sed</span> <span class='ocrx_word' id='word_1_337' title='bbox 1786 4001 2062 4072; x_wconf 89' lang='lat' dir='ltr'>quoniam</span> 
     </span>
    </p>
   </div>
   <div class='ocr_carea' id='block_1_43' title="bbox 419 4095 2064 4167">
    <p class='ocr_par' dir='ltr' id='par_1_43' title="bbox 419 4095 2064 4167">
     <span class='ocr_line' id='line_1_43' title="bbox 419 4095 2064 4167; baseline -0.004 -13"><span class='ocrx_word' id='word_1_338' title='bbox 419 4099 734 4154; x_wconf 88' lang='lat' dir='ltr'>rationales</span> <span class='ocrx_word' id='word_1_339' title='bbox 757 4099 964 4153; x_wconf 66' lang='lat' dir='ltr'>anima:</span> <span class='ocrx_word' id='word_1_340' title='bbox 988 4099 1058 4151; x_wconf 91' lang='lat' dir='ltr'>de</span> <span class='ocrx_word' id='word_1_341' title='bbox 1089 4096 1376 4167; x_wconf 88' lang='lat' dir='ltr'>sapientia</span> <span class='ocrx_word' id='word_1_342' title='bbox 1396 4095 1612 4159; x_wconf 88' lang='lat' dir='ltr'>vivunt,</span> <span class='ocrx_word' id='word_1_343' title='bbox 1634 4109 1880 4163; x_wconf 86' lang='lat' dir='ltr'>quarum</span> <span class='ocrx_word' id='word_1_344' title='bbox 1907 4108 2064 4147; x_wconf 85' lang='lat' dir='ltr'>mors</span> 
     </span>
    </p>
   </div>
   <div class='ocr_carea' id='block_1_44' title="bbox 416 4180 2061 4259">
    <p class='ocr_par' dir='ltr' id='par_1_44' title="bbox 416 4180 2061 4259">
     <span class='ocr_line' id='line_1_44' title="bbox 416 4180 2061 4259; baseline -0.005 -16"><span class='ocrx_word' id='word_1_345' title='bbox 416 4193 504 4243; x_wconf 91' lang='lat' dir='ltr'>est</span> <span class='ocrx_word' id='word_1_346' title='bbox 531 4186 1082 4259; x_wconf 83' lang='lat' dir='ltr'>insipientia,hujus</span> <span class='ocrx_word' id='word_1_347' title='bbox 1113 4185 1194 4240; x_wconf 85' lang='lat' dir='ltr'>rei</span> <span class='ocrx_word' id='word_1_348' title='bbox 1213 4183 1607 4256; x_wconf 66' lang='lat' dir='ltr'>significandis</span> <span class='ocrx_word' id='word_1_349' title='bbox 1629 4181 1816 4252; x_wconf 87' lang='lat' dir='ltr'>gratia</span> <span class='ocrx_word' id='word_1_350' title='bbox 1837 4180 2061 4252; x_wconf 85' lang='lat' dir='ltr'>lignum</span> 
     </span>
    </p>
   </div>
   <div class='ocr_carea' id='block_1_45' title="bbox 416 4273 2061 4351">
    <p class='ocr_par' dir='ltr' id='par_1_45' title="bbox 416 4273 2061 4351">
     <span class='ocr_line' id='line_1_45' title="bbox 416 4273 2061 4351; baseline -0.004 -18"><span class='ocrx_word' id='word_1_351' title='bbox 416 4279 542 4334; x_wconf 71' lang='lat' dir='ltr'>vitae</span> <span class='ocrx_word' id='word_1_352' title='bbox 567 4280 626 4334; x_wconf 93' lang='lat' dir='ltr'>in</span> <span class='ocrx_word' id='word_1_353' title='bbox 652 4278 920 4351; x_wconf 84' lang='lat' dir='ltr'>paradiso</span> <span class='ocrx_word' id='word_1_354' title='bbox 952 4280 1141 4332; x_wconf 90' lang='lat' dir='ltr'>fructu</span> <span class='ocrx_word' id='word_1_355' title='bbox 1175 4293 1280 4330; x_wconf 90' lang='lat' dir='ltr'>suo</span> <span class='ocrx_word' id='word_1_356' title='bbox 1314 4275 1458 4329; x_wconf 91' lang='lat' dir='ltr'>mori</span> <span class='ocrx_word' id='word_1_357' title='bbox 1484 4273 1776 4328; x_wconf 90' lang='lat' dir='ltr'>hominem</span> <span class='ocrx_word' id='word_1_358' title='bbox 1812 4290 1913 4327; x_wconf 90' lang='lat' dir='ltr'>nec</span> <span class='ocrx_word' id='word_1_359' title='bbox 1936 4289 2061 4328; x_wconf 91' lang='lat' dir='ltr'>cor-</span> 
     </span>
    </p>
   </div>
   <div class='ocr_carea' id='block_1_46' title="bbox 416 4363 2064 4438">
    <p class='ocr_par' dir='ltr' id='par_1_46' title="bbox 416 4363 2064 4438">
     <span class='ocr_line' id='line_1_46' title="bbox 416 4363 2064 4438; baseline -0.003 -16"><span class='ocrx_word' id='word_1_360' title='bbox 416 4383 552 4438; x_wconf 89' lang='lat' dir='ltr'>pore</span> <span class='ocrx_word' id='word_1_361' title='bbox 575 4369 807 4424; x_wconf 91' lang='lat' dir='ltr'>sineret.</span> <span class='ocrx_word' id='word_1_362' title='bbox 841 4368 1002 4434; x_wconf 86' lang='lat' dir='ltr'>Quod</span> <span class='ocrx_word' id='word_1_363' title='bbox 1036 4382 1167 4438; x_wconf 84' lang='lat' dir='ltr'>ergo</span> <span class='ocrx_word' id='word_1_364' title='bbox 1199 4365 1333 4419; x_wconf 92' lang='lat' dir='ltr'>inde</span> <span class='ocrx_word' id='word_1_365' title='bbox 1365 4369 1667 4435; x_wconf 89' lang='lat' dir='ltr'>separatus</span> <span class='ocrx_word' id='word_1_366' title='bbox 1697 4363 1944 4417; x_wconf 90' lang='lat' dir='ltr'>traditus</span> <span class='ocrx_word' id='word_1_367' title='bbox 1974 4368 2064 4417; x_wconf 92' lang='lat' dir='ltr'>est</span> 
     </span>
    </p>
   </div>
   <div class='ocr_carea' id='block_1_47' title="bbox 416 4451 2058 4525">
    <p class='ocr_par' dir='ltr' id='par_1_47' title="bbox 416 4451 2058 4525">
     <span class='ocr_line' id='line_1_47' title="bbox 416 4451 2058 4525; baseline -0.002 -14"><span class='ocrx_word' id='word_1_368' title='bbox 416 4457 610 4522; x_wconf 88' lang='lat' dir='ltr'>morti,</span> <span class='ocrx_word' id='word_1_369' title='bbox 630 4456 1067 4512; x_wconf 83' lang='lat' dir='ltr'>consumendus</span> <span class='ocrx_word' id='word_1_370' title='bbox 1091 4459 1276 4522; x_wconf 67' lang='lat' dir='ltr'>astate,</span> <span class='ocrx_word' id='word_1_371' title='bbox 1295 4454 1450 4525; x_wconf 89' lang='lat' dir='ltr'>quod</span> <span class='ocrx_word' id='word_1_372' title='bbox 1475 4469 1840 4524; x_wconf 88' lang='lat' dir='ltr'>nequaquam</span> <span class='ocrx_word' id='word_1_373' title='bbox 1862 4451 1942 4506; x_wconf 90' lang='lat' dir='ltr'>illi</span> <span class='ocrx_word' id='word_1_374' title='bbox 1967 4471 2058 4508; x_wconf 90' lang='lat' dir='ltr'>ac-</span> 
     </span>
    </p>
   </div>
   <div class='ocr_carea' id='block_1_48' title="bbox 415 4543 2058 4617">
    <p class='ocr_par' dir='ltr' id='par_1_48' title="bbox 415 4543 2058 4617">
     <span class='ocr_line' id='line_1_48' title="bbox 415 4543 2058 4617; baseline -0.003 -16"><span class='ocrx_word' id='word_1_375' title='bbox 415 4545 1183 4617; x_wconf 87' lang='lat' dir='ltr'>cidisset,sisempereodem</span> <span class='ocrx_word' id='word_1_376' title='bbox 1201 4545 1326 4599; x_wconf 90' lang='lat' dir='ltr'>cibo</span> <span class='ocrx_word' id='word_1_377' title='bbox 1350 4543 2058 4615; x_wconf 82' lang='lat' dir='ltr'>frueretur,signi{icatum</span> 
     </span>
    </p>
   </div>
   <div class='ocr_carea' id='block_1_49' title="bbox 413 4635 2060 4710">
    <p class='ocr_par' dir='ltr' id='par_1_49' title="bbox 413 4635 2060 4710">
     <span class='ocr_line' id='line_1_49' title="bbox 413 4635 2060 4710; baseline -0.002 -17"><span class='ocrx_word' id='word_1_378' title='bbox 413 4643 503 4693; x_wconf 89' lang='lat' dir='ltr'>est</span> <span class='ocrx_word' id='word_1_379' title='bbox 525 4638 680 4710; x_wconf 89' lang='lat' dir='ltr'>quod</span> <span class='ocrx_word' id='word_1_380' title='bbox 704 4637 866 4708; x_wconf 90' lang='lat' dir='ltr'>prius</span> <span class='ocrx_word' id='word_1_381' title='bbox 888 4638 958 4690; x_wconf 86' lang='lat' dir='ltr'>ab</span> <span class='ocrx_word' id='word_1_382' title='bbox 977 4635 1264 4707; x_wconf 87' lang='lat' dir='ltr'>spirituali</span> <span class='ocrx_word' id='word_1_383' title='bbox 1285 4636 1410 4690; x_wconf 70' lang='lat' dir='ltr'>vitae</span> <span class='ocrx_word' id='word_1_384' title='bbox 1434 4635 1591 4706; x_wconf 91' lang='lat' dir='ltr'>ligno</span> <span class='ocrx_word' id='word_1_385' title='bbox 1614 4644 1847 4707; x_wconf 90' lang='lat' dir='ltr'>propter</span> <span class='ocrx_word' id='word_1_386' title='bbox 1864 4652 2060 4706; x_wconf 87' lang='lat' dir='ltr'>pecca-</span> 
     </span>
    </p>
   </div>
   <div class='ocr_carea' id='block_1_50' title="bbox 411 4727 2058 4799">
    <p class='ocr_par' dir='ltr' id='par_1_50' title="bbox 411 4727 2058 4799">
     <span class='ocr_line' id='line_1_50' title="bbox 411 4727 2058 4799; baseline -0.002 -15"><span class='ocrx_word' id='word_1_387' title='bbox 411 4732 536 4785; x_wconf 88' lang='lat' dir='ltr'>tum</span> <span class='ocrx_word' id='word_1_388' title='bbox 561 4728 757 4784; x_wconf 87' lang='lat' dir='ltr'>anima</span> <span class='ocrx_word' id='word_1_389' title='bbox 778 4730 906 4799; x_wconf 84' lang='lat' dir='ltr'>ejus</span> <span class='ocrx_word' id='word_1_390' title='bbox 927 4727 1159 4782; x_wconf 83' lang='lat' dir='ltr'>exclusa</span> <span class='ocrx_word' id='word_1_391' title='bbox 1175 4727 1468 4795; x_wconf 68' lang='lat' dir='ltr'>est,etita‘</span> <span class='ocrx_word' id='word_1_392' title='bbox 1495 4728 1761 4796; x_wconf 61' lang='lat' dir='ltr'>quaedam</span> <span class='ocrx_word' id='word_1_393' title='bbox 1784 4744 1892 4782; x_wconf 91' lang='lat' dir='ltr'>sua</span> <span class='ocrx_word' id='word_1_394' title='bbox 1910 4729 2058 4782; x_wconf 89' lang='lat' dir='ltr'>inte-</span> 
     </span>
    </p>
   </div>
   <div class='ocr_carea' id='block_1_51' title="bbox 410 4820 2055 4892">
    <p class='ocr_par' dir='ltr' id='par_1_51' title="bbox 410 4820 2055 4892">
     <span class='ocr_line' id='line_1_51' title="bbox 410 4820 2055 4892; baseline -0.003 -14"><span class='ocrx_word' id='word_1_395' title='bbox 410 4825 560 4879; x_wconf 86' lang='lat' dir='ltr'>riore</span> <span class='ocrx_word' id='word_1_396' title='bbox 585 4824 908 4892; x_wconf 86' lang='lat' dir='ltr'>mortejam</span> <span class='ocrx_word' id='word_1_397' title='bbox 933 4827 1181 4876; x_wconf 88' lang='lat' dir='ltr'>mortua.</span> <span class='ocrx_word' id='word_1_398' title='bbox 1203 4821 1344 4874; x_wconf 79' lang='lat' dir='ltr'>Nam</span> <span class='ocrx_word' id='word_1_399' title='bbox 1370 4821 1439 4874; x_wconf 92' lang='lat' dir='ltr'>de</span> <span class='ocrx_word' id='word_1_400' title='bbox 1463 4820 1750 4890; x_wconf 85' lang='lat' dir='ltr'>sapientia</span> <span class='ocrx_word' id='word_1_401' title='bbox 1773 4821 2055 4890; x_wconf 86' lang='lat' dir='ltr'>scriptum</span> 
     </span>
    </p>
   </div>
   <div class='ocr_carea' id='block_1_52' title="bbox 409 4913 2053 4987">
    <p class='ocr_par' dir='ltr' id='par_1_52' title="bbox 409 4913 2053 4987">
     <span class='ocr_line' id='line_1_52' title="bbox 409 4913 2053 4987; baseline -0.002 -15"><span class='ocrx_word' id='word_1_402' title='bbox 409 4922 525 4972; x_wconf 89' lang='lat' dir='ltr'>est:</span> <span class='ocrx_word' id='word_1_403' title='bbox 545 4917 777 4987; x_wconf 74' lang='lat' dir='ltr'>Lignum</span> <span class='ocrx_word' id='word_1_404' title='bbox 791 4917 1010 4972; x_wconf 61' lang='grc' dir='ltr'>υίιιτσδι</span> <span class='ocrx_word' id='word_1_405' title='bbox 1029 4913 1611 4984; x_wconf 75' lang='lat' dir='ltr'>amplectentibuseam</span> <span class='ocrx_word' id='word_1_406' title='bbox 1635 4917 1793 4980; x_wconf 77' lang='lat' dir='ltr'>(Prov</span> <span class='ocrx_word' id='word_1_407' title='bbox 1839 4930 1918 4979; x_wconf 88' lang='lat' dir='ltr'>Ill,</span> <span class='ocrx_word' id='word_1_408' title='bbox 1946 4916 2053 4986; x_wconf 91' lang='grc'>18).</span> 
     </span>
    </p>
   </div>
   <div class='ocr_carea' id='block_1_53' title="bbox 407 5004 2056 5076">
    <p class='ocr_par' dir='ltr' id='par_1_53' title="bbox 407 5004 2056 5076">
     <span class='ocr_line' id='line_1_53' title="bbox 407 5004 2056 5076; baseline -0.002 -14"><span class='ocrx_word' id='word_1_409' title='bbox 407 5009 569 5071; x_wconf 86' lang='lat' dir='ltr'>Quod</span> <span class='ocrx_word' id='word_1_410' title='bbox 595 5008 703 5062; x_wconf 89' lang='lat' dir='ltr'>iste</span> <span class='ocrx_word' id='word_1_411' title='bbox 727 5024 840 5061; x_wconf 89' lang='lat' dir='ltr'>non</span> <span class='ocrx_word' id='word_1_412' title='bbox 863 5005 1194 5076; x_wconf 87' lang='lat' dir='ltr'>intelligens</span> <span class='ocrx_word' id='word_1_413' title='bbox 1214 5006 1323 5058; x_wconf 90' lang='lat' dir='ltr'>ait:</span> <span class='ocrx_word' id='word_1_414' title='bbox 1349 5004 1625 5072; x_wconf 79' lang='lat' dir='ltr'>Quatenus</span> <span class='ocrx_word' id='word_1_415' title='bbox 1647 5019 1776 5074; x_wconf 84' lang='lat' dir='ltr'>ergo</span> <span class='ocrx_word' id='word_1_416' title='bbox 1797 5009 1925 5058; x_wconf 83' lang='lat' dir='ltr'>ante</span> <span class='ocrx_word' id='word_1_417' title='bbox 1945 5022 2056 5059; x_wconf 89' lang='lat' dir='ltr'>ma-</span> 
     </span>
    </p>
   </div>
   <div class='ocr_carea' id='block_1_54' title="bbox 407 5094 2058 5165">
    <p class='ocr_par' dir='ltr' id='par_1_54' title="bbox 407 5094 2058 5165">
     <span class='ocr_line' id='line_1_54' title="bbox 407 5094 2058 5165; baseline -0.002 -13"><span class='ocrx_word' id='word_1_418' title='bbox 407 5097 676 5152; x_wconf 77' lang='lat' dir='ltr'>ledictum</span> <span class='ocrx_word' id='word_1_419' title='bbox 706 5096 1037 5151; x_wconf 78' lang='lat' dir='ltr'>immortalis</span> <span class='ocrx_word' id='word_1_420' title='bbox 1054 5095 1213 5148; x_wconf 82' lang='lat' dir='ltr'>homo</span> <span class='ocrx_word' id='word_1_421' title='bbox 1228 5096 1481 5164; x_wconf 82' lang='lat' dir='ltr'>perpetuo</span> <span class='ocrx_word' id='word_1_422' title='bbox 1505 5094 1683 5147; x_wconf 88' lang='lat' dir='ltr'>vivere</span> <span class='ocrx_word' id='word_1_423' title='bbox 1701 5097 1937 5162; x_wconf 80' lang='lat' dir='ltr'>poterat,</span> <span class='ocrx_word' id='word_1_424' title='bbox 1960 5095 2058 5165; x_wconf 88' lang='lat' dir='ltr'>qui</span> 
     </span>
    </p>
   </div>
   <div class='ocr_carea' id='block_1_55' title="bbox 404 5183 2054 5252">
    <p class='ocr_par' dir='ltr' id='par_1_55' title="bbox 404 5183 2054 5252">
     <span class='ocr_line' id='line_1_55' title="bbox 404 5183 2054 5252; baseline -0.002 -13"><span class='ocrx_word' id='word_1_425' title='bbox 404 5187 645 5242; x_wconf 83' lang='lat' dir='ltr'>nondum</span> <span class='ocrx_word' id='word_1_426' title='bbox 677 5203 747 5242; x_wconf 81' lang='lat' dir='ltr'>ex</span> <span class='ocrx_word' id='word_1_427' title='bbox 777 5187 885 5240; x_wconf 81' lang='lat' dir='ltr'>ista</span> <span class='ocrx_word' id='word_1_428' title='bbox 906 5185 1099 5239; x_wconf 87' lang='lat' dir='ltr'>arbore</span> <span class='ocrx_word' id='word_1_429' title='bbox 1117 5183 1297 5237; x_wconf 87' lang='lat' dir='ltr'>cibum</span> <span class='ocrx_word' id='word_1_430' title='bbox 1319 5185 1661 5252; x_wconf 77' lang='lat' dir='ltr'>sumpserat?</span> <span class='ocrx_word' id='word_1_431' title='bbox 1683 5183 1854 5248; x_wconf 78' lang='lat' dir='ltr'>Quasi</span> <span class='ocrx_word' id='word_1_432' title='bbox 1879 5183 1928 5237; x_wconf 90' lang='lat' dir='ltr'>ei</span> <span class='ocrx_word' id='word_1_433' title='bbox 1951 5183 2054 5237; x_wconf 86' lang='lat' dir='ltr'>ali-</span> 
     </span>
    </p>
   </div>
   <div class='ocr_carea' id='block_1_56' title="bbox 405 5271 2051 5346">
    <p class='ocr_par' dir='ltr' id='par_1_56' title="bbox 405 5271 2051 5346">
     <span class='ocr_line' id='line_1_56' title="bbox 405 5271 2051 5346; baseline -0.001 -17"><span class='ocrx_word' id='word_1_434' title='bbox 405 5277 540 5346; x_wconf 88' lang='lat' dir='ltr'>quis</span> <span class='ocrx_word' id='word_1_435' title='bbox 572 5275 802 5341; x_wconf 79' lang='lat' dir='ltr'>dixerit,</span> <span class='ocrx_word' id='word_1_436' title='bbox 835 5281 935 5329; x_wconf 91' lang='lat' dir='ltr'>aut</span> <span class='ocrx_word' id='word_1_437' title='bbox 968 5275 1024 5328; x_wconf 92' lang='lat' dir='ltr'>in</span> <span class='ocrx_word' id='word_1_438' title='bbox 1056 5273 1156 5328; x_wconf 91' lang='lat' dir='ltr'>illo</span> <span class='ocrx_word' id='word_1_439' title='bbox 1203 5271 1349 5326; x_wconf 91' lang='lat' dir='ltr'>libro</span> <span class='ocrx_word' id='word_1_440' title='bbox 1383 5271 1593 5325; x_wconf 89' lang='lat' dir='ltr'>alicubi</span> <span class='ocrx_word' id='word_1_441' title='bbox 1643 5271 1864 5342; x_wconf 87' lang='lat' dir='ltr'>legerit,</span> <span class='ocrx_word' id='word_1_442' title='bbox 1897 5273 2051 5343; x_wconf 90' lang='lat' dir='ltr'>quod</span> 
     </span>
    </p>
   </div>
   <div class='ocr_carea' id='block_1_57' title="bbox 407 5360 2050 5434">
    <p class='ocr_par' dir='ltr' id='par_1_57' title="bbox 407 5360 2050 5434">
     <span class='ocr_line' id='line_1_57' title="bbox 407 5360 2050 5434; baseline -0.001 -18"><span class='ocrx_word' id='word_1_443' title='bbox 407 5365 667 5419; x_wconf 84' lang='lat' dir='ltr'>nondum</span> <span class='ocrx_word' id='word_1_444' title='bbox 691 5365 874 5419; x_wconf 85' lang='lat' dir='ltr'>Adam</span> <span class='ocrx_word' id='word_1_445' title='bbox 903 5367 1317 5434; x_wconf 83' lang='lat' dir='ltr'>sumpseratex</span> <span class='ocrx_word' id='word_1_446' title='bbox 1334 5360 1460 5414; x_wconf 91' lang='lat' dir='ltr'>cibo</span> <span class='ocrx_word' id='word_1_447' title='bbox 1486 5361 1710 5415; x_wconf 89' lang='lat' dir='ltr'>arboris</span> <span class='ocrx_word' id='word_1_448' title='bbox 1732 5361 1878 5416; x_wconf 69' lang='lat' dir='ltr'>vitae.</span> <span class='ocrx_word' id='word_1_449' title='bbox 1903 5361 2050 5425; x_wconf 92' lang='lat' dir='ltr'>Quin</span> 
     </span>
    </p>
   </div>
   <div class='ocr_carea' id='block_1_58' title="bbox 405 5448 2052 5524">
    <p class='ocr_par' dir='ltr' id='par_1_58' title="bbox 405 5448 2052 5524">
     <span class='ocr_line' id='line_1_58' title="bbox 405 5448 2052 5524; baseline 0.002 -21"><span class='ocrx_word' id='word_1_450' title='bbox 405 5452 600 5521; x_wconf 92' lang='lat' dir='ltr'>potius</span> <span class='ocrx_word' id='word_1_451' title='bbox 621 5453 1036 5524; x_wconf 84' lang='lat' dir='ltr'>intelligendus</span> <span class='ocrx_word' id='word_1_452' title='bbox 1053 5451 1445 5522; x_wconf 86' lang='lat' dir='ltr'>est,quoniam</span> <span class='ocrx_word' id='word_1_453' title='bbox 1465 5448 1600 5502; x_wconf 88' lang='lat' dir='ltr'>inde</span> <span class='ocrx_word' id='word_1_454' title='bbox 1620 5449 1699 5502; x_wconf 94' lang='lat' dir='ltr'>illi</span> <span class='ocrx_word' id='word_1_455' title='bbox 1720 5450 1836 5503; x_wconf 87' lang='lat' dir='ltr'>vita</span> <span class='ocrx_word' id='word_1_456' title='bbox 1856 5453 1909 5504; x_wconf 91' lang='lat' dir='ltr'>in</span> <span class='ocrx_word' id='word_1_457' title='bbox 1933 5467 2052 5506; x_wconf 91' lang='lat' dir='ltr'>cor-</span> 
     </span>
    </p>
   </div>
   <div class='ocr_carea' id='block_1_59' title="bbox 406 5542 2053 5612">
    <p class='ocr_par' dir='ltr' id='par_1_59' title="bbox 406 5542 2053 5612">
     <span class='ocr_line' id='line_1_59' title="bbox 406 5542 2053 5612; baseline 0.002 -21"><span class='ocrx_word' id='word_1_458' title='bbox 406 5555 543 5610; x_wconf 89' lang='lat' dir='ltr'>pore</span> <span class='ocrx_word' id='word_1_459' title='bbox 557 5543 1292 5612; x_wconf 89' lang='lat' dir='ltr'>perpetuasuppetebat,ne</span> <span class='ocrx_word' id='word_1_460' title='bbox 1313 5542 1591 5593; x_wconf 88' lang='lat' dir='ltr'>vetustate</span> <span class='ocrx_word' id='word_1_461' title='bbox 1611 5544 2053 5595; x_wconf 89' lang='lat' dir='ltr'>consumeretur</span> 
     </span>
    </p>
   </div>
   <div class='ocr_carea' id='block_1_60' title="bbox 470 5644 1245 5714">
    <p class='ocr_par' dir='ltr' id='par_1_60' title="bbox 470 5644 1245 5714">
     <span class='ocr_line' id='line_1_60' title="bbox 470 5644 1245 5714; baseline 0.001 -20"><span class='ocrx_word' id='word_1_462' title='bbox 470 5644 488 5680; x_wconf 72' lang='grc' dir='ltr'>ί</span> <span class='ocrx_word' id='word_1_463' title='bbox 517 5647 628 5695; x_wconf 82' lang='lat' dir='ltr'>Am.</span> <span class='ocrx_word' id='word_1_464' title='bbox 661 5654 712 5698; x_wconf 85' lang='lat' dir='ltr'>et</span> <span class='ocrx_word' id='word_1_465' title='bbox 739 5649 923 5714; x_wconf 87' lang='lat' dir='ltr'>plures</span> <span class='ocrx_word' id='word_1_466' title='bbox 953 5647 1097 5698; x_wconf 77' lang='lat' dir='ltr'>Mss..</span> <span class='ocrx_word' id='word_1_467' title='bbox 1127 5651 1245 5698; x_wconf 81' lang='lat' dir='ltr'>ista.</span> 
     </span>
    </p>
   </div>
   <div class='ocr_carea' id='block_1_61' title="bbox 848 292 3413 373">
    <p class='ocr_par' dir='ltr' id='par_1_61' title="bbox 848 292 3413 373">
     <span class='ocr_line' id='line_1_61' title="bbox 848 292 3413 373; baseline -0.007 -2"><span class='ocrx_word' id='word_1_468' title='bbox 848 313 1157 373; x_wconf 77' lang='lat' dir='ltr'>CONTRA</span> <span class='ocrx_word' id='word_1_469' title='bbox 1202 303 1768 368; x_wconf 74' lang='lat' dir='ltr'>ADVERSARIUM</span> <span class='ocrx_word' id='word_1_470' title='bbox 1816 297 2038 360; x_wconf 84' lang='lat' dir='ltr'>LEGIS</span> <span class='ocrx_word' id='word_1_471' title='bbox 2085 299 2182 358; x_wconf 90' lang='lat' dir='ltr'>ET</span> <span class='ocrx_word' id='word_1_472' title='bbox 2226 293 2840 368; x_wconf 74' lang='lat' dir='ltr'>PROPHETARUM,</span> <span class='ocrx_word' id='word_1_473' title='bbox 2893 295 2956 353; x_wconf 91' lang='lat' dir='ltr'>S.</span> <span class='ocrx_word' id='word_1_474' title='bbox 3004 292 3413 354; x_wconf 85' lang='lat' dir='ltr'>AUGUSTlNl</span> 
     </span>
    </p>
   </div>
   <div class='ocr_carea' id='block_1_62' title="bbox 3676 298 3777 358">
    <p class='ocr_par' dir='ltr' id='par_1_62' title="bbox 3676 298 3777 358">
     <span class='ocr_line' id='line_1_62' title="bbox 3676 298 3777 358; baseline 0.02 -2"><span class='ocrx_word' id='word_1_475' title='bbox 3676 298 3777 358; x_wconf 78' lang='grc'>616</span> 
     </span>
    </p>
   </div>
   <div class='ocr_carea' id='block_1_63' title="bbox 2185 425 3782 501">
    <p class='ocr_par' dir='ltr' id='par_1_63' title="bbox 2185 425 3782 501">
     <span class='ocr_line' id='line_1_63' title="bbox 2185 425 3782 501; baseline 0.001 -16"><span class='ocrx_word' id='word_1_476' title='bbox 2185 431 2387 499; x_wconf 62' lang='lat' dir='ltr'>atatis,</span> <span class='ocrx_word' id='word_1_477' title='bbox 2422 431 2492 484; x_wconf 90' lang='lat' dir='ltr'>ad</span> <span class='ocrx_word' id='word_1_478' title='bbox 2524 429 2630 484; x_wconf 90' lang='lat' dir='ltr'>hoc</span> <span class='ocrx_word' id='word_1_479' title='bbox 2662 428 2796 483; x_wconf 92' lang='lat' dir='ltr'>inde</span> <span class='ocrx_word' id='word_1_480' title='bbox 2845 425 3195 498; x_wconf 88' lang='lat' dir='ltr'>prohibitus,</span> <span class='ocrx_word' id='word_1_481' title='bbox 3231 433 3376 482; x_wconf 80' lang='lat' dir='ltr'>utex</span> <span class='ocrx_word' id='word_1_482' title='bbox 3403 430 3606 499; x_wconf 87' lang='lat' dir='ltr'>peccati</span> <span class='ocrx_word' id='word_1_483' title='bbox 3636 447 3782 501; x_wconf 76' lang='lat' dir='ltr'>pcsna</span> 
     </span>
    </p>
   </div>
   <div class='ocr_carea' id='block_1_64' title="bbox 2175 517 3211 590">
    <p class='ocr_par' dir='ltr' id='par_1_64' title="bbox 2175 517 3211 590">
     <span class='ocr_line' id='line_1_64' title="bbox 2175 517 3211 590; baseline -0.002 -16"><span class='ocrx_word' id='word_1_484' title='bbox 2175 521 2301 590; x_wconf 85' lang='lat' dir='ltr'>jam</span> <span class='ocrx_word' id='word_1_485' title='bbox 2336 519 2419 573; x_wconf 90' lang='lat' dir='ltr'>illi</span> <span class='ocrx_word' id='word_1_486' title='bbox 2451 525 2606 574; x_wconf 90' lang='lat' dir='ltr'>esset</span> <span class='ocrx_word' id='word_1_487' title='bbox 2637 517 2954 572; x_wconf 85' lang='lat' dir='ltr'>necessitas</span> <span class='ocrx_word' id='word_1_488' title='bbox 2987 517 3211 572; x_wconf 91' lang='lat' dir='ltr'>mortis.</span> 
     </span>
    </p>
   </div>
   <div class='ocr_carea' id='block_1_65' title="bbox 2248 605 3788 679">
    <p class='ocr_par' dir='ltr' id='par_1_65' title="bbox 2248 605 3788 679">
     <span class='ocr_line' id='line_1_65' title="bbox 2248 605 3788 679; baseline 0.001 -17"><span class='ocrx_word' id='word_1_489' title='bbox 2248 610 2338 662; x_wconf 86' lang='lat'>25.</span> <span class='ocrx_word' id='word_1_490' title='bbox 2376 608 2680 676; x_wconf 85' lang='lat' dir='ltr'>Quomodo,</span> <span class='ocrx_word' id='word_1_491' title='bbox 2703 606 2916 676; x_wconf 87' lang='lat' dir='ltr'>inquit,</span> <span class='ocrx_word' id='word_1_492' title='bbox 2940 622 3008 660; x_wconf 77' lang='lat' dir='ltr'>ex</span> <span class='ocrx_word' id='word_1_493' title='bbox 3042 606 3144 658; x_wconf 89' lang='lat' dir='ltr'>Dei</span> <span class='ocrx_word' id='word_1_494' title='bbox 3173 605 3457 662; x_wconf 85' lang='lat' dir='ltr'>maledicto</span> <span class='ocrx_word' id='word_1_495' title='bbox 3492 609 3788 679; x_wconf 80' lang='lat' dir='ltr'>moriccepe-</span> 
     </span>
    </p>
   </div>
   <div class='ocr_carea' id='block_1_66' title="bbox 2178 695 3789 766">
    <p class='ocr_par' dir='ltr' id='par_1_66' title="bbox 2178 695 3789 766">
     <span class='ocr_line' id='line_1_66' title="bbox 2178 695 3789 766; baseline 0 -16"><span class='ocrx_word' id='word_1_496' title='bbox 2178 699 2276 760; x_wconf 84' lang='lat' dir='ltr'>rit,</span> <span class='ocrx_word' id='word_1_497' title='bbox 2296 714 2421 751; x_wconf 88' lang='lat' dir='ltr'>cum</span> <span class='ocrx_word' id='word_1_498' title='bbox 2443 702 2552 751; x_wconf 79' lang='lat' dir='ltr'>vita</span> <span class='ocrx_word' id='word_1_499' title='bbox 2587 698 2705 766; x_wconf 82' lang='lat' dir='ltr'>ipsa</span> <span class='ocrx_word' id='word_1_500' title='bbox 2727 711 3014 764; x_wconf 81' lang='lat' dir='ltr'>nunquam</span> <span class='ocrx_word' id='word_1_501' title='bbox 3031 711 3102 748; x_wconf 76' lang='lat' dir='ltr'>ea:</span> <span class='ocrx_word' id='word_1_502' title='bbox 3119 696 3234 764; x_wconf 84' lang='lat' dir='ltr'>ipso</span> <span class='ocrx_word' id='word_1_503' title='bbox 3257 695 3476 748; x_wconf 72' lang='lat' dir='ltr'>initium</span> <span class='ocrx_word' id='word_1_504' title='bbox 3497 700 3789 766; x_wconf 80' lang='lat' dir='ltr'>sumpserit?</span> 
     </span>
    </p>
   </div>
   <div class='ocr_carea' id='block_1_67' title="bbox 2179 783 3788 857">
    <p class='ocr_par' dir='ltr' id='par_1_67' title="bbox 2179 783 3788 857">
     <span class='ocr_line' id='line_1_67' title="bbox 2179 783 3788 857; baseline 0.001 -18"><span class='ocrx_word' id='word_1_505' title='bbox 2179 786 2350 848; x_wconf 88' lang='lat' dir='ltr'>Quasi</span> <span class='ocrx_word' id='word_1_506' title='bbox 2385 787 2667 857; x_wconf 91' lang='lat' dir='ltr'>optaverit</span> <span class='ocrx_word' id='word_1_507' title='bbox 2683 787 2733 840; x_wconf 89' lang='lat' dir='ltr'>ei</span> <span class='ocrx_word' id='word_1_508' title='bbox 2757 791 2905 838; x_wconf 84' lang='lat' dir='ltr'>Deus</span> <span class='ocrx_word' id='word_1_509' title='bbox 2927 789 3195 851; x_wconf 91' lang='lat' dir='ltr'>mortem,</span> <span class='ocrx_word' id='word_1_510' title='bbox 3213 783 3362 837; x_wconf 91' lang='lat' dir='ltr'>sicut</span> <span class='ocrx_word' id='word_1_511' title='bbox 3378 783 3542 838; x_wconf 88' lang='lat' dir='ltr'>homo</span> <span class='ocrx_word' id='word_1_512' title='bbox 3564 784 3788 852; x_wconf 61' lang='lat' dir='ltr'>hominiﬁ:</span> 
     </span>
    </p>
   </div>
   <div class='ocr_carea' id='block_1_68' title="bbox 2181 873 3791 943">
    <p class='ocr_par' dir='ltr' id='par_1_68' title="bbox 2181 873 3791 943">
     <span class='ocr_line' id='line_1_68' title="bbox 2181 873 3791 943; baseline 0 -14"><span class='ocrx_word' id='word_1_513' title='bbox 2181 891 2246 929; x_wconf 90' lang='lat' dir='ltr'>ac</span> <span class='ocrx_word' id='word_1_514' title='bbox 2270 892 2382 929; x_wconf 93' lang='lat' dir='ltr'>non</span> <span class='ocrx_word' id='word_1_515' title='bbox 2409 875 2506 929; x_wconf 90' lang='lat' dir='ltr'>Dei</span> <span class='ocrx_word' id='word_1_516' title='bbox 2522 877 2694 928; x_wconf 84' lang='lat' dir='ltr'>verba</span> <span class='ocrx_word' id='word_1_517' title='bbox 2709 874 2779 928; x_wconf 91' lang='lat' dir='ltr'>ad</span> <span class='ocrx_word' id='word_1_518' title='bbox 2795 873 3143 928; x_wconf 90' lang='lat' dir='ltr'>sententiam</span> <span class='ocrx_word' id='word_1_519' title='bbox 3162 873 3482 942; x_wconf 87' lang='lat' dir='ltr'>pertineant</span> <span class='ocrx_word' id='word_1_520' title='bbox 3505 875 3791 943; x_wconf 87' lang='lat' dir='ltr'>punientis,</span> 
     </span>
    </p>
   </div>
   <div class='ocr_carea' id='block_1_69' title="bbox 2180 961 3789 1018">
    <p class='ocr_par' dir='ltr' id='par_1_69' title="bbox 2180 961 3789 1018">
     <span class='ocr_line' id='line_1_69' title="bbox 2180 961 3789 1018; baseline -0.001 0"><span class='ocrx_word' id='word_1_521' title='bbox 2180 981 2294 1018; x_wconf 92' lang='lat' dir='ltr'>non</span> <span class='ocrx_word' id='word_1_522' title='bbox 2328 967 2396 1018; x_wconf 88' lang='lat' dir='ltr'>ad</span> <span class='ocrx_word' id='word_1_523' title='bbox 2421 965 2566 1018; x_wconf 89' lang='lat' dir='ltr'>iram</span> <span class='ocrx_word' id='word_1_524' title='bbox 2588 962 3007 1017; x_wconf 84' lang='lat' dir='ltr'>maledicentis.</span> <span class='ocrx_word' id='word_1_525' title='bbox 3036 961 3252 1016; x_wconf 90' lang='lat' dir='ltr'>Punire</span> <span class='ocrx_word' id='word_1_526' title='bbox 3276 967 3464 1016; x_wconf 88' lang='lat' dir='ltr'>autem</span> <span class='ocrx_word' id='word_1_527' title='bbox 3491 968 3660 1016; x_wconf 89' lang='lat' dir='ltr'>morte</span> <span class='ocrx_word' id='word_1_528' title='bbox 3685 980 3789 1017; x_wconf 88' lang='lat' dir='ltr'>cor-</span> 
     </span>
    </p>
   </div>
   <div class='ocr_carea' id='block_1_70' title="bbox 2177 1051 3793 1124">
    <p class='ocr_par' dir='ltr' id='par_1_70' title="bbox 2177 1051 3793 1124">
     <span class='ocr_line' id='line_1_70' title="bbox 2177 1051 3793 1124; baseline 0 -18"><span class='ocrx_word' id='word_1_529' title='bbox 2177 1053 2382 1124; x_wconf 90' lang='lat' dir='ltr'>porali,</span> <span class='ocrx_word' id='word_1_530' title='bbox 2417 1053 2524 1106; x_wconf 90' lang='lat' dir='ltr'>fuit</span> <span class='ocrx_word' id='word_1_531' title='bbox 2554 1069 2586 1106; x_wconf 90' lang='lat' dir='ltr'>a</span> <span class='ocrx_word' id='word_1_532' title='bbox 2617 1052 2746 1106; x_wconf 70' lang='lat' dir='ltr'>vitae</span> <span class='ocrx_word' id='word_1_533' title='bbox 2773 1051 2978 1105; x_wconf 89' lang='lat' dir='ltr'>arbore</span> <span class='ocrx_word' id='word_1_534' title='bbox 3011 1067 3296 1120; x_wconf 90' lang='lat' dir='ltr'>separare,</span> <span class='ocrx_word' id='word_1_535' title='bbox 3322 1051 3588 1119; x_wconf 84' lang='lat' dir='ltr'>cumjam</span> <span class='ocrx_word' id='word_1_536' title='bbox 3612 1051 3793 1106; x_wconf 85' lang='lat' dir='ltr'>fuisset</span> 
     </span>
    </p>
   </div>
   <div class='ocr_carea' id='block_1_71' title="bbox 2176 1139 3790 1212">
    <p class='ocr_par' dir='ltr' id='par_1_71' title="bbox 2176 1139 3790 1212">
     <span class='ocr_line' id='line_1_71' title="bbox 2176 1139 3790 1212; baseline -0.002 -15"><span class='ocrx_word' id='word_1_537' title='bbox 2176 1141 2559 1212; x_wconf 89' lang='lat' dir='ltr'>spiritualiter</span> <span class='ocrx_word' id='word_1_538' title='bbox 2580 1139 3071 1205; x_wconf 89' lang='lat' dir='ltr'>mortuus,animo</span> <span class='ocrx_word' id='word_1_539' title='bbox 3091 1139 3291 1209; x_wconf 90' lang='lat' dir='ltr'>utique</span> <span class='ocrx_word' id='word_1_540' title='bbox 3312 1145 3604 1211; x_wconf 86' lang='lat' dir='ltr'>separatus</span> <span class='ocrx_word' id='word_1_541' title='bbox 3618 1141 3682 1194; x_wconf 88' lang='lat' dir='ltr'>ab</span> <span class='ocrx_word' id='word_1_542' title='bbox 3701 1140 3790 1194; x_wconf 86' lang='lat' dir='ltr'>ali-</span> 
     </span>
    </p>
   </div>
   <div class='ocr_carea' id='block_1_72' title="bbox 2177 1227 3790 1301">
    <p class='ocr_par' dir='ltr' id='par_1_72' title="bbox 2177 1227 3790 1301">
     <span class='ocr_line' id='line_1_72' title="bbox 2177 1227 3790 1301; baseline -0.001 -17"><span class='ocrx_word' id='word_1_543' title='bbox 2177 1235 2372 1286; x_wconf 92' lang='lat' dir='ltr'>mento</span> <span class='ocrx_word' id='word_1_544' title='bbox 2405 1229 2724 1301; x_wconf 74' lang='lat' dir='ltr'>sapientiae.</span> <span class='ocrx_word' id='word_1_545' title='bbox 2757 1229 2909 1284; x_wconf 86' lang='lat' dir='ltr'>Deus</span> <span class='ocrx_word' id='word_1_546' title='bbox 2931 1228 3128 1299; x_wconf 90' lang='lat' dir='ltr'>itaque</span> <span class='ocrx_word' id='word_1_547' title='bbox 3151 1228 3290 1298; x_wconf 92' lang='lat' dir='ltr'>quid</span> <span class='ocrx_word' id='word_1_548' title='bbox 3323 1228 3372 1282; x_wconf 92' lang='lat' dir='ltr'>ei</span> <span class='ocrx_word' id='word_1_549' title='bbox 3404 1227 3722 1299; x_wconf 85' lang='lat' dir='ltr'>contigisset</span> <span class='ocrx_word' id='word_1_550' title='bbox 3741 1231 3790 1284; x_wconf 87' lang='lat' dir='ltr'>in</span> 
     </span>
    </p>
   </div>
   <div class='ocr_carea' id='block_1_73' title="bbox 2174 1316 3790 1391">
    <p class='ocr_par' dir='ltr' id='par_1_73' title="bbox 2174 1316 3790 1391">
     <span class='ocr_line' id='line_1_73' title="bbox 2174 1316 3790 1391; baseline -0.001 -17"><span class='ocrx_word' id='word_1_551' title='bbox 2174 1321 2391 1386; x_wconf 88' lang='lat' dir='ltr'>animo,</span> <span class='ocrx_word' id='word_1_552' title='bbox 2443 1319 2770 1391; x_wconf 84' lang='lat' dir='ltr'>signiﬁcare</span> <span class='ocrx_word' id='word_1_553' title='bbox 2817 1317 3021 1380; x_wconf 91' lang='lat' dir='ltr'>voluit,</span> <span class='ocrx_word' id='word_1_554' title='bbox 3053 1317 3376 1388; x_wconf 88' lang='lat' dir='ltr'>separando</span> <span class='ocrx_word' id='word_1_555' title='bbox 3408 1333 3538 1372; x_wconf 92' lang='lat' dir='ltr'>eum</span> <span class='ocrx_word' id='word_1_556' title='bbox 3585 1334 3617 1371; x_wconf 91' lang='lat' dir='ltr'>a</span> <span class='ocrx_word' id='word_1_557' title='bbox 3653 1316 3790 1389; x_wconf 85' lang='lat' dir='ltr'>ligno</span> 
     </span>
    </p>
   </div>
   <div class='ocr_carea' id='block_1_74' title="bbox 2172 1406 3281 1479">
    <p class='ocr_par' dir='ltr' id='par_1_74' title="bbox 2172 1406 3281 1479">
     <span class='ocr_line' id='line_1_74' title="bbox 2172 1406 3281 1479; baseline -0.004 -17"><span class='ocrx_word' id='word_1_558' title='bbox 2172 1410 2320 1473; x_wconf 66' lang='lat' dir='ltr'>vitae,</span> <span class='ocrx_word' id='word_1_559' title='bbox 2355 1425 2470 1479; x_wconf 91' lang='lat' dir='ltr'>quo</span> <span class='ocrx_word' id='word_1_560' title='bbox 2502 1408 2946 1479; x_wconf 84' lang='lat' dir='ltr'>significabatur</span> <span class='ocrx_word' id='word_1_561' title='bbox 2977 1406 3281 1477; x_wconf 88' lang='lat' dir='ltr'>sapientia.</span> 
     </span>
    </p>
   </div>
   <div class='ocr_carea' id='block_1_75' title="bbox 2242 1494 3790 1566">
    <p class='ocr_par' dir='ltr' id='par_1_75' title="bbox 2242 1494 3790 1566">
     <span class='ocr_line' id='line_1_75' title="bbox 2242 1494 3790 1566; baseline 0 -17"><span class='ocrx_word' id='word_1_562' title='bbox 2242 1497 2330 1549; x_wconf 82' lang='lat'>26.</span> <span class='ocrx_word' id='word_1_563' title='bbox 2368 1496 2467 1550; x_wconf 87' lang='lat' dir='ltr'>Sed</span> <span class='ocrx_word' id='word_1_564' title='bbox 2516 1500 2642 1560; x_wconf 83' lang='lat' dir='ltr'>ista,</span> <span class='ocrx_word' id='word_1_565' title='bbox 2678 1495 2889 1566; x_wconf 91' lang='lat' dir='ltr'>inquit,</span> <span class='ocrx_word' id='word_1_566' title='bbox 2923 1497 3088 1550; x_wconf 88' lang='lat' dir='ltr'>arbor</span> <span class='ocrx_word' id='word_1_567' title='bbox 3135 1509 3260 1566; x_wconf 68' lang='lat' dir='ltr'>quae</span> <span class='ocrx_word' id='word_1_568' title='bbox 3300 1497 3360 1548; x_wconf 89' lang='lat' dir='ltr'>in</span> <span class='ocrx_word' id='word_1_569' title='bbox 3390 1494 3638 1562; x_wconf 75' lang='lat' dir='ltr'>paradiso</span> <span class='ocrx_word' id='word_1_570' title='bbox 3683 1497 3790 1549; x_wconf 72' lang='lat' dir='ltr'>vitae</span> 
     </span>
    </p>
   </div>
   <div class='ocr_carea' id='block_1_76' title="bbox 2171 1581 3793 1657">
    <p class='ocr_par' dir='ltr' id='par_1_76' title="bbox 2171 1581 3793 1657">
     <span class='ocr_line' id='line_1_76' title="bbox 2171 1581 3793 1657; baseline 0 -19"><span class='ocrx_word' id='word_1_571' title='bbox 2171 1585 2386 1657; x_wconf 83' lang='lat' dir='ltr'>fructus</span> <span class='ocrx_word' id='word_1_572' title='bbox 2406 1585 2734 1655; x_wconf 46' lang='lat' dir='ltr'>[ereb‘at,cui</span> <span class='ocrx_word' id='word_1_573' title='bbox 2755 1585 3060 1653; x_wconf 80' lang='lat' dir='ltr'>proderat?</span> <span class='ocrx_word' id='word_1_574' title='bbox 3079 1582 3320 1650; x_wconf 90' lang='lat' dir='ltr'>Cui,nisi</span> <span class='ocrx_word' id='word_1_575' title='bbox 3347 1581 3464 1637; x_wconf 90' lang='lat' dir='ltr'>illis</span> <span class='ocrx_word' id='word_1_576' title='bbox 3487 1582 3681 1652; x_wconf 91' lang='lat' dir='ltr'>primis</span> <span class='ocrx_word' id='word_1_577' title='bbox 3702 1583 3793 1638; x_wconf 89' lang='lat' dir='ltr'>ho-</span> 
     </span>
    </p>
   </div>
   <div class='ocr_carea' id='block_1_77' title="bbox 2175 1671 3795 1742">
    <p class='ocr_par' dir='ltr' id='par_1_77' title="bbox 2175 1671 3795 1742">
     <span class='ocr_line' id='line_1_77' title="bbox 2175 1671 3795 1742; baseline -0.001 -14"><span class='ocrx_word' id='word_1_578' title='bbox 2175 1673 2451 1738; x_wconf 83' lang='lat' dir='ltr'>minibus,</span> <span class='ocrx_word' id='word_1_579' title='bbox 2487 1673 2748 1727; x_wconf 90' lang='lat' dir='ltr'>masculo</span> <span class='ocrx_word' id='word_1_580' title='bbox 2780 1678 2835 1726; x_wconf 88' lang='lat' dir='ltr'>et</span> <span class='ocrx_word' id='word_1_581' title='bbox 2880 1673 3127 1734; x_wconf 65' lang='lat' dir='ltr'>feminae,</span> <span class='ocrx_word' id='word_1_582' title='bbox 3163 1671 3262 1742; x_wconf 90' lang='lat' dir='ltr'>qui</span> <span class='ocrx_word' id='word_1_583' title='bbox 3298 1673 3352 1725; x_wconf 90' lang='lat' dir='ltr'>in</span> <span class='ocrx_word' id='word_1_584' title='bbox 3390 1673 3650 1742; x_wconf 87' lang='lat' dir='ltr'>paradiso</span> <span class='ocrx_word' id='word_1_585' title='bbox 3688 1672 3795 1726; x_wconf 87' lang='lat' dir='ltr'>fue-</span> 
     </span>
    </p>
   </div>
   <div class='ocr_carea' id='block_1_78' title="bbox 2172 1759 3800 1832">
    <p class='ocr_par' dir='ltr' id='par_1_78' title="bbox 2172 1759 3800 1832">
     <span class='ocr_line' id='line_1_78' title="bbox 2172 1759 3800 1832; baseline -0.001 -15"><span class='ocrx_word' id='word_1_586' title='bbox 2172 1768 2305 1817; x_wconf 86' lang='lat' dir='ltr'>rant</span> <span class='ocrx_word' id='word_1_587' title='bbox 2335 1763 2683 1817; x_wconf 85' lang='lat' dir='ltr'>constituti?</span> <span class='ocrx_word' id='word_1_588' title='bbox 2714 1762 2930 1817; x_wconf 91' lang='lat' dir='ltr'>Deinde</span> <span class='ocrx_word' id='word_1_589' title='bbox 2954 1761 3082 1816; x_wconf 90' lang='lat' dir='ltr'>istis</span> <span class='ocrx_word' id='word_1_590' title='bbox 3102 1761 3172 1814; x_wconf 88' lang='lat' dir='ltr'>de</span> <span class='ocrx_word' id='word_1_591' title='bbox 3208 1760 3476 1832; x_wconf 86' lang='lat' dir='ltr'>paradiso</span> <span class='ocrx_word' id='word_1_592' title='bbox 3497 1777 3594 1831; x_wconf 91' lang='lat' dir='ltr'>pro</span> <span class='ocrx_word' id='word_1_593' title='bbox 3616 1759 3800 1815; x_wconf 87' lang='lat' dir='ltr'>merito</span> 
     </span>
    </p>
   </div>
   <div class='ocr_carea' id='block_1_79' title="bbox 2174 1849 3802 1922">
    <p class='ocr_par' dir='ltr' id='par_1_79' title="bbox 2174 1849 3802 1922">
     <span class='ocr_line' id='line_1_79' title="bbox 2174 1849 3802 1922; baseline -0.003 -15"><span class='ocrx_word' id='word_1_594' title='bbox 2174 1869 2292 1907; x_wconf 71' lang='lat' dir='ltr'>suae</span> <span class='ocrx_word' id='word_1_595' title='bbox 2323 1852 2651 1922; x_wconf 89' lang='lat' dir='ltr'>iniquitatis</span> <span class='ocrx_word' id='word_1_596' title='bbox 2682 1850 2882 1920; x_wconf 87' lang='lat' dir='ltr'>ejectis</span> <span class='ocrx_word' id='word_1_597' title='bbox 2916 1851 3135 1904; x_wconf 90' lang='lat' dir='ltr'>mansit</span> <span class='ocrx_word' id='word_1_598' title='bbox 3158 1851 3228 1904; x_wconf 91' lang='lat' dir='ltr'>ad</span> <span class='ocrx_word' id='word_1_599' title='bbox 3264 1849 3606 1904; x_wconf 88' lang='lat' dir='ltr'>memoriam</span> <span class='ocrx_word' id='word_1_600' title='bbox 3639 1850 3802 1920; x_wconf 88' lang='lat' dir='ltr'>signi-</span> 
     </span>
    </p>
   </div>
   <div class='ocr_carea' id='block_1_80' title="bbox 2175 1939 3808 2011">
    <p class='ocr_par' dir='ltr' id='par_1_80' title="bbox 2175 1939 3808 2011">
     <span class='ocr_line' id='line_1_80' title="bbox 2175 1939 3808 2011; baseline -0.002 -17"><span class='ocrx_word' id='word_1_601' title='bbox 2175 1941 2411 1996; x_wconf 61' lang='lat' dir='ltr'>ficanda</span> <span class='ocrx_word' id='word_1_602' title='bbox 2455 1940 2777 2011; x_wconf 75' lang='lat' dir='ltr'>spirituzilis</span> <span class='ocrx_word' id='word_1_603' title='bbox 2811 1940 3035 1994; x_wconf 88' lang='lat' dir='ltr'>arboris</span> <span class='ocrx_word' id='word_1_604' title='bbox 3085 1939 3210 1992; x_wconf 66' lang='lat' dir='ltr'>vitae</span> <span class='ocrx_word' id='word_1_605' title='bbox 3244 1956 3256 1993; x_wconf 93' lang='lat'>:</span> <span class='ocrx_word' id='word_1_606' title='bbox 3296 1939 3451 2010; x_wconf 92' lang='lat' dir='ltr'>quod</span> <span class='ocrx_word' id='word_1_607' title='bbox 3485 1943 3592 2002; x_wconf 88' lang='lat' dir='ltr'>est,</span> <span class='ocrx_word' id='word_1_608' title='bbox 3626 1944 3687 1991; x_wconf 91' lang='lat' dir='ltr'>ut</span> <span class='ocrx_word' id='word_1_609' title='bbox 3731 1939 3808 1991; x_wconf 88' lang='lat' dir='ltr'>di-</span> 
     </span>
    </p>
   </div>
   <div class='ocr_carea' id='block_1_81' title="bbox 2171 2027 3807 2101">
    <p class='ocr_par' dir='ltr' id='par_1_81' title="bbox 2171 2027 3807 2101">
     <span class='ocr_line' id='line_1_81' title="bbox 2171 2027 3807 2101; baseline -0.001 -17"><span class='ocrx_word' id='word_1_610' title='bbox 2171 2031 2384 2096; x_wconf 88' lang='lat' dir='ltr'>ximus,</span> <span class='ocrx_word' id='word_1_611' title='bbox 2420 2029 2548 2101; x_wconf 90' lang='lat' dir='ltr'>ipsa</span> <span class='ocrx_word' id='word_1_612' title='bbox 2578 2028 2885 2099; x_wconf 90' lang='lat' dir='ltr'>sapientia,</span> <span class='ocrx_word' id='word_1_613' title='bbox 2905 2030 3209 2084; x_wconf 88' lang='lat' dir='ltr'>beatarum</span> <span class='ocrx_word' id='word_1_614' title='bbox 3234 2029 3404 2083; x_wconf 91' lang='lat' dir='ltr'>cibus</span> <span class='ocrx_word' id='word_1_615' title='bbox 3438 2027 3807 2082; x_wconf 86' lang='lat' dir='ltr'>immutabilis</span> 
     </span>
    </p>
   </div>
   <div class='ocr_carea' id='block_1_82' title="bbox 2174 2117 3812 2173">
    <p class='ocr_par' dir='ltr' id='par_1_82' title="bbox 2174 2117 3812 2173">
     <span class='ocr_line' id='line_1_82' title="bbox 2174 2117 3812 2173; baseline -0.002 0"><span class='ocrx_word' id='word_1_616' title='bbox 2174 2119 2521 2173; x_wconf 88' lang='lat' dir='ltr'>animarum.</span> <span class='ocrx_word' id='word_1_617' title='bbox 2556 2118 2761 2172; x_wconf 86' lang='lat' dir='ltr'>Utrum</span> <span class='ocrx_word' id='word_1_618' title='bbox 2813 2123 3008 2172; x_wconf 89' lang='lat' dir='ltr'>autem</span> <span class='ocrx_word' id='word_1_619' title='bbox 3042 2117 3139 2171; x_wconf 89' lang='lat' dir='ltr'>illo</span> <span class='ocrx_word' id='word_1_620' title='bbox 3192 2118 3321 2172; x_wconf 91' lang='lat' dir='ltr'>cibo</span> <span class='ocrx_word' id='word_1_621' title='bbox 3373 2122 3640 2171; x_wconf 87' lang='lat' dir='ltr'>vescatur</span> <span class='ocrx_word' id='word_1_622' title='bbox 3670 2132 3812 2170; x_wconf 90' lang='lat' dir='ltr'>nunc</span> 
     </span>
    </p>
   </div>
   <div class='ocr_carea' id='block_1_83' title="bbox 2173 2206 3815 2278">
    <p class='ocr_par' dir='ltr' id='par_1_83' title="bbox 2173 2206 3815 2278">
     <span class='ocr_line' id='line_1_83' title="bbox 2173 2206 3815 2278; baseline -0.002 -16"><span class='ocrx_word' id='word_1_623' title='bbox 2173 2207 2406 2278; x_wconf 89' lang='lat' dir='ltr'>aliquis,</span> <span class='ocrx_word' id='word_1_624' title='bbox 2441 2207 2551 2261; x_wconf 89' lang='lat' dir='ltr'>nisi</span> <span class='ocrx_word' id='word_1_625' title='bbox 2588 2208 2729 2261; x_wconf 91' lang='lat' dir='ltr'>forte</span> <span class='ocrx_word' id='word_1_626' title='bbox 2761 2206 2954 2262; x_wconf 87' lang='lat' dir='ltr'>Enoch</span> <span class='ocrx_word' id='word_1_627' title='bbox 2987 2211 3043 2260; x_wconf 93' lang='lat' dir='ltr'>et</span> <span class='ocrx_word' id='word_1_628' title='bbox 3075 2206 3247 2275; x_wconf 87' lang='lat' dir='ltr'>Elias,</span> <span class='ocrx_word' id='word_1_629' title='bbox 3283 2224 3399 2260; x_wconf 90' lang='lat' dir='ltr'>non</span> <span class='ocrx_word' id='word_1_630' title='bbox 3434 2212 3648 2260; x_wconf 91' lang='lat' dir='ltr'>temere</span> <span class='ocrx_word' id='word_1_631' title='bbox 3677 2221 3815 2259; x_wconf 85' lang='lat' dir='ltr'>asse-</span> 
     </span>
    </p>
   </div>
   <div class='ocr_carea' id='block_1_84' title="bbox 2172 2293 3812 2366">
    <p class='ocr_par' dir='ltr' id='par_1_84' title="bbox 2172 2293 3812 2366">
     <span class='ocr_line' id='line_1_84' title="bbox 2172 2293 3812 2366; baseline -0.004 -14"><span class='ocrx_word' id='word_1_632' title='bbox 2172 2297 2490 2352; x_wconf 88' lang='lat' dir='ltr'>verandum</span> <span class='ocrx_word' id='word_1_633' title='bbox 2525 2301 2662 2366; x_wconf 91' lang='lat' dir='ltr'>puto</span> <span class='ocrx_word' id='word_1_634' title='bbox 2698 2312 2710 2349; x_wconf 90' lang='lat'>:</span> <span class='ocrx_word' id='word_1_635' title='bbox 2748 2296 2903 2366; x_wconf 90' lang='lat' dir='ltr'>ligno</span> <span class='ocrx_word' id='word_1_636' title='bbox 2932 2300 3122 2350; x_wconf 91' lang='lat' dir='ltr'>tamen</span> <span class='ocrx_word' id='word_1_637' title='bbox 3159 2295 3254 2349; x_wconf 76' lang='lat' dir='ltr'>illo</span> <span class='ocrx_word' id='word_1_638' title='bbox 3287 2295 3444 2362; x_wconf 73' lang='lat' dir='ltr'>vitae,</span> <span class='ocrx_word' id='word_1_639' title='bbox 3471 2293 3624 2365; x_wconf 92' lang='lat' dir='ltr'>quod</span> <span class='ocrx_word' id='word_1_640' title='bbox 3658 2295 3812 2347; x_wconf 90' lang='lat' dir='ltr'>estin</span> 
     </span>
    </p>
   </div>
   <div class='ocr_carea' id='block_1_85' title="bbox 2173 2386 3812 2458">
    <p class='ocr_par' dir='ltr' id='par_1_85' title="bbox 2173 2386 3812 2458">
     <span class='ocr_line' id='line_1_85' title="bbox 2173 2386 3812 2458; baseline -0.003 -16"><span class='ocrx_word' id='word_1_641' title='bbox 2173 2387 2461 2458; x_wconf 91' lang='lat' dir='ltr'>spirituali</span> <span class='ocrx_word' id='word_1_642' title='bbox 2489 2387 2778 2457; x_wconf 86' lang='lat' dir='ltr'>paradiso,</span> <span class='ocrx_word' id='word_1_643' title='bbox 2799 2386 2907 2440; x_wconf 88' lang='lat' dir='ltr'>nisi</span> <span class='ocrx_word' id='word_1_644' title='bbox 2942 2386 3234 2441; x_wconf 89' lang='lat' dir='ltr'>alerentur</span> <span class='ocrx_word' id='word_1_645' title='bbox 3260 2387 3474 2440; x_wconf 72' lang='lat' dir='ltr'>animae</span> <span class='ocrx_word' id='word_1_646' title='bbox 3500 2387 3812 2446; x_wconf 89' lang='lat' dir='ltr'>beatorum,</span> 
     </span>
    </p>
   </div>
   <div class='ocr_carea' id='block_1_86' title="bbox 2173 2475 3812 2549">
    <p class='ocr_par' dir='ltr' id='par_1_86' title="bbox 2173 2475 3812 2549">
     <span class='ocr_line' id='line_1_86' title="bbox 2173 2475 3812 2549; baseline -0.003 -16"><span class='ocrx_word' id='word_1_647' title='bbox 2173 2495 2286 2533; x_wconf 92' lang='lat' dir='ltr'>non</span> <span class='ocrx_word' id='word_1_648' title='bbox 2319 2496 2420 2549; x_wconf 93' lang='lat' dir='ltr'>pro</span> <span class='ocrx_word' id='word_1_649' title='bbox 2441 2495 2679 2532; x_wconf 90' lang='lat' dir='ltr'>munere</span> <span class='ocrx_word' id='word_1_650' title='bbox 2698 2477 2926 2548; x_wconf 89' lang='lat' dir='ltr'>pietatis</span> <span class='ocrx_word' id='word_1_651' title='bbox 2957 2482 3014 2531; x_wconf 92' lang='lat' dir='ltr'>et</span> <span class='ocrx_word' id='word_1_652' title='bbox 3036 2477 3392 2531; x_wconf 69' lang='lat' dir='ltr'>fidelissimae</span> <span class='ocrx_word' id='word_1_653' title='bbox 3417 2475 3812 2540; x_wconf 85' lang='lat' dir='ltr'>confessionis,</span> 
     </span>
    </p>
   </div>
   <div class='ocr_carea' id='block_1_87' title="bbox 2169 2567 3815 2639">
    <p class='ocr_par' dir='ltr' id='par_1_87' title="bbox 2169 2567 3815 2639">
     <span class='ocr_line' id='line_1_87' title="bbox 2169 2567 3815 2639; baseline -0.002 -15"><span class='ocrx_word' id='word_1_654' title='bbox 2169 2570 2414 2625; x_wconf 90' lang='lat' dir='ltr'>latronis</span> <span class='ocrx_word' id='word_1_655' title='bbox 2455 2569 2659 2624; x_wconf 58' lang='lat' dir='ltr'>anima</span> <span class='ocrx_word' id='word_1_656' title='bbox 2709 2568 2998 2623; x_wconf 89' lang='lat' dir='ltr'>credentis</span> <span class='ocrx_word' id='word_1_657' title='bbox 3030 2569 3087 2622; x_wconf 91' lang='lat' dir='ltr'>in</span> <span class='ocrx_word' id='word_1_658' title='bbox 3138 2568 3443 2622; x_wconf 90' lang='lat' dir='ltr'>Christum</span> <span class='ocrx_word' id='word_1_659' title='bbox 3501 2567 3815 2639; x_wconf 86' lang='lat' dir='ltr'>legeremus</span> 
     </span>
    </p>
   </div>
   <div class='ocr_carea' id='block_1_88' title="bbox 2171 2654 3814 2729">
    <p class='ocr_par' dir='ltr' id='par_1_88' title="bbox 2171 2654 3814 2729">
     <span class='ocr_line' id='line_1_88' title="bbox 2171 2654 3814 2729; baseline -0.004 -17"><span class='ocrx_word' id='word_1_660' title='bbox 2171 2659 2508 2729; x_wconf 87' lang='lat' dir='ltr'>paradisum</span> <span class='ocrx_word' id='word_1_661' title='bbox 2542 2658 2742 2711; x_wconf 89' lang='lat' dir='ltr'>eodem</span> <span class='ocrx_word' id='word_1_662' title='bbox 2770 2655 2858 2710; x_wconf 90' lang='lat' dir='ltr'>die</span> <span class='ocrx_word' id='word_1_663' title='bbox 2891 2657 3070 2710; x_wconf 90' lang='lat' dir='ltr'>fuisse</span> <span class='ocrx_word' id='word_1_664' title='bbox 3102 2671 3493 2710; x_wconf 90' lang='lat' dir='ltr'>concessum:</span> <span class='ocrx_word' id='word_1_665' title='bbox 3522 2657 3712 2718; x_wconf 74' lang='lat' dir='ltr'>Amen,</span> <span class='ocrx_word' id='word_1_666' title='bbox 3736 2654 3814 2707; x_wconf 88' lang='lat' dir='ltr'>in-</span> 
     </span>
    </p>
   </div>
   <div class='ocr_carea' id='block_1_89' title="bbox 2173 2746 3820 2820">
    <p class='ocr_par' dir='ltr' id='par_1_89' title="bbox 2173 2746 3820 2820">
     <span class='ocr_line' id='line_1_89' title="bbox 2173 2746 3820 2820; baseline -0.002 -17"><span class='ocrx_word' id='word_1_667' title='bbox 2173 2749 2318 2820; x_wconf 91' lang='lat' dir='ltr'>quit,</span> <span class='ocrx_word' id='word_1_668' title='bbox 2352 2748 2470 2803; x_wconf 87' lang='lat' dir='ltr'>dico</span> <span class='ocrx_word' id='word_1_669' title='bbox 2513 2748 2634 2817; x_wconf 86' lang='lat' dir='ltr'>tibi,</span> <span class='ocrx_word' id='word_1_670' title='bbox 2667 2747 2825 2801; x_wconf 86' lang='lat' dir='ltr'>hodie</span> <span class='ocrx_word' id='word_1_671' title='bbox 2870 2763 3080 2801; x_wconf 87' lang='lat' dir='ltr'>mecum</span> <span class='ocrx_word' id='word_1_672' title='bbox 3127 2749 3236 2800; x_wconf 84' lang='lat' dir='ltr'>eris</span> <span class='ocrx_word' id='word_1_673' title='bbox 3267 2749 3328 2801; x_wconf 85' lang='lat' dir='ltr'>in</span> <span class='ocrx_word' id='word_1_674' title='bbox 3381 2748 3646 2817; x_wconf 77' lang='lat' dir='ltr'>paradiso</span> <span class='ocrx_word' id='word_1_675' title='bbox 3678 2746 3820 2816; x_wconf 84' lang='lat' dir='ltr'>(Luc.</span> 
     </span>
    </p>
   </div>
   <div class='ocr_carea' id='block_1_90' title="bbox 2170 2837 3824 2910">
    <p class='ocr_par' dir='ltr' id='par_1_90' title="bbox 2170 2837 3824 2910">
     <span class='ocr_line' id='line_1_90' title="bbox 2170 2837 3824 2910; baseline -0.002 -16"><span class='ocrx_word' id='word_1_676' title='bbox 2170 2857 2334 2908; x_wconf 79' lang='lat' dir='ltr'>XXIII,</span> <span class='ocrx_word' id='word_1_677' title='bbox 2370 2841 2478 2910; x_wconf 86' lang='grc'>43).</span> <span class='ocrx_word' id='word_1_678' title='bbox 2512 2840 2650 2894; x_wconf 89' lang='lat' dir='ltr'>Esse</span> <span class='ocrx_word' id='word_1_679' title='bbox 2682 2844 2874 2893; x_wconf 89' lang='lat' dir='ltr'>autem</span> <span class='ocrx_word' id='word_1_680' title='bbox 2900 2838 2977 2892; x_wconf 92' lang='lat' dir='ltr'>ibi</span> <span class='ocrx_word' id='word_1_681' title='bbox 3011 2855 3143 2892; x_wconf 91' lang='lat' dir='ltr'>cum</span> <span class='ocrx_word' id='word_1_682' title='bbox 3175 2837 3433 2904; x_wconf 89' lang='lat' dir='ltr'>Christo,</span> <span class='ocrx_word' id='word_1_683' title='bbox 3455 2838 3567 2892; x_wconf 90' lang='lat' dir='ltr'>hoc</span> <span class='ocrx_word' id='word_1_684' title='bbox 3598 2842 3685 2892; x_wconf 89' lang='lat' dir='ltr'>est</span> <span class='ocrx_word' id='word_1_685' title='bbox 3705 2853 3824 2891; x_wconf 65' lang='lat' dir='ltr'>esse</span> 
     </span>
    </p>
   </div>
   <div class='ocr_carea' id='block_1_91' title="bbox 2171 2929 3825 3001">
    <p class='ocr_par' dir='ltr' id='par_1_91' title="bbox 2171 2929 3825 3001">
     <span class='ocr_line' id='line_1_91' title="bbox 2171 2929 3825 3001; baseline -0.004 -15"><span class='ocrx_word' id='word_1_686' title='bbox 2171 2947 2303 2986; x_wconf 89' lang='lat' dir='ltr'>cum</span> <span class='ocrx_word' id='word_1_687' title='bbox 2335 2931 2461 2984; x_wconf 55' lang='lat' dir='ltr'>vita).</span> <span class='ocrx_word' id='word_1_688' title='bbox 2495 2931 2665 3000; x_wconf 86' lang='lat' dir='ltr'>ligno.</span> <span class='ocrx_word' id='word_1_689' title='bbox 2711 2931 2838 3000; x_wconf 82' lang='lat' dir='ltr'>Ipse</span> <span class='ocrx_word' id='word_1_690' title='bbox 2868 2934 2956 2984; x_wconf 93' lang='lat' dir='ltr'>est</span> <span class='ocrx_word' id='word_1_691' title='bbox 2989 2929 3205 3001; x_wconf 94' lang='lat' dir='ltr'>quippe</span> <span class='ocrx_word' id='word_1_692' title='bbox 3234 2929 3567 3001; x_wconf 86' lang='lat' dir='ltr'>Sapientia,</span> <span class='ocrx_word' id='word_1_693' title='bbox 3604 2929 3673 2983; x_wconf 90' lang='lat' dir='ltr'>de</span> <span class='ocrx_word' id='word_1_694' title='bbox 3702 2944 3825 2998; x_wconf 87' lang='lat' dir='ltr'>qua,</span> 
     </span>
    </p>
   </div>
   <div class='ocr_carea' id='block_1_92' title="bbox 2172 3019 3830 3092">
    <p class='ocr_par' dir='ltr' id='par_1_92' title="bbox 2172 3019 3830 3092">
     <span class='ocr_line' id='line_1_92' title="bbox 2172 3019 3830 3092; baseline -0.002 -17"><span class='ocrx_word' id='word_1_695' title='bbox 2172 3027 2236 3075; x_wconf 90' lang='lat' dir='ltr'>ut</span> <span class='ocrx_word' id='word_1_696' title='bbox 2266 3019 2534 3092; x_wconf 91' lang='lat' dir='ltr'>superius</span> <span class='ocrx_word' id='word_1_697' title='bbox 2586 3021 3057 3085; x_wconf 89' lang='lat' dir='ltr'>commemoravi,</span> <span class='ocrx_word' id='word_1_698' title='bbox 3109 3020 3404 3092; x_wconf 91' lang='lat' dir='ltr'>scriptum</span> <span class='ocrx_word' id='word_1_699' title='bbox 3443 3026 3556 3089; x_wconf 91' lang='lat' dir='ltr'>est,</span> <span class='ocrx_word' id='word_1_700' title='bbox 3602 3021 3830 3089; x_wconf 86' lang='lat' dir='ltr'>Lignum</span> 
     </span>
    </p>
   </div>
   <div class='ocr_carea' id='block_1_93' title="bbox 2169 3108 3055 3177">
    <p class='ocr_par' dir='ltr' id='par_1_93' title="bbox 2169 3108 3055 3177">
     <span class='ocr_line' id='line_1_93' title="bbox 2169 3108 3055 3177; baseline -0.001 -14"><span class='ocrx_word' id='word_1_701' title='bbox 2169 3109 2302 3163; x_wconf 76' lang='lat' dir='ltr'>vita:</span> <span class='ocrx_word' id='word_1_702' title='bbox 2330 3111 2408 3161; x_wconf 89' lang='lat' dir='ltr'>est</span> <span class='ocrx_word' id='word_1_703' title='bbox 2437 3108 2886 3177; x_wconf 77' lang='lat' dir='ltr'>amplectentibus</span> <span class='ocrx_word' id='word_1_704' title='bbox 2917 3124 3055 3162; x_wconf 88' lang='lat' dir='ltr'>eam.</span> 
     </span>
    </p>
   </div>
   <div class='ocr_carea' id='block_1_94' title="bbox 2241 3197 3834 3269">
    <p class='ocr_par' dir='ltr' id='par_1_94' title="bbox 2241 3197 3834 3269">
     <span class='ocr_line' id='line_1_94' title="bbox 2241 3197 3834 3269; baseline -0.001 -18"><span class='ocrx_word' id='word_1_705' title='bbox 2241 3197 2473 3253; x_wconf 88' lang='lat' dir='ltr'>CAPUT</span> <span class='ocrx_word' id='word_1_706' title='bbox 2506 3197 2646 3252; x_wconf 86' lang='lat' dir='ltr'><strong>XVI.</strong></span> <span class='ocrx_word' id='word_1_707' title='bbox 2675 3229 2740 3238; x_wconf 90' lang='lat'><strong>—</strong></span> <span class='ocrx_word' id='word_1_708' title='bbox 2765 3199 2852 3252; x_wconf 79' lang='lat'>&#39;27.</span> <span class='ocrx_word' id='word_1_709' title='bbox 2880 3199 3322 3269; x_wconf 87' lang='lat' dir='ltr'>Numquidnam</span> <span class='ocrx_word' id='word_1_710' title='bbox 3349 3204 3409 3254; x_wconf 90' lang='lat' dir='ltr'>et</span> <span class='ocrx_word' id='word_1_711' title='bbox 3432 3199 3546 3254; x_wconf 86' lang='lat' dir='ltr'>hoc</span> <span class='ocrx_word' id='word_1_712' title='bbox 3571 3197 3834 3254; x_wconf 87' lang='lat' dir='ltr'>refellen-</span> 
     </span>
    </p>
   </div>
   <div class='ocr_carea' id='block_1_95' title="bbox 2172 3285 3830 3361">
    <p class='ocr_par' dir='ltr' id='par_1_95' title="bbox 2172 3285 3830 3361">
     <span class='ocr_line' id='line_1_95' title="bbox 2172 3285 3830 3361; baseline 0 -20"><span class='ocrx_word' id='word_1_713' title='bbox 2172 3288 2312 3342; x_wconf 90' lang='lat' dir='ltr'>dum</span> <span class='ocrx_word' id='word_1_714' title='bbox 2343 3294 2448 3351; x_wconf 91' lang='lat' dir='ltr'>est,</span> <span class='ocrx_word' id='word_1_715' title='bbox 2475 3289 2628 3360; x_wconf 88' lang='lat' dir='ltr'>quod</span> <span class='ocrx_word' id='word_1_716' title='bbox 2655 3290 2811 3344; x_wconf 89' lang='lat' dir='ltr'>velut</span> <span class='ocrx_word' id='word_1_717' title='bbox 2831 3296 2996 3345; x_wconf 92' lang='lat' dir='ltr'>acute</span> <span class='ocrx_word' id='word_1_718' title='bbox 3018 3294 3056 3359; x_wconf 82' lang='lat'>&#39;,</span> <span class='ocrx_word' id='word_1_719' title='bbox 3083 3295 3148 3344; x_wconf 91' lang='lat' dir='ltr'>ut</span> <span class='ocrx_word' id='word_1_720' title='bbox 3171 3290 3280 3345; x_wconf 89' lang='lat' dir='ltr'>sibi</span> <span class='ocrx_word' id='word_1_721' title='bbox 3308 3290 3572 3361; x_wconf 87' lang='lat' dir='ltr'>videtur,</span> <span class='ocrx_word' id='word_1_722' title='bbox 3592 3285 3830 3343; x_wconf 76' lang='lat' dir='ltr'>irridet?</span> 
     </span>
    </p>
   </div>
   <div class='ocr_carea' id='block_1_96' title="bbox 2170 3375 3826 3448">
    <p class='ocr_par' dir='ltr' id='par_1_96' title="bbox 2170 3375 3826 3448">
     <span class='ocr_line' id='line_1_96' title="bbox 2170 3375 3826 3448; baseline -0.001 -19"><span class='ocrx_word' id='word_1_723' title='bbox 2170 3375 2384 3440; x_wconf 88' lang='lat' dir='ltr'>Primo,</span> <span class='ocrx_word' id='word_1_724' title='bbox 2419 3377 2600 3430; x_wconf 92' lang='lat' dir='ltr'>Deum</span> <span class='ocrx_word' id='word_1_725' title='bbox 2629 3395 2743 3431; x_wconf 94' lang='lat' dir='ltr'>non</span> <span class='ocrx_word' id='word_1_726' title='bbox 2769 3378 3069 3448; x_wconf 62' lang='lat' dir='ltr'>praescisse</span> <span class='ocrx_word' id='word_1_727' title='bbox 3092 3379 3246 3448; x_wconf 92' lang='lat' dir='ltr'>quod</span> <span class='ocrx_word' id='word_1_728' title='bbox 3282 3378 3577 3448; x_wconf 90' lang='lat' dir='ltr'>contigit:</span> <span class='ocrx_word' id='word_1_729' title='bbox 3605 3375 3826 3438; x_wconf 86' lang='lat' dir='ltr'>deinde,</span> 
     </span>
    </p>
   </div>
   <div class='ocr_carea' id='block_1_97' title="bbox 2170 3466 3833 3542">
    <p class='ocr_par' dir='ltr' id='par_1_97' title="bbox 2170 3466 3833 3542">
     <span class='ocr_line' id='line_1_97' title="bbox 2170 3466 3833 3542; baseline 0 -22"><span class='ocrx_word' id='word_1_730' title='bbox 2170 3467 2409 3537; x_wconf 90' lang='lat' dir='ltr'>implere</span> <span class='ocrx_word' id='word_1_731' title='bbox 2425 3485 2536 3522; x_wconf 91' lang='lat' dir='ltr'>nou</span> <span class='ocrx_word' id='word_1_732' title='bbox 2557 3466 2809 3524; x_wconf 91' lang='lat' dir='ltr'>valuisse</span> <span class='ocrx_word' id='word_1_733' title='bbox 2833 3471 2983 3538; x_wconf 83' lang='lat' dir='ltr'>quod</span> <span class='ocrx_word' id='word_1_734' title='bbox 3010 3486 3368 3541; x_wconf 89' lang='lat' dir='ltr'>magnopere</span> <span class='ocrx_word' id='word_1_735' title='bbox 3387 3469 3705 3542; x_wconf 86' lang='lat' dir='ltr'>cogitavit:</span> <span class='ocrx_word' id='word_1_736' title='bbox 3725 3474 3833 3522; x_wconf 89' lang='lat' dir='ltr'>ter-</span> 
     </span>
    </p>
   </div>
   <div class='ocr_carea' id='block_1_98' title="bbox 2170 3558 3836 3632">
    <p class='ocr_par' dir='ltr' id='par_1_98' title="bbox 2170 3558 3836 3632">
     <span class='ocr_line' id='line_1_98' title="bbox 2170 3558 3836 3632; baseline 0.001 -22"><span class='ocrx_word' id='word_1_737' title='bbox 2170 3559 2271 3627; x_wconf 91' lang='lat' dir='ltr'>tio,</span> <span class='ocrx_word' id='word_1_738' title='bbox 2306 3558 2373 3613; x_wconf 91' lang='lat' dir='ltr'>ad</span> <span class='ocrx_word' id='word_1_739' title='bbox 2404 3558 2777 3613; x_wconf 87' lang='lat' dir='ltr'>maledictum</span> <span class='ocrx_word' id='word_1_740' title='bbox 2811 3575 2870 3614; x_wconf 91' lang='lat' dir='ltr'>se</span> <span class='ocrx_word' id='word_1_741' title='bbox 2889 3560 3239 3614; x_wconf 88' lang='lat' dir='ltr'>convertisse</span> <span class='ocrx_word' id='word_1_742' title='bbox 3273 3566 3658 3632; x_wconf 89' lang='lat' dir='ltr'>superatum.</span> <span class='ocrx_word' id='word_1_743' title='bbox 3680 3559 3836 3613; x_wconf 90' lang='lat' dir='ltr'>Unde</span> 
     </span>
    </p>
   </div>
   <div class='ocr_carea' id='block_1_99' title="bbox 2169 3651 3836 3724">
    <p class='ocr_par' dir='ltr' id='par_1_99' title="bbox 2169 3651 3836 3724">
     <span class='ocr_line' id='line_1_99' title="bbox 2169 3651 3836 3724; baseline 0 -20"><span class='ocrx_word' id='word_1_744' title='bbox 2169 3651 2276 3705; x_wconf 91' lang='lat' dir='ltr'>scit</span> <span class='ocrx_word' id='word_1_745' title='bbox 2299 3652 2475 3705; x_wconf 89' lang='lat' dir='ltr'>Deum</span> <span class='ocrx_word' id='word_1_746' title='bbox 2498 3666 2609 3704; x_wconf 91' lang='lat' dir='ltr'>non</span> <span class='ocrx_word' id='word_1_747' title='bbox 2630 3651 2930 3722; x_wconf 73' lang='lat' dir='ltr'>praescisse</span> <span class='ocrx_word' id='word_1_748' title='bbox 2949 3653 3100 3722; x_wconf 92' lang='lat' dir='ltr'>quod</span> <span class='ocrx_word' id='word_1_749' title='bbox 3120 3653 3414 3724; x_wconf 84' lang='lat' dir='ltr'>contigit?</span> <span class='ocrx_word' id='word_1_750' title='bbox 3436 3655 3526 3707; x_wconf 91' lang='lat' dir='ltr'>An</span> <span class='ocrx_word' id='word_1_751' title='bbox 3548 3652 3690 3724; x_wconf 90' lang='lat' dir='ltr'>quia</span> <span class='ocrx_word' id='word_1_752' title='bbox 3707 3667 3836 3705; x_wconf 85' lang='lat' dir='ltr'>con-</span> 
     </span>
    </p>
   </div>
   <div class='ocr_carea' id='block_1_100' title="bbox 2168 3741 3840 3815">
    <p class='ocr_par' dir='ltr' id='par_1_100' title="bbox 2168 3741 3840 3815">
     <span class='ocr_line' id='line_1_100' title="bbox 2168 3741 3840 3815; baseline 0.001 -21"><span class='ocrx_word' id='word_1_753' title='bbox 2168 3742 2338 3812; x_wconf 81' lang='lat' dir='ltr'>tigit?</span> <span class='ocrx_word' id='word_1_754' title='bbox 2361 3741 2632 3804; x_wconf 89' lang='lat' dir='ltr'>Quinimo</span> <span class='ocrx_word' id='word_1_755' title='bbox 2647 3741 2821 3797; x_wconf 90' lang='lat' dir='ltr'>sinon</span> <span class='ocrx_word' id='word_1_756' title='bbox 2849 3743 3384 3815; x_wconf 89' lang='lat' dir='ltr'>contigisset,nullo</span> <span class='ocrx_word' id='word_1_757' title='bbox 3407 3746 3592 3799; x_wconf 90' lang='lat' dir='ltr'>modo</span> <span class='ocrx_word' id='word_1_758' title='bbox 3621 3745 3673 3798; x_wconf 90' lang='lat' dir='ltr'>id</span> <span class='ocrx_word' id='word_1_759' title='bbox 3703 3759 3840 3814; x_wconf 68' lang='lat' dir='ltr'>prae-</span> 
     </span>
    </p>
   </div>
   <div class='ocr_carea' id='block_1_101' title="bbox 2168 3829 3838 3902">
    <p class='ocr_par' dir='ltr' id='par_1_101' title="bbox 2168 3829 3838 3902">
     <span class='ocr_line' id='line_1_101' title="bbox 2168 3829 3838 3902; baseline -0.001 -18"><span class='ocrx_word' id='word_1_760' title='bbox 2168 3829 2373 3884; x_wconf 88' lang='lat' dir='ltr'>scisset</span> <span class='ocrx_word' id='word_1_761' title='bbox 2407 3830 2694 3896; x_wconf 87' lang='lat' dir='ltr'>futurum,</span> <span class='ocrx_word' id='word_1_762' title='bbox 2717 3831 2854 3900; x_wconf 84' lang='lat' dir='ltr'>quia</span> <span class='ocrx_word' id='word_1_763' title='bbox 2887 3847 2998 3885; x_wconf 91' lang='lat' dir='ltr'>non</span> <span class='ocrx_word' id='word_1_764' title='bbox 3018 3838 3141 3886; x_wconf 90' lang='lat' dir='ltr'>erat</span> <span class='ocrx_word' id='word_1_765' title='bbox 3159 3831 3462 3887; x_wconf 89' lang='lat' dir='ltr'>futurum.</span> <span class='ocrx_word' id='word_1_766' title='bbox 3494 3838 3617 3886; x_wconf 89' lang='lat' dir='ltr'>Aut</span> <span class='ocrx_word' id='word_1_767' title='bbox 3641 3831 3690 3886; x_wconf 90' lang='lat' dir='ltr'>si</span> <span class='ocrx_word' id='word_1_768' title='bbox 3716 3847 3838 3902; x_wconf 84' lang='lat' dir='ltr'>pro-</span> 
     </span>
    </p>
   </div>
   <div class='ocr_carea' id='block_1_102' title="bbox 2169 3921 3844 3994">
    <p class='ocr_par' dir='ltr' id='par_1_102' title="bbox 2169 3921 3844 3994">
     <span class='ocr_line' id='line_1_102' title="bbox 2169 3921 3844 3994; baseline 0.001 -21"><span class='ocrx_word' id='word_1_769' title='bbox 2169 3924 2365 3990; x_wconf 88' lang='lat' dir='ltr'>pterea</span> <span class='ocrx_word' id='word_1_770' title='bbox 2396 3924 2561 3989; x_wconf 89' lang='lat' dir='ltr'>putat</span> <span class='ocrx_word' id='word_1_771' title='bbox 2594 3937 2705 3974; x_wconf 93' lang='lat' dir='ltr'>non</span> <span class='ocrx_word' id='word_1_772' title='bbox 2757 3923 3078 3992; x_wconf 60' lang='lat' dir='ltr'>praescisse,</span> <span class='ocrx_word' id='word_1_773' title='bbox 3115 3921 3251 3993; x_wconf 89' lang='lat' dir='ltr'>quia</span> <span class='ocrx_word' id='word_1_774' title='bbox 3286 3922 3336 3976; x_wconf 88' lang='lat' dir='ltr'>si</span> <span class='ocrx_word' id='word_1_775' title='bbox 3378 3923 3742 3994; x_wconf 70' lang='lat' dir='ltr'>praescisset,</span> <span class='ocrx_word' id='word_1_776' title='bbox 3779 3936 3844 3974; x_wconf 91' lang='lat' dir='ltr'>ne</span> 
     </span>
    </p>
   </div>
   <div class='ocr_carea' id='block_1_103' title="bbox 2169 4007 3841 4079">
    <p class='ocr_par' dir='ltr' id='par_1_103' title="bbox 2169 4007 3841 4079">
     <span class='ocr_line' id='line_1_103' title="bbox 2169 4007 3841 4079; baseline -0.001 -19"><span class='ocrx_word' id='word_1_777' title='bbox 2169 4007 2527 4078; x_wconf 91' lang='lat' dir='ltr'>contingeret</span> <span class='ocrx_word' id='word_1_778' title='bbox 2559 4009 2907 4079; x_wconf 89' lang='lat' dir='ltr'>providisset</span> <span class='ocrx_word' id='word_1_779' title='bbox 2929 4011 2948 4043; x_wconf 76' lang='grc'><strong>²</strong></span> <span class='ocrx_word' id='word_1_780' title='bbox 2982 4026 2994 4063; x_wconf 87' lang='lat'>:</span> <span class='ocrx_word' id='word_1_781' title='bbox 3033 4015 3219 4079; x_wconf 91' lang='lat' dir='ltr'>potest</span> <span class='ocrx_word' id='word_1_782' title='bbox 3260 4009 3376 4064; x_wconf 91' lang='lat' dir='ltr'>hoc</span> <span class='ocrx_word' id='word_1_783' title='bbox 3411 4015 3472 4064; x_wconf 85' lang='lat' dir='ltr'>et</span> <span class='ocrx_word' id='word_1_784' title='bbox 3505 4011 3578 4064; x_wconf 87' lang='lat' dir='ltr'>de</span> <span class='ocrx_word' id='word_1_785' title='bbox 3613 4009 3841 4064; x_wconf 87' lang='lat' dir='ltr'>Christo</span> 
     </span>
    </p>
   </div>
   <div class='ocr_carea' id='block_1_104' title="bbox 2168 4097 3842 4173">
    <p class='ocr_par' dir='ltr' id='par_1_104' title="bbox 2168 4097 3842 4173">
     <span class='ocr_line' id='line_1_104' title="bbox 2168 4097 3842 4173; baseline 0.002 -22"><span class='ocrx_word' id='word_1_786' title='bbox 2168 4097 2479 4168; x_wconf 91' lang='lat' dir='ltr'>dicere,qui</span> <span class='ocrx_word' id='word_1_787' title='bbox 2505 4097 2789 4153; x_wconf 90' lang='lat' dir='ltr'>talentum</span> <span class='ocrx_word' id='word_1_788' title='bbox 2814 4100 2974 4153; x_wconf 92' lang='lat' dir='ltr'>dedit</span> <span class='ocrx_word' id='word_1_789' title='bbox 2995 4098 3217 4153; x_wconf 85' lang='lat' dir='ltr'>homini</span> <span class='ocrx_word' id='word_1_790' title='bbox 3240 4099 3396 4154; x_wconf 90' lang='lat' dir='ltr'>nihil</span> <span class='ocrx_word' id='word_1_791' title='bbox 3425 4102 3842 4173; x_wconf 86' lang='lat' dir='ltr'>acquisituro;</span> 
     </span>
    </p>
   </div>
   <div class='ocr_carea' id='block_1_105' title="bbox 2168 4187 3848 4262">
    <p class='ocr_par' dir='ltr' id='par_1_105' title="bbox 2168 4187 3848 4262">
     <span class='ocr_line' id='line_1_105' title="bbox 2168 4187 3848 4262; baseline -0.001 -20"><span class='ocrx_word' id='word_1_792' title='bbox 2168 4187 2317 4258; x_wconf 91' lang='lat' dir='ltr'>quod</span> <span class='ocrx_word' id='word_1_793' title='bbox 2354 4192 2654 4258; x_wconf 89' lang='lat' dir='ltr'>propterea</span> <span class='ocrx_word' id='word_1_794' title='bbox 2703 4189 2907 4260; x_wconf 85' lang='lat' dir='ltr'>utique</span> <span class='ocrx_word' id='word_1_795' title='bbox 2937 4189 3193 4254; x_wconf 87' lang='lat' dir='ltr'>dederat,</span> <span class='ocrx_word' id='word_1_796' title='bbox 3229 4194 3296 4243; x_wconf 91' lang='lat' dir='ltr'>ut</span> <span class='ocrx_word' id='word_1_797' title='bbox 3329 4191 3382 4260; x_wconf 85' lang='lat' dir='ltr'>ej</span> <span class='ocrx_word' id='word_1_798' title='bbox 3400 4207 3472 4245; x_wconf 90' lang='lat' dir='ltr'>us</span> <span class='ocrx_word' id='word_1_799' title='bbox 3527 4195 3848 4262; x_wconf 87' lang='lat' dir='ltr'>augeretur</span> 
     </span>
    </p>
   </div>
   <div class='ocr_carea' id='block_1_106' title="bbox 2168 4276 3850 4351">
    <p class='ocr_par' dir='ltr' id='par_1_106' title="bbox 2168 4276 3850 4351">
     <span class='ocr_line' id='line_1_106' title="bbox 2168 4276 3850 4351; baseline 0.001 -20"><span class='ocrx_word' id='word_1_800' title='bbox 2168 4277 2435 4348; x_wconf 84' lang='lat' dir='ltr'>pecunia,</span> <span class='ocrx_word' id='word_1_801' title='bbox 2458 4276 2737 4347; x_wconf 90' lang='lat' dir='ltr'>quidquid</span> <span class='ocrx_word' id='word_1_802' title='bbox 2763 4285 2852 4333; x_wconf 89' lang='lat' dir='ltr'>est</span> <span class='ocrx_word' id='word_1_803' title='bbox 2875 4279 3024 4347; x_wconf 88' lang='lat' dir='ltr'>quod</span> <span class='ocrx_word' id='word_1_804' title='bbox 3051 4277 3149 4332; x_wconf 89' lang='lat' dir='ltr'>illa</span> <span class='ocrx_word' id='word_1_805' title='bbox 3171 4277 3506 4349; x_wconf 79' lang='lat' dir='ltr'>significat.</span> <span class='ocrx_word' id='word_1_806' title='bbox 3535 4280 3692 4351; x_wconf 85' lang='lat' dir='ltr'>Ergo</span> <span class='ocrx_word' id='word_1_807' title='bbox 3718 4276 3850 4350; x_wconf 86' lang='lat' dir='ltr'>quia</span> 
     </span>
    </p>
   </div>
   <div class='ocr_carea' id='block_1_107' title="bbox 2167 4365 3844 4439">
    <p class='ocr_par' dir='ltr' id='par_1_107' title="bbox 2167 4365 3844 4439">
     <span class='ocr_line' id='line_1_107' title="bbox 2167 4365 3844 4439; baseline -0.002 -18"><span class='ocrx_word' id='word_1_808' title='bbox 2167 4365 2408 4436; x_wconf 87' lang='lat' dir='ltr'>contigit</span> <span class='ocrx_word' id='word_1_809' title='bbox 2431 4369 2495 4418; x_wconf 90' lang='lat' dir='ltr'>ut</span> <span class='ocrx_word' id='word_1_810' title='bbox 2519 4365 2611 4420; x_wconf 90' lang='lat' dir='ltr'>ille</span> <span class='ocrx_word' id='word_1_811' title='bbox 2635 4385 2742 4422; x_wconf 87' lang='lat' dir='ltr'>sua</span> <span class='ocrx_word' id='word_1_812' title='bbox 2766 4367 2997 4439; x_wconf 88' lang='lat' dir='ltr'>pigritia</span> <span class='ocrx_word' id='word_1_813' title='bbox 3027 4367 3167 4420; x_wconf 88' lang='lat' dir='ltr'>nihil</span> <span class='ocrx_word' id='word_1_814' title='bbox 3193 4369 3571 4437; x_wconf 88' lang='lat' dir='ltr'>acquireret,</span> <span class='ocrx_word' id='word_1_815' title='bbox 3600 4369 3710 4422; x_wconf 91' lang='lat' dir='ltr'>hoc</span> <span class='ocrx_word' id='word_1_816' title='bbox 3735 4383 3844 4420; x_wconf 91' lang='lat' dir='ltr'>non</span> 
     </span>
    </p>
   </div>
   <div class='ocr_carea' id='block_1_108' title="bbox 2165 4453 3847 4529">
    <p class='ocr_par' dir='ltr' id='par_1_108' title="bbox 2165 4453 3847 4529">
     <span class='ocr_line' id='line_1_108' title="bbox 2165 4453 3847 4529; baseline -0.002 -20"><span class='ocrx_word' id='word_1_817' title='bbox 2165 4453 2450 4529; x_wconf 68' lang='lat' dir='ltr'>praescivit</span> <span class='ocrx_word' id='word_1_818' title='bbox 2482 4455 2574 4511; x_wconf 90' lang='lat' dir='ltr'>ille</span> <span class='ocrx_word' id='word_1_819' title='bbox 2605 4457 2704 4527; x_wconf 91' lang='lat' dir='ltr'>qui</span> <span class='ocrx_word' id='word_1_820' title='bbox 2733 4454 2939 4510; x_wconf 84' lang='lat' dir='ltr'>dedit?</span> <span class='ocrx_word' id='word_1_821' title='bbox 2969 4453 3158 4508; x_wconf 88' lang='lat' dir='ltr'>dicere</span> <span class='ocrx_word' id='word_1_822' title='bbox 3197 4453 3383 4508; x_wconf 89' lang='lat' dir='ltr'>etiam</span> <span class='ocrx_word' id='word_1_823' title='bbox 3425 4459 3631 4526; x_wconf 87' lang='lat' dir='ltr'>potest</span> <span class='ocrx_word' id='word_1_824' title='bbox 3654 4455 3699 4521; x_wconf 76' lang='grc'>³,</span> <span class='ocrx_word' id='word_1_825' title='bbox 3733 4468 3847 4508; x_wconf 89' lang='lat' dir='ltr'>non</span> 
     </span>
    </p>
   </div>
   <div class='ocr_carea' id='block_1_109' title="bbox 2165 4547 3847 4620">
    <p class='ocr_par' dir='ltr' id='par_1_109' title="bbox 2165 4547 3847 4620">
     <span class='ocr_line' id='line_1_109' title="bbox 2165 4547 3847 4620; baseline -0.001 -19"><span class='ocrx_word' id='word_1_826' title='bbox 2165 4547 2437 4620; x_wconf 85' lang='lat' dir='ltr'>implesse</span> <span class='ocrx_word' id='word_1_827' title='bbox 2456 4551 2524 4603; x_wconf 90' lang='lat' dir='ltr'>de</span> <span class='ocrx_word' id='word_1_828' title='bbox 2542 4548 2649 4603; x_wconf 92' lang='lat' dir='ltr'>hoc</span> <span class='ocrx_word' id='word_1_829' title='bbox 2665 4548 2826 4602; x_wconf 90' lang='lat' dir='ltr'>lucro</span> <span class='ocrx_word' id='word_1_830' title='bbox 2844 4547 3139 4602; x_wconf 88' lang='lat' dir='ltr'>Christum</span> <span class='ocrx_word' id='word_1_831' title='bbox 3165 4547 3322 4617; x_wconf 90' lang='lat' dir='ltr'>quod</span> <span class='ocrx_word' id='word_1_832' title='bbox 3354 4563 3736 4619; x_wconf 87' lang='lat' dir='ltr'>magnopere</span> <span class='ocrx_word' id='word_1_833' title='bbox 3756 4562 3847 4600; x_wconf 89' lang='lat' dir='ltr'>co-</span> 
     </span>
    </p>
   </div>
   <div class='ocr_carea' id='block_1_110' title="bbox 2164 4637 3850 4712">
    <p class='ocr_par' dir='ltr' id='par_1_110' title="bbox 2164 4637 3850 4712">
     <span class='ocr_line' id='line_1_110' title="bbox 2164 4637 3850 4712; baseline -0.002 -19"><span class='ocrx_word' id='word_1_834' title='bbox 2164 4640 2382 4712; x_wconf 86' lang='lat' dir='ltr'>gitavit.</span> <span class='ocrx_word' id='word_1_835' title='bbox 2437 4641 2627 4696; x_wconf 91' lang='lat' dir='ltr'>Potest</span> <span class='ocrx_word' id='word_1_836' title='bbox 2660 4644 2716 4693; x_wconf 91' lang='lat' dir='ltr'>et</span> <span class='ocrx_word' id='word_1_837' title='bbox 2745 4638 2886 4692; x_wconf 92' lang='lat' dir='ltr'>illud</span> <span class='ocrx_word' id='word_1_838' title='bbox 2940 4639 3197 4702; x_wconf 88' lang='lat' dir='ltr'>tertium,</span> <span class='ocrx_word' id='word_1_839' title='bbox 3233 4638 3302 4692; x_wconf 91' lang='lat' dir='ltr'>ad</span> <span class='ocrx_word' id='word_1_840' title='bbox 3348 4637 3756 4692; x_wconf 85' lang='lat' dir='ltr'>maledictum</span> <span class='ocrx_word' id='word_1_841' title='bbox 3789 4650 3850 4690; x_wconf 88' lang='lat' dir='ltr'>se</span> 
     </span>
    </p>
   </div>
   <div class='ocr_carea' id='block_1_111' title="bbox 2165 4728 3848 4801">
    <p class='ocr_par' dir='ltr' id='par_1_111' title="bbox 2165 4728 3848 4801">
     <span class='ocr_line' id='line_1_111' title="bbox 2165 4728 3848 4801; baseline -0.005 -15"><span class='ocrx_word' id='word_1_842' title='bbox 2165 4733 2512 4786; x_wconf 89' lang='lat' dir='ltr'>convertisse</span> <span class='ocrx_word' id='word_1_843' title='bbox 2535 4728 3180 4801; x_wconf 87' lang='lat' dir='ltr'>superatum,quoniam</span> <span class='ocrx_word' id='word_1_844' title='bbox 3205 4729 3596 4800; x_wconf 80' lang='lat' dir='ltr'>dixit,Ligate</span> <span class='ocrx_word' id='word_1_845' title='bbox 3614 4729 3709 4783; x_wconf 84' lang='lat' dir='ltr'>illi</span> <span class='ocrx_word' id='word_1_846' title='bbox 3731 4743 3848 4780; x_wconf 88' lang='lat' dir='ltr'>ma-</span> 
     </span>
    </p>
   </div>
   <div class='ocr_carea' id='block_1_112' title="bbox 2162 4819 3850 4893">
    <p class='ocr_par' dir='ltr' id='par_1_112' title="bbox 2162 4819 3850 4893">
     <span class='ocr_line' id='line_1_112' title="bbox 2162 4819 3850 4893; baseline -0.004 -16"><span class='ocrx_word' id='word_1_847' title='bbox 2162 4840 2264 4877; x_wconf 88' lang='lat' dir='ltr'>nus</span> <span class='ocrx_word' id='word_1_848' title='bbox 2293 4833 2343 4878; x_wconf 81' lang='lat' dir='ltr'>et</span> <span class='ocrx_word' id='word_1_849' title='bbox 2368 4822 2543 4893; x_wconf 87' lang='lat' dir='ltr'>pedes,</span> <span class='ocrx_word' id='word_1_850' title='bbox 2575 4829 2626 4876; x_wconf 87' lang='lat' dir='ltr'>et</span> <span class='ocrx_word' id='word_1_851' title='bbox 2666 4821 2924 4892; x_wconf 86' lang='lat' dir='ltr'>projicite</span> <span class='ocrx_word' id='word_1_852' title='bbox 2958 4836 3081 4875; x_wconf 85' lang='lat' dir='ltr'>eum</span> <span class='ocrx_word' id='word_1_853' title='bbox 3113 4824 3172 4872; x_wconf 78' lang='lat' dir='ltr'>in</span> <span class='ocrx_word' id='word_1_854' title='bbox 3221 4819 3494 4874; x_wconf 82' lang='lat' dir='ltr'>tenebras</span> <span class='ocrx_word' id='word_1_855' title='bbox 3537 4820 3850 4874; x_wconf 77' lang='lat' dir='ltr'>exteriores</span> 
     </span>
    </p>
   </div>
   <div class='ocr_carea' id='block_1_113' title="bbox 2163 4911 3855 4984">
    <p class='ocr_par' dir='ltr' id='par_1_113' title="bbox 2163 4911 3855 4984">
     <span class='ocr_line' id='line_1_113' title="bbox 2163 4911 3855 4984; baseline -0.004 -17"><span class='ocrx_word' id='word_1_856' title='bbox 2163 4914 2367 4983; x_wconf 83' lang='lat' dir='ltr'>(Matth.</span> <span class='ocrx_word' id='word_1_857' title='bbox 2401 4931 2529 4979; x_wconf 87' lang='lat' dir='ltr'>xxv,</span> <span class='ocrx_word' id='word_1_858' title='bbox 2557 4914 2776 4984; x_wconf 78' lang='lat'>15-20):</span> <span class='ocrx_word' id='word_1_859' title='bbox 2807 4913 2958 4966; x_wconf 90' lang='lat' dir='ltr'>sicut</span> <span class='ocrx_word' id='word_1_860' title='bbox 2988 4913 3058 4966; x_wconf 93' lang='lat' dir='ltr'>de</span> <span class='ocrx_word' id='word_1_861' title='bbox 3089 4911 3272 4965; x_wconf 86' lang='lat' dir='ltr'>Adam</span> <span class='ocrx_word' id='word_1_862' title='bbox 3297 4911 3553 4966; x_wconf 89' lang='lat' dir='ltr'>dictum</span> <span class='ocrx_word' id='word_1_863' title='bbox 3583 4925 3698 4977; x_wconf 86' lang='lat' dir='ltr'>est,</span> <span class='ocrx_word' id='word_1_864' title='bbox 3731 4915 3793 4963; x_wconf 93' lang='lat' dir='ltr'>ut</span> <span class='ocrx_word' id='word_1_865' title='bbox 3822 4923 3855 4961; x_wconf 89' lang='lat' dir='ltr'>a</span> 
     </span>
    </p>
   </div>
   <div class='ocr_carea' id='block_1_114' title="bbox 2163 5000 3852 5074">
    <p class='ocr_par' dir='ltr' id='par_1_114' title="bbox 2163 5000 3852 5074">
     <span class='ocr_line' id='line_1_114' title="bbox 2163 5000 3852 5074; baseline -0.003 -17"><span class='ocrx_word' id='word_1_866' title='bbox 2163 5003 2316 5074; x_wconf 88' lang='lat' dir='ltr'>ligno</span> <span class='ocrx_word' id='word_1_867' title='bbox 2346 5003 2474 5057; x_wconf 74' lang='lat' dir='ltr'>vitae</span> <span class='ocrx_word' id='word_1_868' title='bbox 2499 5008 2804 5074; x_wconf 88' lang='lat' dir='ltr'>separatus</span> <span class='ocrx_word' id='word_1_869' title='bbox 2827 5006 3010 5056; x_wconf 91' lang='lat' dir='ltr'>morte</span> <span class='ocrx_word' id='word_1_870' title='bbox 3035 5001 3210 5055; x_wconf 87' lang='lat' dir='ltr'>etiam</span> <span class='ocrx_word' id='word_1_871' title='bbox 3240 5000 3524 5071; x_wconf 87' lang='lat' dir='ltr'>corporis</span> <span class='ocrx_word' id='word_1_872' title='bbox 3561 5001 3852 5072; x_wconf 86' lang='lat' dir='ltr'>plectere-</span> 
     </span>
    </p>
   </div>
   <div class='ocr_carea' id='block_1_115' title="bbox 2160 5091 3854 5164">
    <p class='ocr_par' dir='ltr' id='par_1_115' title="bbox 2160 5091 3854 5164">
     <span class='ocr_line' id='line_1_115' title="bbox 2160 5091 3854 5164; baseline -0.004 -16"><span class='ocrx_word' id='word_1_873' title='bbox 2160 5099 2256 5148; x_wconf 91' lang='lat' dir='ltr'>tur</span> <span class='ocrx_word' id='word_1_874' title='bbox 2301 5091 2452 5164; x_wconf 86' lang='lat' dir='ltr'>(Gen.</span> <span class='ocrx_word' id='word_1_875' title='bbox 2488 5110 2572 5157; x_wconf 86' lang='lat' dir='ltr'>Ill,</span> <span class='ocrx_word' id='word_1_876' title='bbox 2603 5095 2692 5159; x_wconf 84' lang='grc'>24,</span> <span class='ocrx_word' id='word_1_877' title='bbox 2731 5094 2838 5164; x_wconf 82' lang='grc'>19).</span> <span class='ocrx_word' id='word_1_878' title='bbox 2896 5091 3041 5146; x_wconf 87' lang='lat' dir='ltr'>Huic</span> <span class='ocrx_word' id='word_1_879' title='bbox 3090 5091 3244 5146; x_wconf 90' lang='lat' dir='ltr'>enim</span> <span class='ocrx_word' id='word_1_880' title='bbox 3301 5091 3555 5145; x_wconf 86' lang='lat' dir='ltr'>homini</span> <span class='ocrx_word' id='word_1_881' title='bbox 3607 5093 3854 5154; x_wconf 86' lang='lat' dir='ltr'>diserto,</span> 
     </span>
    </p>
   </div>
   <div class='ocr_carea' id='block_1_116' title="bbox 2160 5183 3852 5255">
    <p class='ocr_par' dir='ltr' id='par_1_116' title="bbox 2160 5183 3852 5255">
     <span class='ocr_line' id='line_1_116' title="bbox 2160 5183 3852 5255; baseline -0.004 -15"><span class='ocrx_word' id='word_1_882' title='bbox 2160 5184 2481 5240; x_wconf 81' lang='lat' dir='ltr'>deficientis</span> <span class='ocrx_word' id='word_1_883' title='bbox 2503 5185 2523 5217; x_wconf 79' lang='grc'><strong>⁴</strong></span> <span class='ocrx_word' id='word_1_884' title='bbox 2540 5183 2937 5252; x_wconf 87' lang='lat' dir='ltr'>maledictum,</span> <span class='ocrx_word' id='word_1_885' title='bbox 2953 5185 3182 5239; x_wconf 91' lang='lat' dir='ltr'>videtur</span> <span class='ocrx_word' id='word_1_886' title='bbox 3199 5183 3473 5254; x_wconf 90' lang='lat' dir='ltr'>potentis</span> <span class='ocrx_word' id='word_1_887' title='bbox 3496 5183 3852 5255; x_wconf 88' lang='lat' dir='ltr'>imperium.</span> 
     </span>
    </p>
   </div>
   <div class='ocr_carea' id='block_1_117' title="bbox 2222 5330 2982 5393">
    <p class='ocr_par' dir='ltr' id='par_1_117' title="bbox 2222 5330 2982 5393">
     <span class='ocr_line' id='line_1_117' title="bbox 2222 5330 2982 5393; baseline 0.001 -15"><span class='ocrx_word' id='word_1_888' title='bbox 2222 5333 2239 5366; x_wconf 77' lang='grc' dir='ltr'>ί</span> <span class='ocrx_word' id='word_1_889' title='bbox 2273 5332 2330 5378; x_wconf 90' lang='lat' dir='ltr'>lu</span> <span class='ocrx_word' id='word_1_890' title='bbox 2364 5331 2506 5389; x_wconf 66' lang='lat' dir='ltr'>Mss,</span> <span class='ocrx_word' id='word_1_891' title='bbox 2538 5345 2634 5393; x_wconf 82' lang='lat' dir='ltr'>quo</span> <span class='ocrx_word' id='word_1_892' title='bbox 2663 5330 2794 5378; x_wconf 85' lang='lat' dir='ltr'>velut</span> <span class='ocrx_word' id='word_1_893' title='bbox 2822 5341 2982 5379; x_wconf 83' lang='lat' dir='ltr'>acute.</span> 
     </span>
    </p>
   </div>
   <div class='ocr_carea' id='block_1_118' title="bbox 2224 5394 3288 5455">
    <p class='ocr_par' dir='ltr' id='par_1_118' title="bbox 2224 5394 3288 5455">
     <span class='ocr_line' id='line_1_118' title="bbox 2224 5394 3288 5455; baseline -0.004 -14"><span class='ocrx_word' id='word_1_894' title='bbox 2224 5395 2243 5427; x_wconf 85' lang='grc'><strong><em>²</em></strong></span> <span class='ocrx_word' id='word_1_895' title='bbox 2271 5394 2354 5441; x_wconf 88' lang='lat' dir='ltr'>Er.</span> <span class='ocrx_word' id='word_1_896' title='bbox 2389 5397 2441 5440; x_wconf 86' lang='lat' dir='ltr'>et</span> <span class='ocrx_word' id='word_1_897' title='bbox 2471 5394 2612 5448; x_wconf 89' lang='lat' dir='ltr'>Lov.,</span> <span class='ocrx_word' id='word_1_898' title='bbox 2644 5395 2978 5455; x_wconf 65' lang='lat' dir='ltr'>previdisset.</span> <span class='ocrx_word' id='word_1_899' title='bbox 3008 5396 3288 5454; x_wconf 86' lang='lat' dir='ltr'>Corrupte.</span> 
     </span>
    </p>
   </div>
   <div class='ocr_carea' id='block_1_119' title="bbox 2222 5454 3856 5518">
    <p class='ocr_par' dir='ltr' id='par_1_119' title="bbox 2222 5454 3856 5518">
     <span class='ocr_line' id='line_1_119' title="bbox 2222 5454 3856 5518; baseline -0.003 -14"><span class='ocrx_word' id='word_1_900' title='bbox 2222 5458 2242 5491; x_wconf 83' lang='grc'>³</span> <span class='ocrx_word' id='word_1_901' title='bbox 2269 5457 2340 5504; x_wconf 77' lang='lat' dir='ltr'><strong>Ex</strong></span> <span class='ocrx_word' id='word_1_902' title='bbox 2370 5454 2679 5503; x_wconf 86' lang='lat' dir='ltr'>auctoritate</span> <span class='ocrx_word' id='word_1_903' title='bbox 2709 5458 2788 5503; x_wconf 72' lang='grc' dir='ltr'>ΕΓ.</span> <span class='ocrx_word' id='word_1_904' title='bbox 2834 5458 2995 5518; x_wconf 81' lang='lat' dir='ltr'>Lugd.</span> <span class='ocrx_word' id='word_1_905' title='bbox 3039 5459 3164 5505; x_wconf 88' lang='lat' dir='ltr'>Ven.</span> <span class='ocrx_word' id='word_1_906' title='bbox 3196 5457 3319 5503; x_wconf 85' lang='lat' dir='ltr'>Lov.</span> <span class='ocrx_word' id='word_1_907' title='bbox 3359 5454 3733 5503; x_wconf 86' lang='lat' dir='ltr'>restituimus</span> <span class='ocrx_word' id='word_1_908' title='bbox 3766 5465 3856 5518; x_wconf 82' lang='lat' dir='ltr'>vo-</span> 
     </span>
    </p>
   </div>
   <div class='ocr_carea' id='block_1_120' title="bbox 2159 5516 3853 5581">
    <p class='ocr_par' dir='ltr' id='par_1_120' title="bbox 2159 5516 3853 5581">
     <span class='ocr_line' id='line_1_120' title="bbox 2159 5516 3853 5581; baseline -0.004 -13"><span class='ocrx_word' id='word_1_909' title='bbox 2159 5532 2290 5576; x_wconf 88' lang='lat' dir='ltr'>cem,</span> <span class='ocrx_word' id='word_1_910' title='bbox 2317 5528 2499 5581; x_wconf 83' lang='lat' dir='ltr'>potest,</span> <span class='ocrx_word' id='word_1_911' title='bbox 2528 5531 2646 5580; x_wconf 69' lang='lat' dir='ltr'>quaa</span> <span class='ocrx_word' id='word_1_912' title='bbox 2678 5516 2938 5566; x_wconf 75' lang='lat' dir='ltr'>omittitur</span> <span class='ocrx_word' id='word_1_913' title='bbox 2969 5521 3018 5566; x_wconf 90' lang='lat' dir='ltr'>in</span> <span class='ocrx_word' id='word_1_914' title='bbox 3054 5523 3121 5574; x_wconf 78' lang='grc' dir='ltr'>Β..</span> <span class='ocrx_word' id='word_1_915' title='bbox 3155 5517 3338 5567; x_wconf 86' lang='lat' dir='ltr'>addita</span> <span class='ocrx_word' id='word_1_916' title='bbox 3375 5522 3576 5581; x_wconf 75' lang='lat' dir='ltr'>tamen</span> <span class='ocrx_word' id='word_1_917' title='bbox 3622 5517 3729 5565; x_wconf 86' lang='lat' dir='ltr'>hac</span> <span class='ocrx_word' id='word_1_918' title='bbox 3761 5516 3853 5564; x_wconf 84' lang='lat' dir='ltr'>ad-</span> 
     </span>
    </p>
   </div>
   <div class='ocr_carea' id='block_1_121' title="bbox 2158 5579 3593 5644">
    <p class='ocr_par' dir='ltr' id='par_1_121' title="bbox 2158 5579 3593 5644">
     <span class='ocr_line' id='line_1_121' title="bbox 2158 5579 3593 5644; baseline -0.003 -13"><span class='ocrx_word' id='word_1_919' title='bbox 2158 5579 2430 5631; x_wconf 84' lang='lat' dir='ltr'>notatione</span> <span class='ocrx_word' id='word_1_920' title='bbox 2466 5579 2741 5644; x_wconf 84' lang='lat' dir='ltr'>marginali</span> <span class='ocrx_word' id='word_1_921' title='bbox 2777 5596 2788 5628; x_wconf 89' lang='lat'>:</span> <span class='ocrx_word' id='word_1_922' title='bbox 2823 5601 2844 5623; x_wconf 86' lang='lat'><strong>«</strong></span> <span class='ocrx_word' id='word_1_923' title='bbox 2879 5583 3124 5641; x_wconf 74' lang='lat' dir='ltr'>subaudi,</span> <span class='ocrx_word' id='word_1_924' title='bbox 3151 5586 3332 5644; x_wconf 82' lang='lat' dir='ltr'>potest.</span> <span class='ocrx_word' id='word_1_925' title='bbox 3373 5595 3423 5644; x_wconf 77' lang='lat'>»_</span> <span class='ocrx_word' id='word_1_926' title='bbox 3517 5579 3593 5628; x_wconf 85' lang='grc' dir='ltr'>Μ.</span> 
     </span>
    </p>
   </div>
   <div class='ocr_carea' id='block_1_122' title="bbox 2220 5639 3858 5708">
    <p class='ocr_par' dir='ltr' id='par_1_122' title="bbox 2220 5639 3858 5708">
     <span class='ocr_line' id='line_1_122' title="bbox 2220 5639 3858 5708; baseline -0.004 -14"><span class='ocrx_word' id='word_1_927' title='bbox 2220 5647 2241 5680; x_wconf 70' lang='grc' dir='ltr'>δ</span> <span class='ocrx_word' id='word_1_928' title='bbox 2268 5645 2353 5695; x_wconf 85' lang='lat' dir='ltr'>Er.</span> <span class='ocrx_word' id='word_1_929' title='bbox 2375 5648 2428 5693; x_wconf 86' lang='lat' dir='ltr'>et</span> <span class='ocrx_word' id='word_1_930' title='bbox 2458 5639 2608 5704; x_wconf 58' lang='lat' dir='ltr'>Lov.,</span> <span class='ocrx_word' id='word_1_931' title='bbox 2635 5643 2945 5708; x_wconf 75' lang='lat' dir='ltr'>deﬁnientis.</span> <span class='ocrx_word' id='word_1_932' title='bbox 2982 5639 3170 5694; x_wconf 75' lang='lat' dir='ltr'>Postea</span> <span class='ocrx_word' id='word_1_933' title='bbox 3198 5645 3366 5694; x_wconf 82' lang='lat' dir='ltr'>etiam</span> <span class='ocrx_word' id='word_1_934' title='bbox 3412 5641 3570 5702; x_wconf 83' lang='lat' dir='ltr'>loco,</span> <span class='ocrx_word' id='word_1_935' title='bbox 3600 5639 3858 5707; x_wconf 77' lang='lat' dir='ltr'>potentis,</span> 
     </span>
    </p>
   </div>
  </div>
