4056 6178
42 118 437 179 ι-π-εί

160 408 254 465 621

151 554 287 601 num,
313 534 403 606 qui
425 536 659 605 paratus
690 538 769 589 est
796 532 1016 590 diabolo
1044 542 1100 590 et
1117 536 1329 606 angelis
1348 535 1465 606 ejus
1485 535 1513 591 ‘l
1544 536 1624 591 Ibi
1659 553 1773 591 non

154 622 867 698 sanguineinebriahuntur
883 623 1105 696 sagittae
1129 624 1257 690 ;sed
1278 641 1390 679 non
1406 625 1777 679 satiabuntur

151 715 404 775 membris
416 714 693 769 omnibus
715 712 964 768 flammae
980 731 992 769 :
1011 730 1116 769 nec
1135 731 1339 769 carnes
1354 714 1587 786 gladius
1606 731 1773 769 man-

153 809 385 874 ducabit,
426 824 670 863 sensum
715 804 933 861 doloris
983 806 1153 861 citius
1186 809 1455 863 auferens
1504 807 1773 870 mortuis,

152 918 307 976 quam
338 900 590 955 inferens
637 897 999 965 vulneratis;
1048 898 1149 953 sed
1200 914 1371 953 nemo
1420 898 1776 954 cruciatibus

154 995 332 1051 saltem
364 991 662 1047 moriendo
695 989 1084 1059 subtrahitur,
1105 1006 1176 1045 ne
1210 990 1267 1045 in
1294 992 1577 1047 moriente
1598 990 1774 1046 simul

153 1088 303 1143 etiam
341 1084 467 1155 ipsa
512 1100 683 1155 poena
714 1082 1017 1137 moriatur.
1052 1082 1167 1137 Cur
1197 1099 1311 1137 non
1344 1083 1437 1138 hic
1468 1084 1645 1139 dicit:
1674 1083 1773 1137 Co-

154 1177 413 1233 lendumne
461 1176 633 1230 istum
669 1192 738 1229 an
787 1175 975 1246 potius
994 1177 1393 1230 exsecrandum
1423 1176 1774 1246 fugiendum-

154 1284 237 1340 que
258 1283 361 1322 esse
385 1266 665 1321 dicemus?
694 1271 783 1320 An
827 1264 997 1320 timet
1022 1265 1093 1319 de
1122 1265 1352 1322 Christo
1402 1267 1515 1323 ista
1563 1266 1773 1334 dicere,

156 1377 213 1414 ne
236 1358 408 1428 ipsius
439 1357 595 1430 ignis
628 1356 827 1412 aeterni
858 1355 1216 1428 supplicium
1248 1374 1361 1413 non
1396 1359 1624 1425 evadat,
1661 1375 1776 1429 quo

155 1450 453 1523 illeimpios
485 1455 770 1523 praeparat
802 1450 1069 1518 mittere;
1104 1454 1161 1506 et
1191 1450 1417 1522 ignorat
1448 1451 1627 1507 miser
1655 1451 1777 1507 haec

154 1541 363 1598 dicendo
393 1541 469 1595 de
506 1545 615 1596 Deo
666 1540 1113 1611 Prophetarum,
1169 1540 1242 1595 de
1278 1541 1406 1613 ipso
1453 1558 1515 1597 se
1564 1540 1774 1611 dicere,

155 1634 293 1703 cujus
346 1637 467 1686 tam
518 1632 888 1685 tremendam
940 1630 1310 1687 severitatem
1359 1631 1419 1686 in
1470 1630 1776 1703 Evangelio

157 1724 393 1779 formidat
424 1723 717 1779 offendere
738 1722 765 1777 ?

212 1814 422 1873 CAPUT
445 1816 630 1871 XVII.
654 1846 717 1855 ——
737 1816 826 1871 34.
853 1816 1248 1888 Reprehendit
1269 1815 1467 1886 etiam,
1484 1816 1638 1887 quod
1664 1832 1776 1887 pae-

158 1924 244 1962 nas
271 1907 580 1979 impiorum
635 1906 995 1977 signiﬁcatas
1026 1924 1129 1979 per
1184 1924 1356 1963 uvam
1406 1907 1557 1963 fellis
1587 1910 1643 1962 et
1671 1906 1777 1963 ho-

160 2004 296 2053 trum
320 1998 752 2065 amaritudinis,
787 2004 843 2054 et
864 2000 1118 2055 furorem
1135 2001 1457 2057 draconum
1481 2003 1656 2071 atque
1676 2015 1779 2054 as-

160 2090 349 2160 pidum,
380 2088 660 2144 collectas
692 2088 833 2143 dicit
861 2106 990 2145 esse
1026 2091 1174 2146 Deus
1206 2091 1359 2163 apud
1388 2106 1469 2156 se,
1494 2100 1552 2145 et
1582 2090 1778 2163 signa-

159 2184 232 2234 tas
258 2180 307 2234 in
336 2180 641 2236 thesauris
672 2180 818 2246 suis,
850 2182 1179 2237 reddendas
1229 2183 1285 2238 in
1331 2186 1611 2253 tempore,
1644 2198 1775 2236 cum

158 2270 325 2341 lapsus
348 2271 527 2326 fuerit
556 2286 657 2343 pes
686 2288 885 2327 eorum
930 2274 1100 2340 (Deut.
1142 2289 1314 2339 xxxu,
1338 2273 1529 2343 3335)
1562 2288 1575 2326 :
1610 2272 1781 2343 igno-

159 2379 268 2417 rans
297 2362 604 2419 thesauros
636 2363 730 2418 hic
761 2363 1086 2436 appellatas
1135 2365 1392 2420 occultas
1441 2364 1779 2436 dispositio-

157 2472 236 2510 nes
270 2455 382 2523 Dei,
416 2456 527 2527 qui
560 2456 818 2527 disponit
851 2456 1090 2511 reddere
1124 2456 1436 2527 unicuique
1458 2455 1780 2511 secundum

156 2562 298 2616 opera
326 2549 482 2618 ejus.
518 2548 681 2603 Unde
706 2548 1023 2619 Apostolus
1054 2548 1199 2604 dicit
1235 2566 1247 2603 :
1286 2550 1359 2603 Tu
1388 2553 1572 2604 autem
1590 2564 1780 2603 secun-

152 2638 257 2694 dum
283 2640 556 2696 duritiam
585 2641 765 2695 cordis
786 2642 871 2695 tui
900 2645 951 2696 et
980 2656 1074 2696 cor
1095 2642 1469 2711 impcemtens,
1504 2641 1779 2695 thesauri-

152 2746 226 2784 καις
250 2731 346 2786 tibi
372 2734 528 2786 iram
559 2732 619 2785 in
649 2731 738 2786 die
767 2732 872 2788 irae
922 2736 973 2786 et
1018 2732 1374 2788 reuelationis
1412 2733 1557 2803 justi
1575 2730 1785 2801 judicii

149 2818 242 2883 Dei,
269 2822 361 2891 qui
388 2820 588 2876 reddet
618 2822 923 2893 unicuique
951 2820 1253 2875 secundum
1270 2835 1438 2887 opera
1457 2822 1575 2891 ejus
1605 2820 1779 2891 (Rom.

151 2924 198 2978 u,
222 2910 269 2974 5,
299 2910 369 2982 6).
400 2909 583 2981 Apud
611 2925 786 2981 quem
820 2909 976 2964 enim
1010 2909 1123 2965 sibi
1142 2910 1661 2965 thesaurizatiram
1685 2926 1785 2965 cor

149 2996 458 3070 impceniten
474 3017 525 3067 s,
560 3000 671 3055 nisi
698 3000 853 3071 apud
884 3015 1021 3055 eum
1054 2999 1154 3070 qui
1185 2998 1345 3055 vivos
1375 3006 1465 3056 est
1485 3000 1783 3071 judicatu-

150 3103 231 3142 rus
255 3093 307 3143 et
334 3088 658 3144 mortuos?
698 3092 897 3160 Neque
944 3087 1100 3144 enim
1154 3089 1426 3144 nesciunt
1474 3090 1650 3144 etiam
1699 3087 1784 3143 illi

151 3180 340 3233 veteres
370 3177 540 3233 Libri
575 3178 918 3232 thesaurum
949 3177 1422 3246 desiderabilem,
1458 3180 1529 3234 de
1560 3196 1675 3250 quo
1704 3177 1783 3234 ibi

149 3268 400 3336 scriptum
420 3266 696 3336 estquod
721 3265 1081 3337 resquiescat
1102 3266 1161 3321 in
1180 3283 1279 3322 ore
1297 3267 1581 3338 sapientis
1597 3268 1781 3338 (Prov.

150 3356 351 3423 31,20,
384 3372 506 3412 sec.
543 3355 728 3427 LXX).
771 3356 839 3409 Et
888 3356 945 3409 in
998 3355 1317 3423 proverbiis
1362 3356 1597 3427 legitur,
1647 3356 1785 3427 quia

151 3446 264 3501 Deus
290 3448 640 3503 thesaurizat
668 3446 1026 3517 diligentibus
1054 3463 1112 3501 se
1130 3446 1367 3503 salutem
1390 3448 1493 3517 (Id.
1520 3464 1641 3515 vm,
1669 3447 1783 3518 21);

154 3540 199 3589 et
218 3536 384 3593 Isaias
415 3536 733 3610 propheta,
766 3538 829 3592 In
877 3540 1180 3593 thesauris‘
1231 3540 1386 3593 salus
1435 3544 1631 3594 nostra
1653 3555 1672 3592 :
1704 3540 1786 3594 ibi

152 3628 394 3697 sapientia
423 3639 481 3684 et
514 3627 818 3698 disciplina
845 3632 895 3683 et
912 3630 1090 3699 pietas
1120 3628 1189 3683 ad
1215 3630 1526 3685 Dominum.
1560 3632 1630 3685 Ηί
1656 3639 1786 3685 sunt

155 3717 370 3771 thesauri
408 3718 675 3788 justitiae
702 3718 851 3784 (Isai.
909 3734 1104 3781 xxxm,
1135 3718 1213 3787 6).
1238 3719 1345 3772 Sed
1404 3718 1701 3790 vaniloqui
1732 3724 1790 3775 et

156 3807 337 3861 mentis
370 3807 727 3862 seductores
749 3806 1125 3861 adversantes
1157 3805 1388 3862 Litteris
1411 3808 1615 3876 sacris,
1641 3824 1789 3879 quas

156 3894 450 3969 intelligere
485 3894 724 3965 nolunt,
760 3894 987 3966 eligunt
1043 3913 1112 3951 ex
1160 3896 1244 3951 eis
1292 3914 1499 3967 aspera
1531 3914 1661 3969 quae
1710 3900 1792 3955 ibi

155 3980 401 4056 leguntur
450 3986 528 4040 ad
589 3984 1115 4039 commendandam
1162 3985 1526 4040 severitatem
1564 3987 1658 4042 Dei
1691 4005 1704 4055 ;
1736 3991 1794 4043 et

157 4073 211 4127 de
236 4074 464 4130 Litteris
487 4072 846 4144 evangelicis
878 4079 1051 4144 atque
1082 4073 1417 4145 apostolicis
1460 4073 1615 4130 lenia
1666 4092 1792 4148 quae

158 4161 218 4217 ibi
237 4164 515 4238 leguntur
538 4163 614 4217 ad
647 4163 1173 4218 commendandam
1219 4163 1540 4219 bonitatem
1570 4164 1669 4219 Dei
1700 4168 1796 4221 :et

157 4253 285 4321 apud
308 4253 592 4309 homines
636 4251 941 4323 imperitos
973 4252 1109 4307 hinc
1144 4253 1421 4325 ingerunt
1470 4252 1792 4322 horrorem,

159 4339 268 4397 inde
295 4346 581 4413 quaerunt
611 4341 863 4397 favorem
892 4360 905 4398 :
935 4343 1104 4413 quasi
1134 4343 1370 4398 difficile
1410 4342 1487 4399 sit
1525 4350 1589 4399 ut
1626 4346 1794 4416 quis-

158 4449 307 4503 quam
337 4435 629 4492 similiter
658 4432 1042 4505 blasphemus
1073 4440 1249 4506 atque
1279 4435 1498 4505 impius
1529 4452 1594 4490 eo
1626 4437 1796 4492 modo

158 4524 477 4582 advcrsetur
510 4525 675 4582 Novo
702 4524 1099 4590 Testamento,
1134 4542 1246 4595 quo
1279 4525 1391 4580 iste
1418 4524 1628 4591 Veteri,
1672 4543 1798 4581 car-

157 4630 278 4683 pens
304 4618 377 4673 de
399 4616 623 4672 Vetere
647 4614 955 4686 quibusibi
973 4615 1417 4671 commendatur
1434 4615 1529 4670 Dei
1544 4616 1799 4685 bonitas,

157 4710 204 4758 et
226 4722 253 4760 e
272 4706 582 4763 contrario
615 4705 686 4761 de
715 4706 869 4762 Novo
895 4706 1113 4778 quibus
1133 4704 1213 4761 ibi
1234 4708 1680 4763 commendatur
1701 4708 1801 4764 Dei

157 4800 454 4866 severitas;
492 4804 555 4854 et
607 4798 820 4853 clamet
870 4797 1194 4854 invidiosus
1225 4803 1399 4870 atque
1424 4814 1752 4856 venenosus
1784 4818 1798 4858 :

161 4884 279 4941 Ecce
298 4888 399 4958 qui
432 4888 600 4942 Deus
635 4885 917 4941 colendus
948 4892 1038 4942 est
1066 4889 1380 4944 misericors
1408 4896 1460 4943 et
1484 4889 1801 4962 miserator,

164 4970 487 5043 longanimis
524 4977 585 5028 et
613 4974 809 5030 multa
840 4974 1263 5037 misericordiae;
1282 4976 1379 5047 qui
1413 4992 1522 5031 non
1551 4978 1609 5031 in
1639 4976 1803 5046 ﬁnem

162 5061 437 5129 irascetur,
472 5078 657 5133 neque
697 5063 758 5116 in
798 5065 1073 5118 aeternum
1110 5063 1516 5134 indignabitur;
1549 5065 1649 5136 qui
1698 5082 1808 5122 non

162 5152 441 5208 secundum
474 5165 705 5223 peccata
728 5160 911 5206 nostra
936 5152 1072 5224 fecit
1100 5154 1280 5219 nobis,
1315 5171 1485 5225 neque
1514 5155 1810 5211 secundum

165 5239 470 5312 iniquitates
503 5250 725 5297 nostras
769 5241 1031 5295 retribuit
1060 5242 1215 5296 nobis
1241 5260 1253 5308 ;
1283 5244 1383 5298 sed
1416 5253 1681 5315 quantum
1701 5246 1813 5301 dis-

163 5330 223 5382 tat
250 5333 439 5388 oriens
470 5332 554 5386 ab
602 5330 890 5397 occidente,
940 5330 1097 5399 longe
1152 5331 1283 5400 fecit
1329 5349 1363 5385 a
1396 5334 1549 5389 nobis
1585 5342 1813 5406 peccata

164 5426 321 5473 nostra
341 5438 363 5482 ;
390 5419 500 5491 qui
526 5423 674 5474 sicut
690 5421 988 5474 miseratur
1007 5428 1165 5490 pater
1192 5419 1361 5489 ﬁlios,
1394 5422 1476 5476 sic
1517 5426 1817 5480 miseratur

167 5505 393 5564 timentes
415 5525 477 5565 se
502 5508 978 5579 (Psal.cn,8-t3);
1010 5508 1111 5578 qui
1141 5509 1300 5563 dicit.
1318 5510 1690 5569 Nolomortem
1701 5532 1816 5585 pec-

164 5596 659 5668 catoris,quantum
686 5604 744 5652 ut
766 5600 1081 5652 revertatur
1109 5597 1323 5651 etvivat
1340 5597 1814 5671 (Ezech.xvm,23,

214 5763 229 5795 ί
259 5763 416 5835 ξάὶιί,
451 5767 518 5815 In
553 5764 807 5835 thesauris
834 5768 1111 5835 est.‘_Mss._
1134 5781 1268 5835 vero
1292 5774 1479 5835 carent
1509 5774 1695 5834 verbo,
1724 5778 1817 5835 est,

170 5826 421 5901 quod‘nec
449 5828 610 5901 apud
638 5829 760 5880 LXX
777 5830 1070 5901 reperitur.
1091 5830 1153 5878 In
1172 5830 1366 5901 iisdem
1389 5834 1511 5901 Mss.
1537 5826 1819 5901 omittitur,

170 5884 402 5955 «pietas;
438 5884 534 5942 cui
568 5893 747 5945 tamen
774 5884 1060 5958 ln'grtsco,
1082 5893 1392 5957 respondet,
1414 5894 1502 5948 kat
1528 5884 1754 5952 euiébia;

1554 406 1786 465 LIBER
1835 406 2152 468 PRIMUS.

3424 406 3540 465 622

1884 544 1935 591 et
1953 538 2400 608 xxxm,tt).Non
2424 537 2519 593 ille
2542 536 3197 609 quipropterlucrorum
3213 535 3543 591 avaritiam’

1885 626 2061 681 etiam
2092 643 2223 681 eum
2258 644 2492 683 servum
2529 628 2629 698 qui
2662 645 2775 682 non
2805 627 3059 699 perdidit
3084 626 3367 681 talentum
3388 628 3543 698 quod

1888 720 2209 786 acceperat,
2244 721 2464 771 tantum
2498 717 2633 787 quia
2663 734 2775 772 non
2807 716 3066 788 amplius
3107 716 3441 786 acquisivit,
3475 715 3545 771 li-

1887 802 2039 875 gatis
2072 803 2343 860 manibus
2377 805 2577 875 projici
2612 805 2794 875 jussit
2826 806 2881 859 in
2929 805 3201 860 tenebras
3233 803 3546 860 exteriores

1889 893 1987 948 ubi
2008 898 2164 949 esset
2184 894 2234 949 ei
2264 893 2434 949 ﬂetus
2465 898 2524 949 et
2556 894 2770 949 stridor
2790 894 3051 949 dentium
3077 894 3282 961 (Matth.
3302 911 3429 965 xxv,
3458 894 3545 949 14-

1886 983 1976 1055 30)
2005 1001 2018 1038 :
2047 989 2103 1039 et
2151 984 2249 1055 qui
2282 983 2583 1039 hominem
2617 1001 2731 1038 non
2765 983 3079 1038 habentem
3121 989 3339 1038 vestem
3390 999 3538 1055 nup-

1885 1070 2083 1126 tialem
2116 1072 2187 1127 de
2218 1071 2475 1127 convivio
2508 1089 2614 1127 suo
2646 1071 2815 1138 tollit,
2850 1077 2907 1127 et
2932 1071 3203 1127 similiter
3232 1072 3536 1144 alligatum

1888 1160 2066 1215 simili
2098 1162 2389 1234 supplicio
2422 1162 2589 1233 punit
2630 1161 2729 1233 (Id.
2770 1150 2924 1226 xxu,’
2962 1162 3246 1216 11-13εοῐ
3296 1162 3395 1232 qui
3440 1178 3537 1217 ve-

1886 1249 2185 1306 nientibus
2218 1253 2289 1306 ad
2324 1268 2405 1319 se,
2441 1256 2497 1306 et
2526 1250 2919 1323 pulsantibus,
2955 1255 3011 1306 et
3045 1250 3395 1318 dicentibus,
3430 1252 3533 1307 Do-

1886 1342 2057 1408 mine,
2087 1345 2246 1414 aperi
2272 1344 2459 1405 nobis;
2491 1344 2822 1413 respondet,
2856 1343 2973 1397 Non
2995 1358 3084 1398 vos
3109 1345 3270 1410 novi;
3303 1347 3531 1398 tantum

1887 1429 2025 1501 quia
2054 1430 2247 1487 oleum
2279 1448 2499 1497 secum,
2530 1432 2684 1503 quod
2719 1432 3096 1486 infunderent
3144 1431 3267 1487 suis
3311 1430 3534 1503 lampa-

1886 1519 2104 1588 dimus,
2140 1537 2255 1576 non
2287 1522 2552 1576 tulerunt
2590 1520 2688 1593 (Id.
2723 1538 2852 1589 xxv,
2886 1521 3002 1591 1-2)
3030 1537 3041 1574 2
3068 1524 3123 1575 et
3152 1520 3253 1591 qui
3303 1525 3538 1593 propter

1888 1625 2071 1664 unum
2104 1609 2592 1665 contumeliosum
2622 1609 2864 1665 verbum
2897 1608 3078 1664 mittit
3109 1608 3167 1663 in
3209 1610 3537 1680 gehennam

1887 1699 1988 1767 (Id.
2020 1716 2074 1769 v,
2110 1700 2201 1771 22)
2228 1715 2240 1752 :
2266 1702 2323 1754 et
2353 1698 2452 1769 qui
2485 1715 2588 1770 pro
2617 1696 2920 1769 temporali
2966 1698 3094 1751 cibo
3128 1713 3241 1752 non
3286 1701 3538 1769 accepto,

1885 1787 2020 1859 igne
2052 1789 2293 1843 damnat
2320 1794 2533 1843 aeterno
2563 1787 2711 1859 (xxv,
2746 1789 2832 1854 41,
2868 1787 2982 1859 42).
3039 1788 3164 1841 llaec
3205 1791 3380 1857 atque
3430 1786 3541 1841 bu-

1878 1877 2143 1947 jusmodi
2176 1878 2226 1931 si
2258 1877 2392 1948 quis
2422 1894 2640 1931 vesana
2671 1880 2865 1931 mente
2894 1875 3237 1947 sacrilegus,
3272 1876 3406 1930 inde
3452 1875 3539 1930 le-

1888 1965 2008 2031 nia,
2042 1965 2178 2020 hinc
2211 1982 2419 2037 aspera
2444 1964 2701 2035 colligat;
2738 1981 2801 2019 ac
2833 1964 2917 2019 sic
2961 1964 3186 2019 omines
3241 1969 3543 2019 utrarum-

1888 2070 2001 2126 que
2032 2054 2381 2109 Litterarum
2416 2054 2716 2125 imperitos
2748 2070 2781 2108 a
2805 2053 3035 2107 Christo
3076 2058 3356 2123 tanquam
3391 2069 3541 2108 saevo

1888 2149 1945 2199 et
1976 2143 2197 2198 crudeli
2225 2149 2467 2199 conetur
2496 2147 2773 2208 avertere,
2808 2146 2863 2196 et
2907 2142 2977 2196 ad
3010 2146 3187 2196 Deum
3224 2141 3540 2213 PrOpheta-

1890 2250 2021 2287 rum
2056 2232 2491 2288 misericordem
2516 2232 2837 2303 mitemque
2871 2236 3232 2297 convertere;
3270 2247 3461 2285 nonne
3482 2235 3541 2286 et

1888 2322 1983 2376 hic
2015 2322 2125 2393 ipsi
2177 2322 2274 2393 qui
2307 2322 2415 2376 hoc
2456 2321 2595 2376 facit
2624 2320 2815 2375 Veteri
2848 2320 3241 2386 Testamento,
3274 2319 3426 2391 quod
3462 2320 3533 2375 ab

1889 2411 2128 2466 homine
2158 2410 2433 2465 similiter
2456 2409 2741 2481 sacrilego
2777 2414 2973 2480 posset
3004 2409 3123 2462 ﬁeri
3158 2408 3312 2463 Novo
3344 2408 3539 2480 impu-

1889 2517 1990 2554 rus
2014 2507 2190 2571 atque
2220 2500 2439 2572 impius
2472 2499 2824 2571 apparebit?
2853 2497 2953 2570 qui
2985 2502 3181 2553 autem
3224 2502 3377 2552 recte
3406 2497 3546 2553 colit

1890 2590 2099 2656 Deum,
2133 2594 2190 2645 et
2230 2590 2486 2661 profecto
2545 2588 2854 2659 utriusque
2913 2587 3271 2642 Testamenti
3326 2587 3550 2643 invenit

1893 2694 2079 2733 unum
2110 2678 2318 2745 Deum,
2351 2683 2407 2733 et
2435 2678 2709 2749 ejusdem
2732 2676 2907 2731 unius
2938 2675 3039 2731 Dei
3070 2675 3127 2729 in
3164 2680 3411 2747 utroque
3459 2675 3547 2731 di-

1889 2767 2021 2839 ligit
2050 2767 2391 2834 bonitatem,
2420 2767 2479 2821 in
2515 2772 2764 2837 utroque
2796 2763 3004 2819 metuit
3033 2764 3401 2819 severitatem
3436 2780 3450 2818 :
3486 2764 3547 2819 in

1889 2856 1987 2911 illo
2019 2855 2354 2928 intelligens
2387 2854 2744 2927 promissum
2765 2852 3085 2924 Christum,
3120 2852 3179 2907 in
3208 2852 3321 2908 isto
3381 2852 3543 2908 acci-

1889 2945 2055 3017 piens
2087 2945 2376 3000 redditum
2408 2942 2728 2999 Christum.

1958 3034 2048 3088 35.
2093 3034 2294 3091 Nonne
2327 3032 2491 3104 prius
2522 3033 2581 3087 in
2613 3030 2733 3086 illis
2764 3031 3059 3086 veteribus
3101 3030 3290 3087 Libris
3324 3030 3541 3087 lectum

1889 3127 1997 3191 est,
2021 3140 2137 3178 non
2170 3122 2531 3177 reddendum
2560 3119 2780 3175 malum
2814 3136 2916 3192 pro
2948 3118 3124 3187 malo,
3156 3120 3253 3175 ubi
3278 3120 3541 3192 praecipi-

1888 3216 1987 3266 tur
2016 3218 2080 3267 ut
2109 3211 2159 3266 si
2182 3212 2524 3282 jumentum
2566 3208 2787 3263 inimici
2818 3208 2908 3264 sui
2941 3225 3133 3263 errare
3164 3208 3414 3280 quisque
3443 3209 3537 3263 in-

1889 3301 2133 3367 venerit,
2165 3305 2395 3354 revocet
2424 3299 2661 3353 domino
2687 3298 2849 3368 ejus;
2881 3301 2937 3352 et
2966 3297 3011 3351 si
3043 3297 3322 3352 cecidisse
3346 3297 3402 3351 in
3421 3297 3533 3367 via,

1891 3405 2005 3444 non
2040 3392 2421 3460 pertranseat,
2448 3388 2547 3443 sed
2580 3386 2728 3442 levet
2758 3403 2891 3441 cum
2918 3386 3017 3441 illo
3049 3386 3243 3457 (Exod.
3275 3403 3436 3452 xxm,
3479 3386 3532 3453 4,

1888 3478 1984 3550 5)?
2016 3479 2220 3533 Nonne
2251 3479 2327 3532 ibi
2355 3478 2513 3548 prius
2545 3476 2830 3546 scriptum
2884 3479 2973 3530 est
3019 3475 3173 3546 quod
3225 3474 3536 3546 Apostolus

1892 3567 2094 3639 ponit:
2127 3568 2189 3621 Si
2212 3568 2387 3623 esurit
2414 3567 2675 3620 inimicus
2719 3567 2866 3634 tuus,
2899 3564 3021 3617 ciba
3067 3562 3273 3622 illum;
3310 3564 3362 3617 si
3396 3564 3537 3629 sitit,

1887 3666 2079 3727 potum
2098 3656 2168 3711 da
2197 3658 2293 3711 illi
2319 3657 2496 3722 (Prov.
2536 3671 2665 3720 xxv,
2696 3653 2821 3718 21,;
2852 3654 3003 3707 Rom.
3033 3669 3133 3722 x11,
3166 3652 3300 3723 20)?
3340 3651 3543 3706 Nonne

1892 3745 1973 3801 ibi
2004 3745 2165 3817 prius
2198 3744 2373 3799 homo
2406 3743 2503 3798 Dei
2533 3743 2649 3797 Deo
2697 3759 2825 3809 suo,
2877 3742 3031 3814 quod
3080 3741 3130 3796 ei
3180 3739 3383 3812 utique
3432 3740 3546 3796 scit

1895 3835 2141 3907 placere,
2176 3834 2317 3888 dicit
2349 3851 2362 3888 :
2395 3834 2618 3888 Domine
2661 3832 2798 3887 Deus
2846 3847 3023 3899 meus,
3053 3832 3103 3886 si
3147 3832 3258 3901 feci
3301 3830 3463 3900 istud,
3494 3831 3547 3885 si

1894 3934 1970 3981 est
1999 3926 2268 3997 iniquitas
2300 3926 2359 3979 in
2382 3924 2634 3979 manibus
2665 3924 2822 3988 meis,
2855 3923 2904 3977 si
2934 3921 3151 3976 reddidi
3180 3922 3545 3977 retribuenti-

1899 4020 1996 4073 bus
2016 4017 2159 4072 mihi
2187 4016 2339 4070 mala
2370 4016 2539 4086 (Psal.
2576 4031 2678 4084 vn,
2702 4015 2756 4079 4,
2777 4015 2872 4083 5)?
2912 4014 3113 4071 Nonne
3142 4013 3223 4068 ibi
3255 4014 3417 4085 prius
3444 4013 3544 4068 Je-

1899 4106 2112 4161 remias
2144 4104 2428 4178 propheta
2452 4104 2730 4159 describit
2775 4102 2963 4158 sancti
3003 4102 3368 4174 patientiam,
3402 4118 3545 4173 prm-

1899 4195 2092 4251 bentis
2153 4192 2497 4265 percutienti
2544 4210 2606 4248 se
2654 4191 2952 4247 maxillam
3004 4191 3220 4263 (Thren.
3273 4208 3356 4254 IlI,
3406 4188 3546 4262 30)?

1899 4285 2104 4341 Nonne
2133 4282 2213 4338 ibi
2244 4283 2405 4354 prius
2438 4299 2540 4354 per
2571 4281 2752 4336 alium
2796 4281 3138 4352 prophetam
3188 4279 3545 4352 praecipitur,

1902 4378 1967 4429 ut
2000 4372 2286 4427 malitiam
2319 4371 2729 4443 unusquisque
2764 4370 2959 4425 fratris
2985 4370 3076 4425 sui
3122 4387 3237 4425 non
3276 4368 3546 4425 reminis-

1903 4467 2068 4517 catur
2096 4462 2281 4533 (Levit.
2307 4477 2422 4530 χιχ,
2452 4460 2590 4530 18)?
2620 4459 2769 4524 Quid
2803 4463 2893 4514 est
2921 4474 3057 4530 ergo
3080 4460 3235 4530 quod
3260 4458 3369 4514 iste
3391 4457 3549 4513 blas-

1904 4553 2153 4625 phemus
2185 4553 2308 4607 haec
2336 4556 2619 4622 tanquam
2651 4549 2941 4604 contraria
2969 4549 3143 4605 veteri
3176 4550 3551 4605 Testamento

1904 4644 1976 4698 de
2005 4646 2159 4697 Novo
2190 4640 2436 4711 colligit,
2478 4643 2582 4693 aut
2628 4642 2909 4710 utrasque
2953 4638 3205 4693 Litteras
3265 4637 3553 4703 nesciens,

1906 4735 2008 4787 aut
2039 4734 2104 4785 ut
2137 4728 2376 4800 dicipiat
2407 4726 2733 4797 imperitos,
2762 4743 2825 4782 se
2854 4726 3002 4782 scire
3041 4726 3469 4781 dissimulans?
3510 4726 3558 4780 A

1906 4836 2022 4891 quo
2054 4824 2252 4873 tamen
2284 4816 2333 4872 si
2364 4825 2681 4887 quaeratur,
2715 4821 2913 4871 utrum
2957 4832 3071 4872 non
3104 4816 3308 4871 reddat
3339 4815 3558 4870 malum

1908 4926 2011 4981 pro
2044 4906 2218 4977 malo,
2253 4904 2350 4978 qui
2387 4922 2488 4977 pro
2519 4905 2649 4960 cibo
2686 4922 2800 4960 non
2834 4910 3070 4976 accepto
3100 4905 3157 4959 in
3192 4904 3385 4977 ignem
3421 4903 3557 4957 mit-

1909 4999 1979 5053 tit
2007 5002 2324 5064 aaternum;
2378 4994 2631 5067 profecto
2680 4994 3033 5065 turbabitur,
3064 4999 3121 5049 et
3149 4992 3561 5048 admonebitur

1910 5084 2448 5157 incomparabiliter
2468 5100 2595 5139 esse
2622 5083 2823 5138 mitius
2840 5083 3073 5138 oculum
3099 5099 3202 5153 pro
3224 5079 3560 5149 oculo,den-

1912 5180 2029 5231 tem
2051 5192 2152 5246 pro
2171 5174 2341 5228 dente
2363 5172 2584 5227 homini
2601 5167 3374 5243 auferre(E.rod.xx1,24),ubi
3401 5182 3562 5221 men-

1913 5282 2053 5321 sura
2081 5262 2350 5318 vindictm
2398 5262 2635 5316 modum
2685 5279 2801 5316 non
2844 5260 3058 5315 transit
3096 5258 3343 5327 injuriae,
3384 5272 3562 5328 quam

1917 5359 2150 5427 propter
2165 5370 2277 5407 non
2298 5351 2617 5406 exhibitam
2642 5350 3091 5412 humanitatem,
3111 5351 3334 5402 tantam
3360 5362 3564 5418 repen-

1916 5444 2052 5499 dere
2082 5441 2475 5509 severitatem,
2500 5440 2599 5494 ubi
2622 5438 2960 5493 transitoria
2980 5442 3068 5491 est
3086 5435 3278 5507 culpa,
3312 5440 3370 5491 et
3391 5436 3568 5491 tinem

1919 5550 2035 5590 non
2054 5531 2230 5586 habet
2251 5546 2420 5602 pmna
2444 5546 2455 5583 :
2475 5534 2649 5598 atque
2670 5527 2750 5581 ita
2767 5527 2970 5595 discet,
2986 5526 3032 5581 si
3052 5524 3318 5597 pervicax
3336 5528 3568 5590 nonest,

1920 5625 1980 5680 in
2004 5628 2252 5695 utroque
2276 5620 2373 5676 Dei
2401 5619 2579 5674 unius
2601 5618 2971 5673 Testamento
2994 5620 3053 5673 et
3068 5616 3384 5672 amandam
3408 5614 3573 5671 boni-

1920 5719 2102 5771 tatem
2141 5717 2198 5767 et
2224 5709 2547 5765 timendam
2592 5708 2982 5763 severitatem.
3008 5706 3288 5771 Quamvis
3327 5706 3483 5762 enim
3516 5704 3576 5759 in

1922 5804 2128 5861 Vetere
2158 5801 2531 5857 Testamento
2580 5801 2817 5870 propter
2846 5796 3260 5870 temporalium
3290 5795 3577 5852 bonorum

1927 5889 2378 5969 promissionem
2391 5885 2799 5960 malorumque
2816 5886 3358 5953 comminationem,
3378 5896 3576 5939 servos
