2023 3092
247 132 307 161 623
448 129 603 161 CONTRA
624 129 913 161 ADVERSARIUM
936 130 1048 160 LEGIS
1072 129 1121 160 ET
1145 130 1457 167 PROPHETARUM,
1480 131 1513 161 S.
1537 130 1752 163 AUGUSTINI
1873 137 1922 167 624

246 195 696 233 pariattemporalisJerusalem;
704 195 732 222 in
743 195 820 224 Novo
827 195 989 229 autem,ubi
998 195 1071 223 ﬁdes

247 243 385 279 impetrat
395 241 576 274 charitatem,
589 249 648 276 qua
659 240 703 269 lex
711 241 805 277 possit
814 240 930 277 impleri
943 249 1001 268 non
1013 249 1072 269 ma-

247 289 293 325 gis
308 288 411 316 timore
426 295 516 324 paenae
530 294 618 322 quam
634 286 788 314 delictione
799 286 948 322 justitiaa‘,
965 286 1073 314 liberos

248 332 344 370 pariat
353 334 460 360 interna
469 331 632 360 Jerusalem
643 331 741 367 (Galat.
751 331 886 365 Iv,22-3t)
904 340 911 359 :
930 333 1030 359 tamen
1045 333 1073 359 et

248 379 308 408 illis
322 379 506 415 temporibus
518 378 636 406 fuerunt
645 377 721 413 justi
737 376 915 413 spiritualee,
925 385 999 413 quos
1014 384 1072 405 non

249 423 629 459 occidebatlitterajubens,
641 423 691 450 sed
707 422 872 450 viviﬁcabat
889 422 1011 458 spiritus
1023 422 1073 457 ju-

248 479 321 499 vans
336 470 372 506 (II
389 470 450 498 Cor.
461 478 505 503 ιιι,
516 469 555 505 6).
567 469 649 496 Unde
659 470 688 496 et
696 468 768 496 ﬁdes
778 468 892 496 venturi
903 468 1009 496 Christi
1021 467 1073 496 ha~

248 516 362 544 bitabat
370 515 471 551 utique
485 515 515 543 in
530 514 694 551 Prophetis,
705 515 860 542 venturum
872 514 1073 550 praenuntian-

247 562 330 590 tibus
350 562 516 596 Christum;
536 563 565 589 et
578 569 656 589 nunc
675 561 745 588 sunt
758 559 909 595 plurimini
930 559 1072 594 carnales,

248 608 298 644 qui
311 607 355 636 vel
371 608 497 635 hereses
505 607 617 635 faciunt
632 605 887 642 nonintelligendo
895 605 1072 641 Scripturas,

247 654 292 682 vel
307 654 337 681 in
354 653 418 690 ipsa
432 652 581 680 Catholica
603 655 653 680 aut
673 652 767 679 adhuc
784 651 896 687 parvuli
923 651 996 678 lacte
1024 659 1074 678 nu-

248 699 387 732 triuntur,
404 701 455 726 aut
482 700 622 733 tanquam
650 696 731 732 palea
757 705 943 732 perseverans
967 696 1074 723 futuris

249 743 367 779 ignibus
384 744 593 779 prosperantur.
620 741 701 768 Sicut
725 744 821 768 autem
845 743 920 767 Deus
945 749 1022 767 unus
1047 741 1075 767 et

250 796 336 815 verus
352 789 463 815 creator
478 787 621 814 bonorum
637 788 680 813 est
689 788 716 813 et
733 785 936 821 temporalium
953 787 981 812 et
996 786 1072 812 aeter-

252 841 366 865 norum,
383 833 424 860 ita
438 832 515 860 idem
534 833 596 868 ipse
619 834 719 858 auctor
738 834 781 858 est
797 832 950 858 amborum
973 831 1073 857 Testa-

252 883 435 914 mentorum;
453 879 523 915 quia
537 882 564 906 et
579 879 690 906 Novum
707 878 736 904 in
747 878 844 905 Vetere
853 881 897 905 est
906 877 1074 912 ﬁguratum,

249 926 279 953 et
293 924 382 952 Vetus
398 925 427 951 in
442 926 521 951 Novo
536 925 580 951 est
594 922 763 950 revelatum.

287 967 506 1003 36.1gnoscendi
518 969 617 994 autem
629 965 793 993 misericors
801 966 1004 998 mansuetudo,
1013 973 1076 1000 pro-

252 1014 317 1048 pter
343 1020 430 1048 quam
454 1012 565 1039 dictum
591 1013 705 1043 est,non
727 1011 820 1038 solum
843 1010 960 1045 septies,
975 1018 1075 1037 verum

252 1057 340 1085 etiam
354 1058 518 1093 septuagies
528 1057 634 1093 septies
647 1056 726 1083 fratri
746 1056 917 1083 remittenda
933 1063 996 1083 esse
1011 1063 1076 1091 pec-

252 1105 326 1137 cata,
343 1110 399 1129 non
417 1102 451 1129 ad
459 1102 595 1129 hocvalet
612 1103 642 1128 ut
651 1101 689 1128 sit
705 1101 846 1136 iniquitas
859 1101 1014 1136 impunita,
1027 1101 1077 1126 aut

252 1148 372 1183 torpens
386 1149 414 1174 et
439 1146 588 1174 dormiens
603 1145 767 1181 disciplina,
785 1146 861 1180 quod
879 1144 975 1180 potius
1001 1144 1078 1171 obsit

253 1199 342 1226 quam
359 1191 482 1226 diligens
497 1190 681 1225 vigilansque
702 1189 837 1216 vindicta.
854 1188 954 1216 Claves
971 1188 1078 1223 quippe

253 1235 335 1271 regni
350 1235 489 1263 ccelorum
506 1234 548 1262 sic
564 1235 643 1261 dedit
657 1234 790 1262 Christus
813 1233 956 1264 Ecclesiae,
973 1235 1005 1259 ut
1021 1240 1077 1259 non

255 1279 351 1308 solum
380 1280 500 1312 diceret,
517 1280 584 1313 Quae
597 1279 733 1307 solveritis
748 1286 830 1313 super
853 1279 971 1311 terram,
997 1280 1079 1304 erant

255 1325 347 1352 soluta.
362 1326 388 1352 et
402 1325 430 1351 in
445 1324 535 1355 cwlis;
551 1323 600 1351 ubi
617 1323 801 1359 apertissime
813 1323 934 1355 bonum,
945 1330 1002 1349 non
1017 1330 1078 1349 ma-

255 1368 318 1397 lum
334 1377 385 1405 pro
398 1368 474 1396 malo
490 1368 583 1396 reddit
599 1367 741 1395 Ecclessia
754 1376 760 1394 :
772 1375 871 1395 verum
890 1369 918 1393 et
938 1366 1079 1401 adjungo-

257 1416 310 1446 ret,
324 1414 387 1447 Qua
400 1414 556 1449 ligaveritis
567 1414 596 1440 in
607 1417 693 1445 terra,
709 1413 788 1439 erunt
809 1411 896 1445 ligata
911 1412 935 1438 et
951 1412 980 1438 in
995 1412 1079 1444 mlo,-

258 1460 327 1496 quia
342 1460 418 1487 bona
433 1457 897 1493 estetvindicandijustitialllud
910 1457 988 1484 enim
1000 1455 1078 1491 quod

257 1505 307 1539 ait,
323 1504 354 1532 Si
368 1512 417 1531 nec
430 1504 578 1531 Ecclesiam
594 1503 722 1536 audierit,
744 1503 779 1529 sit
795 1502 845 1529 tibi
865 1506 1001 1536 tanquam
1026 1500 1079 1528 eth-

255 1550 335 1576 nicus
345 1551 371 1577 et
384 1548 548 1583 publicanus
556 1556 566 1578 :
582 1547 698 1583 gravius
712 1549 755 1574 est
771 1554 858 1582 quam
876 1546 899 1573 si
916 1545 1012 1581 gladio
1038 1545 1077 1572 fe-

255 1593 370 1627 riretur,
387 1593 412 1621 si
429 1592 556 1620 ﬂammis
572 1593 786 1620 absumeretur.
802 1591 825 1618 si
849 1591 917 1618 feris
944 1590 1076 1626 subrige-

254 1640 362 1666 retur'.
380 1638 452 1665 Nam
468 1637 507 1664 ibi
524 1645 640 1672 quoque
655 1636 819 1672 subjunxit.
831 1636 915 1662 Amen
925 1635 984 1662 dico
992 1635 1075 1668 vobis,

253 1692 315 1720 qua:
329 1684 481 1720 ligaveritis
495 1691 576 1719 super
591 1687 702 1715 terram,
719 1684 799 1710 erant
815 1682 899 1717 ligata
920 1683 945 1708 et
961 1682 988 1707 in
1003 1680 1076 1707 cmlis

251 1730 355 1766 (Matth.
372 1730 552 1764 μυμῦ-22)
568 1739 573 1757 :
586 1732 617 1757 ut
628 1728 851 1764 intelligeretur,
861 1736 948 1763 quam
957 1727 1074 1762 gravius

248 1774 288 1803 sit
303 1775 433 1811 punitus,
449 1774 499 1810 qui
515 1773 592 1801 velut
607 1774 724 1801 relictus
749 1774 793 1800 est
816 1772 991 1807 impunitus.
1022 1771 1073 1798 Hic

250 1819 328 1847 dicat
344 1820 408 1852 iste,
420 1819 445 1846 si
462 1819 566 1855 placet,
582 1818 692 1846 Siccine
705 1818 842 1845 mandata
855 1817 1014 1844 Salvatoris
1029 1824 1073 1844 ac-

249 1864 645 1900 cepimusjubentis,Nemini
656 1862 829 1890 retldiiterilis
839 1862 943 1889 malum
955 1870 1005 1897 pro
1012 1869 1072 1888 ma-

248 1909 341 1939 lo;sed
350 1910 375 1936 si
384 1909 445 1944 quis
459 1916 504 1936 vos
515 1908 683 1943 percusserit
695 1915 722 1934 in
741 1915 824 1934 unam
835 1906 1070 1941 maxillam,prw-

248 1953 304 1981 belc
319 1958 344 1981 et
360 1954 475 1980 alteram
486 1961 496 1983 ;
510 1953 692 1987 et,0imittite
701 1953 819 1987 injurias
827 1952 964 1986 fratribus
976 1952 1070 1978 vestris

246 1997 452 2032 (Id.v,39-4’t,et
460 1997 604 2031 xv111,35)?
619 1998 687 2023 Ecce
705 1996 740 2022 ab
756 1995 915 2023 homnibus
931 2004 987 2022 non
1005 1995 1068 2022 red-

244 2041 382 2069 dentibus
396 2041 504 2068 malum
522 2049 573 2076 pro
586 2040 672 2073 malo,
690 2039 826 2075 alligatur
838 2039 926 2066 homo
938 2039 1067 2067 amarius

243 2088 272 2114 et
287 2086 432 2114 infelicius
457 2085 589 2113 Ecclesia:
610 2085 750 2115 clavibus,
774 2093 862 2120 quam
886 2083 1066 2120 quibuslibet

242 2131 425 2166 gravissimis
435 2133 463 2158 et
472 2129 747 2158 durissimisferreis
756 2129 798 2156 vel
811 2129 1007 2156 adamantinis
1017 2138 1065 2157 ne-

242 2175 338 2203 xibus.
352 2175 445 2210 Absit,
458 2175 606 2210 inquit,ut
622 2174 675 2201 hoc
692 2174 798 2206 dicam,
815 2174 953 2207 quoniam
971 2174 1064 2201 chris-

242 2220 341 2247 tianus
357 2229 434 2247 sum.
447 2220 505 2247 Hoc
516 2219 540 2247 si
555 2227 620 2246 vere
630 2221 716 2253 esset,
727 2226 780 2245 nec
789 2217 838 2245 illa
847 2218 977 2245 dixisset.
988 2219 1063 2250 Quo-

242 2264 321 2292 niam
338 2265 414 2292 Deus
435 2264 645 2300 Prophetarum
662 2271 787 2299 quorum
813 2263 920 2298 scripta
939 2262 1062 2298 blaphe-

242 2311 313 2343 mat,
336 2309 398 2345 ipse
421 2311 465 2337 est
486 2309 563 2337 Deus
585 2307 791 2344 Apostolorum
814 2315 938 2344 quorum
954 2307 1062 2343 scripta

239 2352 444 2389 blasphemare
461 2353 606 2381 formidat.

274 2397 391 2426 CAPUT
399 2397 631 2425 XVll[.—37.Sed
640 2396 932 2432 David,inquit,Deum
943 2397 1059 2432 rogavit,

235 2445 262 2471 et
275 2451 331 2471 non
343 2446 383 2471 est
392 2443 550 2478 exauditus,
562 2444 620 2470 nisi
629 2443 719 2470 oblato
730 2442 878 2477 sacriﬁcio,
896 2446 925 2469 ut
937 2442 1059 2470 homini-

236 2487 285 2516 bus
299 2489 347 2524 qui
361 2496 416 2516 non
424 2489 611 2523 pecuverant,
621 2489 783 2523 parceretur
796 2487 831 2521 (II
843 2487 909 2522 Reg.
921 2487 996 2523 xxiv)
1010 2496 1017 2516 :
1033 2491 1061 2515 et

235 2533 296 2560 ideo
306 2541 360 2561 non
374 2534 412 2561 est
422 2533 568 2561 credendus
580 2533 646 2559 Deus
659 2539 748 2564 verus,
761 2531 809 2567 qui
818 2531 960 2566 sacriﬁciis
971 2531 1057 2559 detec-

235 2579 320 2605 tatur.
338 2580 403 2606 Jam
426 2578 461 2605 de
482 2586 566 2613 praua
586 2576 748 2604 occisorum
768 2575 934 2608 hominum,
950 2576 1057 2612 quibus

234 2622 409 2658 quandoque
422 2621 572 2650 morituris
588 2629 666 2649 mors
682 2620 731 2648 illa
748 2620 1055 2653 nonobfuit,eteorum

232 2666 330 2693 tamen
340 2667 483 2694 mortibus
492 2675 541 2694 cor
552 2666 628 2701 regis
639 2674 702 2693 sese
722 2665 886 2692 extollentis
896 2665 998 2692 merito
1009 2673 1056 2693 va-

232 2709 354 2744 pulavit,
372 2711 507 2746 superius
520 2710 735 2746 respondimus.
751 2709 792 2737 De
803 2709 945 2737 sacriﬁcio
957 2713 1053 2737 autem

147 2750 214 2787 δί
230 2753 314 2781 valde
324 2754 378 2782 ista
389 2755 594 2791 nihilsapitzet
605 2755 669 2782 ideo
684 2754 803 2789 fallitur,
815 2754 950 2789 quiajam
964 2754 1053 2781 sueri-

235 2797 298 2826 ‘icia
310 2798 379 2826 talia
399 2808 455 2827 non
476 2800 559 2828 oﬁ'crt
579 2799 627 2827 Dei
645 2799 770 2835 populus
781 2799 851 2833 Deo,
862 2801 1053 2835 posteaquam

262 2847 274 2883 ξ
286 2846 408 2883 ξιετὶςμθ
423 2847 671 2883 l_ss.,_¢ielectatip_ae
677 2847 798 2883 justiti}.

261 2876 275 2898 Ι
286 2877 317 2903 In
327 2876 490 2910 quibusdam
499 2878 570 2909 Iam,
585 2876 761 2910 subjice'retur.

1125 195 1206 223 venit
1217 196 1337 224 unicum
1349 196 1536 231 sacriﬁcium,
1549 197 1635 232 cujus
1647 198 1753 226 umbras
1765 198 1870 228 fuerunt
1884 201 1924 230 illa

1127 240 1229 269 omnia
1245 249 1303 269 non
1317 241 1372 269 hoc
1383 241 1591 278 improbantia,
1607 242 1658 269 sed
1678 241 1730 270 hoc
1742 243 1924 279 significantia.

1130 284 1211 312 Sicut
1219 285 1296 313 enim
1308 294 1354 313 res
1366 294 1425 314 una
1431 285 1733 314 multislocutionibus
1745 290 1772 315 et
1782 287 1873 317 multis
1883 289 1928 318 lin-

1129 329 1194 365 guis
1205 329 1362 365 signiﬁcari
1376 333 1490 367 potest;
1503 330 1546 359 sic
1554 339 1644 359 unum
1654 339 1753 359 verum
1763 335 1790 360 et
1803 332 1930 369 singulare

1129 373 1308 402 sacriﬁcium
1327 374 1431 403 multis
1451 377 1495 403 est
1510 377 1597 403 antea
1617 375 1821 404 sacriﬁciorum
1838 378 1931 413 signiﬁ-

1128 420 1228 446 catum
1238 418 1350 455 ﬁguris.
1357 420 1394 447 De
1402 420 1511 455 quibus
1518 419 1643 456 singulis
1653 419 1701 447 hic
1707 420 1846 456 disputare
1855 430 1930 457 quam

1131 462 1303 499 sitiongum,
1316 464 1431 492 videtis.
1446 464 1541 492 Unum
1559 467 1657 493 tamen
1669 465 1762 492 sciant
1772 465 1934 502 insipientes,

1129 507 1205 535 tardi
1213 508 1247 535 ad
1254 508 1522 545 intelligendum,et
1530 509 1692 545 praecipites
1699 510 1734 537 ad
1743 509 1934 546 reprehenden-

1129 551 1211 586 dum,
1227 553 1305 588 quod
1315 553 1428 581 daemon
1438 553 1494 581 sibi
1502 553 1679 581 sacriﬁcium
1688 561 1745 581 non
1755 554 1880 590 exigeret,
1889 555 1938 584 nisi

1130 596 1187 624 Deo
1198 605 1264 624 vero
1274 597 1373 625 deberi
1384 597 1482 625 sciret.
1496 597 1598 625 Falsus
1614 597 1692 625 enim
1706 597 1782 626 Deus
1792 598 1831 626 sic
1849 606 1877 627 se
1886 599 1938 628 vult

1130 640 1265 668 honorari
1282 642 1317 669 ab
1336 642 1377 669 eis
1390 651 1462 677 quos
1482 642 1597 677 decipit,
1613 642 1757 677 quomodo
1775 651 1857 671 verus
1872 643 1940 672 Deus

1130 686 1165 712 ab
1179 686 1220 713 eis
1242 687 1350 721 quibus
1372 686 1553 714 consulitzet
1566 687 1691 714 maxime
1717 687 1885 715 sacriﬁcium
1904 690 1941 716 est

1130 731 1204 765 quod
1222 731 1367 766 praecipue
1390 731 1513 758 debetur
1529 734 1593 759 Deo.
1612 734 1685 759 Nam
1701 732 1839 767 obsequia
1852 734 1943 760 cetera

1129 775 1345 810 quiediviuitati
1355 775 1540 809 exhibentur,
1555 776 1617 803 ausi
1627 776 1757 803 suntsibi
1765 777 1847 804 etiam
1855 785 1944 812 super-

1131 818 1181 846 biae
1193 820 1268 847 fastu
1287 820 1418 848 homines
1434 829 1579 857 arrogare.
1593 820 1745 848 Rarissimi
1767 823 1860 849 autem
1874 828 1944 848 com-

1130 867 1337 899 memorantur,
1354 865 1403 900 qui
1421 865 1476 892 sibi
1496 868 1529 892 ut
1550 866 1778 900 sacriﬁcaretur,
1795 873 1860 893 cum
1878 865 1946 901 regia

1132 911 1273 943 potestate
1289 913 1417 944 possent,
1437 910 1501 937 ausi
1518 910 1627 937 fuerint
1647 910 1805 945 imperare.
1821 909 1945 943 Quicum-

1131 955 1291 988 queJtamen
1299 953 1362 981 ausi
1370 957 1502 989 suut,per
1511 954 1565 981 hoc
1572 963 1602 982 se
1610 954 1679 982 deos
1689 954 1790 982 haberi
1797 954 1945 982 voluerunt.

1130 997 1284 1025 Sacriﬁciis
1296 1001 1392 1025 autem
1415 998 1506 1026 Deum
1519 1007 1575 1026 non
1589 1007 1684 1034 egere,
1697 999 1764 1035 quis
1776 998 1867 1026 nescit
1876 998 1889 1026 Ἰ
1898 998 1945 1026 Sed

1131 1050 1184 1069 nec
1196 1042 1333 1070 laudibus
1349 1043 1456 1070 nostris
1477 1045 1549 1078 eget.
1567 1043 1674 1070 Verum
1692 1044 1770 1071 sicut
1791 1043 1882 1079 nobis,
1898 1050 1947 1071 non

1132 1086 1184 1120 illi,
1202 1087 1270 1114 utile
1285 1090 1329 1114 est
1339 1087 1459 1115 laudare
1471 1088 1572 1121 Deum;
1591 1088 1632 1115 sic
1645 1088 1742 1123 nobis,
1757 1096 1814 1115 non
1827 1087 1877 1121 illi,
1889 1087 1948 1115 utile

1131 1131 1283 1158 cstoll‘erre
1295 1132 1470 1159 sacriﬁcium
1480 1132 1694 1163 Deo.0uoniam
1708 1132 1852 1168 singulari
1861 1134 1888 1160 et
1896 1131 1949 1160 solo

1131 1177 1210 1203 vero‘
1220 1176 1363 1203 sacriﬁcio
1378 1185 1428 1211 pro
1439 1177 1523 1204 nobis
1535 1176 1641 1204 Christi
1653 1177 1778 1213 sanguis
1786 1177 1948 1205 eﬁususest:

1132 1220 1196 1248 ideo
1207 1221 1308 1256 primis
1319 1221 1499 1256 temporibus
1509 1221 1543 1248 ad
1554 1221 1606 1248 hoc
1618 1221 1798 1249 sacriﬁcium
1810 1220 1951 1249 talibussi-

1132 1265 1368 1300 guiﬁcationibus
1382 1265 1561 1300 prophetand
1568 1266 1889 1298 um,immaculatorum
1897 1265 1951 1293 ani-

1134 1310 1254 1337 malium
1266 1310 1410 1337 sacriﬁcia
1421 1310 1497 1337 Deus
1504 1311 1558 1338 sibi
1566 1311 1774 1346 jussitoii'erri;
1783 1313 1815 1339 ut
1821 1310 1952 1347 quemad-

1134 1355 1253 1381 modum
1269 1354 1319 1382 illa
1330 1354 1518 1382 immaculala
1529 1358 1612 1382 erant
1627 1364 1643 1382 θ.
1658 1363 1818 1391 corporum
1827 1355 1910 1388 vitiis,
1919 1355 1952 1382 ita

1133 1402 1298 1434 speraretur
1309 1399 1506 1426 immolandos
1517 1407 1581 1426 esse
1591 1407 1641 1435 pro
1649 1400 1748 1434 nobis,
1759 1400 1809 1436 qui
1819 1399 1898 1428 solus
1907 1399 1951 1427 im-

1134 1443 1297 1470 maculatus
1313 1444 1406 1471 fuerat
1421 1452 1438 1470 a
1454 1444 1590 1479 peccatis.
1600 1445 1666 1476 Quae
1683 1447 1823 1480 tempora
1833 1453 1882 1480 per
1895 1451 1952 1480 pro-

1134 1488 1250 1524 phetam
1267 1488 1308 1515 sic
1329 1488 1562 1523 przenuntiantur
1580 1496 1586 1517 :
1607 1489 1676 1516 Deus
1691 1489 1814 1517 deorum
1835 1488 1954 1517 Dominus

1132 1533 1237 1559 locutus
1253 1537 1302 1565 est,
1318 1537 1344 1560 et
1366 1534 1468 1560 vocavit
1492 1535 1604 1566 terram,
1619 1542 1635 1560 a
1650 1534 1723 1561 salis
1739 1539 1804 1562 ortu
1827 1541 1908 1570 usque
1927 1532 1957 1561 ad

1131 1585 1264 1607 occasum:
1279 1586 1313 1605 ea:
1329 1578 1391 1605 Sion
1404 1578 1506 1613 species
1515 1577 1619 1605 decoris
1633 1587 1704 1614 ejus.
1726 1579 1762 1606 Et
1788 1578 1875 1615 paulo
1898 1579 1955 1614 post

1131 1622 1160 1649 in
1176 1623 1275 1649 eodcm
1293 1621 1422 1657 psalmo:
1434 1622 1516 1654 Audi,
1528 1623 1642 1658 populus
1651 1631 1742 1659 meus,
1756 1626 1783 1651 et
1795 1622 1957 1659 loguartibi;

1131 1667 1230 1698 Israel,
1247 1668 1273 1694 et
1297 1665 1467 1702 testiﬁcabor
1487 1666 1538 1693 tibi
1553 1675 1562 1693 :
1580 1668 1714 1701 quoniam
1733 1668 1805 1695 Deus
1819 1668 1889 1696 Deus
1902 1668 1956 1694 tuus

1127 1720 1174 1747 ego
1189 1719 1259 1738 sum.
1274 1711 1331 1738 Non
1346 1719 1426 1746 super
1440 1711 1579 1741 sacrificia
1594 1715 1641 1738 tua
1650 1720 1775 1747 arguam
1788 1712 1956 1744 te;holocau-

1127 1759 1170 1783 sta
1185 1760 1276 1783 autent
1291 1760 1336 1782 tua
1353 1757 1382 1782 in
1397 1760 1541 1790 conspectu
1557 1763 1613 1782 meo
1628 1759 1826 1790 suntsemper.
1843 1757 1903 1784 Non
1916 1763 1955 1783 ac-

1125 1802 1228 1836 cipiam
1238 1801 1269 1827 de
1282 1800 1359 1828 domo
1376 1804 1422 1827 tua
1430 1800 1540 1833 vitulos,
1554 1807 1639 1835 neque
1647 1799 1680 1827 de
1688 1801 1826 1836 gregibus
1837 1801 1894 1829 lui:
1901 1800 1955 1828 hir-

1124 1853 1176 1872 cos.
1201 1845 1335 1879 Quoniam
1350 1852 1419 1873 metu
1434 1847 1498 1871 sunt
1513 1853 1605 1872 omnes
1626 1845 1721 1873 bestia:
1741 1846 1834 1879 silva,
1864 1853 1955 1882 pecora

1125 1891 1153 1917 in
1169 1890 1306 1917 montibus
1325 1891 1350 1916 et
1375 1890 1461 1916 boves.
1484 1889 1603 1924 Cognovi
1625 1890 1722 1917 omnia
1738 1890 1875 1918 volatilia
1888 1889 1955 1923 cali.

1123 1936 1149 1961 et
1161 1935 1264 1969 species
1278 1935 1343 1968 agri
1358 1942 1463 1962 mecum
1477 1938 1526 1961 est.
1535 1933 1564 1961 Si
1573 1935 1707 1969 esuriero,
1716 1943 1776 1962 non
1786 1935 1882 1963 dicam
1892 1934 1953 1962 tibi:

1123 1987 1196 2006 meus
1210 1981 1247 2006 est
1263 1979 1336 2006 enim
1351 1979 1423 2006 orbis
1440 1983 1520 2006 terra:
1534 1980 1559 2006 et
1573 1978 1723 2014 plenitudo
1737 1982 1804 2016 ejus
1820 1977 1954 2016 Numquid

1119 2023 1291 2050 manducabo
1299 2031 1393 2050 carnes
1404 2025 1559 2056 taurorum,
1569 2027 1618 2050 aut
1627 2025 1805 2059 sanguinem
1819 2025 1956 2052 hircorum

1118 2067 1237 2100 putabo?
1252 2067 1365 2094 Immola
1375 2067 1426 2094 Deo
1437 2067 1608 2102 sacriﬁcium
1622 2067 1729 2101 laudis,
1741 2071 1771 2096 et
1785 2068 1956 2096 reddeAttit-

1117 2113 1186 2139 sima
1203 2117 1261 2139 vota
1277 2113 1334 2138 tua.
1361 2112 1394 2138 Et
1410 2112 1515 2139 iterum
1533 2113 1560 2139 in
1579 2113 1635 2139 ﬁne
1660 2112 1776 2148 psalmi
1803 2113 1955 2149 ejusdem:

1116 2157 1301 2191 Sacriﬁcium,
1319 2156 1424 2192 inquit,
1442 2156 1530 2183 laudis
1542 2156 1719 2184 honoricabil
1741 2165 1800 2190 me,
1812 2159 1841 2185 et
1857 2157 1898 2185 ibi
1913 2156 1957 2184 aia

1116 2210 1170 2237 qua
1177 2201 1317 2229 ostendam
1326 2201 1370 2228 illi
1379 2201 1501 2228 salutare
1511 2202 1559 2228 Dei
1567 2201 1657 2235 (Psal.
1671 2202 1763 2238 xLix).
1775 2202 1847 2231 Jam
1859 2202 1895 2230 de
1906 2201 1958 2230 hoc

1115 2246 1237 2274 salutari
1249 2246 1499 2281 Dei,quodipsesit
1514 2245 1649 2273 Christus
1660 2254 1757 2282 supra
1772 2253 1955 2274 commemo-

1114 2291 1174 2318 ravi
1186 2293 1275 2326 atque
1290 2289 1570 2325 monstravi(Supra,
1580 2299 1608 2317 η.
1621 2290 1675 2326 15).
1689 2291 1780 2324 Quod
1791 2293 1842 2320 est
1857 2292 1956 2319 autem

1113 2335 1258 2362 sacratius
1269 2334 1365 2362 laudis
1376 2334 1566 2367 sacriﬁcium,
1574 2343 1664 2370 quam
1675 2334 1705 2362 in
1716 2335 1843 2363 actione
1851 2333 1958 2372 gratis-

1113 2379 1193 2407 rum?
1202 2379 1235 2406 Et
1246 2379 1322 2406 unde
1332 2379 1458 2413 majores
1467 2379 1586 2414 agendae
1595 2382 1665 2406 sunt
1675 2379 1736 2407 Deo
1745 2379 1955 2416 gratimquam

1111 2432 1163 2459 pro
1173 2423 1424 2459 ipsiusgratiaper
1433 2423 1535 2450 Jesum
1543 2423 1692 2451 Christum
1703 2423 1877 2452 Dominum
1891 2430 1956 2452 n0!-

1110 2467 1288 2500 trum?Quod
1295 2470 1388 2495 totum
1396 2467 1496 2495 ﬁdeles
1504 2467 1533 2495 in
1539 2467 1674 2496 Ecclesia:
1680 2467 1956 2499 sacriﬁcioacmnt,

1109 2513 1194 2548 cujus
1204 2512 1315 2540 umbras
1326 2512 1444 2539 fuerunt
1454 2512 1695 2548 omnia’priorum
1707 2520 1829 2548 genera
1844 2511 1956 2542 sacriﬁ-

1108 2557 1230 2585 ciorum.
1242 2556 1293 2584 Isti
1309 2559 1406 2584 autem
1422 2555 1570 2593 vaniloqui
1587 2556 1823 2593 reprehensores
1842 2555 1955 2586 Veteris

1108 2601 1298 2635 Testamenti,
1318 2600 1406 2628 etiam
1421 2600 1446 2628 si
1457 2604 1561 2629 caetera
1571 2610 1634 2637 qua!
1652 2601 1899 2630 commemoravi
1918 2600 1955 2628 de

1107 2647 1161 2675 hoc
1173 2646 1285 2683 psalmo
1298 2646 1397 2674 minus
1409 2646 1590 2683 intelligunt,
1599 2647 1729 2674 sufﬁciat
1739 2646 1788 2674 eis
1799 2647 1954 2683 quantum

1107 2692 1142 2720 ad
1155 2693 1330 2728 pmsentem
1350 2691 1543 2727 quaestionem
1561 2691 1678 2724 attinet.
1693 2690 1769 2728 quia
1780 2690 1867 2719 Deus
1883 2690 1953 2720 Pro-

1106 2736 1323 2773 phetarum,qui
1333 2736 1409 2764 Deus
1418 2738 1463 2763 est
1472 2736 1561 2764 etiam
1571 2734 1956 2772 Apostolorum,noumm-

1106 2782 1192 2809 ducat
1207 2782 1360 2809 taurorum
1375 2788 1488 2816 carnes,
1504 2789 1558 2810 nec
1581 2780 1759 2818 sanguinem
1783 2781 1877 2817 potat
1890 2778 1955 2809 hir-

1135 2886 1145 2904 1
1162 2883 1236 2916 Mam,
1251 2890 1319 2910 uere.

1743 2931 1755 2941 ’ν
1877 2928 1920 2946 ,-’δ

1719 2971 1733 2987 .:
1742 2975 1748 2979 -

1711 2991 1726 2999 ,.

1676 3025 1701 3032 ἐξ
1719 3007 1723 3010 .
