4056 6178
469 304 583 364 627

470 437 637 492 donec
660 451 861 507 ponam
894 436 1144 490 inimicos
1179 439 1301 489 tuos
1330 434 1627 488 scabetlum
1650 435 1852 506 pedum
1874 441 2115 487 tuorum.

471 526 555 580 Ibi
587 524 804 596 quippe
834 530 892 579 et
911 524 1253 579 hocdictum
1268 528 1356 579 est
1380 540 1392 577 :
1419 525 1633 580 Iuravit
1660 524 2119 587 Dominus,etnon

464 615 749 686 paenitebit
776 631 921 681 eum,
956 616 1027 669 Tu
1049 629 1102 669 es
1150 616 1403 669 sacerdos
1435 613 1494 668 in
1526 618 1792 668 zrternum
1824 611 2120 667 secundum

477 703 729 760 ordinem
776 703 1128 759 Melchisedec
1160 703 1367 774 (Matth.
1409 720 1543 771 xxn,
1576 703 1783 768 42-45;
1825 702 1972 756 Psat.
2007 717 2119 767 cxx,

472 796 523 862 1,
552 794 627 864 4).
659 794 956 849 Noverunt
987 792 1085 864 qui
1123 792 1341 865 legunt,
1376 792 1513 863 quid
1560 790 1863 863 protulerit
1886 789 2120 845 Melchi—

469 884 657 950 sedec,
684 884 917 955 quando
941 881 1543 936 benedixitAbraham
1568 879 1720 951 (Gen.
1751 896 1865 945 x1v,
1886 880 1973 944 18,
2008 878 2117 951 19);

468 976 524 1027 et
541 972 720 1043 sijam
736 976 875 1027 sunt
900 970 1216 1043 participes
1234 972 1383 1041 ejus,
1417 970 1614 1025 vident
1633 968 1745 1023 tale
1768 968 2121 1023 sacriﬁcium

466 1078 624 1117 nunc
653 1061 846 1116 offerri
881 1061 995 1115 Deo
1029 1065 1146 1115 toto
1180 1060 1317 1114 orbe
1344 1064 1657 1115 terrarum.
1692 1059 1791 1113 Dei
1815 1058 2121 1127 autemju-

466 1151 612 1205 ratio
639 1148 1074 1206 incredulorum
1135 1153 1224 1203 est
1272 1148 1614 1220 increpatio.
1649 1149 1717 1203 Et
1749 1148 1903 1218 quod
1940 1152 2122 1201 Deum

468 1257 581 1295 non
604 1239 924 1312 pmnitebit,
960 1238 1310 1310 signiﬁcatio
1343 1242 1430 1292 est
1444 1238 1577 1308 quia
1592 1237 1700 1292 hoc
1731 1236 2122 1291 sacerdotium

468 1346 583 1385 non
609 1328 877 1383 mutabit.
902 1327 1371 1399 Mutavitquippe
1389 1326 1781 1381 sacerdotium
1799 1325 2123 1380 secundum

467 1418 732 1473 ordinem
780 1418 990 1472 Aaron.
1024 1415 1187 1470 Unde
1219 1415 1371 1470 alius
1405 1415 1687 1487 propheta
1717 1414 1858 1468 dicit
1889 1415 1959 1468 ad
1991 1430 2124 1468 eum

468 1506 568 1577 qui
600 1504 909 1561 carnaliter
966 1509 1051 1559 est
1104 1503 1277 1559 Israel
1305 1520 1317 1557 :
1353 1508 1477 1559 Non
1506 1508 1583 1558 est
1616 1503 1755 1558 mihi
1788 1503 2033 1557 voluntas
2064 1504 2125 1558 in

468 1596 633 1659 vobis,
655 1594 791 1649 dicit
813 1596 1075 1650 Dominus
1097 1596 1517 1664 omnipotens,et
1537 1592 1771 1647 hostiam
1793 1609 1901 1647 non
1918 1593 2125 1662 accipi-

469 1703 561 1742 am
589 1687 661 1741 de
690 1684 947 1739 manibus
960 1686 1168 1738 vestris.
1193 1685 1335 1737 Ecce
1351 1683 1505 1753 quod
1521 1682 1945 1738 estsecundum
1970 1681 2124 1735 ordi-

471 1791 601 1830 nem
618 1776 827 1828 Aaron.
842 1773 1166 1828 Curautem
1184 1771 1289 1826 hoc
1305 1789 1417 1827 non
1434 1769 2123 1841 accipiat,addit,etdicit:

469 1866 617 1934 Quia
646 1864 713 1918 ab
741 1868 867 1918 ortu
897 1864 1027 1918 solis
1057 1878 1227 1932 usque
1261 1862 1329 1916 ad
1377 1878 1624 1917 occasum
1652 1861 2021 1930 gloriﬁcatum
2052 1872 2127 1919 est

465 1970 663 2009 nomen
691 1968 873 2007 meum
930 1953 989 2007 in
1017 1952 1291 2022 gentibus,
1325 1954 1377 2006 et
1422 1953 1479 2005 in
1511 1952 1667 2005 omni
1698 1950 1812 2004 loco
1846 1951 2126 2003 incensum

466 2045 694 2117 offertur
722 2042 936 2096 nomini
954 2057 1089 2103 meo,
1122 2049 1174 2095 et
1196 2040 1382 2096 hostia
1401 2057 1543 2109 pura
1563 2057 1583 2102 ,·
1613 2041 1746 2110 quia
1766 2055 2028 2109 magnum
2047 2047 2125 2093 est

463 2149 659 2189 nomen
688 2148 874 2187 meum
904 2132 962 2185 in
1000 2130 1272 2201 gentibus,
1306 2131 1443 2184 dicit
1495 2131 1757 2184 Dominus
1785 2128 2125 2199 omnipotens

473 2222 737 2292 (Malach.
772 2222 920 2289 1,10,
954 2221 1059 2284 11).
1096 2218 1840 2290 Eccequodestsecundum
1861 2216 2121 2271 ordinem

469 2310 1194 2367 Melchisedec.lncensum
1209 2308 1364 2363 enim
1389 2307 1539 2377 quod
1563 2312 1651 2361 est
1680 2303 2123 2378 graeceoaplapa

473 2401 627 2457 sicut
656 2397 1165 2470 exponitJoannes
1187 2396 1243 2451 in
1268 2395 1634 2467 Apocalypsi,
1662 2394 1952 2450 orationes
1984 2400 2123 2448 sunt

472 2494 812 2545 sanctorum
845 2488 1024 2558 (.lpoc.
1059 2503 1113 2556 ν,
1136 2486 1213 2557 8).
1236 2485 1615 2556 Deusquippe
1645 2484 1922 2553 ille,sicut
1963 2482 2119 2539 cani-

476 2583 572 2633 tur
600 2577 659 2633 in
698 2575 943 2643 Psalmo,
979 2574 1074 2646 qui
1109 2577 1313 2630 vocavit
1343 2578 1569 2639 terram,
1592 2592 1626 2629 a
1655 2575 1786 2628 solis
1807 2581 1929 2629 ortu
1950 2590 2122 2645 usque

475 2668 550 2724 ad
569 2681 861 2727 occasum;
884 2664 973 2719 cui
1024 2668 1209 2731 terrae,
1244 2664 1301 2718 id
1343 2668 1449 2731 est,
1479 2664 1570 2718 cui
1600 2662 1813 2735 populo
1845 2663 2055 2719 diffuso
2089 2680 2122 2719 a

474 2757 615 2814 solis
647 2761 776 2811 ortu
802 2770 988 2826 usque
1018 2754 1088 2808 ad
1120 2770 1411 2817 occasum,
1437 2752 1671 2816 diceret,
1686 2755 1805 2807 Non
1845 2754 2121 2823 accipiam

458 2847 523 2902 de
553 2847 708 2902 domo
765 2851 865 2901 tua
896 2844 1097 2899 vitulos
1119 2859 1138 2904 ;
1193 2843 1421 2897 immota
1451 2843 1553 2897 Deo
1582 2843 1918 2911 sacriﬁcium
1939 2842 2119 2896 laudis

460 2936 631 3007 (Psal.
666 2934 936 3001 x1.1x,2,9,
966 2932 1085 3003 114)
1112 2948 1123 2985 :
1158 2930 1282 3002 ipse
1313 2946 1414 3001 per
1431 2931 1585 2985 hunc
1609 2930 1947 3001 prOphetam
1965 2931 2117 3001 quod

460 3024 785 3081 certissime
810 3023 1072 3077 futurum
1104 3018 1529 3090 eratjamvelut
1562 3020 1775 3074 factum
1795 3019 2118 3090 praedicans

463 3113 563 3179 ait,
598 3112 675 3168 Ab
704 3116 827 3166 ortu
857 3112 989 3166 solis
1022 3126 1190 3180 usque
1220 3108 1296 3163 ad
1334 3125 1594 3163 occasum
1640 3108 2008 3179 glori/iculum
2038 3105 2121 3165 est

460 3218 657 3257 nomen
713 3216 897 3255 meum
928 3201 983 3253 in
1040 3200 1309 3267 gentibus,
1340 3205 1391 3253 et
1418 3200 1478 3252 in
1508 3199 1658 3253 omni
1687 3198 1799 3252 loco
1840 3199 2121 3253 incensum

463 3293 691 3363 oﬂertur
717 3290 933 3345 nomini
960 3303 1093 3353 meo,
1126 3295 1175 3342 et
1235 3286 1419 3341 hostia
1448 3302 1626 3358 pura;
1686 3288 1818 3357 quia
1850 3303 2118 3354 magnum

464 3385 544 3437 est
564 3395 761 3435 nomen
786 3394 960 3434 meum
984 3380 1043 3432 in
1067 3377 1337 3447 gentibus.

538 3471 623 3525 40.
658 3469 781 3524 Νοιι
814 3468 968 3523 enim
1001 3467 1153 3521 sicut
1184 3464 1479 3520 hominem
1517 3466 1753 3536 pmnitet
1779 3467 1992 3532 Deum;
2020 3467 2118 3521 sed

466 3560 621 3615 sicut
638 3559 821 3613 Deum
844 3574 856 3611 :
883 3554 1381 3628 quemadmodum
1402 3570 1516 3609 non
1540 3554 1691 3609 sicut
1721 3554 1895 3610 homo
1920 3555 2122 3610 irasci-

465 3654 581 3715 tur,
612 3665 716 3704 nec
730 3647 881 3703 sicut
900 3646 1073 3701 homo
1098 3644 1423 3714 miseretur,
1442 3660 1545 3699 nec
1568 3645 1719 3699 sicut
1743 3645 1916 3700 homo
1936 3643 2084 3701 zelat
2109 3663 2120 3711 ;

468 3740 567 3796 sed
592 3737 790 3794 omnia
820 3736 973 3791 sicut
1003 3736 1177 3789 Deus.
1225 3734 1568 3788 Pmnitentia
1606 3734 1705 3789 Dei
1726 3751 1839 3789 non
1873 3740 1963 3791 est
1993 3740 2126 3807 post

470 3845 721 3885 errorem
755 3844 767 3883 :
802 3828 888 3882 ira
910 3825 1008 3880 Dei
1041 3842 1154 3880 non
1188 3824 1363 3879 habet
1394 3825 1717 3895 perturbati
1756 3826 1936 3880 animi
1962 3827 2125 3881 ardo-

472 3935 592 3974 rem
619 3934 632 3972 :
669 3914 1065 3971 misericordia
1091 3913 1317 3967 Deinon
1339 3912 1514 3967 habet
1530 3914 2125 3984 compatientismise-

473 4023 603 4062 rum
628 4022 746 4069 cor,
770 4002 993 4059 undein
1016 4000 1415 4072 latinalingua
1449 4018 1658 4056 nomen
1696 4003 2126 4073 accepit:zelus

474 4094 574 4151 Dei
608 4110 719 4148 non
754 4091 931 4146 habet
950 4090 1166 4146 mentis
1199 4090 1458 4144 livorem.
1489 4089 1599 4144 Sed
1661 4092 1997 4161 paenitentia
2028 4092 2127 4148 Dei

471 4180 983 4247 dicitur,rerumin
1020 4180 1147 4249 erS
1164 4183 1445 4249 potestate
1463 4178 1916 4234 constitutarum
1945 4180 2131 4236 homi-

476 4271 650 4328 nibus
684 4269 982 4342 inopinata
1014 4268 1292 4323 mutatio:
1326 4267 1413 4322 ira
1444 4268 1541 4322 Dei
1578 4272 1668 4323 est
1718 4268 1974 4325 vindicta
2008 4285 2136 4341 pec‘

474 4361 618 4418 cati:
658 4356 1055 4415 misericordia
1078 4357 1176 4412 Dei
1199 4363 1287 4412 est
1304 4356 1536 4412 bonitas
1558 4356 1906 4428 opitulandi‘
1934 4376 1948 4416 :
1971 4358 2130 4415 zelus

478 4450 574 4505 Dei
609 4453 695 4504 est
730 4446 1109 4519 providentia,
1126 4463 1244 4517 qua
1267 4462 1381 4500 non
1404 4445 1544 4500 sinit
1564 4462 1663 4502 eos
1682 4463 1828 4517 quos
1860 4448 2129 4504 subditos

477 4539 676 4605 habet,
697 4537 937 4608 impune
965 4552 1160 4590 amare
1182 4535 1334 4606 quod
1384 4535 1668 4606 prohibet.
1703 4536 1863 4593 Unde
1896 4538 2003 4593 iste
2032 4538 2131 4610 qui

480 4632 600 4684 tam
619 4626 942 4699 loquaciter
988 4624 1300 4696 exagitavit
1348 4623 1447 4678 Dei
1491 4625 1910 4696 paenitentiam,
1944 4627 2136 4689 discat

482 4715 692 4789 primo,
724 4715 820 4769 vix
850 4713 1095 4769 inveniri
1128 4713 1349 4785 aliquid
1380 4714 1533 4784 quod
1566 4714 1739 4787 digne
1773 4716 1842 4771 de
1873 4716 1987 4772 Deo
2018 4709 2131 4773 dici

484 4806 704 4878 possit;
736 4804 837 4859 sed
871 4802 1126 4874 plurima
1153 4806 1210 4858 et
1233 4818 1376 4874 pene
1393 4803 1589 4859 omnia
1603 4820 1709 4859 nos
1733 4805 1802 4859 de
1822 4804 1919 4861 illo
1942 4806 2133 4864 dicere

482 4892 761 4967 loquendi
794 4890 1160 4956 necessitate,
1193 4907 1323 4961 qum
1348 4890 1535 4963 magis
1568 4892 1834 4949 homines
1864 4911 1932 4950 ex
1950 4895 2134 4952 homi-

484 4985 660 5042 nibus
702 4982 1049 5051 metiuntur,
1093 4980 1246 5037 sicut
1275 4984 1467 5037 autem
1506 4980 1887 5054 intelligenda
1925 4986 1994 5041 de
2035 4985 2132 5042 illo

483 5069 1475 5143 suntvixapaucisetspiritualibus
1503 5069 1927 5143 intelliguntur.
1967 5074 2135 5147 Prop-

480 5163 731 5237 terquod
755 5159 1267 5235 providentissime
1287 5158 1584 5231 Scriptura
1597 5159 1791 5216 divina
1808 5163 1878 5218 de
1896 5162 1992 5220 illo
2014 5166 2133 5220 ine-

481 5254 661 5310 tfabili
677 5253 919 5323 loquens
933 5251 1003 5305 ad
1019 5250 1284 5321 quaedam
1298 5248 1472 5304 etiam
1484 5248 1659 5305 verba
1671 5250 1989 5319 descendit,
2005 5269 2133 5324 quae

473 5344 597 5412 jam
613 5342 951 5397 hominibus
968 5346 1023 5395 et
1045 5340 1190 5412 ipsis
1214 5337 1565 5406 carnalibus,
1587 5354 1715 5394 cum
1731 5339 1800 5395 de
1816 5340 1927 5397 Deo
1942 5358 2134 5399 sermo

481 5436 587 5498 est,
612 5430 881 5486 videntur
920 5430 1177 5485 absurda
1200 5432 1258 5484 ct
1288 5428 1557 5500 indigna:
1596 5434 1659 5483 ut
1690 5444 1822 5485 cum
1855 5431 2138 5488 timentur

481 5516 597 5572 ista
614 5518 694 5573 sic
723 5519 927 5591 accipi,
954 5518 1247 5590 quomodo
1274 5517 1332 5573 in
1370 5516 1709 5573 hominibus
1741 5518 1905 5585 solet,
1938 5525 1995 5575 et
2016 5521 2135 5578 dis-

553 5650 568 5682 ¹
596 5647 677 5698 Sic
704 5651 758 5700 in
790 5654 911 5702 Mss.
943 5652 1008 5701 At
1028 5651 1081 5699 in
1114 5651 1286 5712 editis,
1321 5650 1520 5702 bonitas
1546 5650 1864 5716 opitulantis.

881 305 1194 362 CONTRA
1239 299 1803 361 ADVEltSAltlUM
1852 296 2075 357 LEGIS
2124 295 2220 353 ET
2275 296 2895 367 PROPHI'ZTARUM.
2947 300 3009 359 S.
3060 300 3481 360 AUGUSTINI

3740 310 3842 379 628

2227 429 2532 484 cutiuntur
2546 432 3042 502 quemadmodum
3059 432 3127 487 de
3144 431 3258 487 Deo
3276 432 3413 488 bene
3427 435 3603 507 accipi
3627 441 3841 512 possint,

2234 516 2311 571 ibi
2338 518 2597 574 discatur
2626 520 2801 576 etiam
2828 519 2928 576 illa
2958 538 3084 592 quae
3099 521 3374 578 humanis
3397 524 3653 581 sensibus
3674 529 3725 583 in
3746 530 3841 584 eis-

2228 607 2360 662 dem
2393 608 2707 680 Scripturis
2732 611 2845 665 Deo
2862 611 3039 682 digna
3054 610 3538 677 videbantur,non
3556 618 3842 675 secundum

2228 697 2536 753 hominum
2555 716 2743 755 mores
2764 699 3011 772 intelligi
3027 700 3111 755 vel
3134 700 3844 772 credioportere.Citoenim

2232 787 2463 842 videtur
2485 789 2846 860 pmnitentia,
2871 790 3025 845 sicut
3070 791 3141 845 ab
3161 790 3496 847 hominibus
3519 793 3717 865 agitur,
3748 814 3845 854 non

2237 880 2443 935 cadere
2472 879 2529 935 in
2561 882 2737 935 lieu.u
2761 897 2775 936 :
2806 881 2903 936 sed
2930 898 3044 936 non
3078 882 3190 937 cito
3221 883 3448 937 videtur
3468 884 3635 939 etiam
3654 888 3849 944 miseri-

2230 970 2448 1041 cordia,
2497 972 2652 1027 sicut
2689 972 2958 1028 homines
3017 973 3387 1043 miserentur,
3423 992 3535 1030 non
3579 978 3765 1033 cadere
3797 980 3848 1035 in

2232 1062 2519 1118 Deum.Ex
2544 1061 2645 1118 illo
2672 1080 2808 1134 ergo
2845 1064 2999 1134 quod
3024 1063 3440 1136 requirendum
3473 1065 3853 1136 fatetur,discit

2232 1153 2405 1208 homo
2437 1158 2493 1208 et
2507 1153 2615 1209 hoc
2637 1154 2954 1224 requirere,
2974 1154 3130 1226 quod
3147 1156 3271 1225 jam
3287 1155 3549 1211 sufﬁcere
3563 1156 3857 1227 arbitraba-

2232 1246 2345 1297 tur.
2372 1243 2466 1298 Sic
2497 1259 2633 1315 ergo
2666 1244 2894 1312 quando
2926 1260 3060 1299 eum
3094 1244 3354 1314 pcenitet,
3391 1261 3503 1300 non
3530 1252 3787 1315 mutatur,
3808 1253 3855 1303 et

2234 1336 2458 1399 mutat;
2490 1331 2644 1387 sicut
2666 1335 2901 1404 quando
2922 1332 3218 1398 irascitur,
3240 1350 3353 1388 non
3379 1336 3653 1400 movetur,
3676 1336 3851 1392 etvin-

2233 1419 2425 1487 dicat;
2459 1424 2515 1475 et
2540 1421 2771 1492 quando
2808 1421 3140 1488 miseretur,
3195 1439 3309 1476 non
3353 1421 3528 1493 dolet,
3559 1426 3615 1477 et
3640 1422 3856 1486 liberat;

2233 1514 2289 1564 et
2319 1510 2553 1581 quando
2584 1510 2750 1577 zelat,
2787 1528 2896 1566 non
2932 1511 3248 1577 cruciatur,
3280 1516 3339 1566 et
3367 1510 3601 1568 cruciat.

2302 1599 2389 1653 41.
2423 1599 2719 1670 Numquid
2744 1606 2940 1655 autem
2972 1600 3031 1655 in
3062 1600 3227 1655 libris
3259 1601 3752 1657 Testamentinovi
3773 1603 3855 1658 de-

2232 1693 2371 1742 sunt
2402 1688 2521 1743 haec
2543 1690 2736 1759 verba,
2785 1706 2911 1760 qua:
2952 1690 3000 1744 si
3034 1690 3400 1760 accipiantur
3429 1690 3578 1744 sicut
3608 1690 3662 1745 in
3693 1691 3856 1746 homi-

2234 1775 2406 1831 nibus
2430 1776 2673 1845 intelligi
2709 1778 2918 1845 solent,
2946 1777 3105 1833 nullo
3126 1778 3297 1833 modo
3327 1786 3654 1851 congruunt
3673 1778 3860 1834 divini-

2232 1865 2356 1929 tati,
2388 1870 2445 1919 et
2466 1882 2698 1937 gravem
2733 1866 2968 1937 pariunt
2999 1866 3432 1922 offensionem?
3462 1866 3605 1921 Cum
3641 1867 3780 1921 enim
3802 1868 3860 1921 de

2231 1953 2459 2009 Christo
2499 1955 2800 2010 verissime
2845 1956 2998 2011 dicat
3046 1956 3407 2027 evangelista
3437 1956 3589 2027 quod
3620 1972 3725 2011 non
3752 1973 3864 2027 Opus

2231 2042 2468 2098 habebat
2498 2048 2558 2099 ut
2584 2046 2639 2099 ei
2667 2045 2952 2117 quisquam
2973 2047 3362 2101 testimonium
3381 2046 3759 2117 perhiberetde
3779 2047 3861 2099 ho~

2228 2136 2414 2197 mine;
2445 2136 2558 2207 ipse
2586 2137 2738 2191 enim
2756 2135 3123 2207 sciebatquid
3154 2144 3294 2192 esset
3318 2138 3385 2191 in
3414 2137 3859 2207 homine(.loan.11,

2226 2222 2353 2293 25);
2388 2240 2493 2278 cur
2524 2223 2648 2296 ipse
2696 2224 3051 2295 quibusdam
3113 2224 3274 2290 dicit,
3318 2226 3511 2280 Nescio
3556 2240 3641 2279 vos
3669 2225 3855 2293 (Matth.

2227 2328 2355 2377 xxv,
2390 2312 2477 2384 l2)
2498 2312 2525 2367 ‘l
2548 2315 2714 2384 Ipsos
2743 2314 2995 2384 denique
3009 2320 3243 2369 sanctos
3257 2330 3404 2369 suos
3421 2331 3551 2369 cum
3571 2312 3859 2385 praescierit

2226 2404 2282 2455 et
2311 2400 2546 2473 elegerit
2562 2407 2694 2458 ante
2710 2404 2911 2457 mundi
2926 2403 3413 2459 constitutionem
3434 2421 3446 2469 ;
3464 2404 3600 2475 quid
3624 2407 3707 2457 est
3722 2402 3855 2473 quod

2226 2490 2366 2545 dicit
2394 2492 2726 2562 Apostolus,
2748 2493 2904 2547 Nunc
2932 2496 3117 2549 autem
3144 2502 3529 2564 cognoscentes
3561 2494 3853 2558 Deum,imo

2224 2582 2431 2651 cogniti
2452 2599 2487 2637 ιι
2518 2584 2621 2638 Deo
2665 2584 2865 2655 (Galat.
2900 2601 2977 2651 1v,
3006 2584 3093 2651 9);
3143 2584 3310 2655 quasi
3353 2601 3509 2639 nunc
3540 2600 3637 2638 eos
3666 2598 3856 2653 cogno-

2224 2671 2390 2735 verit,
2414 2688 2562 2742 quos
2596 2678 2768 2728 antea
2798 2672 3136 2729 nesciebat?
3161 2675 3321 2738 Quod
3341 2690 3476 2729 vero
3508 2672 3858 2742 ait,Spiritum

2224 2765 2397 2819 nolite
2424 2766 3023 2838 exstinguereUThess,
3056 2784 3111 2832 ν,
3147 2768 3255 2837 19),
3286 2770 3575 2839 tanquam
3597 2762 3862 2836 exstingui

2226 2853 2478 2923 Spiritus
2502 2856 2704 2926 possit,
2726 2857 2858 2926 quis
2883 2858 3027 2911 lerat
3059 2856 3232 2922 ‘,nisi
3252 2856 3357 2928 qui
3381 2874 3447 2911 ea
3480 2854 3863 2928 prudenterin-

2227 2941 2437 3014 telligit
2457 2944 2483 2997 ‘?
2508 2944 2708 2999 Nonne
2740 2944 3119 3017 inEvangelio
3135 2944 3428 3017 scriptum
3448 2950 3537 3000 est
3561 2962 3572 3000 :
3600 2941 3867 3013 Quicredit

2228 3036 2287 3089 in
2318 3036 2544 3101 Filium,
2561 3036 2721 3092 habet
2740 3037 2917 3092 vitam
2931 3046 3201 3093 aeternam
3218 3055 3239 3099 ;
3253 3039 3356 3108 qui
3368 3044 3556 3094 autem.
3577 3035 3866 3093 incredulus

2226 3133 2305 3180 est
2333 3126 2493 3190 Filio,
2524 3141 2635 3180 non
2666 3126 2872 3181 videbit
2904 3128 3092 3196 vitam,
3120 3127 3211 3181 sed
3241 3128 3335 3181 ira
3377 3129 3477 3183 Dei
3506 3135 3689 3183 manet
3715 3139 3865 3193 super

2225 3231 2349 3270 eum
2380 3215 2560 3285 (Joan.
2596 3216 2784 3286 111,36)
2816 3215 2843 3269 ‘t
2870 3214 3272 3271 Calumnietur
3295 3233 3443 3289 ergo
3474 3222 3531 3271 et
3553 3216 3686 3271 huic
3709 3215 3862 3269 verbo

2227 3305 2337 3358 iste
2364 3303 2763 3375 blasphemus,
2798 3309 2854 3358 et
2895 3304 3078 3360 dicat:
3105 3304 3303 3368 Qualis
3339 3312 3432 3361 est
3465 3305 3567 3378 qui
3597 3306 3866 3365 irascitur,

2230 3409 2360 3447 cum
2386 3391 2669 3463 scriptum
2702 3392 2797 3460 sit,
2831 3394 3126 3448 Iracundia
3181 3394 3308 3459 viri,
3331 3397 3629 3465 justitiam
3652 3395 3746 3450 Dei
3769 3407 3865 3447 non

2228 3490 2486 3555 operatur
2516 3481 2723 3553 (Jacobi
2753 3499 2791 3545 1,
2823 3482 2914 3554 20)
2944 3482 2972 3536 ‘t
3012 3481 3432 3538 Calumnietur
3478 3486 3587 3539 isto
3635 3482 3796 3537 modo
3825 3488 3870 3535 et

2231 3569 2507 3641 Apostolo
2538 3569 2773 3633 dicenti,
2806 3569 3087 3641 Numquid
3116 3572 3350 3642 iniquus
3416 3578 3564 3628 Deus
3595 3573 3689 3644 qui
3715 3573 3869 3641 infert

2232 3662 2373 3715 iram
2404 3661 2578 3730 (Rom.
2614 3676 2698 3725 111,
2731 3658 2827 3726 5)?
2855 3659 2987 3714 Jam
3021 3677 3190 3731 porro
3214 3661 3260 3715 si
3296 3663 3623 3734 quisquam
3656 3660 3873 3725 diceret,

2231 3749 2631 3806 Confundetur
2660 3747 2950 3816 Christus,
2982 3754 3039 3804 et
3070 3748 3177 3804 hoc
3207 3766 3274 3805 eo
3306 3755 3580 3824 tempore
3608 3767 3717 3822 qne
3733 3747 3873 3818 judi-

2232 3844 2470 3904 caturus
2500 3843 2590 3894 est
2617 3838 2775 3893 vivos
2806 3842 2863 3893 et
2882 3844 3177 3906 mortuos;
3205 3840 3341 3911 quis
3368 3858 3505 3896 eum
3541 3838 3875 3895 christianus

2235 3929 2521 4000 patienter
2548 3926 2776 3982 audiret
2803 3926 2830 3982 ‘l
2855 3926 3070 3983 Tamen
3104 3928 3160 3982 in
3188 3929 3645 4001 Evangelio,Qui
3674 3944 3773 3995 me,
3805 3927 3878 3981 in-

2236 4017 2379 4089 quit,
2412 4017 2672 4088 confusus
2697 4018 2954 4087 fuerit,et
2968 4019 3128 4071 verba
3142 4034 3294 4084 mea,
3326 4021 3389 4073 in
3403 4020 3759 4090 generatione
3787 4017 3878 4070 ista

2234 4106 2483 4163 adultera
2512 4109 2562 4162 et
2588 4107 2903 4177 peccatrice,
2936 4111 2985 4162 et
3018 4106 3205 4162 Filius
3236 4107 3488 4165 hominis
3535 4106 3879 4180 confundetur

2235 4213 2356 4252 eum
2386 4212 2511 4250 cum
2540 4197 2751 4251 venerit
2772 4195 2829 4249 in
2887 4196 3074 4265 gloria
3103 4196 3124 4229 ³
3155 4197 3345 4251 Patris
3395 4200 3492 4253 sui
3519 4214 3648 4254 cum
3686 4195 3881 4266 Angelis

2236 4286 2435 4340 sanctis
2464 4285 2649 4355 (Marc.
2682 4300 2802 4347 vIu,
2836 4284 2947 4356 38).
2980 4285 3095 4340 Cur
3116 4289 3309 4340 autem
3351 4292 3594 4343 orantes
3625 4286 3880 4353 dicimus,

2236 4374 2618 4443 Sunotiﬁcetur
2672 4388 2870 4428 nomen
2918 4381 3074 4428 tuum
3108 4374 3327 4443 (Matth.
3366 4393 3443 4444 v1,
3476 4377 3555 4447 9),
3590 4376 3638 4432 si
3672 4388 3883 4443 semper

2237 4468 2325 4520 est
2351 4468 2617 4519 sanctum
2649 4488 2663 4531 ;
2694 4461 2803 4518 nisi
2831 4463 2971 4536 quia
2999 4479 3199 4519 verum
3232 4469 3319 4519 est
3337 4469 3398 4519 et
3420 4465 3579 4537 quod
3613 4465 3877 4536 scriptum

2238 4556 2325 4608 est
2355 4554 2425 4608 de
2456 4552 2833 4623 quibusdam,
2860 4552 3548 4623 quiapoltueruntnomen
3563 4555 3778 4610 Domini
3796 4552 3884 4606 Dei

2236 4644 2325 4698 sui
2354 4642 2567 4714 (Enech.
2602 4641 2874 4713 x1.111,8)?
2905 4642 2972 4697 Et
2996 4658 3099 4696 cur
3120 4642 3340 4697 dictum
3375 4648 3468 4699 est
3485 4642 3747 4711 Domino,
3796 4640 3885 4695 Meo

2240 4741 2417 4788 mento
2446 4734 2560 4787 mei
2568 4748 2690 4787 cum
2708 4733 2915 4787 veneris
2929 4732 2986 4786 in
3003 4748 3234 4803 regnum
3264 4734 3456 4805 tuum(
3465 4737 3579 4789 Luc
3594 4750 3764 4797 χχιιι,
3787 4728 3887 4801 12),

2240 4821 2289 4877 si
2322 4820 2466 4876 nihil
2498 4819 2899 4888 obliviscitur;
2935 4819 3046 4875 nisi
3080 4822 3218 4892 quia
3253 4837 3368 4876 non
3396 4822 3765 4894 insipienter,
3796 4816 3886 4874 sed

2241 4909 2421 4965 intelli
2430 4914 2631 4981 genter
2652 4908 2703 4965 ei
2732 4910 2965 4975 dicitur,
2983 4910 3303 4966 Obliviceris
3315 4912 3571 4983 inopiam
3592 4914 3829 4967 nostram
3847 4908 3890 4962 et

2243 5002 2653 5057 tribulationem
2668 5004 2908 5056 nostram
2938 5000 3276 5069 (Psal.x1.111,
3307 5000 3401 5071 24)
3424 5001 3453 5055 ?
3481 5001 3631 5072 Ergo
3652 5005 3707 5055 et
3720 4998 3888 5054 scien-

2242 5096 2329 5147 ter
2360 5089 2577 5157 nescit;
2611 5094 2669 5145 et
2698 5090 2848 5160 quod
2880 5105 3113 5160 semper
3143 5089 3670 5162 scivit,aliquando
3691 5101 3889 5160 cogno-

2243 5179 2379 5247 scit;
2412 5182 2620 5235 etcum
2655 5178 3045 5250 exstinguitur
3076 5196 3107 5232 a
3132 5177 3502 5250 negantibus,
3524 5172 3890 5247 inexstingui-

2242 5268 2378 5326 bilis
2400 5270 2739 5341 permanet;
2772 5271 2827 5323 et
2846 5266 3487 5338 tranquilleirascitur;
3523 5274 3584 5323 et
3623 5262 3886 5323 confundi

2309 5468 2569 5516 ‘Veteres
2627 5463 2853 5515 codices.
2926 5463 3038 5526 quis
3067 5465 3230 5511 eruat.
3282 5464 3441 5512 Forte
3502 5477 3624 5526 pro,
3654 5462 3766 5529 quis
3791 5473 3882 5510 ser-

2243 5533 2413 5640 υαξἸι]
2446 5592 2519 5650 8.,
2551 5591 2605 5639 in
2631 5588 2872 5652 gloriam.
2906 5587 3089 5652 Melius
3113 5601 3235 5652 cum
3267 5586 3348 5636 Er.
3372 5590 3428 5635 et
3450 5588 3757 5652 Vulgata.in
3782 5583 3880 5652 glo-

2241 5654 2361 5715 ria;
2388 5654 2472 5704 cui
2501 5645 2716 5704 lectioni
2746 5664 2976 5715 graecum
2998 5650 3366 5715 adstipulatur,
3400 5663 3467 5700 en
3500 5645 3727 5703 nam.
3783 5645 3883 5697 ⁷11.
