4046 6184
265 248 393 307 629

266 396 390 433 non
427 381 635 450 potest,
669 376 845 432 etiam
877 376 1110 448 quando
1163 374 1578 441 confunditur;
1629 378 1685 428 et
1715 388 1926 426 nomen

264 469 404 539 ejus
438 466 621 538 pollui
654 482 769 520 non
804 472 1013 536 potest,
1049 466 1223 521 etiam
1256 466 1491 536 quando
1524 463 1845 535 polluitur;
1878 465 1934 514 et

260 556 539 613 oblivisci
572 571 683 609 non
720 559 928 626 potest,
962 556 1136 611 etiam
1173 555 1408 626 quando
1438 552 1841 616 obliviscitur;
1875 553 1933 604 et

262 645 564 708 meminit,
601 645 780 699 etiam
812 645 1044 715 quando
1076 645 1444 699 admonetur.
1480 642 1572 697 Sic
1602 646 1690 697 est
1729 639 1931 694 ineffa-

262 735 431 791 bilis.
466 738 595 787 Haec
643 734 801 789 enim
835 734 903 788 de
937 734 1035 788 illo
1081 734 1375 801 dicuntur,
1415 734 1483 787 de
1516 748 1629 802 quo
1681 728 1825 784 nihil
1858 729 1929 783 ab

261 824 515 879 homine
546 822 631 878 vel
657 822 916 878 hominis
947 823 1093 878 satis
1124 824 1295 892 digne
1325 826 1381 877 et
1412 822 1558 877 satis
1590 824 1929 890 competen-

264 917 366 969 ter
411 913 646 968 dicitur.
682 915 815 978 Quae
861 929 994 967 cum
1030 915 1110 967 ita
1140 912 1278 979 sint,
1314 912 1414 982 qui
1466 910 1776 981 religiosus
1814 924 1929 962 non

261 1001 458 1058 istum
490 1002 759 1057 exsufﬂet
788 1007 854 1056 ut
898 1001 1215 1073 pulverem,
1250 1017 1423 1072 quem
1458 998 1693 1071 projicit
1720 1001 1930 1052 ventus

264 1108 303 1147 a
338 1091 484 1147 facie
513 1095 677 1146 terra:
711 1089 887 1163 (Psal.
923 1108 962 1158 ι,
996 1091 1050 1163 4)
1085 1109 1097 1147 :
1133 1091 1233 1162 qui
1264 1094 1502 1143 tumens
1532 1093 1590 1142 et
1620 1088 1806 1142 elatus
1837 1088 1931 1140 at-

265 1198 389 1253 que
420 1181 651 1236 irruens
682 1181 741 1235 in
782 1180 983 1236 oculos
1033 1180 1425 1247 infirmorum,
1458 1194 1675 1248 eosque
1705 1178 1930 1246 pertur-

265 1271 446 1335 bans,
475 1271 707 1325 videtur
759 1270 867 1325 sibi
900 1269 1121 1341 aliquid
1172 1269 1380 1336 dicere,
1415 1265 1713 1337 arguendo
1758 1263 1933 1318 verba

266 1358 335 1413 in
367 1359 567 1415 Vetere
616 1359 988 1414 Testamento
1038 1375 1165 1429 qua
1199 1374 1313 1412 non
1358 1354 1654 1427 intelligit,
1705 1370 1808 1409 nec
1838 1351 1929 1406 in-

263 1448 492 1504 tuendo
518 1465 644 1519 quae
676 1448 733 1503 in
768 1465 915 1503 novo
949 1446 1269 1519 intelligit?

344 1538 435 1591 42.
464 1537 582 1591 Hoc
605 1541 797 1592 autem
822 1537 891 1591 de
914 1536 1253 1608 poenitentia
1276 1535 1398 1600 Dei,
1425 1534 1577 1588 unde
1601 1533 1817 1586 factum
1842 1534 1931 1585 est

268 1631 341 1680 ut
371 1626 766 1697 loqueremur,
789 1641 923 1680 cum
941 1640 1539 1680 commemoraremus
1560 1621 1927 1692 prephetiam

272 1716 347 1771 de
374 1715 628 1780 Christo,
661 1716 759 1770 ubi
794 1715 1015 1769 dictum
1047 1720 1157 1778 est,
1188 1716 1403 1770 Iuravit
1448 1713 1707 1766 Dominus
1736 1714 1791 1764 et
1820 1726 1929 1764 non

267 1806 561 1878 paenitebit
591 1820 735 1866 eum,
763 1805 834 1858 Tu
862 1820 917 1859 es
947 1804 1196 1859 sacerdos
1228 1805 1287 1857 in
1314 1808 1606 1864 aeternum,
1632 1798 1931 1856 secundum

275 1896 527 1951 ordinem
579 1894 959 1959 Melchisedee,
1002 1893 1073 1947 ad
1124 1891 1659 1947 commendandum
1708 1889 1928 1943 sacriﬁ-

275 1982 435 2038 cium
458 1980 799 2052 salutare,in
818 1999 933 2053 quo
957 1998 1060 2053 pro
1075 1980 1241 2036 nobis
1264 1996 1426 2035 sacer
1448 1978 1692 2050 sanguis
1713 1978 1931 2032 eliusus

273 2080 384 2138 est,
421 2073 590 2141 cujus
622 2072 843 2126 umbrae
886 2071 1114 2126 fuerant
1145 2069 1451 2137 sacrificia,
1486 2085 1614 2140 quae
1661 2069 1730 2122 de
1765 2083 1930 2138 peco-

272 2159 443 2214 ribus
471 2160 1051 2231 immaculatisjussa
1081 2164 1219 2215 sunt
1239 2157 1669 2213 immolari:hoc
1701 2172 1837 2227 ergo
1861 2157 1932 2211 de

273 2249 622 2321 poenitentia
643 2249 767 2316 Dei,
790 2266 860 2304 ne
891 2249 975 2305 sic
1005 2265 1134 2303 eam
1171 2252 1401 2321 putaret
1422 2246 1845 2319 accipiendam,
1868 2250 1933 2301 ut

271 2353 343 2393 ex
364 2355 433 2393 eo
464 2341 615 2409 quod
636 2356 751 2393 non
771 2338 1061 2411 intelligit,
1077 2339 1133 2392 in
1156 2337 1658 2409 blasphemiarum
1683 2336 1932 2391 latratus

272 2429 519 2483 rabidus
548 2427 854 2499 insaniret,
889 2427 1141 2499 habebat
1192 2428 1346 2482 unde
1377 2430 1846 2482 commoneretur
1872 2425 1929 2479 in

270 2519 561 2589 proximo.
593 2518 719 2588 Ipse
739 2517 956 2589 quippe
974 2515 1454 2571 commemoravit
1470 2520 1651 2571 Deum
1676 2515 1928 2570 dixisse:

267 2608 507 2662 Paenitet
536 2624 624 2661 me
652 2609 877 2662 tinxisse
907 2607 1039 2662 Saul
1072 2608 1131 2661 in
1163 2608 1400 2677 regem‘.
1436 2605 1552 2659 Hoc
1579 2610 1775 2660 autem
1798 2604 1935 2659 scri-

272 2700 446 2767 ptum
477 2700 567 2750 est
596 2694 855 2751 Samueli
891 2700 1092 2751 sancto
1125 2694 1345 2749 dictum
1381 2695 1578 2762 fuisse,
1614 2711 1715 2765 per
1756 2710 1931 2765 quem

272 2785 431 2841 Deus
455 2784 648 2856 arguit
670 2785 1093 2855 Saﬁlem,quod
1119 2784 1343 2839 homini
1373 2800 1548 2855 quem
1578 2784 1724 2839 Deus
1746 2783 1931 2838 occidi

273 2874 554 2944 iusserat,
582 2873 954 2945 pepercisset,
979 2872 1257 2928 exhibens
1286 2872 1446 2927 velut
1469 2871 1928 2927 misericordiam

275 2968 617 3034 contempta
639 2963 993 3018 obedientia:
1013 2963 1177 3034 quasi
1202 2978 1334 3017 vero
1349 2961 1560 3016 melius
1576 2967 1772 3016 nosset
1788 2960 1929 3032 quid

276 3051 349 3106 de
375 3050 610 3105 homine
632 3052 755 3105 ﬁeri
780 3052 1065 3115 debuerit,
1090 3068 1266 3123 quam
1294 3050 1388 3105 ille
1411 3052 1509 3122 qui
1534 3050 1830 3105 hominem
1856 3051 1932 3106 fe-

278 3140 378 3195 cit.
406 3138 514 3194 Ubi
536 3140 690 3211 quod
715 3139 1167 3195 saluberrimum
1192 3143 1281 3194 est
1303 3140 1679 3205 discimus,ut
1698 3155 1931 3211 semper

277 3228 545 3283 divinum
565 3238 940 3301 praeceptum,
965 3229 1291 3283 humanum
1311 3228 1367 3282 in
1395 3229 1562 3283 nobis
1580 3228 1771 3284 vincat
1791 3228 1926 3283 affe-

274 3322 459 3372 ctum.
493 3318 649 3373 Idem
670 3322 862 3373 tamen
889 3316 1122 3374 Samuel
1144 3318 1235 3372 cui
1260 3317 1484 3373 dixerat
1501 3318 1674 3385 Deus,
1695 3320 1929 3374 Pamitet

275 3423 361 3461 me
377 3409 607 3462 unxisse
626 3406 767 3461 Saut
789 3409 847 3461 in
870 3423 1081 3479 regem;
1101 3406 1244 3461 dicit
1265 3407 1583 3473 evidenter,
1608 3410 1788 3461 Deum
1810 3423 1925 3462 non

263 3496 724 3568 pmnitere.Nam
756 3496 834 3550 ita
856 3496 1143 3568 scriptum
1166 3499 1358 3551 estzEt
1378 3498 1586 3565 factum
1606 3497 1926 3550 estverbum

266 3587 498 3641 Domini
534 3587 608 3640 ad
654 3586 890 3651 Samuel,
923 3586 1132 3653 dicens,
1164 3586 1394 3639 Paenitet
1419 3601 1506 3639 me
1554 3588 1695 3655 quod
1722 3587 1922 3640 consti-

266 3677 465 3730 tuerim
498 3676 641 3729 Saul
673 3677 727 3729 in
762 3692 962 3747 regem,
994 3677 1253 3746 quoniam
1297 3691 1521 3730 aversus
1550 3678 1628 3730 est
1665 3692 1702 3729 a
1731 3690 1836 3745 me,
1868 3680 1925 3729 et

264 3765 433 3821 verba
462 3781 585 3819 mea
614 3780 722 3819 non
751 3764 1046 3820 custodiuit
1077 3782 1096 3818 .°
1130 3764 1197 3818 Et
1228 3764 1399 3836 paulo
1434 3768 1564 3834 post
1593 3764 1751 3819 Sauli
1783 3764 1927 3820 dixit

263 3854 394 3926 ipse
419 3853 933 3925 Samuelzbisrupit
955 3855 1217 3909 Dominus
1236 3870 1464 3924 regnum
1479 3854 1650 3909 Israel
1670 3853 1733 3910 de
1757 3871 1926 3909 manu

268 3953 367 3999 tua
402 3943 577 4013 hodie,
608 3951 660 3998 et
687 3944 839 3998 dabit
868 3944 1009 3999 illud
1024 3945 1277 4015 proximo
1307 3948 1399 3999 tuo
1427 3944 1565 3999 bono
1595 3960 1757 4015 super
1786 3954 1853 4012 te,
1877 3947 1928 3999 et

266 4032 546 4089 dividetur
574 4034 746 4089 Israel
775 4036 835 4088 in
864 4032 967 4088 duo
991 4048 1005 4087 :
1030 4042 1080 4088 et
1106 4049 1217 4088 non
1236 4037 1601 4101 convertatur,
1624 4050 1794 4104 neque
1809 4050 1929 4104 pw-

266 4122 470 4177 nitebit
501 4138 667 4185 eum;
698 4124 962 4195 quoniam
991 4139 1104 4178 non
1133 4126 1215 4177 est
1234 4124 1374 4177 sicut
1394 4122 1648 4188 homo,ut
1670 4125 1933 4195 paeniteat

264 4227 395 4268 eum
427 4212 472 4283 (ι
499 4213 627 4280 Reg.
659 4228 749 4282 xv,
795 4212 881 4282 11,
912 4212 1002 4282 28,
1033 4210 1144 4283 29).
1199 4212 1340 4266 Ecce
1372 4211 1471 4282 qui
1520 4206 1810 4266 noverat.2
1842 4212 1930 4266 in-

262 4300 533 4371 telligere
563 4300 748 4356 Deum
782 4300 908 4357 sine
940 4301 1218 4356 miseria3
1253 4301 1649 4366 miserantem,
1683 4302 1812 4356 sine
1843 4301 1930 4357 ira

263 4391 639 4455 irascentem,
657 4389 782 4445 sine
802 4390 924 4445 zelo
945 4389 1385 4458 zelantem,sine
1409 4389 1699 4445 oblivione
1722 4390 1925 4445 oblivi-

264 4479 685 4545 scentem,sine
706 4479 1038 4551 ignorantia
1060 4478 1569 4543 nescientem,sine
1588 4479 1930 4550 paenitentia

266 4566 651 4640 pcenitentem
669 4584 683 4623 :
701 4585 816 4623 non
836 4569 944 4625 iste
961 4569 1399 4642 quisecundum
1424 4569 1664 4623 verbum
1692 4569 1789 4623 Dei
1814 4585 1929 4623 non

264 4657 652 4728 loquendo,et
674 4658 919 4713 Litteras
942 4662 1067 4731 ejus
1089 4675 1205 4713 non
1228 4658 1671 4726 considerando,
1687 4663 1744 4712 et
1766 4674 1930 4713 voces

270 4762 480 4802 earum
514 4763 628 4801 non
677 4748 1046 4813 advertendo,
1080 4748 1266 4803 factus
1297 4751 1385 4804 est
1435 4750 1635 4803 mutus
1666 4746 1929 4815 latrator,

275 4852 472 4892 cacus
500 4835 702 4906 lector,
736 4838 953 4893 surdus
983 4837 1234 4892 auditor.

348 4925 440 4979 43.
478 4925 802 4991 Obliviosus,
843 4926 1057 4999 inquit,
1091 4931 1234 4982 Deus
1264 4930 1318 4981 et
1365 4932 1614 4982 emortua
1662 4927 1932 4982 memoria

274 5031 472 5071 arcum
496 5017 679 5087 posuit
700 5016 759 5070 in
776 5017 1031 5085 nubibus,
1052 5018 1152 5088 qui
1170 5017 1269 5071 iris
1285 5018 1517 5084 dicitur,
1540 5015 1681 5071 unde
1699 5032 1931 5073 commo-

272 5114 477 5161 neatur
512 5120 623 5161 non
669 5105 909 5177 amplius
959 5104 1260 5160 humanum
1303 5122 1474 5177 genus
1502 5105 1682 5162 delere
1726 5106 1933 5162 diluvio

271 5194 434 5268 (Gen.
460 5210 538 5263 ιχ,
567 5194 768 5267 12-17),
792 5194 927 5265 quid
946 5204 1071 5265 agat
1100 5196 1319 5250 omnino
1339 5198 1603 5263 nesciens,
1628 5197 1719 5252 cui
1737 5197 1934 5251 merito

272 5299 415 5356 opus
453 5286 527 5337 sit
551 5283 769 5338 assiduo
793 5286 1079 5339 monitore.
1104 5286 1214 5339 lste
1234 5300 1364 5339 vero
1378 5301 1493 5340 non
1516 5286 1818 5354 memoria,
1833 5285 1933 5341 sed

273 5373 481 5430 anima
512 5376 748 5429 mortua
778 5374 915 5444 quid
951 5373 1224 5445 loquatur
1267 5373 1555 5443 nesciens,
1591 5373 1641 5429 si
1673 5374 1731 5431 in
1763 5375 1937 5432 rebus

343 5518 364 5553 ί
401 5516 543 5580 Mem,
576 5516 633 5566 in
661 5530 897 5580 regnum.

344 5580 369 5643 ξ
401 5579 458 5643 In
488 5581 632 5643 Msa,
660 5580 927 5643 noverant.

343 5642 370 5679 ³
399 5641 478 5694 ιιι
502 5641 627 5695 Mss.
658 5642 797 5697 Editi
826 5656 973 5703 vero,
1002 5642 1109 5693 sine
1135 5641 1501 5693 misericordia.

1691 238 1923 299 LIBER
1970 238 2285 302 PRIMUS.

3568 246 3687 307 630

2041 374 2429 442 apertioribus
2452 375 2863 441 calumniatur,
2884 379 3098 446 quanto
3131 376 3316 449 magis
3350 376 3561 449 caligat
3583 382 3599 415 ¹
3624 378 3684 434 in

2037 464 2312 533 nubibus,
2340 471 2394 518 et
2424 466 2671 520 delirare
2692 465 3109 536 compellitur?
3133 466 3234 520 Cui
3266 470 3461 522 tamen
3485 473 3549 522 ut
3570 469 3682 524 cito

2035 554 2441 623 respondeam,
2474 553 2553 608 ita
2600 556 2728 609 dico
2760 555 2943 609 Deum
2977 555 3275 610 admoneri
3317 573 3379 611 se
3409 557 3680 626 voluisse,

2036 642 2306 713 quamvis
2331 659 2444 697 non
2467 642 2542 697 sit
2564 643 2800 709 oblitus,
2828 644 2979 697 sicut
3001 643 3264 699 Christus
3286 646 3476 700 doceri
3500 663 3562 700 se
3583 664 3680 702 vo-

2036 730 2145 785 luit
2176 732 2272 785 ubi
2310 733 2552 786 Lazarus
2585 732 2810 802 positus
2855 732 3051 799 fuerit,
3086 734 3352 804 quamvis
3383 751 3495 789 non
3528 738 3683 791 esset

2033 818 2445 891 ignarus.Nolo
2467 820 2621 874 enim
2648 820 3011 891 dicere,quos
3030 838 3199 877 arcus
3223 822 3318 878 ille
3341 822 3678 895 signiﬁcet',

2034 908 2414 979 resplendens
2432 926 2461 964 e
2479 909 2736 964 nubibus
2755 908 2999 981 fulgore,
3018 915 3072 965 et
3091 912 3269 966 radiis
3296 911 3539 967 luminis
3565 930 3679 984 quo

2035 998 2266 1052 roscida
2297 997 2628 1070 illustratur
2657 998 3001 1065 obscuritas,
3034 1005 3198 1069 grata
3230 1002 3483 1071 quodam
3508 1003 3680 1058 modo

2034 1087 2397 1143 confessione
2420 1088 2811 1159 respondens;
2837 1091 2893 1142 et
2922 1090 3214 1159 quomodo
3239 1094 3387 1145 Deus
3410 1107 3523 1145 non
3549 1106 3680 1163 per-

2033 1176 2133 1230 dat
2149 1177 2347 1231 orbem
2366 1175 2585 1231 diluvio
2613 1176 2925 1248 spirituali,
2949 1178 3086 1231 dum
3106 1183 3197 1232 est
3216 1195 3415 1233 eorum
3436 1196 3679 1253 memor,

2034 1281 2286 1337 quorum
2318 1265 2661 1319 illuminataa
2691 1267 2875 1321 nubes
2908 1268 3156 1337 figuram
3190 1273 3397 1338 gerunt
3430 1286 3442 1323 :
3470 1269 3680 1325 horum

2033 1354 2190 1408 enim
2212 1354 2452 1409 nomina
2472 1354 2689 1426 scripta
2712 1360 2851 1411 sunt
2870 1355 2929 1410 in
2954 1356 3133 1423 caelis,
3152 1361 3215 1411 ut
3236 1374 3460 1413 memor
3482 1358 3559 1413 sit
3581 1375 3681 1414 eo-

2033 1460 2163 1497 rum
2207 1448 2375 1498 Pater
2406 1444 2506 1515 qui
2537 1449 2627 1500 est
2662 1444 2720 1499 in
2770 1444 2928 1500 coclis
2957 1463 2969 1511 ;
3006 1445 3283 1516 quoniam
3316 1464 3430 1501 non
3462 1447 3532 1503 de
3576 1464 3681 1504 suo

2034 1531 2225 1588 lucere
2246 1550 2307 1588 se
2329 1533 2539 1596 sciunt,
2566 1534 2664 1588 sed
2690 1535 2758 1588 de
2781 1534 2901 1589 sole
2918 1535 3342 1603 justitiae,sicut
3363 1535 3471 1590 illa;
3495 1536 3680 1592 nubes

2033 1622 2103 1676 de
2135 1622 2255 1676 sole
2287 1622 2522 1676 visibili.
2555 1622 2665 1678 Sed
2690 1640 2756 1677 ex
2780 1622 2876 1678 illo
2902 1626 3053 1695 quod
3087 1626 3558 1691 commemoravi,
3584 1642 3678 1680 ur-

2032 1713 2176 1781 gend
2189 1728 2253 1765 us
2275 1712 2681 1782 esl,quomodo
2705 1712 2951 1784 accipiat
2974 1713 3287 1768 Dominum
3302 1714 3592 1771 dicentem
3610 1715 3681 1771 de

2033 1801 2266 1867 Lazaro,
2294 1802 2394 1857 Ubi
2425 1804 2685 1871 posuistis
2709 1818 2831 1857 eum
2863 1804 3038 1873 (Joan.
3071 1820 3149 1875 x1,
3172 1805 3259 1875 34)
3285 1821 3297 1870 ;
3334 1810 3390 1859 et
3409 1804 3573 1860 locus
3605 1804 3679 1875 ei,

2032 1894 2309 1960 tanquam
2334 1890 2582 1961 ignoret,
2607 1891 2954 1946 ostenditur.
2980 1892 3101 1946 Nisi
3120 1894 3276 1947 enim
3304 1893 3523 1964 aliquid
3546 1911 3681 1949 eum

2032 1978 2287 2050 ista,qua
2309 1979 2573 2034 nesciens
2587 1980 3298 2052 videbatur,inquisitione
3319 1982 3685 2055 significasse

2035 2068 2640 2140 fateamur,quomodo
2654 2068 3040 2139 pradicamus
3054 2069 3345 2125 Christum
3361 2088 3476 2126 non
3490 2072 3683 2128 solum

2034 2158 2217 2212 scisse
2239 2156 2773 2228 praesentia,verum
2798 2158 2970 2213 etiam
2996 2160 3191 2213 futura
3215 2160 3553 2230 praescisse?
3568 2166 3684 2217 Ma-

2034 2243 2189 2299 xime
2203 2244 2341 2316 quia
2355 2244 2464 2299 iste
2480 2244 2538 2298 in
2553 2261 2676 2299 eam
2692 2262 2753 2300 se
2766 2246 3146 2317 preecipitavit
3164 2247 3415 2303 mirabili
3428 2248 3685 2304 caecitate

2034 2334 2411 2400 sententiam,
2430 2339 2495 2389 ut
2524 2334 2759 2402 diceret,
2779 2336 2946 2391 Nemo
2967 2338 3079 2390 nisi
3098 2354 3326 2408 ignarus
3347 2339 3687 2409 interrogat!

2035 2423 2142 2478 Ubi
2175 2424 2427 2496 cogitare
2451 2440 2565 2478 non
2592 2425 2801 2495 potuit,
2829 2425 3055 2496 quoties
3078 2426 3341 2481 Christus
3363 2427 3682 2499 interroga-

2032 2513 2414 2568 verit.Annon
2439 2511 2910 2585 interrogatquid
2934 2513 3109 2569 dicit:
3140 2514 3279 2583 Quid
3300 2516 3447 2571 vobis
3466 2516 3684 2572 videtur

2032 2602 2100 2655 de
2123 2600 2333 2655 Christo
2354 2602 2553 2673 ?cujus
2575 2610 2653 2657 est
2673 2602 2823 2671 ﬁlius
2852 2603 3056 2674 (Matth.
3080 2621 3217 2671 xxu,
3242 2604 3369 2675 42)?
3392 2605 3539 2670 Quid
3574 2606 3683 2662 hoc

2032 2691 2369 2745 testimonio
2392 2692 2763 2746 manifestius
2785 2691 2812 2745 ?
2842 2692 3002 2756 Quod
3022 2692 3071 2747 si
3096 2692 3346 2748 nimium
3367 2695 3550 2750 durus
3572 2698 3680 2762 est,

2035 2779 2321 2851 numquid
2354 2779 2528 2833 etiam
2564 2780 2641 2833 ibi
2676 2780 2911 2851 negabit
2939 2780 3333 2852 interrogasse
3360 2783 3680 2850 Christum,

2034 2866 2133 2922 ubi
2164 2885 2225 2922 se
2256 2868 2379 2939 ipse
2401 2867 2757 2940 interrogare
2774 2873 3040 2935 testatur,
3062 2869 3296 2938 dicens;
3332 2874 3683 2942 Interrognbo

2031 2973 2123 3012 vos
2152 2966 2202 3012 et
2227 2973 2322 3025 ego
2344 2974 2519 3012 unum
2541 2974 2841 3013 sermonem
2859 2975 2881 3020 ,ο
2913 2975 3072 3029 quem
3092 2961 3142 3014 si
3161 2960 3418 3016 dixeritis
3446 2963 3608 3029 mihi,
3634 2972 3686 3020 et

2031 3064 2125 3118 ego
2154 3047 2305 3102 vobis
2336 3047 2512 3101 dicam
2540 3048 2597 3101 in
2630 3064 2737 3118 qua
2766 3052 3025 3118 potestate
3054 3049 3172 3105 haec
3199 3052 3383 3120 facio:
3409 3053 3686 3122 Baptisma

2028 3140 2262 3194 Joannis
2293 3137 2435 3192 unde
2460 3140 2582 3191 erat
2600 3141 2625 3190 .9
2653 3154 2682 3193 e
2710 3138 2861 3208 caelo,
2884 3156 2961 3193 an
2992 3155 3061 3194 ea:
3089 3139 3404 3198 hominibus
3435 3142 3533 3213 (Id.
3567 3160 3683 3212 xxx,

2029 3227 2120 3295 24,
2151 3225 2292 3297 25)?
2324 3226 2430 3281 Ubi
2455 3243 2609 3281 nunc
2635 3243 2696 3282 se
2730 3231 3049 3283 abscondet
3070 3229 3525 3301 loquacissimus
3547 3248 3684 3288 con-

2029 3320 2122 3371 tra
2149 3316 2357 3380 Deum,
2385 3320 2444 3370 et
2491 3316 3008 3387 desperatissimus
3054 3319 3430 3390 disputator?
3460 3320 3566 3376 Ubi
3596 3325 3685 3377 est

2029 3406 2185 3476 quod
2211 3406 2483 3472 ait,Nemo
2506 3407 2622 3460 nisi
2642 3407 2867 3476 ignarus
2888 3407 3231 3476 interrogat?
3251 3409 3393 3463 Ecce
3414 3409 3682 3465 Christus

2029 3494 2269 3566 ignarus
2311 3512 2423 3549 non
2456 3499 2562 3561 est,
2596 3500 2653 3550 et
2699 3500 2893 3551 tamen
2928 3497 3267 3569 interrogat.
3321 3498 3420 3553 His
3473 3517 3681 3571 nempe

2026 3582 2213 3638 oculis
2244 3583 2616 3654 reprehendit
2636 3583 3059 3655 Prophetarum
3091 3586 3294 3654 Deum,
3328 3587 3541 3658 quibus
3563 3604 3679 3645 non

2027 3673 2183 3728 videt
2197 3672 2631 3727 Christum.Sed
2647 3672 2703 3726 in
2724 3673 2941 3728 talibus
2954 3674 3509 3747 interrogationibus
3523 3694 3684 3750 aper-

2028 3762 2255 3817 tissime
2273 3762 2477 3817 doctor
2497 3767 2583 3816 est
2603 3761 2961 3818 Christus.In
2988 3763 3080 3818 his
3104 3770 3299 3821 autem
3322 3767 3555 3837 quando
3579 3768 3680 3838 ait,

2035 3853 2136 3910 Ubi
2161 3853 2420 3922 posuistis
2440 3851 2604 3906 eum?
2636 3855 2713 3918 et,
2754 3853 2891 3922 Quis
2920 3870 3004 3909 me
3032 3855 3207 3925 tetigit
3228 3856 3377 3926 (Luc.
3402 3873 3523 3924 vm,
3548 3857 3638 3929 45)
3658 3856 3687 3911 ‘I

2030 3947 2087 3998 et
2119 3942 2167 3997 si
2202 3940 2342 4013 quid
2397 3940 2614 3995 dixisse
2665 3941 3005 4011 hujusmodi
3036 3942 3268 4016 legitur,
3316 3944 3547 4001 videtur
3572 3946 3686 4015 zdo-

2031 4032 2144 4087 ceri
2180 4029 2324 4086 velle
2358 4031 2510 4103 quod
2543 4031 2751 4097 nescit,
2773 4036 2829 4086 et
2861 4036 3061 4087 tamen
3094 4033 3225 4089 scit.
3261 4034 3355 4089 Sic
3385 4051 3521 4107 ergo
3552 4035 3687 4092 etin

2031 4121 2148 4176 illis
2184 4119 2367 4176 Libris
2403 4121 2552 4176 Deus
2597 4124 2880 4192 tanquam
2932 4120 3147 4178 oblitus
3181 4123 3550 4194 admonetur,
3584 4125 3685 4181 sed

2030 4214 2227 4267 tamen
2260 4209 2416 4265 absit
2446 4213 2511 4264 ut
2542 4210 2825 4281 quidnam
2860 4227 3121 4282 unquam
3155 4211 3547 4269 obliviscatur.

2103 4300 2190 4355 44.
2226 4298 2371 4363 Quid
2406 4298 2571 4352 illum
2603 4298 2799 4369 ipsum
2832 4299 2985 4370 quod
3020 4299 3165 4354 dixit
3201 4302 3479 4357 Dominus
3510 4301 3685 4358 disci-

2032 4388 2186 4462 pulis
2209 4389 2354 4458 suis,
2374 4387 2631 4454 Gaudete,
2661 4390 2789 4459 quia
2815 4390 3045 4444 nomina
3063 4397 3243 4445 vestra
3257 4392 3459 4461 scripta
3478 4395 3605 4446 sunt
3627 4394 3688 4449 in

2031 4480 2181 4535 caelis
2214 4476 2312 4549 (td.
2336 4478 2522 4545 x,20),
2556 4493 2748 4531 nonne
2778 4477 3009 4532 videtur
3035 4482 3314 4549 tanquam
3341 4496 3408 4535 ex
3429 4479 3526 4536 illo
3549 4498 3687 4538 arcu

2033 4568 2129 4639 qui
2149 4566 2396 4638 refulget
2408 4582 2476 4620 ex
2490 4565 2931 4631 nubibus,velut
2944 4566 3299 4638 quibusdam
3315 4568 3374 4624 in
3388 4569 3689 4629 coeloDeus

2032 4655 2243 4712 litteris
2276 4653 2624 4710 admoneri?
2655 4655 2777 4711 Nisi
2810 4655 2931 4710 hzec
2962 4656 3055 4727 pie
3086 4656 3469 4729 accipiantur,
3503 4659 3687 4718 donec

2033 4745 2178 4801 ﬁdes
2196 4744 2469 4816 impetret
2489 4747 2554 4799 ut
2576 4743 3000 4816 intelligantur,
3021 4762 3215 4802 nonne
3235 4751 3301 4802 ut
3322 4747 3589 4805 fabulosa
3610 4749 3688 4805 ri-

2034 4836 2247 4891 dentur
2265 4834 2292 4889 ?
2321 4832 2543 4900 Quibus
2567 4833 2915 4903 ridentibus,
2942 4834 3056 4890 nisi
3080 4834 3519 4908 insipientibus,
3543 4842 3600 4893 et
3620 4854 3686 4894 eo

2035 4925 2162 4997 ipso
2187 4940 2300 4995 quo
2315 4922 2608 4994 sapientes
2631 4922 2741 4977 sibi
2764 4923 3253 4997 videntur,magis
3272 4927 3577 4997 magisque
3594 4927 3690 4981 de-

2037 5012 2509 5077 mentibuSPQuis
2532 5012 2685 5067 enim
2710 5012 3229 5085 cogitatquomodo
3247 5014 3316 5069 ad
3344 5014 3685 5070 memoriam

2037 5103 2138 5161 Dei
2157 5103 2491 5160 scribantur
2510 5103 2568 5157 in
2588 5100 2746 5157 ccelis
2764 5107 3076 5174 sequentes
3093 5101 3687 5169 Dominum,derelin-

2036 5199 2286 5266 quentes
2298 5196 2489 5247 autem
2504 5192 2820 5247 Dominum
2845 5191 3179 5247 scribantur
3199 5190 3255 5244 in
3279 5195 3453 5261 terra,
3468 5191 3539 5246 de
3556 5191 3687 5263 qui-

2037 5285 2150 5340 bus
2175 5282 2457 5355 propheta
2470 5282 2659 5338 Jerem
2670 5281 2753 5336 ias
2767 5280 2923 5335 dicit:
2936 5279 3183 5337 Universi
3194 5280 3290 5352 qui
3303 5280 3693 5354 derelinquunt

2037 5378 2109 5447 te,
2138 5372 2548 5444 confundantur
2565 5388 2586 5435 ;
2628 5372 2937 5427 recedentes
2958 5371 3188 5441 3,super
3217 5372 3424 5424 terram
3451 5372 3692 5428 scriban-

2107 5520 2121 5554 ¹
2155 5517 2299 5574 Mss.,
2331 5514 2660 5575 caliginatur.
2686 5513 2825 5570 Am.,
2849 5510 3124 5575 caligatur.

2102 5582 2124 5615 ³
2154 5580 2237 5629 Sic
2262 5573 2383 5628 Mss.
2416 5573 2551 5627 Editi
2577 5580 2773 5631 autem,
2805 5575 2933 5639 quid
2952 5573 3107 5623 arcus
3136 5573 3221 5639 ille
3248 5573 3521 5639 significet:

2103 5646 2125 5680 ⁸
2150 5642 2286 5693 Editi
2315 5640 2537 5698 addunt,
2569 5654 2599 5687 a
2634 5642 2720 5701 te;
2747 5636 2892 5701 quod
2923 5652 2955 5688 a
2982 5639 3108 5689 Mss.
3141 5636 3373 5689 abest'et
3401 5651 3432 5687 a
3461 5636 3605 5689 LXX.
