4056 6178
446 265 561 328 631

449 410 544 460 tur
574 400 784 471 (Jsrem.
812 411 949 458 xvu,
987 391 1120 463 13)?
1148 394 1300 457 Quos
1328 390 1471 444 bene
1500 386 1844 457 intelligitur
1874 382 2097 455 signifi-

458 504 623 546 casse
650 486 841 554 Jesus,
864 483 1094 554 quando
1124 479 1309 536 Judaei
1336 478 1469 533 victi
1494 485 1667 547 atque
1699 475 1948 542 confusi,
1967 488 2102 528 cum

461 578 784 640 audissent,
817 575 923 641 Qui
969 574 1091 627 sine
1131 578 1346 637 peccato
1375 573 1475 634 est,
1508 568 1661 639 prior
1688 568 1749 621 in
1774 566 1929 619 illam
1964 563 2105 632 lapi-

468 668 589 723 dem
611 666 805 737 jaciat,
828 679 981 717 unus
998 665 1130 732 post
1156 662 1404 715 alterum
1424 660 1806 713 recesserunt.
1824 655 1987 707 Tunc
2011 668 2109 706 au-

464 762 582 811 tem
642 754 738 809 ille
785 752 1100 807 ostendens
1132 751 1201 804 de
1247 766 1360 819 quo
1391 763 1633 801 numero
1682 749 1895 809 essent,
1930 741 2109 812 digito

466 839 759 902 scribebat
786 842 844 896 in
879 847 1030 895 terra
1064 842 1239 911 (Joan,
1273 854 1394 905 vm,
1428 838 1561 907 7-9),
2213 828 2312 887 est,
2345 822 2497 877 dabit
2525 822 2667 877 bona
2692 822 3073 911 petentibusse
3100 822 3248 911 (Luc.
3281 838 3358 888 ιι,
3381 822 3464 893 13)
3491 824 3511 875 ?
3540 822 3694 875 Dicat
3714 840 3831 893 que-

540 932 767 989 CAPUT
788 931 927 985 XXI.
951 961 1019 969 —
1044 910 1131 983 475.
1156 929 1217 984 Si
1235 937 1505 999 putamus,
1531 926 1741 996 inquit,
1764 924 1961 977 merito
1982 936 2111 975 con-
2219 914 2348 967 mad
2361 912 2596 966 modum
2618 911 2693 965 sit
2722 911 2913 965 bonus
2931 910 3085 965 Deus
3107 910 3391 964 malorum
3414 916 3603 981 pater:
3628 914 3833 965 utrum-

467 1023 788 1080 versationis
808 1034 922 1076 sure
943 1020 1189 1073 homines
1209 1017 1409 1071 diluvii
1427 1017 1695 1087 excepisse
1714 1012 2118 1076 sententiam,et
2219 1020 2331 1074 que
2362 1002 2516 1057 enim
2549 1000 2778 1055 Veritas
2829 1000 2991 1053 dixit.
3048 1002 3251 1053 Annon
3284 1004 3449 1053 erant
3480 999 3613 1053 mali
3646 1001 3838 1071 quibus

474 1115 591 1170 Noe
603 1112 818 1183 justum
830 1108 899 1163 ad
920 1107 1320 1179 reparationem
1333 1113 1595 1160 creatum
1614 1105 1859 1158 melioris
1872 1117 1985 1157 esse
2004 1117 2115 1155 ser—
2220 1092 2387 1160 ait,Si
2407 1106 2530 1162 ergo
2552 1107 2639 1145 vos
2660 1106 2786 1146 cum
2804 1090 2927 1183 sitis
2952 1090 3122 1183 mali?
3142 1091 3347 1143 Annon
3371 1087 3659 1183 habebant
3681 1091 3839 1145 Deum

475 1177 703 1267 uatum,-
734 1215 832 1253 cur
859 1177 1058 1252 exinde
1069 1197 1280 1268 pejores
1296 1196 1567 1260 oriuntur,
1591 1199 1639 1248 et
1662 1196 1718 1248 in
1742 1192 1949 1248 eosdem
1972 1196 2121 1246 actus
2223 1182 2440 1235 bonum
2471 1184 2692 1250 Patrem
2722 1178 2936 1249 quibus
2959 1177 3057 1247 ait,
3083 1178 3294 1268 Quanto
3316 1179 3493 1268 ’παρῆ
3522 1178 3679 1232 Pater
3696 1188 3844 1235 υεδίεν

476 1293 607 1347 vitae
625 1288 913 1351 sordentis,
929 1286 1161 1341 humani
1176 1287 1387 1354 generis
1406 1287 1571 1339 etiam
1592 1301 1739 1339 nunc
1756 1285 1881 1337 nati
1886 1285 2023 1337 vitas
2042 1296 2124 1335 re-

2263 1272 2321 1324 ui
2338 1271 2396 1324 in
2415 1270 2570 1325 saetis
2589 1272 2685 1335 est,
2708 1268 2856 1322 dabit
2879 1269 3017 1321 bona
3022 1267 3327 1337 petentibus
3346 1282 3401 1321 se
3415 1268 3441 1318 .9
3466 1266 3633 1321 Porro
3656 1268 3701 1321 si
3724 1270 3845 1324 mali

477 1381 713 1437 volvitur
734 1378 760 1432 ‘2
794 1378 877 1431 Ita
899 1377 1004 1431 hoc
1029 1376 1186 1439 dicit,
1219 1381 1499 1445 tanquam
1524 1374 1729 1429 vixerit
1759 1390 1891 1428 cum
1912 1373 1996 1429 eis
2023 1370 2123 1442 qui
2227 1360 2499 1433 appellati
2531 1366 2668 1415 sunt
2697 1366 2934 1431 propter
2963 1362 3218 1429 peccata,
3245 1357 3374 1411 sine
3404 1356 3618 1428 quibus
3648 1375 3754 1413 non
3772 1364 3849 1414 est

481 1468 697 1525 diluvio
723 1465 1262 1538 perierunt,etinde
1294 1464 1515 1520 noverit
1541 1465 1694 1535 quod
1720 1478 1873 1517 nunc
1901 1462 2126 1533 pejores
2230 1453 2289 1507 in
2337 1452 2447 1506 hac
2479 1451 2819 1505 inﬁrmitate
2869 1448 3207 1505 mOI‘talium
3256 1447 3651 1519 quorumlibet
3694 1450 3848 1505 etiam

484 1560 775 1615 oriuntur.
808 1556 918 1611 Sed
953 1555 1070 1609 sive
1101 1556 1159 1608 in
1194 1555 1408 1625 pejore,
1442 1554 1561 1609 sive
1585 1553 1643 1608 in
1676 1553 1903 1617 eodem,
1928 1551 2044 1606 sive
2068 1550 2127 1604 in
2229 1544 2348 1598 Vita
2371 1546 2673 1614 justorum
2704 1561 2716 1609 ;
2752 1546 2972 1612 quanto
3023 1540 3460 1595 convenientius
3517 1558 3709 1597 semen
3739 1559 3851 1613 pes-

485 1645 725 1703 meliore
756 1649 885 1700 actu
920 1648 1053 1716 post
1090 1642 1375 1699 diluvium
1407 1659 1592 1716 genus
1623 1647 1885 1698 versetur
1916 1642 2128 1696 huma-
2233 1636 2450 1690 simum
2484 1635 2791 1700 diceretur,
2825 1633 2980 1705 quod
3030 1638 3369 1688 nasceretur
3398 1633 3581 1705 impia
3608 1633 3854 1688 voluntao

490 1754 657 1799 num,
691 1738 829 1807 puto
862 1734 977 1789 Deo
1026 1734 1443 1788 dimittendum
1476 1749 1603 1788 esse
1642 1730 1932 1803 judicium
1958 1733 1997 1796 ί,
2032 1728 2133 1800 qui
2234 1729 2309 1798 te,
2345 1731 2399 1782 et
2430 1726 2692 1780 moribus
2723 1725 3095 1780 exsecrabilis
3130 1724 3492 1797 pullularet?

488 1825 651 1883 novit
680 1823 998 1878 retribuere
1032 1823 1347 1893 unicuique
1378 1823 1700 1877 secundum
1735 1821 1944 1875 merita
1964 1821 2092 1889 ejus
2119 1835 2130 1873 :
2308 1819 2395 1873 47.
2429 1817 2533 1873 Sed
2562 1819 2727 1883 hunc,
2758 1818 2969 1887 inquit,
3001 1818 3170 1872 Deum
3202 1818 3468 1872 Dominus
3500 1817 3735 1872 Christus
3762 1833 3857 1886 ap-

494 1932 610 1970 non
642 1914 777 1968 huic
807 1912 935 1967 cani
969 1912 1168 1966 rabido
1200 1912 1477 1966 adversus
1511 1911 1821 1966 Dominum
1854 1926 2027 1964 suum
2053 1909 2134 1962 la-
2232 1911 2460 1982 pellavit
2489 1909 2738 1964 arborem
2770 1909 2974 1962 malam
2992 1909 3287 1978 facientem
3305 1911 3524 1979 fructus
3553 1909 3734 1962 malos.
3756 1911 3861 1961 Imo

492 2002 793 2068 tranti,vel
812 2001 975 2057 asino
999 2000 1178 2055 stulto
1201 2001 1480 2055 adversus
1501 2000 1807 2055 stimulum
1830 1998 2134 2054 calcitran-
2236 2018 2370 2056 vero
2402 2001 2580 2070 hujus
2610 1999 2751 2053 talia
2782 1998 3087 2054 sentientis
3118 2003 3404 2069 tanquam
3440 1999 3600 2053 malas
3641 1997 3860 2063 arboris,

490 2093 556 2148 ti.
592 2090 899 2163 Apostolus
942 2089 1178 2154 clamat,
1210 2090 1249 2145 0
1280 2090 1519 2144 altitudo
1564 2089 1888 2145 divitiarum
1916 2090 2135 2159 sapien-
2239 2093 2349 2147 iste
2370 2092 2495 2163 ipse
2523 2107 2710 2145 sermo
2728 2089 3129 2160 blasphemus,
3154 2091 3383 2144 fructus
3405 2095 3493 2145 est
3511 2088 3713 2145 malus.
3736 2089 3863 2143 Nam

490 2184 587 2239 tiae
615 2190 669 2237 et
696 2183 945 2237 scientiae
984 2181 1118 2234 Dei!
1148 2196 1311 2250 quam
1342 2180 1729 2234 inscrutabilia
1774 2184 1903 2233 sunt
1933 2178 2139 2245 iudicia
2242 2183 2515 2237 hominen
2540 2179 2762 2235 malum
2782 2178 2995 2233 dixisse
3019 2178 3336 2233 Dominum
3364 2181 3627 2233 arborem
3650 2179 3864 2243 malam,

488 2273 627 2343 ejus,
659 2276 714 2325 et
760 2270 1168 2336 investigabiles
1195 2271 1305 2324 viae
1334 2270 1453 2338 ejus
1481 2272 1500 2323 !
1545 2269 1675 2336 Quis
1704 2270 1851 2322 enim
1873 2270 2137 2338 cognovit,
2242 2272 2411 2342 cujus
2447 2271 2673 2324 fructus
2698 2268 2835 2323 mali
2868 2273 3066 2323 essent
3097 2284 3273 2338 opera
3292 2267 3448 2322 mala
3475 2286 3487 2335 ;
3520 2278 3572 2323 et
3596 2268 3866 2323 hominem

487 2378 709 2418 sensum
736 2360 1221 2430 Domini,autquis
1237 2360 1567 2412 consiliarus
1585 2360 1702 2424 eius
1732 2360 1840 2427 fuit
1861 2359 2035 2429 (Rom.
2061 2376 2140 2423 x1,
2244 2362 2462 2416 bonum
2495 2359 2757 2414 arborem
2793 2357 3026 2425 bonam,
3060 2358 3229 2426 cujus
3275 2357 3504 2412 fructus
3536 2358 3666 2412 boni
3697 2358 3872 2411 essent

491 2450 583 2519 33,
614 2449 709 2520 34)
730 2448 756 2502 ?
777 2452 831 2502 et
862 2445 1075 2502 isteilli
1108 2446 1417 2502 cuinullus
1435 2452 1521 2502 est
1553 2447 1944 2511 consiliarius,
1971 2447 2145 2502 audet
2244 2467 2419 2522 opera
2450 2449 2604 2503 bona
2653 2446 2859 2518 (Matth.
2882 2464 2980 2511 vn,
3018 2447 3242 2517 15-20);
3277 2446 3335 2500 id
3371 2452 3478 2513 est,
3516 2447 3670 2519 ipsas
3701 2444 3869 2499 homi-

494 2554 626 2594 esse
675 2534 1063 2592 adversarius.
1099 2536 1245 2599 Quid
1297 2541 1489 2591 autem
1539 2536 1800 2601 interest,
1847 2537 2145 2593 morituris
2246 2534 3089 2603 numvoluntates,ve1malam
3114 2534 3553 2601 malibominis,
3577 2535 3661 2589 vel
3682 2535 3871 2589 bonam

496 2626 747 2689 cunctis,
762 2630 1048 2697 quantum
1068 2625 1134 2679 ad
1154 2629 1398 2680 mortem
1423 2626 1633 2680 attinet
1648 2627 1928 2698 corporis,
1948 2633 2143 2681 utrum
2249 2629 2384 2684 boni
2417 2627 2673 2681 hominis
2690 2625 2949 2679 diversas
2966 2640 3094 2679 esse
3125 2625 3366 2679 arbores
3392 2625 3649 2679 diversos
3673 2624 3874 2677 fructus

502 2715 959 2789 singillatim,an
991 2712 1165 2768 simul
1195 2731 1401 2770 omnes
1418 2715 1749 2786 pariterque
1781 2717 2144 2784 moriantur;
2246 2720 2520 2780 ferentes,
2555 2716 2699 2769 satis
2730 2714 3029 2769 evidenter
3052 2714 3177 2784 ipse
3208 2718 3485 2779 testatur,
3515 2713 3706 2767 dicens
3739 2728 3751 2766 ε
3784 2713 3877 2765 Bo—

2250 2823 2355 2861 nus
2387 2807 2542 2861 homo
2571 2804 2635 2859 de
2666 2804 2801 2858 bono
2832 2802 3085 2857 thesauro
3110 2802 3287 2857 cordis
3315 2805 3408 2857 sui
3434 2805 3645 2873 profert
3675 2803 3818 2865 bona,
3838 2805 3879 2853 et

2254 2896 2433 2950 malus
2464 2894 2619 2948 homo
2648 2892 2711 2947 de
2740 2894 2887 2946 malo
2909 2892 3164 2947 thesauro
3194 2892 3375 2946 cordis
3394 2894 3485 2946 sui
3511 2892 3710 2961 pro/ert
3729 2889 3875 2943 mala.

2255 2983 2550 3051 Quomodo
2584 2987 2775 3035 autem
2810 2980 3047 3046 diceret,
3098 2983 3205 3035 Aut
3230 2984 3403 3051 facite
3434 2983 3681 3035 arborem
3710 2979 3880 3033 bonam

2256 3079 2305 3131 et
2334 3077 2578 3145 fructum
2612 3074 2731 3144 ejus
2752 3074 3092 3139 bonum;aut
3122 3074 3288 3142 facite
3309 3073 3561 3126 arborem
3582 3070 3811 3129 malam;
3840 3070 3882 3120 et

2257 3169 2501 3236 fructum
2530 3164 2646 3231 eius
2676 3162 2883 3216 malum
2913 3160 3011 3233 (Id.
3034 3178 3135 3229 x11,
3168 3161 3257 3226 35,
3291 3161 3386 3230 32)
3414 3179 3426 3225 ;
3462 3160 3574 3214 nisi
3591 3159 3756 3213 homo
3776 3172 3883 3227 pos-

2262 3256 2349 3308 set
2378 3268 2532 3306 nunc
2568 3252 2623 3305 in
2673 3250 2803 3319 hoc,
2838 3266 2995 3304 nunc
3044 3249 3100 3304 in
3144 3249 3288 3304 illud
3350 3254 3577 3304 mutata
3621 3246 3888 3303 voluntate

2262 3342 2517 3397 converti
2542 3344 2564 3395 Ρ

2334 3430 2563 3485 CAPUT
2593 3428 2782 3483 XXIII.
2825 3458 2891 3467 ——
2923 3428 3009 3482 48.
3062 3427 3162 3482 Sed
3214 3431 3329 3498 ipse
3369 3429 3530 3493 Deus,
3580 3425 3780 3497 inquit,
3806 3437 3891 3494 per

2262 3519 2512 3574 eumdem
2557 3518 2874 3587 prophetam
2920 3518 3144 3585 fatetur,
3172 3524 3223 3571 et
3268 3516 3440 3584 dicit,
3474 3519 3579 3587 Ego
3616 3532 3733 3570 sum
3777 3515 3887 3566 Deus

2262 3609 2473 3679 faciens
2504 3607 2641 3661 bona
2670 3609 2721 3660 et
2749 3621 2949 3661 creans
2978 3606 3127 3659 mata
3158 3607 3313 3676 (Isai.
3350 3623 3481 3674 XLV,
3504 3606 3579 3677 7).
3609 3605 3693 3659 Ita
3713 3601 3889 3675 plane:

2264 3696 2389 3769 ipse
2421 3700 2508 3751 est
2545 3695 2701 3750 enim
2752 3694 2924 3762 Deus,
2960 3695 3030 3749 de
3058 3711 3172 3765 quo
3205 3694 3350 3748 dicit
3401 3693 3728 3766 Apostolus,
3765 3689 3892 3746 Vides

858 258 1169 320 CONTRA
1211 252 1776 317 ADVERSAHIUM
1828 249 2052 308 LEGIS
2100 246 2197 306 ET
2244 240 2868 316 PROPHETARUM,
2915 241 2981 301 S.
3016 241 3441 302 AUGUSTINI
3709 246 3811 304 631

2211 395 2339 433 rum
2374 375 2635 448 gentium
2660 380 2798 430 sunt
2826 374 3185 446 impietatem
3206 373 3597 445 malitiamque
3614 379 3816 449 sectati,

2206 484 2274 523 ex
2296 467 2513 537 quibus
2538 470 2733 520 tamen
2759 465 2953 519 carnis
2972 463 3254 535 originem
3274 481 3386 519 non
3410 465 3703 520 ducebant.
3721 468 3819 522 Sed

2209 556 2392 612 solvat
2424 556 2531 610 iste
2563 554 2943 626 quaestionem
2977 553 3389 625 evangelicam,
3424 554 3519 609 ubi
3569 555 3824 612 Dominus

2211 645 2351 700 dicit
2382 662 2393 698 :
2427 647 2492 699 Si
2520 661 2608 699 vos
2639 660 2766 699 cum
2794 645 2919 699 sitis
2950 643 3114 710 mali,
3146 645 3318 698 nostis
3339 645 3471 698 bona
3495 645 3623 698 data
3636 645 3757 699 dare
3769 648 3823 716 ﬁ-

2212 736 2307 790 liis
2335 735 2567 795 vestris;
2607 739 2810 804 quanto
2840 734 3019 800 magis
3069 736 3235 787 Pater
3276 736 3445 787 vester
3483 735 3573 804 qui
3598 736 3653 787 in
3696 738 3828 790 caelis

501 2806 615 2861 nisi
648 2804 801 2876 quod
821 2820 955 2858 cum
978 2801 1194 2874 singuli
1220 2802 1569 2869 moriuntur,
1590 2809 1646 2858 et
1676 2821 1880 2859 omnes
1902 2809 2148 2859 mortem

501 2898 558 2950 et
589 2910 792 2951 omnes
822 2893 893 2947 de
924 2892 1177 2947 mortuis
1214 2891 1517 2962 patiuntur
1546 2892 1804 2948 dolorem
1832 2911 1844 2961 ;
1879 2910 2010 2948 cum
2044 2911 2151 2947 au—

504 2988 623 3039 tem
644 2980 822 3038 simul
841 2981 1143 3035 universos
1169 2982 1321 3053 rapit
1340 2998 1492 3035 unus
1512 2981 1801 3045 interitus,
1821 2982 2031 3037 saltem
2055 2999 2152 3037 ne-

506 3071 653 3128 mini
683 3070 1037 3141 relinquitur
1058 3068 1297 3124 luctus?
1331 3069 1537 3125 Verum
1568 3070 1743 3125 etiam
1767 3069 1944 3125 altius
1967 3072 2024 3125 in
2058 3070 2154 3126 illo

498 3160 717 3216 diluvio
731 3158 1041 3213 consilium
1057 3158 1156 3213 Dei
1172 3158 1480 3229 fuit,quam
1499 3175 1597 3214 cor
1612 3159 1937 3215 infidelium
1950 3160 2035 3215 vel
2052 3177 2157 3217 no-

501 3249 586 3304 vit
614 3247 702 3302 vel
732 3246 1023 3319 capit.Sed
1059 3246 1190 3300 nolo
1224 3247 1679 3318 me,apostolum
1706 3249 1940 3304 Petrum
1964 3251 2157 3321 potius

506 3336 709 3393 audiat
739 3337 850 3392 iste
872 3336 1159 3392 dicentem
1186 3353 1198 3391 :
1226 3337 1282 3391 In
1305 3336 1498 3392 diebus
1518 3338 1626 3393 Noe
1645 3353 1768 3393 eum
1788 3339 2161 3410 fabricaretur

506 3443 654 3491 arca,
677 3430 789 3482 octo
815 3442 883 3480 an
893 3426 1031 3479 imas
1050 3428 1230 3481 salvas
1249 3429 1425 3497 factas
1444 3443 1543 3498 per
1561 3444 1764 3497 aquam
1784 3445 1802 3482 .'
1825 3429 1964 3499 quod
1984 3438 2033 3485 et
2051 3445 2159 3497 vos,

510 3515 724 3586 inquit,
747 3515 924 3569 simili
939 3516 1128 3583 forma
1147 3516 1429 3585 Baptisma
1457 3517 1633 3570 salvos
1651 3518 1808 3587 facit,
1841 3534 1951 3573 non
1978 3520 2163 3572 carnis

513 3604 778 3675 depositio
799 3604 1075 3665 sordium;
1113 3603 1207 3658 sed
1227 3605 1579 3661 conscientiae
1610 3606 1764 3662 bona?
1800 3608 2164 3674 interrogatio

515 3696 573 3750 in
598 3695 764 3748 Deum
781 3710 883 3763 per
900 3695 1357 3748 resurrectionem
1375 3695 1504 3749 Jesu
1531 3694 1790 3766 Christi(I
1811 3696 1955 3750 Petr.
1980 3696 2162 3761 111,20,

515 3784 628 3853 2|).
662 3782 803 3837 Ecce
835 3781 1009 3835 habet
1025 3782 1353 3853 expositum
1372 3782 1569 3838 diluvii
1587 3794 2032 3839 sacramentum.
2057 3784 2165 3838 Ubi

521 3878 827 3943 propterea
883 3876 971 3925 est
1029 3871 1317 3940 additum,
1374 3889 1475 3943 per
1527 3876 1978 3928 resurrectionem
2033 3878 2166 3929 Jesu

521 3960 744 4025 Christi,
780 3964 843 4013 ut
872 3958 1024 4014 diem
1048 3959 1522 4033 intellegeremus
1551 3966 1840 4027 octavum,
1865 3963 2017 4033 quod
2043 3963 2163 4033 sig-

520 4049 779 4104 nificavit
809 4048 866 4102 in
903 4066 1036 4103 arca
1069 4066 1349 4105 numerus
1391 4050 1697 4106 hominum
1732 4069 1745 4107 :
1780 4057 1977 4107 octavo
2008 4051 2164 4106 enim

520 4138 634 4207 die,
667 4137 775 4192 hoc
824 4143 931 4204 est,
966 4143 1099 4208 post
1146 4140 1462 4212 septimum
1506 4141 1730 4195 sabbati
1764 4140 2046 4195 Dominus
2078 4157 2163 4195 re-

518 4227 789 4283 surrexit.
824 4226 918 4282 Sic
944 4243 1080 4299 ergo
1112 4226 1212 4282 illa
1243 4245 1368 4299 quas
1413 4234 1579 4299 gesta
1609 4234 2163 4297 commemorantur,

517 4317 566 4374 si
598 4317 733 4387 quis
764 4316 1058 4388 intelligit,
1092 4317 1267 4371 etiam
1291 4317 1606 4389 prophetiae
1638 4319 1891 4373 fuerunt.
1915 4319 2024 4374 Sed
2057 4319 2169 4374 iste

520 4412 728 4477 praeter
759 4421 978 4472 arcam,
998 4406 1053 4460 id
1084 4412 1192 4475 est,
1212 4412 1419 4477 praeter
1444 4407 1761 4463 Eeclesiam
1793 4409 2165 4479 constitutus,

522 4498 868 4551 submersus
899 4500 987 4549 est
1014 4494 1249 4563 diluvio,
1286 4513 1400 4551 non
1432 4496 1688 4552 ablutus.

597 4577 825 4639 CAPUT
858 4582 1022 4638 XXII.
1047 4616 1112 4624 -—
1134 4585 1221 4640 46.
1258 4585 1335 4640 De
1364 4586 1701 4641 testimonio
1749 4604 1977 4659 quoque
2012 4588 2169 4642 Isaias

524 4674 816 4747 prOpheta:
847 4673 1246 4730 calumniatur
1275 4680 1449 4746 atque
1496 4675 1885 4746 blasphemat,
1919 4693 1985 4731 eo
2016 4678 2165 4748 quod

528 4765 758 4831 dixerit,
790 4763 1159 4835 FiliosEgenui
1188 4774 1241 4820 et
1268 4766 1537 4833 exaltavi,
1572 4765 1679 4836 ipsi
1701 4774 1883 4821 autem
1913 4783 2001 4821 me
2018 4782 2171 4837 spre—

522 4858 757 4922 verunt;
808 4858 867 4909 et
904 4855 1138 4909 eosdem
1171 4853 1339 4925 paulo
1389 4858 1521 4925 post
1554 4854 1929 4927 appellaverit
1973 4873 2171 4911 semen

525 4944 1211 5017 pessimum(Isai.1,2-li),
1232 4948 1514 5016 tanquam
1538 4960 1600 4999 se
1616 4945 1927 5001 ostendens
1951 4944 2173 5016 genito-

520 5050 642 5091 rem
662 5032 1281 5103 malorum,cujus;ﬁlii
1308 5038 1667 5093 suntfsemen
1694 5034 2050 5104 pessimum:
2074 5051 2175 5090 ne-

519 5124 711 5180 sciens
729 5124 802 5178 ob
816 5122 925 5178 hoc
944 5137 1042 5178 eos
1056 5121 1166 5177 dici
1187 5138 1385 5177 semen
1404 5122 2032 5194 pessimum,quoniam
2049 5139 2176 5194 gra-

517 5214 607 5267 tiae
640 5212 740 5267 Dei
773 5229 891 5284 qua
922 5212 1051 5282 ejus
1082 5210 1185 5265 lilii
1218 5210 1354 5266 facti
1387 5212 1641 5281 fuerant,
1674 5214 1967 5283 peccando
2000 5212 2173 5283 dege-

523 5318 687 5357 neres
710 5300 1286 5367 exstiterunt,eorum
1303 5300 1403 5355 ﬁlii
1429 5302 1561 5356 facti
1581 5318 1828 5372 quorum
1853 5301 2176 5355 imitatores

527 5405 655 5443 esse
677 5390 1181 5445 voluerunt.Unde
1207 5389 1325 5446 illis
1348 5390 1459 5445 alio
1484 5390 1606 5446 loco
1626 5390 2035 5456 dicitur,Pater
2053 5393 2179 5443 tuus

530 5476 899 5546 Amorrheeus,
914 5484 969 5535 et
985 5488 1161 5534 mater
1187 5484 1286 5537 tua
1311 5479 1524 5537 Cethxa
1548 5480 1761 5554 (Ezech.
1787 5497 1901 5545 xvr,
1924 5480 2012 5550 3):
2035 5495 2177 5551 qua-

608 5602 621 5634 ¹
650 5600 803 5663 Editi,
825 5605 919 5671 Dei
940 5605 1304 5671 dimittendum
1328 5621 1431 5657 esse
1443 5606 1658 5671 iudicio.
1678 5606 2017 5667 Concinnius,
2033 5606 2178 5669 Mss.,

531 5664 645 5714 Deo
678 5701 688 5712 .
722 5699 733 5712 .
768 5701 781 5715 .
814 5700 826 5715 .
850 5667 1125 5730 judicium.

2265 3801 2388 3857 ergo
2420 3785 2711 3840 bonitatem
2742 3789 2795 3837 et
2819 3784 3167 3838 severitatem
3201 3786 3299 3841 Dei
3326 3785 3509 3851 (Rom.
3543 3800 3620 3849 χι,
3651 3780 3753 3851 22).
3786 3778 3892 3833 Hac

2267 3880 2461 3930 autem
2504 3872 2779 3928 severitas
2809 3873 2937 3943 ejus
2986 3872 3433 3928 damnabilibus
3468 3872 3620 3927 mala
3650 3874 3752 3933 est,
3778 3866 3894 3939 quia

2268 3964 2489 4018 malum
2516 3962 2633 4017 illis
2664 3962 3060 4017 damnationis
3093 3961 3395 4033 importat.
3432 3962 3577 4017 Nam
3602 3959 3732 4030 quia
3754 3959 3894 4029 justa

2268 4056 2374 4123 est,
2410 4051 2522 4106 alio
2556 4050 2726 4106 modo
2762 4050 3045 4121 reperitur
3075 4051 3227 4105 bona
3257 4067 3269 4103 ε
3304 4067 3483 4105 omne
3514 4050 3666 4105 enim
3688 4050 3891 4119 justum

2270 4141 2509 4195 bonum.
2546 4144 2731 4206 Quam
2761 4156 2892 4194 vero
2924 4138 3222 4212 eleganter
3253 4138 3367 4195 sibi
3401 4140 3631 4194 videtur
3656 4138 3757 4192 iste
3784 4149 3893 4188 ver-

2270 4230 2345 4285 ba
2392 4229 2683 4284 discutere
2736 4232 2910 4299 atque
2960 4228 3312 4296 discernere,
3346 4230 3615 4284 nesciens
3663 4224 3792 4298 quid
3830 4221 3897 4275 lo-

2271 4323 2489 4390 quatur
2509 4318 2535 4372 ‘I
2567 4318 3050 4388 Quandoquidem
3073 4318 3181 4372 hoc
3212 4318 3411 4389 ipsum
3433 4318 3585 4388 quod
3618 4317 3696 4371 ita
3724 4308 3895 4384 posuit

2275 4407 2382 4462 hoc
2428 4407 2851 4476 testimonium,
2888 4411 2951 4461 ut
2997 4423 3111 4461 non
3144 4406 3459 4477 diceretur,
3495 4406 3726 4461 Faciens
3768 4402 3897 4455 bona

2275 4501 2331 4552 et
2365 4496 2554 4565 mala;
2608 4501 2728 4562 aut,
2780 4512 2983 4551 creans
3032 4496 3184 4549 bona
3232 4498 3289 4549 et
3318 4495 3519 4559 mala;
3570 4499 3685 4561 aut,
3718 4503 3896 4546 creans

2274 4587 2426 4641 bona
2456 4591 2512 4641 et
2561 4585 2781 4641 faciens
2831 4583 3023 4652 mala;
3060 4583 3182 4648 sed,
3218 4585 3431 4655 faciens
3478 4586 3617 4639 bona
3643 4588 3693 4638 et
3732 4590 3896 4635 creans

2274 4677 2427 4729 mala
2457 4693 2475 4730 :
2506 4675 2628 4729 vult
2675 4678 2897 4728 vertere
2940 4672 2997 4726 in
3042 4673 3302 4741 crimen;
3352 4677 3412 4727 et
3441 4676 3683 4728 conatur
3724 4672 3896 4724 osten-

2276 4765 2431 4831 dere,
2465 4764 2619 4835 quod
2667 4763 2753 4827 ﬁt,
2787 4762 3111 4817 forinsecus
3144 4762 3265 4816 ﬁeri
3293 4779 3306 4827 ;
3352 4762 3509 4833 quod
3543 4764 3733 4815 autem
3760 4770 3896 4810 crea-

2277 4859 2393 4919 tur,
2426 4854 2580 4924 apud
2625 4851 2821 4923 ipsum
2854 4868 2984 4906 esse
3036 4856 3377 4916 creatorem,
3428 4855 3598 4921 atque
3629 4849 3754 4904 inde
3782 4858 3896 4915 pro-

2277 4943 2480 4998 cedere
2514 4958 2525 4996 ε
2562 4944 2625 4995 ut
2665 4939 2931 4995 videlicet
2977 4940 3129 4995 Deus
3175 4938 3595 5011 PrOpbetarum
3645 4941 3895 5003 tanquam

2279 5029 2536 5087 extranei
2568 5047 2601 5085 a
2631 5046 2691 5085 se
2725 5030 2859 5084 boni
2893 5029 3073 5084 factor
3094 5028 3406 5099 aliquando
3440 5029 3620 5081 fuisse
3641 5025 3897 5084 videatur,

2280 5125 2505 5176 creator
2535 5124 2728 5174 autem
2780 5118 2918 5173 mali
2970 5124 3247 5188 tanquam
3284 5122 3490 5171 natura
3530 5113 3716 5168 malus
3761 5111 3824 5163 de
3847 5120 3899 5159 se

2280 5210 2406 5282 ipso
2469 5210 2767 5280 proferens
2824 5209 2977 5279 quod
3038 5205 3268 5261 creavit.
3331 5206 3467 5268 Quae
3524 5204 3695 5259 verba
3748 5198 3793 5257 si
3843 5210 3899 5249 ex

2281 5298 2703 5354 consuetudine
2763 5297 3200 5353 consideremus
3270 5293 3581 5349 locutionis
3632 5291 3895 5352 humanis,

2281 5394 2337 5444 et
2368 5388 2491 5443 ﬁeri
2522 5392 2580 5444 et
2609 5387 2811 5453 creari,
2848 5402 2960 5441 non
2987 5383 3178 5441 solum
3212 5383 3316 5438 filii
3348 5398 3490 5452 quos
3521 5382 3591 5436 de
3612 5376 3896 5445 semetipso

2283 5478 2529 5550 quisque
2560 5481 2819 5549 generat,
2854 5491 3051 5530 verum
3104 5472 3281 5528 etiam
3315 5472 3689 5543 magistratus
3718 5465 3896 5521 dicun-

2278 5572 2375 5624 tur
2423 5572 2595 5637 atque
2654 5566 2847 5633 urbes,
2912 5566 2968 5619 et
3028 5576 3413 5635 quascumque
3460 5558 3575 5615 alia
3622 5571 3742 5629 quas
3797 5564 3895 5607 non

2279 5660 2489 5717 exeunt
2533 5656 2604 5713 de
2648 5655 2943 5728 gignente,
2976 5654 3077 5712 sed
3128 5652 3450 5711 forinsecus
3492 5650 3659 5707 ﬁunt.
3709 5644 3765 5703 Si
3805 5656 3895 5698 au-
