4046 6184
264 359 374 419 63Ἳ

1627 359 1857 419 LIBER
1901 361 2336 423 SECUNDUS.

3560 356 3680 415 638

1403 644 1778 737 LIBER
1849 643 2535 737 SECUNDUS.

310 816 368 865 In
399 826 507 878 quo
538 814 666 862 Novi
696 813 1019 863 Testamenti
1050 813 1186 871 loca,
1220 827 1339 877 qua:
1370 813 1501 873 legis
1531 816 1584 861 et
1613 812 2000 875 Prophetarum
2021 813 2368 861 Adversarius
2400 813 2544 862 velut
2574 814 2653 862 eis
2682 813 2953 862 contraria
2981 811 3207 874 collegit,
3234 810 3612 861 discutiuntur.

317 1053 552 1110 CAPUT
585 1053 895 1110 PRIMUM.
921 1085 989 1094 —
1013 1054 1061 1108 1.
1107 1054 1239 1109 Jam
1272 1071 1427 1109 nunc
1458 1071 1527 1110 ea
1570 1053 1916 1109 discutenda

246 1149 401 1213 sunt,
435 1160 559 1213 quae
596 1142 707 1199 iste
738 1144 807 1198 de
841 1143 979 1200 Novi
1011 1145 1366 1199 Testamenti
1411 1144 1575 1199 libris
1603 1142 1914 1215 suffragari

248 1233 357 1288 sibi
378 1233 701 1288 arbitratur
718 1233 998 1288 adversus
1014 1234 1385 1305 propheticus
1418 1234 1689 1303 Litteras,
1710 1238 1918 1303 tanqu-

251 1337 344 1375 am
371 1337 471 1376 eas
494 1320 753 1393 Apostoli
799 1320 1016 1376 Christi
1042 1338 1151 1377 sua
1190 1321 1479 1377 sententia
1500 1322 1920 1376 condemnave-

252 1410 388 1465 rint.
412 1410 573 1473 Quod
594 1426 730 1482 ergo
755 1411 1031 1481 profanas
1053 1415 1109 1466 et
1126 1410 1310 1466 aniles
1335 1412 1561 1467 fabulas
1580 1416 1637 1466 et
1657 1409 1920 1482 genealo-

249 1498 373 1568 gias
400 1498 667 1553 inﬁnitas
690 1497 1019 1570 appellasse
1039 1498 1376 1571 Apostolum
1398 1500 1695 1555 existimat
1721 1498 1920 1554 divina

251 1587 487 1658 eloquia
512 1588 751 1658 Legiset
784 1587 1377 1659 Prophetarum,quia
1398 1589 1542 1643 dixit
1582 1587 1919 1661 Profanaset

252 1678 433 1731 aniles
460 1678 686 1748 fabulas
742 1676 988 1747 devita(l
1031 1677 1264 1746 Tim.1x,
1297 1677 1389 1750 '7),
1431 1683 1487 1732 et
1517 1676 1628 1731 alio
1658 1676 1803 1743 loco,
1846 1678 1920 1732 Ne

252 1766 505 1821 intendas
544 1766 755 1835 fabulis
806 1765 1050 1822 Judaiczs
1072 1775 1125 1821 et
1145 1767 1480 1837 genealogiis
1504 1767 1763 1837 inﬁnitis,
1796 1780 1921 1837 quae

254 1856 585 1927 qumstiones
611 1859 877 1926 praestant
907 1859 1105 1926 magis,
1136 1872 1301 1928 quam
1321 1856 1737 1927 aediﬁcationem
1767 1856 1915 1928 (Id.I,

257 1946 306 2013 4)
326 1962 340 2000 :
357 1946 495 2015 quis
512 1944 592 1999 ita
606 1944 717 1999 nisi
740 1944 1045 1999 haereticus
1068 1945 1321 2000 multum
1340 1944 1920 2001 cmcuserraret‘mur

261 2032 407 2088 enim
429 2033 540 2088 hoc
573 2032 894 2104 Apostolus
916 2032 1041 2106 ipse
1079 2050 1195 2088 non
1222 2034 1373 2100 fecit,
1400 2034 1447 2089 si
1471 2034 1577 2089 has
1594 2051 1721 2090 esse
1735 2032 1919 2088 aniles

258 2121 481 2177 fabulas
500 2122 790 2192 judicavit
815 2122 971 2177 PCur
1006 2122 1147 2177 dicit
1170 2122 1240 2176 ad
1265 2122 1522 2188 Galatas,
1546 2124 1723 2179 Dicite
1753 2122 1917 2189 mihi,

255 2211 347 2267 sub
370 2213 509 2282 Lege
534 2209 765 2266 volentes
796 2226 926 2278 esse,
966 2212 1163 2281 Legem
1210 2227 1319 2267 non
1368 2212 1623 2280 legistis?
1647 2211 1921 2282 Scriptum

256 2305 330 2357 est
350 2303 505 2355 enim
538 2300 683 2371 quod
728 2300 1007 2355 Abraham
1038 2300 1171 2356 duos
1201 2302 1348 2371 ﬁlios
1376 2301 1585 2367 habuit,
1614 2318 1829 2356 nunum
1856 2300 1923 2356 de

255 2391 485 2454 ancilla,
517 2398 568 2444 et
587 2406 761 2443 unum
790 2389 854 2445 de
884 2390 1059 2445 libera
1084 2407 1096 2445 :
1127 2394 1383 2461 quassant
1396 2392 1452 2445 in
1483 2390 1922 2459 allegoria;haec

256 2482 401 2536 enim
432 2488 561 2534 sunt
587 2478 696 2534 duo
720 2480 1059 2535 Testamenta
1121 2480 1325 2550 (Galat.
1381 2496 1457 2549 v1,
1488 2480 1678 2550 21-2/1)
1715 2498 1727 2535 :
1761 2484 1818 2535 et
1846 2480 1918 2534 ad

258 2569 613 2636 Corinthios,
638 2569 767 2624 Nolo
779 2570 929 2623 enim
956 2582 1047 2624 vos
1059 2570 1339 2637 ignorare,
1358 2572 1577 2640 fratres,
1593 2572 1726 2640 quia
1741 2573 1921 2640 patres

256 2660 441 2713 nostri
471 2674 655 2715 omnes
691 2658 789 2712 sub
842 2657 985 2713 nube
1011 2660 1260 2728 fuerunt,
1298 2668 1353 2713 et
1407 2674 1589 2713 omnes
1641 2675 1742 2730 per
1770 2675 1921 2714 mare

256 2750 628 2815 transierunt,
661 2751 720 2802 et
766 2763 951 2802 omnes
976 2763 1075 2819 per
1125 2751 1353 2820 Moysen
1393 2748 1662 2819 baptizati
1703 2758 1831 2803 sunt
1859 2750 1918 2802 in

258 2838 406 2892 nube
431 2841 485 2891 et
530 2838 590 2891 in
620 2837 786 2905 mari,
820 2846 871 2891 et
901 2852 1086 2892 omnes
1102 2837 1544 2892 eumdemcibum
1573 2838 1921 2913 spirituatem

258 2925 756 2993 manducaverunt,
781 2930 835 2980 et
866 2941 1050 2981 omnes
1079 2926 1324 2981 eumdem
1355 2935 1542 2998 potum
1568 2928 1921 2999 spiritualem

260 3016 557 3071 biberunt:
582 3015 834 3071 bibebant
862 3016 1012 3070 enim
1040 3015 1105 3070 de
1132 3016 1415 3085 spirituali
1440 3020 1695 3088 sequente
1708 3019 1920 3088 petra‘;

252 3112 410 3175 petra
443 3110 633 3159 autem
663 3112 782 3159 erat
816 3104 1062 3159 Christus
1088 3104 1132 3175 (Ι
1160 3104 1278 3160 Cor.
1322 3122 1376 3169 x,
1411 3106 1520 3177 1-4)
1548 3106 1576 3159 ?

326 3194 384 3247 2.
405 3192 605 3248 Nescit
625 3197 821 3247 autem
838 3193 1052 3247 habere
1068 3194 1920 3267 praeterScripturaslegitimas

258 3286 315 3336 et
336 3280 953 3352 propheticasJudazos
973 3281 1257 3351 quasdam
1273 3283 1616 3337 traditiones
1644 3300 1918 3355 suas,qu-

260 3387 321 3425 as
350 3386 465 3423 non
494 3370 744 3441 scriptas
762 3369 999 3439 habent,
1035 3370 1135 3424 sed
1160 3371 1497 3425 memoriter
1516 3377 1735 3438 tenent,
1764 3378 1819 3428 et
1836 3370 1918 3427 al-

259 3460 420 3516 terin
440 3458 995 3530 alterumloquendo
1013 3459 1390 3526 transfundit,
1419 3477 1566 3532 quas
1588 3461 1921 3517 deuterosin

257 3552 500 3603 vocant:
536 3546 635 3602 ubi
676 3546 851 3601 etiam
889 3546 1079 3601 dicere
1112 3547 1330 3601 audent
1375 3551 1432 3603 et
1460 3549 1713 3619 credere,
1738 3548 1922 3603 Deum

260 3636 455 3709 primo
481 3636 703 3691 homini
749 3636 897 3691 duas
955 3651 1185 3691 creasse
1241 3635 1550 3706 mulieres;
1601 3654 1669 3692 ex
1708 3638 1926 3709 quibus

260 3730 472 3782 texunt
493 3724 884 3797 genealogias,
918 3740 1071 3794 vere,
1088 3725 1241 3779 sicut
1263 3724 1344 3779 ait
1371 3725 1706 3797 Apostolus,
1730 3725 1924 3780 infini-

259 3819 375 3880 tas,
414 3814 706 3887 parientes
738 3813 1310 3869 infructuosissimas
1341 3815 1714 3887 quaestiones.
1735 3815 1841 3869 Sed
1874 3815 1923 3869 si

261 3902 401 3959 huic
432 3902 574 3958 talia
596 3919 899 3973 nunquam
916 3904 1105 3958 evenit
1120 3903 1637 3974 audire,numquid
1654 3909 1709 3958 et
1726 3908 1928 3959 contra

263 3991 643 4064 Evangelium
658 3992 743 4046 sic
769 3991 1186 4047 obsurdescere
1204 3992 1429 4060 debuit,
1456 3999 1647 4048 utnon
1668 3994 1925 4048 adverte-

264 4088 351 4137 ret
363 4082 544 4137 verba
560 4081 792 4136 Domini
806 4079 1042 4150 Christi,
1059 4082 1275 4151 quibus
1301 4081 1496 4154 arguit
1512 4082 1925 4154 Judaeos.quod

264 4173 336 4227 de
358 4170 704 4243 parentibus
728 4186 842 4225 non
875 4170 1235 4226 honorandis
1254 4172 1619 4244 impietatem
1655 4172 1928 4227 docerent

265 4260 416 4316 filios
440 4258 735 4315 suos‘Hbi
759 4258 973 4331 quippe
1016 4265 1073 4314 te
1112 4259 1205 4315 Dei
1257 4265 1609 4332 praeceptum
1671 4261 1825 4333 quod
1866 4261 1925 4315 in

267 4351 412 4421 Lege
445 4348 843 4419 conscriptum
894 4353 1003 4413 est,
1056 4350 1386 4405 attestando
1426 4350 1924 4405 commemoravit.

265 4438 383 4494 Nec
397 4438 470 4493 ob
492 4436 674 4492 alium
701 4453 799 4492 eos
821 4436 1033 4509 arguit,
1054 4436 1165 4492 nisi
1189 4438 1343 4509 quod
1366 4438 1673 4508 rejicerent
1696 4439 1929 4493 manda-

266 4532 396 4583 tum
432 4527 553 4593 Dei,
577 4531 641 4581 ut
660 4530 984 4589 statuerent
1022 4527 1369 4583 traditiones
1407 4544 1566 4582 suas.
1601 4528 1745 4583 Cum
1770 4527 1927 4584 enim

266 4618 734 4690 interrogassent
764 4616 1038 4673 Pharisaei
1071 4621 1127 4672 et
1168 4617 1404 4687 Scribae,
1457 4618 1639 4687 Quare
1665 4619 1931 4690 discipuli

264 4711 352 4762 tui
362 4724 471 4763 non
494 4708 785 4763 ambulant
793 4708 967 4779 juxta
981 4706 1335 4763 traditionem
1354 4709 1634 4763 seniorum
1662 4708 1752 4762 sed
1789 4725 1929 4764 com-

268 4797 532 4852 munibus
562 4796 816 4852 manibus
837 4797 1147 4852 manducan
1163 4806 1184 4852 t
1203 4796 1539 4868 panem,ille
1568 4798 1927 4869 respondens

266 4885 416 4941 dixit
447 4885 534 4943 eis
557 4901 570 4941 ε
606 4886 752 4941 Bene
779 4886 1126 4965 prophetavit
1154 4887 1321 4942 Isaias
1342 4886 1408 4941 de
1436 4886 1583 4941 vobis
1606 4888 1925 4959 hypocritis,

265 4978 411 5032 sicut
439 4977 709 5047 scriptum
735 4978 832 5046 est,
865 4976 1105 5046 Populus
1130 4975 1219 5031 hic
1248 4976 1411 5031 labiis
1439 4992 1525 5031 me
1558 4976 1812 5046 honorat,
1833 4992 1932 5034 cor

265 5075 455 5122 autem
480 5081 673 5121 eorum
719 5066 875 5137 longe
909 5073 986 5120 est
1033 5081 1066 5120 a
1123 5081 1225 5120 me.
1272 5067 1336 5121 In
1391 5083 1595 5121 vanum
1623 5072 1815 5122 autem
1846 5080 1932 5122 me

266 5156 456 5213 colunt
486 5155 735 5211 docentes
766 5156 1052 5211 doctrinas
1070 5159 1123 5211 et
1130 5164 1405 5227 pracepta
1424 5155 1729 5211 hominum.
1746 5156 1929 5212 Retin-

267 5249 494 5317 quentes
523 5245 674 5300 enim
692 5243 1017 5298 mandatum
1037 5244 1150 5306 Dei,
1172 5246 1361 5299 tenetis
1383 5245 1734 5301 traditionem
1754 5247 1931 5301 homi-

267 5352 429 5403 num,
457 5334 782 5405 baptismata
814 5348 1103 5389 urceorum
1131 5342 1181 5389 et
1198 5334 1433 5388 calicum
1445 5350 1467 5396 ;
1489 5338 1539 5389 et
1569 5334 1691 5390 alia
1716 5334 1934 5392 similia

270 5425 357 5481 his
384 5424 573 5496 facitis
602 5423 796 5479 multa.
823 5422 892 5477 Et
912 5421 1275 5479 dicebatillis
1295 5438 1307 5476 :
1328 5425 1475 5478 Bene
1494 5424 1721 5479 irritum
1743 5426 1933 5496 facitis

269 5522 614 5588 praceptum
628 5512 743 5579 Dei,
761 5516 820 5568 ut
851 5511 1205 5568 traditionem
1224 5520 1465 5567 vestram
1478 5513 1931 5587 servetis.Moyses

341 5621 539 5683 νισι,
569 5616 809 5683 bibebant
827 5620 998 5683 autem
1028 5616 1091 5667 de
1117 5616 1384 5683 spirituali
1393 5623 1633 5683 sequente
1662 5633 1744 5669 eos
1757 5622 1923 5683 petra.

271 5682 495 5797 23:33.
524 5682 743 5743 omisso,
774 5696 874 5744 eos,
907 5680 1396 5743 habent,’bibebant
1425 5680 1559 5732 enim
1582 5680 1765 5747 :juxta
1791 5697 1929 5748 grte-

2022 1054 2171 1109 enim
2198 1053 2367 1123 dixit,
2411 1053 2624 1109 Honora
2651 1056 2862 1124 patrem
2882 1055 3036 1107 tuum
3056 1059 3107 1107 et
3134 1054 3375 1106 matrum
3400 1054 3588 1115 tuam;
3608 1055 3679 1120 et,

2026 1142 2131 1210 Qui
2158 1142 2508 1198 maledixerit
2534 1145 2689 1213 patri
2706 1148 2813 1197 aut
2843 1143 3032 1206 matri,
3062 1145 3237 1196 morte
3262 1141 3560 1195 moriatur.
3590 1142 3684 1197 Vos

2026 1238 2208 1287 autem
2237 1232 2435 1300 dicitis,
2470 1232 2531 1287 Si
2560 1232 2765 1286 dixerit
2786 1232 2943 1287 homo
2962 1232 3112 1303 patri
3140 1240 3239 1286 aut
3259 1231 3447 1299 matri,
3471 1230 3687 1286 Corban

2026 1322 2189 1392 (quod
2217 1327 2295 1376 est
2320 1321 2543 1393 donum)
2574 1321 2950 1392 quodcumque
3006 1337 3075 1376 ea:
3099 1336 3205 1386 me,
3240 1321 3345 1375 tibi
3367 1321 3641 1391 profuerit
3663 1338 3683 1375 :

2026 1414 2081 1465 et
2110 1412 2257 1465 ultra
2285 1426 2393 1465 non
2424 1412 2707 1466 dimittitis
2736 1427 2859 1466 eum
2892 1410 3191 1482 quidquam
3218 1412 3402 1481 facere
3419 1410 3569 1481 patri
3585 1425 3682 1465 suo

2027 1507 2122 1555 aut
2158 1502 2347 1564 matri,
2392 1499 2751 1554 rescindentes
2792 1500 3020 1555 verbum
3048 1501 3147 1555 Dei
3157 1515 3256 1570 per
3277 1502 3293 1535 ¹
3326 1500 3681 1554 traditionem

2029 1597 2281 1653 vestram,
2314 1606 2476 1660 quam
2498 1588 2811 1643 tradidistis
2837 1588 3151 1650 :etsimilia
3173 1588 3489 1659 hujusmodi
3510 1589 3685 1642 multa

2026 1679 2211 1748 facitis
2241 1680 2537 1747 (Marcvu,
2566 1678 3175 1749 1-13).Ubievidenter
3196 1677 3459 1732 Christus
3483 1683 3679 1732 osten-

2029 1767 2116 1823 dit
2146 1773 2203 1822 et
2234 1767 2393 1823 illam
2425 1768 2522 1823 Dei
2545 1768 2897 1840 esseLegem
2921 1785 3099 1840 quam
3130 1769 3410 1839 profanus
3432 1768 3539 1822 iste
3558 1765 3686 1821 bla-

2031 1856 2324 1929 sphemat,
2356 1863 2412 1911 et
2431 1858 2661 1913 Judaeos
2685 1858 2898 1913 habere
2929 1874 3069 1913 suas
3097 1856 3684 1912 traditionesaLibris

2030 1945 2385 2018 prepheticis
2407 1945 2753 2018 etlegitimis
2768 1946 3010 2015 alienas,
3031 1963 3180 2017 quas
3202 1945 3683 2017 appellasseApo-

2030 2034 2247 2090 stolum
2277 2035 2547 2107 profanas
2596 2035 2850 2101 fabulas,
2879 2042 2935 2091 et
2987 2036 3195 2099 aniles,
3228 2041 3285 2091 et
3315 2034 3684 2107 genealogias

2029 2123 2458 2194 interminatus,
2492 2142 2607 2179 non
2660 2124 2987 2193 haereticus,
3022 2126 3124 2181 sed
3156 2124 3479 2180 catholicus
3505 2124 3685 2179 lector

2030 2212 2321 2286 intelligit.
2339 2215 2513 2269 Porro
2544 2215 2593 2269 si
2608 2213 2779 2269 velim
2801 2214 3138 2270 testimonia
3158 2220 3366 2269 cuncta
3386 2212 3678 2285 colligere,

2030 2304 2246 2375 quibus
2277 2305 2579 2359 ostendam
2599 2305 3094 2375 quemadmodum
3116 2310 3171 2359 et
3192 2303 3316 2375 ipse
3337 2302 3615 2358 Dominus
3628 2306 3685 2357 et

2029 2392 2291 2465 Apostoli
2324 2394 2451 2463 ejus
2477 2394 2622 2466 Lege
2642 2393 2732 2449 usi
2758 2394 2973 2448 fuerint
2993 2398 3048 2449 et
3065 2392 3388 2464 Prophetis.
3409 2408 3557 2462 quas
3574 2392 3681 2446 iste

2030 2482 2215 2537 aniles
2243 2482 2471 2538 fabulas
2512 2486 2699 2554 putat,
2733 2484 2968 2554 quando
2999 2483 3226 2539 sufﬁcio
3246 2481 3274 2537 ‘t
3304 2486 3404 2537 aut
3433 2480 3528 2537 cui
3567 2496 3683 2536 non

2029 2572 2330 2627 sufﬁciant
2358 2572 2472 2626 ista
2502 2588 2630 2643 quis
2664 2573 2925 2629 diximus
2945 2573 2973 2628 ‘l

2099 2659 2330 2715 CAPUT
2362 2660 2430 2715 ΙΙ.
2465 2691 2531 2701 —-
2562 2661 2616 2717 3.
2650 2662 2764 2717 Nec
2795 2662 2908 2718 iste
2938 2662 3219 2717 adversus
3241 2662 3431 2716 lucem
3454 2677 3683 2716 vocem-

2028 2766 2142 2822 que
2174 2749 2525 2805 dominicam
2557 2750 2641 2805 vel
2672 2751 3186 2822 apostolicamtam
3200 2767 3384 2805 caecus
3399 2750 3683 2805 etsurdus

2029 2847 2135 2908 est,
2170 2841 2471 2913 utignoret
2489 2841 2987 2913 quemadmodum
3007 2858 3040 2895 a
3057 2840 3286 2896 Christo
3300 2838 3682 2911 etApostolis,

2029 2931 2088 2985 in
2119 2930 2283 2986 libris
2314 2933 2383 2986 ad
2403 2931 2627 2986 Novum
2644 2931 3085 2987 Testamentum
3104 2929 3685 3002 pertinentibus,con—

2031 3019 2296 3075 ﬁrmetur
2319 3021 2485 3093 Legis
2511 3037 2577 3076 ac
2590 3021 3011 3092 Prophetarum
3035 3026 3091 3075 et
3112 3019 3560 3075 commendetur
3579 3035 3681 3073 au-

2031 3109 2287 3164 ctoritas.
2309 3110 2549 3165 Proinde
2566 3111 2925 3181 excogitasse
2949 3126 3009 3165 se
3031 3108 3344 3177 existimat,
3370 3125 3483 3180 quo
3516 3111 3684 3180 pacto

2033 3198 2424 3271 subterfugiat
2454 3199 2639 3255 moles
2670 3198 3144 3255 testimoniorum
3178 3198 3236 3254 in
3261 3197 3610 3270 evangelicis
3632 3200 3688 3253 et

2033 3288 2367 3360 apostolicis
2402 3289 2633 3344 Litteris
2672 3290 2742 3344 de
2787 3288 2974 3344 Libris
3005 3290 3304 3345 veteribus
3336 3285 3683 3361 positorum,

2032 3378 2249 3450 quibus
2282 3379 2429 3448 ejus,
2463 3378 2597 3433 velit
2628 3377 2790 3446 nolit,
2824 3378 3315 3451 cervicatalingua
3339 3378 3681 3452 conteritur,

2030 3469 2126 3523 Alt
2148 3467 2360 3539 quippe
2376 3466 2713 3537 Apostolum
2730 3483 2831 3539 pro
2845 3467 3227 3539 qualitatibus
3240 3467 3607 3538 ingeniorum
3624 3468 3682 3524 in

2034 3558 2295 3627 quinque
2310 3555 2842 3628 personislocutum
2860 3574 2873 3612 :
2894 3557 3484 3613 Insinuansenimrudz
3502 3557 3685 3614 adhuc

2027 3647 2247 3718 populo,
2282 3648 2613 3718 inquit,qu.:e
2638 3647 2739 3701 Dei
2764 3648 2913 3713 sunt,
2940 3663 3047 3701 non
3077 3647 3264 3703 debuit
3283 3666 3317 3704 a
3338 3649 3687 3720 perfectiori-

2036 3738 2131 3791 bus
2160 3735 2417 3806 incipere,
2449 3744 2499 3790 et
2529 3738 2975 3792 consuetudinem
3004 3737 3071 3792 ab
3102 3738 3179 3792 eis
3201 3740 3478 3793 vetustatis
3506 3736 3689 3792 exclu-

2036 3827 2169 3882 dens
2198 3844 2232 3883 a
2253 3827 2673 3900 difﬁcilioribus
2688 3828 2964 3895 inchoare,
2984 3843 3053 3882 ne
3068 3842 3236 3882 novos
3256 3826 3434 3882 adhuc
3452 3827 3522 3882 ad
3533 3827 3699 3898 ﬁdem

2034 3918 2288 3987 perfecta
2317 3916 2568 3971 doctrina
2594 3916 2864 3971 turbaret.
2900 3915 3117 3971 Deinde
3150 3915 3347 3972 volens
3383 3916 3697 3989 quasipro-

2038 4006 2178 4061 hare
2208 4006 2360 4077 quod
2386 4004 2550 4072 dixit,
2586 4005 2859 4060 eumdem
2890 4004 3220 4077 apostolum
3240 4004 3527 4061 dicentem
3544 4023 3699 4061 com-

2038 4100 2324 4150 memorat
2361 4113 2373 4150 :
2410 4094 2545 4150 Cum
2587 4094 2731 4149 liber
2759 4097 2868 4150 sim
2907 4110 2976 4149 ea:
3005 4096 3277 4162 omnibus,
3319 4095 3569 4151 omnibus
3608 4113 3693 4150 me

2036 4187 2243 4253 subieci
2271 4185 2315 4253 ³,
2350 4189 2409 4239 ut
2435 4187 2620 4256 plures
2639 4186 3051 4255 lucrifacerem:
3082 4189 3132 4239 et
3151 4188 3328 4254 factus
3348 4202 3471 4240 sum
3493 4186 3692 4242 Iudaeis

2037 4286 2301 4349 tanquam
2324 4277 2568 4343 Iudaeus,
2602 4286 2662 4332 ut
2715 4279 2938 4334 Juda'os
2988 4276 3379 4346 lucri/ariam;
3412 4279 3465 4332 et
3495 4278 3565 4331 iis
3595 4278 3692 4350 qui

2035 4368 2135 4423 sub
2166 4369 2302 4436 Lege
2331 4376 2474 4438 sunt,
2508 4372 2769 4437 tanquam
2801 4368 2895 4439 qui
2922 4366 3021 4421 sub
3052 4367 3193 4438 Lege
3223 4381 3411 4429 essem,
3442 4382 3565 4421 cum
3580 4368 3695 4437 ipse

2035 4473 2147 4513 non
2176 4458 2281 4511 sim
2308 4457 2413 4512 sub
2447 4458 2600 4527 Lege,
2640 4460 2700 4511 ut
2730 4472 2815 4511 eos
2846 4458 2943 4528 qui
2977 4456 3075 4511 sub
3110 4457 3242 4524 Lege
3277 4459 3424 4524 sunt,
3459 4455 3693 4525 lucrifa-

2035 4550 2292 4609 cz'am;et
2312 4548 2382 4601 iis
2411 4548 2508 4619 qui
2553 4547 2677 4601 sine
2708 4550 2846 4614 Lege
2893 4549 3039 4612 sunt,
3091 4548 3354 4616 tanquam
3408 4547 3532 4599 sine
3559 4545 3698 4616 Lege

2037 4652 2227 4703 essem,
2259 4652 2382 4690 cnm
2415 4638 2535 4690 sine
2566 4636 2700 4706 Lege
2733 4636 2840 4689 Dei
2867 4651 2973 4690 non
3031 4635 3159 4703 sim,
3189 4635 3279 4689 sed
3309 4636 3416 4689 sim
3466 4636 3527 4689 in
3557 4636 3694 4706 Lege

2040 4724 2265 4787 Christi,
2300 4734 2359 4779 ut
2381 4725 2729 4795 lucri/nciam
2760 4739 2848 4780 eos
2878 4726 2976 4796 qui
3002 4725 3121 4779 sine
3153 4724 3285 4795 Lege
3311 4726 3478 4778 sunt:
3506 4726 3688 4795 factus

2036 4831 2160 4871 sum
2192 4815 2430 4886 inﬁrmis
2462 4814 2733 4883 inﬁrmus,
2766 4822 2829 4868 ut
2860 4813 3468 4883 inﬁrmoslucri/‘aciam
3493 4815 3689 4880 ;omni-

2040 4905 2136 4962 bus
2161 4906 2347 4960 omnia
2376 4906 2555 4975 factus
2581 4906 2800 4970 sum,ut
2831 4919 3016 4959 omnes
3030 4904 3442 4975 tucri/aciam(l
3476 4904 3683 4975 Corax,

2041 4993 2250 5066 19-22).
2285 4992 2400 5049 Has
2432 4997 2682 5065 quatuor
2713 5008 2990 5064 personas
3017 4992 3143 5049 vult
3166 4992 3431 5063 intelligi,
3468 4992 3524 5045 in
3558 4991 3687 5063 qui-

2041 5084 2149 5139 bus
2182 5081 2523 5154 Apostolum
2566 5082 2825 5137 locutum
2869 5087 3069 5153 putat;
3104 5098 3279 5136 unam
3328 5081 3688 5149 Judmorum,

2042 5172 2287 5229 alteram
2318 5188 2519 5228 eorum
2572 5171 2671 5243 qui
2703 5172 2814 5226 sub
2845 5171 2990 5244 Lege
3021 5176 3179 5237 sunt,
3215 5170 3440 5225 tertiam
3488 5186 3691 5226 eorum

2042 5262 2143 5334 qui
2174 5262 2301 5317 sine
2357 5260 2483 5333 lege
2540 5266 2699 5322 sunt.
2732 5266 2998 5333 quartam
3055 5260 3443 5315 inﬁrmorum.
3479 5258 3692 5325 Quinta

2042 5353 2302 5416 debetur,
2336 5351 2612 5424 quoniam
2636 5351 2896 5422 quinque
2925 5350 3302 5421 promiserat:
3328 5346 3478 5403 hanc
3510 5348 3686 5404 utad-

2042 5440 2330 5507 dere,Alio
2360 5440 2495 5506 loco,
2530 5438 2742 5511 inquit,
2760 5439 3013 5509 superius
3033 5439 3157 5508 jam
3185 5438 3360 5505 dixit,
3398 5456 3420 5485 ι
3455 5436 3689 5509 Sapien-

2040 5529 2173 5586 tiam
2202 5529 2480 5602 loquimur
2506 5529 2922 5598 interper/ectos
2946 5547 2974 5575 ν
2999 5525 3100 5595 (Id.
3135 5542 3194 5598 ιι,
3225 5526 3281 5598 6)
3304 5543 3317 5594 ;
3340 5528 3691 5600 utperfecto-

2102 5685 2119 5718 1
2152 5680 2316 5744 Editl,
2334 5681 2559 5744 prapter.
2594 5679 2660 5728 At
2690 5678 2833 5737 Mss.,
2864 5692 2974 5744 per.

2099 5746 2122 5781 ³
2147 5745 2207 5795 In
2236 5738 2521 5803 ediiis,'me
2546 5754 2754 5791 servum
2799 5738 3013 5804 subieci.
3044 5741 3223 5806 Abest,
3252 5756 3473 5803 servum,
3506 5757 3538 5794 ι
3558 5744 3684 5794 Mss.
