4046 6184
388 345 507 405 639

394 492 528 532 rum
557 473 822 527 videatur
845 470 1049 541 quinta
1078 484 1347 540 persona.
1380 470 1499 524 Hoc
1526 470 1713 522 totum
1738 469 2047 538 propterea

392 564 637 620 molitus
666 566 776 631 est,
803 565 864 614 ut
894 560 944 614 si
976 560 1207 630 quando
1231 557 1451 628 aliquid
1484 557 1554 612 de
1574 555 1893 628 apostolica
1918 570 2048 626 pro-

389 653 639 710 ferretur
670 648 947 721 Epistola,
986 649 1082 703 ubi
1130 651 1485 702 attestantur
1518 644 1824 718 Evangelio
1858 649 1967 699 Lex
1995 646 2051 698 et

390 741 709 809 Propbetaz,
770 738 881 792 hoc
911 739 1066 792 dicat
1092 735 1458 807 Apostolum,
1510 751 1625 789 non
1685 732 2050 804 sapientibus

387 835 445 886 et
478 828 769 901 perfectis,
806 828 905 881 sed
937 826 1163 881 Judwis
1193 825 1451 879 locutum
1468 824 1649 878 fuisse
1680 820 2053 894 quasiJudie-

390 936 512 982 um,
544 916 633 972 vel
666 917 749 972 eis
773 917 875 989 qui
912 916 1022 970 sub
1059 916 1209 985 Lege
1260 919 1475 979 essent,
1499 917 1781 984 tanquam
1814 916 1969 967 esset
1996 916 2053 967 et

388 1008 516 1081 ipse
547 1008 658 1062 sub
697 1007 875 1079 Lege:
915 1022 980 1059 ac
1011 1020 1115 1075 per
1144 1003 1255 1059 hoc
1277 1002 1522 1057 subdole
1553 1008 1724 1073 atque
1756 998 2050 1056 mendaci-

386 1101 475 1152 ter
496 1095 873 1150 simulantem
908 1110 968 1148 se
999 1093 1153 1163 apud
1184 1092 1551 1161 imperfectos
1576 1088 2050 1160 aediﬁcare,quod

390 1186 544 1258 apud
582 1184 893 1256 perfectos,
942 1198 1055 1236 non
1110 1180 1468 1245 mentiendo,
1510 1180 1611 1235 sed
1643 1196 1775 1235 vera
1805 1180 2051 1234 dicendo

394 1274 906 1330 destrueret.Hanc
935 1271 1204 1326 videlicet
1226 1270 1274 1325 ei
1299 1270 1513 1325 erroris
1530 1269 2049 1339 machinationem,

394 1364 589 1419 nescio
615 1364 746 1434 quis
769 1361 1070 1418 Fabricius
1102 1359 1421 1425 fabricavit,
1452 1375 1626 1430 quem
1670 1357 1826 1413 velut
1867 1358 2050 1430 magi-

394 1455 584 1507 strum
614 1450 874 1505 veritatis
900 1450 1093 1504 Romae
1137 1464 1201 1503 se
1248 1448 1538 1502 invenisse
1580 1446 1881 1519 gloriatur.
1914 1447 2053 1511 Quis

391 1556 507 1595 non
540 1540 649 1595 hoc
682 1544 1038 1605 monstrum,
1070 1554 1186 1592 non
1241 1538 1371 1592 dico
1403 1553 1612 1592 sensus
1665 1536 2049 1605 christianus,

387 1630 489 1687 sed
514 1629 965 1701 qualiscumque
1015 1628 1313 1683 humanus
1346 1627 1649 1683 exhorreat
1671 1627 1698 1681 ‘t

460 1720 511 1773 4.
548 1719 737 1773 Primo
770 1718 926 1773 enim
950 1717 1447 1772 considerandum
1479 1720 1568 1771 est
1590 1732 1767 1786 quam
1800 1732 1861 1771 se
1898 1715 2052 1770 frau-

394 1806 873 1862 dulentissimum
913 1810 967 1860 et
1005 1804 1527 1860 mendacissimum
1561 1804 1917 1876 proﬁteatur,
1952 1795 2053 1876 qui

391 1895 768 1951 mentientem
796 1898 967 1966 putat
998 1899 1055 1949 et
1089 1893 1294 1948 laudat
1325 1893 1693 1964 Apostolum:
1718 1895 1939 1964 etquod
1958 1893 2055 1949 ille

396 1984 557 2050 dixit,
593 2001 707 2039 non
742 1983 998 2038 fallentis
1030 1987 1184 2052 astu,
1222 1984 1321 2038 sed
1362 1983 1772 2053 compatientis
1822 1984 2051 2052 affectu,

399 2075 538 2145 quia
588 2073 835 2128 diversis
876 2072 1205 2127 animarum
1252 2071 1472 2126 morbis
1524 2076 1641 2126 tam
1689 2072 2054 2128 misericordi

395 2164 568 2218 corde
604 2162 901 2226 subvenit,
954 2177 1131 2232 quam
1164 2160 1274 2215 sibi
1337 2161 1633 2215 subveniri
1682 2161 1982 2227 voluisset,
2005 2162 2053 2217 si

392 2267 586 2307 errore
613 2250 700 2306 vel
726 2251 1072 2306 infirmitate
1096 2250 1273 2305 simili
1298 2251 1610 2315 laboraret,
1642 2250 1737 2305 hic
1779 2252 1837 2305 in
1882 2250 2051 2306 falla-

391 2339 543 2395 ciam
560 2339 965 2395 detestabilem
979 2339 1166 2394 vertit.
1179 2340 1393 2394 Deinde
1414 2356 1629 2410 qutsro,
1652 2340 1721 2393 ad
1737 2339 2050 2396 Romanos,

396 2428 749 2494 Corinthios,
773 2427 1032 2494 Galatas,
1067 2427 1369 2499 Ephesios,
1415 2428 1808 2496 Colossenses,
1840 2428 2055 2500 Philip-

395 2533 630 2588 penses,
663 2517 1536 2589 Thessalonicenses,quomodo
1555 2517 2057 2590 loquebaturApo-

398 2604 589 2661 stolus
614 2606 641 2660 ‘t
664 2606 723 2661 In
756 2623 873 2677 qua
898 2605 1129 2661 illarum
1164 2608 1379 2678 quippe
1412 2624 1792 2678 personarum
1816 2624 2055 2663 eosesse

397 2694 721 2766 deputabat
740 2695 767 2749 ?
798 2694 998 2750 Procul
1022 2696 1199 2752 dubio
1222 2696 1497 2767 quoniam
1520 2697 1576 2751 in
1601 2698 1883 2769 praeputio
1906 2698 2053 2752 Gen-

396 2786 485 2839 tes
517 2790 701 2851 erant,
737 2802 851 2840 non
905 2785 963 2840 in
1014 2786 1457 2841 circumcisione
1488 2786 1779 2842 Israelitas.
1831 2787 1914 2841 Ad
1946 2786 2054 2842 bos

396 2872 615 2944 quippe
649 2874 761 2928 sibi
784 2874 1166 2930 distributum
1182 2875 1571 2931 ministerium
1588 2876 1767 2931 fuisse
1784 2879 2051 2943 testatur,

395 2962 497 3017 ubi
529 2962 671 3017 dicit
701 2966 855 3033 quod
884 2964 933 3019 ei
966 2969 1022 3019 et
1042 2965 1315 3020 Barnabas
1347 2966 1611 3020 dexteras
1642 2965 2053 3020 societatisde-

397 3051 592 3105 derint
623 3056 827 3107 Petrus
858 3059 914 3108 et
931 3053 1188 3108 Jacobus
1209 3060 1267 3109 et
1294 3055 1642 3124 Joannes,ut
1668 3053 1795 3125 ipse
1817 3054 2053 3125 quidem

401 3155 535 3194 cum
569 3139 834 3195 Barnaba
865 3142 933 3196 ad
953 3141 1186 3207 Gentes,
1219 3142 1301 3196 illi
1319 3148 1515 3197 autem
1558 3143 1630 3197 ad
1657 3141 2052 3197 circumcisio-

397 3244 531 3283 nem
566 3228 717 3283 irent
746 3229 947 3300 (Galat.
985 3248 1045 3297 ii,
1087 3231 1162 3303 9).
1229 3231 1292 3285 Et
1348 3232 1460 3287 alio
1507 3232 1633 3288 loco
1687 3232 2055 3304 opertissime

396 3316 560 3383 dicit,
588 3318 867 3387 Quamdiu
889 3335 982 3390 ego
1010 3336 1135 3375 sum
1157 3319 1409 3375 Gentium
1428 3322 1704 3391 apostolus
1726 3340 1743 3376 :
1775 3325 1832 3376 et
1854 3320 2055 3375 multis

397 3405 533 3462 aliis
567 3407 712 3461 locis
742 3409 977 3480 proprio
1028 3411 1284 3481 quodam
1319 3427 1561 3465 munere
1591 3411 1882 3466 doctorem
1905 3413 2055 3465 Gen-

393 3495 546 3550 tium
575 3512 637 3551 se
667 3513 795 3552 esse
826 3503 1097 3553 testatur.
1123 3503 1262 3553 Cum
1287 3516 1422 3571 ergo
1444 3505 1642 3555 essent
1670 3500 1796 3554 sine
1816 3500 1958 3571 Lege
1971 3503 2055 3554 tot

392 3592 595 3656 gentes
627 3587 844 3656 quibus
875 3588 1248 3659 Evangelium
1296 3589 1665 3659 praedicabat,
1718 3589 1858 3660 quid
1909 3605 2057 3660 opus

386 3679 511 3728 erat
533 3678 597 3730 ut
630 3675 714 3729 eis
738 3676 955 3747 Legem
989 3683 1046 3732 et
1086 3677 1402 3748 Prophetas
1430 3679 1495 3732 de
1533 3677 1759 3733 Christo
1788 3678 2024 3733 introdu

388 3768 546 3819 ceret
576 3769 774 3836 testes,
813 3766 1015 3837 eisque
1068 3766 1413 3838 importaret
1460 3767 1683 3839 ignaris
1736 3767 2057 3835 vinculum,

392 3853 548 3909 sicut
570 3853 683 3909 ista
715 3856 896 3925 pestis
930 3855 1266 3921 arbitratur,
1289 3857 1522 3922 erroris,
1548 3874 1579 3912 a
1603 3874 1717 3928 quo
1749 3873 1850 3912 eos
1875 3857 2057 3914 fuisse

394 3940 612 3997 liberos
646 3944 835 4015 magis
868 3944 1068 3999 debuit
1114 3945 1440 4017 gratulari?
1470 3947 1616 4011 Quid
1665 3964 1813 4019 Opus
1842 3952 1967 4003 erat
1994 3952 2060 4002 ut

400 4028 474 4082 ad
496 4030 787 4085 Romanos
816 4030 899 4085 sic
917 4032 1374 4089 tuissetexorsus
1394 4052 1407 4089 :
1426 4035 1831 4091 Paulusservus
1855 4035 2061 4092 Christi

400 4118 549 4188 Iesu,
580 4128 798 4174 vocatus
811 4121 1439 4195 apostolus,segregatus
1463 4126 1519 4179 in
1550 4125 1910 4196 Evangelium
1926 4130 2053 4199 Dei,

400 4208 543 4280 quod
572 4214 700 4263 ante
726 4212 1062 4280 promiserat
1090 4227 1192 4283 per
1214 4214 1508 4284 PrOphetas
1528 4230 1653 4269 suos
1683 4217 1744 4269 in
1756 4216 2059 4287 Scripturis

401 4300 604 4353 sanctis
633 4300 698 4354 de
727 4300 868 4355 Filio
898 4318 1018 4370 suo,
1046 4304 1142 4373 qui
1159 4305 1338 4372 factus
1367 4308 1443 4357 est
1474 4305 1530 4357 ei
1555 4319 1624 4358 ea:
1655 4307 1860 4360 semine
1887 4305 2059 4362 David

402 4388 705 4443 secundum
734 4406 956 4444 carnem
985 4393 1158 4458 (Rom.
1186 4408 1223 4461 ι,
1261 4391 1417 4461 1-3)?
1449 4393 1637 4456 Quare
1664 4410 1776 4448 non
1810 4395 1921 4449 sibi
1960 4411 2055 4467 po-

404 4474 524 4530 tius
553 4494 856 4546 personam
891 4480 1141 4550 imponit
1165 4480 1398 4535 illorum
1420 4480 1446 4535 7
1467 4482 1652 4545 Quare
1674 4498 1735 4537 se
1760 4483 1899 4537 facit
1928 4489 2057 4538 tan-

408 4579 589 4634 quam
614 4566 722 4619 sub
756 4572 918 4637 Lege,
952 4569 1034 4622 eis
1060 4569 1159 4640 qui
1189 4569 1420 4624 fuerant
1466 4570 1592 4625 sine
1625 4572 1813 4643 Lege?
1844 4572 2058 4644 thuid

406 4652 493 4707 eis
515 4652 682 4709 dicit:
712 4654 863 4709 Vobis
882 4658 1030 4711 enim
1058 4659 1184 4712 dico
1245 4658 1517 4729 Gentibus,
1550 4661 1813 4731 quamdiu
1843 4666 2061 4733 quidem

402 4755 497 4811 ego
527 4757 652 4797 cum
674 4742 926 4799 Gentium
955 4747 1626 4815 apostolus,ministerium
1654 4767 1833 4806 meum
1844 4754 2057 4822 glori/i-

404 4830 637 4901 cabo‘,si
665 4848 768 4903 quo
794 4833 949 4889 modo
980 4834 1057 4888 ad
1084 4837 1507 4892 aemulationem
1524 4855 1808 4909 provocem
1837 4858 2060 4899 carnem

408 4936 608 4991 meam,
643 4927 707 4977 ut
725 4924 900 4977 salvos
924 4926 1127 4993 faciam
1150 4925 1360 4996 aliquos
1387 4928 1613 4982 emittis.
1646 4928 1707 4983 Si
1733 4931 1886 4985 enim
1915 4933 2059 5003 reje-

404 5013 511 5069 ctio
536 5012 763 5066 illorum
775 5013 1143 5068 reconciliatio
1159 5018 1237 5069 est
1253 5016 1465 5083 mundi,
1483 5033 1601 5087 qua:
1618 5020 1724 5072 erit
1735 5025 2055 5091 assumptio,

410 5105 523 5158 nisi
548 5104 663 5157 vita
694 5120 763 5160 ea:
795 5106 1027 5158 mortuis
1048 5108 1073 5157 .9
1098 5104 1158 5159 Si
1194 5108 1380 5160 autem
1408 5108 1665 5163 delibatio
1686 5116 1877 5166 sancta
1895 5120 1993 5182 est,
2008 5117 2060 5169 et

405 5194 717 5262 conspersio
737 5210 759 5255 ;
790 5201 844 5247 et
872 5194 924 5247 si
954 5192 1118 5247 radix
1145 5197 1339 5248 sancta
1369 5203 1465 5260 est,
1498 5205 1549 5251 et
1572 5199 1734 5252 rami.
1770 5198 1851 5254 De
1882 5200 2058 5257 Israe-

412 5279 538 5334 litis
569 5281 785 5352 quippe
816 5280 929 5336 ista
961 5280 1119 5352 dicit,
1153 5282 1224 5336 de
1256 5282 1472 5354 quibus
1503 5288 1637 5339 ante
1660 5285 1786 5355 jam
1808 5287 2055 5345 dixerat:

409 5367 552 5436 Quid
580 5385 705 5438 ergo
736 5371 976 5441 amplius
999 5374 1078 5425 est
1107 5370 1315 5438 Iudaeo,
1332 5374 1565 5443 antqua?
1580 5375 1794 5430 utilitas
1817 5378 2057 5433 circum-

405 5457 629 5512 cisionis
657 5461 681 5510 γ
701 5458 926 5514 Multum
943 5476 1042 5530 per
1060 5476 1277 5515 omnem
1287 5461 1523 5517 modum.
1549 5464 1800 5521 Primum
1820 5468 2057 5538 quidem,

407 5547 539 5620 quia
567 5546 915 5603 creditasunt
934 5549 1056 5604 illis
1079 5550 1295 5623 eloquia
1318 5552 1429 5606 Dei.
1447 5552 1590 5620 Quid
1610 5556 1818 5611 enimsi
1832 5559 2060 5628 quidem

467 5691 484 5727 ι
516 5690 575 5740 In
602 5688 747 5750 Μαι,
774 5688 1028 5754 glori/ica.
1055 5693 1116 5742 In
1146 5706 1343 5757 greco,
1372 5692 1591 5747 doxazd.

790 337 1106 400 CONTRA
1152 334 1727 399 ADVERSARIUM
1773 331 2001 394 LEGIS
2047 332 2147 394 ET
2192 333 2817 411 PROPHETARUM,
2862 336 2925 398 S.
2974 338 3403 401 AUGUSTINI

3669 342 3775 403 640

2156 466 2383 521 illorum
2411 483 2518 523 non
2548 468 2940 525 crediderunt?
2980 470 3251 542 numquid
3294 470 3635 527 incredulitas
3664 473 3776 530 illo-

2152 572 2299 621 rum,
2328 555 2498 627 ﬁdem
2530 559 2630 612 Dei
2644 559 2941 614 evacuabit
2967 562 2980 594 ¹
3002 560 3178 632 (Rom.
3203 559 3638 627 11,1-3)?Deinde
3657 562 3777 618 hinc

2155 645 2308 715 quod
2361 661 2817 702 commemorare
2862 664 3171 720 coeperam,
3206 648 3484 720 sequitur,
3517 653 3572 703 et
3619 649 3774 707 dicit:

2157 733 2308 801 Quod
2336 735 2385 788 si
2415 734 2595 805 aliqui
2620 751 2692 791 ex
2721 739 2891 792 ramis
2904 737 3071 807 fracti
3087 746 3301 807 sunt,tu
3317 746 3498 791 autem
3525 753 3640 792 cum
3657 754 3778 794 esses

2153 823 2406 888 oleaster,
2426 826 2662 878 insertus
2694 840 2749 880 es
2779 828 2840 880 in
2864 809 2998 891 illis,
3031 834 3083 882 et
3114 828 3289 881 socius
3318 826 3526 881 radicis
3552 830 3716 898 factus
3730 845 3779 883 es

2152 915 2207 967 et
2232 912 2590 982 pinguedinis
2611 915 2890 983 oleae,noti
2908 916 3147 987 gloriari
3164 916 3427 970 adversus
3447 917 3782 983 ramos.Quod

2152 1003 2205 1056 si
2229 1002 2510 1071 gloriaris,
2541 1018 2653 1057 non
2674 1006 2731 1057 tu
2758 1004 2995 1059 radicem
3025 1005 3338 1076 portas,sed
3366 1003 3533 1058 radix
3553 1012 3621 1059 te.
3653 1005 3785 1061 Dicis

2153 1106 2307 1163 ergo,
2340 1092 2526 1146 Fracti
2552 1100 2680 1147 sunt
2708 1094 2854 1147 rami
2875 1102 2932 1149 ut
2961 1110 3054 1164 ego
3081 1092 3784 1157 inserar.Bene,increduli-

2156 1187 2264 1235 tate
2292 1179 2312 1212 ²
2340 1182 2507 1251 fracti
2560 1187 2689 1236 sunt
2720 1200 2738 1236 :
2770 1189 2828 1237 tu
2883 1187 3069 1238 autem
3124 1183 3228 1253 ﬁde
3255 1190 3403 1243 stas;
3458 1180 3580 1237 noli
3623 1181 3788 1237 alium

2153 1283 2357 1338 sapere,
2391 1269 2483 1323 sed
2513 1272 2666 1325 time.
2699 1271 2839 1326 Nam
2866 1273 2917 1325 si
2944 1272 3086 1327 Deus
3116 1270 3467 1326 naturalibus
3500 1272 3663 1325 ramis
3689 1287 3786 1326 non

2153 1359 2415 1427 pepercit,
2447 1374 2625 1429 neque
2656 1360 2758 1413 tibi
2784 1368 2969 1430 parcet
2998 1361 3041 1415 ³.
3080 1360 3235 1417 Vides
3263 1375 3394 1427 ergo
3427 1360 3712 1414 bonitatem
3744 1365 3790 1416 et

2153 1448 2492 1502 severitatem
2504 1448 2603 1503 Dei
2625 1466 2645 1501 :
2668 1450 2729 1503 in
2758 1464 2845 1504 eos
2875 1450 3091 1521 quidem
3123 1450 3219 1522 qui
3245 1447 3577 1514 ceciderunt,
3607 1451 3788 1504 severi-

2156 1536 2354 1596 tatem;
2376 1535 2432 1590 in
2466 1544 2518 1590 te
2540 1539 2724 1592 autem
2756 1538 3075 1604 bonitatem,
3096 1540 3148 1595 si
3175 1540 3547 1610 permanseris
3576 1538 3633 1592 in
3654 1538 3791 1593 boni-

2156 1627 2266 1679 tate
2296 1642 2315 1679 :
2343 1624 2596 1696 alioquin
2624 1630 2675 1680 et
2689 1630 2749 1681 tu
2776 1627 3143 1697 excideris,et
3156 1627 3247 1683 illi
3273 1628 3329 1682 si
3354 1642 3467 1682 non
3493 1641 3790 1697 permanse-

2151 1714 2269 1768 rint
2299 1714 2356 1768 in
2388 1714 3146 1779 incredulitate,inserentur.
3162 1718 3360 1773 Potens
3391 1724 3469 1771 est
3499 1717 3646 1771 enim
3664 1716 3790 1771 Deus

2156 1806 2358 1858 iterum
2384 1804 2625 1859 inserere
2646 1804 2794 1860 illos.
2823 1806 2980 1873 Nam,
3000 1808 3051 1861 si
3068 1810 3129 1861 tu
3149 1823 3218 1862 ea:
3238 1806 3493 1861 naturali
3507 1807 3706 1860 incisus
3737 1822 3784 1861 es

2155 1892 2408 1957 oleastro,
2444 1898 2494 1948 et
2522 1904 2713 1949 contra
2729 1904 2987 1951 naturam
3032 1898 3271 1952 insertus
3295 1912 3351 1951 es
3384 1898 3444 1951 in
3487 1896 3679 1949 bonum
3699 1895 3789 1949 oli-

2154 1995 2313 2041 vam;
2336 1985 2542 2051 quanto
2571 1984 2753 2052 magis
2784 1983 2876 2037 illi
2903 1985 3001 2054 qui
3048 1983 3352 2039 secundum
3371 1992 3635 2038 naturam
3656 1985 3791 2051 sunt,

2155 2069 2467 2124 inserantur
2492 2084 2611 2127 suae
2630 2072 2793 2127 olivae
2812 2072 2984 2127 ?Nolo
3004 2075 3151 2127 enim
3170 2089 3261 2129 vos
3283 2075 3569 2142 ignorare,
3581 2073 3793 2142 fratres,

2153 2162 2562 2213 sacramentum
2591 2160 2706 2225 hoc,
2739 2164 2800 2215 ut
2828 2178 2936 2217 non
2987 2164 3107 2217 sitis
3137 2162 3287 2217 vobis
3346 2164 3643 2233 sapientes,
3663 2162 3794 2232 quia

2155 2249 2368 2303 czcitas
2405 2265 2474 2303 ex
2500 2253 2658 2319 parte
2700 2253 2760 2305 in
2805 2251 2977 2307 Israel
3004 2253 3157 2322 facta
3180 2260 3276 2319 est,
3320 2252 3495 2306 donec
3521 2250 3793 2320 plenitudo

2157 2334 2407 2391 Gentium
2438 2339 2698 2404 intraret,
2744 2343 2796 2394 et
2825 2341 2904 2394 sic
2959 2342 3138 2395 omnis
3166 2338 3343 2396 Israel
3384 2340 3569 2395 salvus
3588 2340 3735 2411 ﬁeret
3757 2339 3794 2406 ‘,

2154 2427 2299 2482 sicut
2311 2428 2575 2497 scriptum
2596 2438 2676 2482 est
2696 2447 2715 2483 :
2744 2430 2926 2485 Veniet
2950 2445 3021 2484 ex
3037 2428 3165 2485 Sion
3190 2430 3286 2501 qui
3305 2430 3513 2501 eripiat
3532 2433 3583 2484 et
3598 2432 3798 2484 avertat

2155 2517 2501 2587 impietatem
2530 2517 2597 2570 ab
2629 2515 2789 2572 Jacob
2808 2534 2829 2579 ;
2859 2521 2910 2572 et
2949 2518 3046 2573 hoc
3077 2519 3243 2574 illisa
3284 2534 3374 2574 me
3404 2522 3791 2584 testamentum,

2154 2621 2279 2659 cum
2307 2605 2579 2661 abstulero
2614 2615 2837 2677 peccata
2879 2623 3073 2663 eorum
3107 2606 3206 2678 (Id.
3238 2625 3319 2676 x1,
3373 2608 3575 2677 13-27).
3621 2605 3792 2662 Nimis

2157 2693 2397 2767 longum
2421 2700 2509 2749 est
2539 2699 2751 2750 cuncta
2772 2712 3128 2767 percurrere,
3147 2695 3235 2751 vel
3258 2696 3416 2752 sicut
3436 2712 3536 2768 per
3555 2696 3796 2767 Scriptu-

2157 2800 2252 2839 ras
2266 2784 2615 2855 apostolicas
2630 2785 2850 2856 ubique
2861 2802 3066 2857 sparsa
3081 2790 3239 2851 sunt,
3254 2786 3395 2841 eain
3413 2801 3588 2841 unam
3606 2785 3795 2839 faciem

2156 2888 2526 2944 congregare.
2552 2874 2700 2939 Quid
2751 2891 2898 2945 opus
2928 2880 3053 2930 erat
3090 2875 3212 2931 haec
3249 2874 3446 2931 dicere
3477 2872 3799 2930 Gentibus?

2158 2961 2271 3016 Cur
2295 2978 2407 3016 non
2428 2962 2625 3033 potius
2655 2962 2779 3019 sine
2802 2964 2952 3037 Lege
2975 2964 3164 3019 factus
3193 2970 3282 3019 est
3298 2965 3409 3031 eis,
3435 2964 3798 3037 quemadmo-

2157 3050 2295 3105 dum
2315 3055 2483 3105 erant
2504 3050 2583 3105 illi
2619 3052 2743 3107 sine
2781 3059 2921 3124 Lege
2938 3052 2965 3107 ‘I
2982 3053 3224 3108 Curuon
3240 3052 3439 3119 potius
3453 3054 3592 3108 deos
3606 3067 3796 3108 eorum

2157 3137 2436 3205 laudavit,
2470 3155 2790 3211 eorumque
2822 3140 3108 3196 sacriﬁcia
3140 3140 3496 3214 praedicavit,
3528 3142 3578 3196 si
3618 3146 3673 3196 et
3694 3140 3797 3194 ista

2156 3226 2458 3298 Scriptura
2478 3244 2651 3299 quam
2686 3229 2938 3301 populus
2972 3228 3151 3284 Israel
3169 3230 3419 3301 accepit,
3453 3233 3510 3285 et
3535 3228 3626 3284 illa
3642 3244 3798 3283 sacra

2159 3315 2453 3384 Gentium,
2488 3317 2638 3372 sicut
2662 3317 2771 3373 iste
2792 3318 2953 3385 dicit,
2983 3318 3051 3373 ad
3086 3318 3380 3374 daemonia
3403 3314 3799 3390 pertinebant?

2159 3405 2329 3471 Quid,
2355 3407 2510 3476 quod
2563 3412 2741 3462 Deum
2792 3407 2966 3463 Israel
3009 3408 3184 3463 audet
3212 3407 3420 3463 infelix
3451 3408 3660 3474 dicere,
3690 3422 3796 3460 non

2158 3493 2350 3549 solum
2382 3495 2727 3562 damonem,
2759 3512 2962 3551 verum
2990 3496 3167 3552 etiam
3185 3496 3413 3552 caeteris
3444 3495 3799 3551 daemonibus

2161 3584 2415 3654 pejorem
2441 3583 2501 3637 ‘?
2523 3583 2636 3638 Cur
2656 3600 2791 3655 ergo
2809 3584 3145 3655 Apostolus,
3166 3585 3268 3655 qui
3290 3585 3571 3640 omnibus
3592 3582 3795 3648 omnia,

2160 3688 2278 3727 non
2293 3671 2693 3728 misericordia
2706 3673 3116 3746 compatiente,
3134 3673 3519 3730 sicutveritas
3539 3671 3801 3741 ostendit,

2161 3761 2262 3817 sed
2286 3761 2507 3817 astutia
2540 3761 2794 3830 fallente,
2817 3763 2971 3818 sicut
2999 3762 3109 3819 iste
3157 3762 3400 3836 desipit,
3435 3763 3624 3818 factus
3666 3765 3799 3829 erat,

2160 3867 2277 3906 non
2311 3852 2506 3922 potius
2538 3850 2773 3907 illorum
2809 3853 3142 3907 daemonum
3201 3868 3351 3924 quos
3400 3852 3667 3909 colebant
3697 3850 3798 3906 Ro-

2161 3939 2341 4010 mani,
2375 3956 2522 4012 quos
2554 3941 2846 3996 daemones
2876 3945 3045 4013 putat
3068 3940 3177 3997 iste
3210 3941 3800 4007 mitiores,servumse

2161 4044 2289 4085 esse
2320 4029 2617 4098 conﬁnxit,
2639 4033 2702 4084 ut
2731 4029 2896 4085 ﬁeret
2925 4034 3208 4102 tanquam
3250 4028 3357 4100 illi,
3383 4047 3451 4085 ac
3479 4030 3564 4086 sic
3594 4045 3688 4085 eos
3719 4028 3798 4084 lu-

2161 4118 2464 4173 crifaceret
2483 4117 2511 4173 *ἲ

2231 4208 2284 4261 5.
2323 4206 2523 4264 Nonne
2554 4206 2692 4262 item
2740 4207 2882 4263 dicit
2920 4209 2988 4263 ad
3040 4206 3323 4279 Ephesios
3363 4225 3376 4264 :
3413 4214 3644 4281 Propter
3671 4203 3801 4281 quod

2159 4311 2422 4352 memores
2473 4299 2623 4360 estis,
2674 4300 2808 4368 quia
2866 4312 2954 4351 vos
3015 4296 3229 4368 quando
3297 4296 3492 4354 Gentes
3545 4298 3712 4354 eratis
3747 4297 3802 4350 in

2160 4400 2349 4449 carne,
2375 4386 2472 4456 qui
2500 4385 2757 4440 dicimini
2783 4388 3131 4457 praeputium,
3156 4386 3222 4441 ab
3234 4402 3299 4442 ea
3318 4402 3448 4458 quae
3478 4387 3803 4442 diciturcir-

2160 4476 2419 4530 cumcisio
2450 4477 2512 4530 in
2540 4491 2706 4531 carne
2735 4491 2908 4530 manu
2926 4477 3105 4546 facta;
3136 4477 3233 4547 qui
3252 4478 3432 4532 eratis
3463 4477 3562 4532 illo
3592 4478 3652 4531 in
3680 4484 3802 4530 tem-

2156 4580 2294 4636 pore
2313 4566 2432 4619 sine
2452 4563 2681 4635 Christo,
2698 4565 2983 4620 alienatia
3005 4564 3252 4620 societate
3265 4567 3514 4631 Israel,et
3534 4563 3806 4637 peregrini

2162 4658 2611 4710 testamentorum
2629 4662 2678 4710 et
2697 4655 3108 4726 promissionis,
3145 4669 3297 4723 spem
3325 4669 3437 4708 non
3459 4654 3727 4720 habentes,
3760 4656 3806 4707 et

2160 4744 2282 4800 sine
2310 4745 2414 4799 Deo
2439 4746 2499 4799 in
2519 4749 2618 4799 hoc
2641 4743 2841 4799 mundo
2864 4761 2883 4799 :
2904 4759 3051 4798 nunc
3090 4751 3277 4798 autem
3316 4745 3377 4797 in
3420 4742 3635 4799 Christo
3686 4744 3804 4799 Iesu

2160 4849 2271 4900 vos,
2293 4835 2390 4905 qui
2412 4833 2708 4904 aliquando
2728 4835 2896 4888 eratis
2922 4834 3244 4903 longe,facti
3263 4833 3391 4887 estis
3408 4849 3577 4905 prope
3596 4834 3656 4887 in
3681 4849 3800 4888 san-

2161 4924 2331 4993 guine
2361 4922 2582 4978 Christi.
2620 4924 2733 4993 Ipse
2755 4927 2838 4977 est
2856 4924 3003 4977 enim
3026 4938 3139 4993 pax
3158 4924 3369 4988 nostra,
3392 4924 3491 4994 qui
3509 4925 3638 4992 fecit
3656 4926 3800 4976 utra-

2160 5027 2267 5084 que
2296 5012 2798 5081 unum,etmedium
2817 5013 3087 5082 parietem
3106 5009 3802 5078 macerizsolvensjnimi-

2161 5102 2349 5157 citium
2376 5102 2441 5155 in
2470 5117 2634 5157 carne
2661 5117 2784 5170 sua,
2836 5105 3033 5171 Legem
3076 5100 3465 5156 mandatorum
3495 5101 3557 5155 in
3587 5100 3803 5156 decretis

2161 5190 2485 5257 evacuans‘,
2499 5193 2563 5244 ut
2588 5189 2723 5245 duos
2743 5188 2997 5246 conderet
3020 5191 3079 5243 in
3090 5205 3145 5244 se
3160 5190 3221 5243 in
3232 5205 3402 5245 unum
3412 5204 3614 5245 novum
3634 5187 3802 5245 homi-

2224 5323 2242 5358 1
2277 5325 2353 5372 Ita
2381 5324 2501 5373 Mss.
2534 5324 2599 5374 At
2627 5323 2772 5373 editi.
2800 5321 3087 5372 evacuavit.

2229 5385 2416 5443 lEditi,
2435 5387 2503 5458 in
2523 5384 2910 5458 incredulitqte.
2950 5383 3228 5444 Particulo,
3260 5384 3333 5446 in,
3364 5383 3511 5434 abest
3544 5397 3576 5433 a
3605 5381 3724 5432 Mss.
3755 5383 3803 5430 et

2163 5462 2195 5498 a
2228 5463 2401 5508 gnsco
2434 5453 2577 5499 textu
2607 5448 2864 5512 Apostoli.

2226 5515 2249 5582 ξ
2278 5512 2365 5582 §ic
2392 5512 2529 5582 Mss_._
2548 5514 2616 5562 At
2644 5512 2887 5582 editiune
2913 5510 3050 5582 [orte
3076 5522 3167 5582 nec
3195 5507 3293 5582 tibi
3313 5510 3515 5573 parcat.

2225 5578 2247 5612 ι
2278 5574 2455 5638 Plures
2484 5575 2625 5634 Msa,
2651 5575 2761 5638 ﬁet.
2791 5573 3024 5638 Quidam
3049 5571 3156 5638 alii,
3186 5571 3301 5635 ﬁat.

2222 5640 2244 5675 ⁸
2276 5637 2613 5701 Antiquiores
2642 5633 2871 5701 codices,
2894 5633 3248 5701 crudeliprem,

2223 5702 2247 5739 ⁶
2272 5692 2437 5761 Εᾱῐιὶξ
2457 5700 2641 5766 Legem
2669 5692 3033 5751 mandatorum
3058 5696 3274 5749 decretis
3300 5708 3585 5750 evacuam:
3613 5692 3803 5746 omissa
