4046 6184
261 383 377 446 645

259 518 401 573 Filia
431 534 553 587 suo,
581 518 677 588 qui
704 516 886 589 factus
915 526 993 572 est
1021 516 1075 571 ei
1095 533 1165 571 ex
1193 518 1396 572 semine
1419 516 1594 572 David
1615 515 1914 570 secundum

254 624 482 663 carnem
515 608 688 678 (Rom.
720 623 758 673 ι,
795 609 848 672 2,
881 605 978 676 3)?
1025 605 1166 670 Quis
1206 611 1331 660 erat
1374 606 1472 677 qui
1526 605 1671 661 dixit
1706 601 1733 661 ε’
1756 606 1914 676 Lapi-

253 698 372 752 dem
393 712 554 768 quem
589 696 1020 766 reprobaverunt
1051 695 1407 764 a’di/icanles,
1441 695 1530 750 hic
1557 698 1732 766 factus
1757 701 1833 748 est
1857 695 1917 748 in

252 789 412 856 caput
442 785 639 853 anguli
661 786 840 855 (Psal.
873 801 1044 850 cxvn,
1085 783 1226 851 22)?
1259 784 1402 850 Quis
1433 790 1556 839 erat
1591 785 1688 855 qui
1725 783 1869 837 dixit
1900 799 1913 837 :

253 875 494 931 Thronus
522 878 670 939 tuus,
695 875 856 938 Deus,
882 876 939 928 in
961 873 1223 928 sasculum
1245 875 1456 938 sa'culi,
1481 875 1638 944 virga
1659 873 1917 928 directio-

251 966 358 1033 nis,
392 965 551 1033 virga
581 965 746 1032 regni
775 965 897 1018 tui:
923 962 1181 1018 dilexisti
1199 964 1504 1034 justitiam,
1535 967 1584 1018 et
1613 962 1775 1017 odisti
1807 963 1918 1016 ini-

251 1056 542 1126 quitatem,
562 1059 854 1125 pr0pterea
885 1055 1046 1107 unxit
1076 1060 1144 1123 te,
1168 1053 1334 1118 Deus,
1365 1057 1512 1108 Deus
1543 1056 1670 1105 tuus
1689 1053 1803 1106 oleo
1828 1065 1920 1104 ea:-

249 1145 568 1200 sultationis
595 1158 712 1214 prae
737 1141 1106 1214 participibus
1161 1142 1273 1196 tuis
1315 1141 1489 1212 (Psal.
1542 1157 1691 1204 κων,
1720 1140 1776 1206 7,
1810 1137 1919 1206 8)?

254 1232 558 1297 Quomodo
584 1231 934 1300 Deus,cujus
948 1229 1197 1285 thronus
1210 1230 1369 1286 estin
1388 1228 1672 1284 saeculum
1694 1227 1916 1289 saeculi,

252 1322 498 1394 ungitur
527 1338 560 1376 a
591 1321 728 1387 Deo,
756 1319 865 1375 nisi
901 1319 1169 1375 Christus
1209 1319 1403 1382 Jesus,
1426 1318 1522 1389 qui
1555 1335 1624 1372 ex
1656 1317 1782 1389 ipsa
1809 1335 1916 1372 un-

251 1411 442 1465 ctione
463 1409 672 1464 Christi
695 1425 902 1464 nomen
929 1407 1179 1479 accepit?
1199 1407 1464 1462 Chrisma
1485 1407 1697 1478 quippe
1723 1407 1918 1462 unctio

250 1504 356 1561 est,
392 1499 662 1554 Christus
695 1504 909 1553 unctus
941 1504 1047 1553 est.
1085 1498 1226 1563 Quis
1257 1503 1380 1552 erat
1409 1496 1510 1568 qui
1557 1496 1720 1560 dixit,
1761 1497 1913 1567 quod

251 1588 374 1659 ipse
407 1587 678 1643 Christus
709 1588 778 1643 de
809 1604 871 1642 se
898 1591 1151 1641 testatur
1181 1603 1308 1641 esse
1342 1585 1685 1657 praedictum
1719 1601 1730 1638 :
1759 1585 1917 1638 Dixit

250 1678 512 1732 Dominus
557 1679 787 1732 Domino
836 1692 970 1741 meo,
1019 1676 1160 1731 Sede
1218 1693 1250 1729 a
1296 1675 1507 1730 dextris
1558 1677 1716 1740 meis,
1749 1673 1918 1727 donec

251 1783 454 1836 ponam
476 1767 732 1822 inimicos
753 1777 874 1821 tuos
894 1768 996 1821 sub
1008 1765 1238 1836 pedibus
1260 1767 1369 1819 tuis
1388 1768 1412 1818 .9
1435 1765 1502 1819 Et
1527 1764 1634 1819 hoc
1657 1763 1827 1817 David
1856 1761 1914 1816 in

252 1855 471 1927 Spiritu
507 1856 727 1910 dixisse
757 1856 1068 1910 confirmat
1112 1855 1282 1922 (Psal.
1329 1871 1442 1917 cxx,
1497 1855 1565 1920 1;
1609 1854 1778 1907 Marc.
1813 1867 1912 1922 xu,

249 1945 356 2017 36),
395 1961 570 2016 quem
602 1944 885 2016 Spiritum
924 1949 1097 2016 negat
1129 1943 1238 1998 iste
1269 1943 1452 1998 fuisse
1487 1958 1667 2014 super
1697 1945 1912 1995 terram

255 2038 382 2089 ante
407 2034 641 2089 Domini
665 2033 1156 2096 adventum.Quid
1180 2037 1270 2088 est
1291 2033 1443 2103 quod
1473 2033 1553 2086 ait
1571 2029 1908 2102 Apostolus:

247 2123 389 2177 Dicit
419 2131 604 2177 autem
632 2123 829 2186 Isaias,
865 2123 981 2176 Erit
1011 2121 1180 2176 radix
1231 2125 1397 2190 Jesse,
1441 2123 1490 2175 et
1521 2121 1616 2192 qui
1649 2103 1914 2188 exsurget

245 2227 478 2282 regnare
514 2213 573 2266 in
602 2211 878 2280 gentibus,
915 2213 972 2266 in
992 2227 1116 2266 eum
1156 2216 1342 2280 gentes
1372 2210 1680 2278 sperabunt
1727 2209 1910 2279 (Rom'

244 2318 334 2368 xv,
362 2301 452 2372 42)
479 2303 502 2356 P
530 2301 670 2365 Quis
700 2304 824 2355 erat
853 2300 1112 2372 Spiritus
1135 2300 1233 2371 qui
1261 2317 1363 2371 per
1392 2299 1661 2354 eumdem
1696 2297 1906 2352 Isaiam

241 2395 406 2446 tanto
438 2394 570 2446 ante
601 2389 866 2460 praedixit
901 2407 913 2445 :
945 2391 1051 2444 Iste
1097 2397 1319 2460 peccata
1371 2393 1556 2443 nostra
1601 2389 1803 2459 portat,
1857 2401 1910 2452 et

238 2496 337 2552 pro
367 2480 527 2536 nobis
553 2479 696 2534 dolet
717 2498 740 2544 ;
768 2488 819 2534 et
848 2495 947 2533 nos
971 2480 1288 2550 putavimus
1316 2495 1446 2532 eum
1468 2494 1582 2533 esse
1604 2478 1664 2532 in
1695 2477 1904 2543 dolore,

238 2579 288 2624 et
321 2571 382 2624 in
413 2570 612 2640 plaga,
647 2572 697 2623 et
728 2569 789 2622 in
819 2569 1148 2638 afﬂictione.
1183 2569 1301 2638 Ipse
1327 2568 1655 2622 vulneratus
1688 2575 1802 2636 estp
1818 2581 1904 2620 ro-

233 2661 355 2730 pter
378 2664 604 2730 peccata
624 2660 895 2724 nostra,et
917 2658 972 2711 in
979 2657 1139 2728 ﬁrma
1149 2665 1234 2711 tus
1254 2660 1334 2711 est
1350 2665 1572 2728 prapter
1588 2656 1906 2726 iniquitates

239 2756 463 2804 nostras
493 2765 512 2801 :
543 2746 840 2817 disciplina
866 2748 1018 2818 pacis
1047 2754 1253 2803 nostra:
1276 2762 1440 2816 super
1463 2761 1587 2800 eum
1612 2766 1631 2812 ;
1660 2754 1710 2799 et
1737 2745 1908 2799 livore

239 2838 354 2908 ejus
384 2838 574 2892 sanati
602 2853 791 2891 sumus
813 2853 832 2890 :
855 2852 1047 2891 omnes
1082 2837 1241 2906 quasi
1269 2851 1388 2890 oves
1417 2835 1906 2899 erravimus,homo

239 2929 295 2982 in
327 2928 421 2981 via
449 2943 552 2981 sua
585 2929 813 2981 erravit
839 2943 851 2993 ;
885 2930 938 2980 et
968 2927 1232 2980 Dominus
1279 2926 1514 2980 tradidit
1541 2941 1664 2980 eum
1690 2927 1911 2996 propter

244 3016 565 3086 iniquitates
597 3022 833 3070 nostras.
883 3013 948 3069 Et
978 3016 1094 3085 ipse
1135 3017 1357 3085 propter
1393 3016 1752 3086 afﬂictionem
1796 3029 1907 3068 non

243 3105 475 3174 aperuit
523 3121 580 3159 os
608 3121 628 3160 :
678 3106 820 3158 sicut
849 3106 962 3159 ovis
983 3103 1052 3158 ad
1077 3105 1358 3158 victimam
1381 3103 1575 3159 ductus
1599 3105 1910 3172 est,etsicu¢

244 3211 424 3265 agnus
453 3209 641 3249 coram
673 3193 929 3249 tondente
958 3197 1160 3260 mutus,
1187 3194 1266 3248 sic
1292 3210 1409 3247 non
1439 3194 1658 3265 aperuit
1677 3209 1732 3248 os
1751 3209 1912 3247 suum

243 3285 303 3338 In
327 3282 506 3337 humil
513 3285 646 3337 itate
650 3281 926 3352 judicium
946 3282 1062 3352 ejus
1077 3283 1353 3336 sublatum
1374 3291 1479 3337 est:
1500 3284 1907 3352 generationem

241 3371 410 3428 illsus
425 3373 549 3443 quis
565 3373 886 3427 enarrabit?
895 3373 1024 3443 quia
1045 3372 1266 3427 tolletur
1284 3371 1352 3426 de
1372 3381 1523 3426 terra
1549 3374 1658 3426 vita
1690 3372 1908 3443 ejus.Ab

240 3462 642 3533 iniquitatibus
671 3462 866 3534 populi
893 3463 1006 3516 mei
1053 3461 1243 3516 ductus
1274 3468 1352 3517 est
1399 3460 1468 3516 ad
1501 3465 1724 3516 mortem
1755 3461 1906 3532 (Isai-

243 3567 363 3616 ιλιι,
409 3551 531 3620 4-8)
566 3569 580 3606 :
617 3555 673 3606 et
725 3558 933 3606 caetera
977 3567 1105 3623 (ιυεε
1155 3555 1458 3606 contexere
1509 3549 1749 3621 longum
1797 3553 1904 3605 est.

241 3638 344 3695 Ubi
381 3639 565 3695 etiam
597 3639 668 3695 de
715 3639 971 3697 Ecclesia
1016 3643 1178 3696 tanto
1219 3645 1354 3695 ante
1404 3639 1743 3711 praedictum
1796 3643 1905 3706 est,

240 3730 396 3800 quod
439 3729 509 3784 ab
535 3728 810 3800 Apostolo
834 3729 1085 3802 legimus
1117 3731 1729 3798 commemoratum,et
1752 3742 1908 3782 nunc

229 3818 354 3887 jam
380 3817 657 3872 videmus
683 3817 990 3889 impletum
1019 3834 1032 3873 :
1058 3819 1504 3884 Laetare,sterilis
1529 3831 1654 3888 qua
1676 3833 1786 3871 non
1806 3833 1904 3887 pa-

240 3907 352 3968 ris;
383 3923 621 3976 erumpe
651 3914 705 3962 et
736 3907 1008 3973 exclama,
1032 3924 1152 3978 qua
1177 3923 1288 3961 non
1314 3907 1722 3978 parturis,quia
1743 3907 1907 3960 multi

239 3995 341 4064 [itii
370 3995 598 4050 deserta
619 3995 793 4066 magis
825 4012 992 4066 quam
1023 3997 1142 4066 ejus
1176 4010 1302 4067 qua
1331 3995 1490 4050 habet
1519 3998 1728 4050 virum.
1748 3997 1909 4049 Dixit

240 4087 386 4138 enim
420 4085 663 4149 Damius,
691 4085 880 4140 Dilata
911 4086 1088 4141 locum
1115 4083 1470 4140 tabernaculi
1499 4087 1601 4151 tui,
1621 4093 1674 4139 et
1701 4085 1899 4142 aulaeo-

242 4189 364 4227 rum
397 4186 621 4228 tuorum
651 4191 670 4228 :
700 4173 828 4243 ﬁge,
870 4191 940 4228 ne
970 4191 1188 4245 parcas,
1219 4175 1484 4246 protende
1528 4175 1824 4244 funiculos,
1851 4183 1904 4230 et

243 4263 423 4316 clavos
441 4271 560 4317 tuos
572 4263 1032 4332 conforta;adhue
1052 4265 1110 4318 in
1133 4265 1350 4319 dextris
1369 4267 1418 4319 et
1438 4265 1683 4318 sinistris
1705 4263 1904 4320 dilata:

243 4357 289 4404 et
320 4367 507 4406 semen
541 4359 700 4406 tuum
728 4352 1026 4423 possidebit
1054 4357 1262 4422 gentes,
1311 4357 1361 4408 et
1391 4354 1638 4408 civitates
1668 4352 1904 4407 desertas

245 4438 499 4495 habitari
528 4443 700 4512 facies
723 4425 770 4495 ¹Ῐ
796 4440 922 4497 Noli
947 4443 1140 4497 timere
1182 4444 1311 4514 quia
1341 4445 1567 4513 confusa
1606 4459 1662 4497 es
1682 4459 1702 4503 ;
1731 4457 1903 4513 neque

243 4545 385 4585 rever
400 4531 711 4601 earis,quia
726 4531 1114 4602 exprobratum
1128 4532 1237 4586 tibi
1251 4540 1342 4586 est.
1353 4531 1736 4601 Confusionem
1754 4534 1904 4586 enim

241 4623 515 4674 alternam
540 4620 962 4687 oblivisceris,et
987 4620 1237 4692 Opprobii
1254 4621 1536 4676 vicuitatis
1557 4630 1672 4677 tuae
1692 4637 1904 4676 memor

246 4724 352 4762 non
386 4710 521 4762 eris.
559 4709 699 4776 Quia
730 4709 992 4763 Dominus
1021 4710 1118 4780 qui
1145 4710 1274 4779 fecit
1296 4713 1367 4773 te,
1391 4709 1654 4762 Dominus
1679 4708 1902 4763 sabaoth

246 4811 445 4851 nomen
466 4799 555 4858 ei;
585 4799 640 4852 ei
669 4800 766 4868 qui
783 4799 930 4854 eruit
949 4802 1002 4852 te
1026 4799 1166 4853 Deus
1182 4798 1518 4860 Israel,Deus
1537 4799 1716 4852 omnis
1737 4801 1904 4854 terra?

246 4885 536 4940 vocabitur
561 4885 925 4953 (Id.L1v,1-5;
958 4887 1139 4943 Galat.
1166 4903 1242 4952 ιν,
1272 4887 1383 4957 27).
1409 4885 1549 4952 Quis
1581 4892 1670 4941 est
1691 4887 1790 4957 qui
1815 4886 1902 4941 di-

248 4973 363 5028 xit:
396 4974 653 5029 Videbam
679 4977 738 5029 in
758 4977 879 5030 visu
899 4979 1094 5041 noctis,
1112 4986 1162 5032 et
1177 4991 1292 5031 ecce
1309 4993 1433 5030 cum
1451 4975 1687 5030 nubibus
1706 4977 1830 5031 caeli
1844 4981 1905 5032 ut

249 5061 400 5130 ﬁlius
421 5062 664 5118 hominis
680 5073 796 5120 erat
819 5066 1115 5135 veniens,et
1138 5081 1300 5136 usque
1319 5065 1388 5120 ad
1405 5068 1671 5120 vetustum
1690 5064 1905 5120 dierum

247 5154 520 5221 pervenit,
541 5163 596 5208 et
618 5155 676 5208 in
697 5163 984 5226 conspectu
1005 5171 1122 5224 cius
1141 5155 1418 5225 praelatus
1433 5163 1542 5209 est:
1557 5157 1606 5210 et
1623 5156 1735 5220 ipsi
1749 5155 1904 5210 datus

247 5250 328 5295 est
342 5243 713 5314 principatus,
734 5248 785 5299 et
814 5244 1006 5312 honor,
1029 5253 1079 5300 et
1102 5260 1364 5316 regnum;
1395 5247 1448 5298 et
1477 5259 1663 5298 omnes
1689 5245 1901 5316 populi,

249 5330 449 5393 tribus,
482 5335 536 5386 et
566 5332 779 5401 lingua:
810 5335 917 5405 ipsi
942 5336 1176 5389 servient
1206 5351 1225 5389 :
1250 5336 1486 5404 potestas
1520 5337 1642 5405 ejus
1665 5339 1906 5403 potestas

247 5428 539 5490 perpetua,
572 5438 690 5492 quae
718 5439 829 5477 non.
858 5424 1137 5486 transibit,
1159 5424 1217 5477 in
1247 5439 1478 5493 regnum
1504 5424 1620 5491 ejus
1650 5439 1758 5478 non
1785 5439 1903 5479 cor-

249 5516 548 5578 rumpe/ur
577 5511 737 5580 (Dan.
780 5529 880 5576 vn,
915 5513 1002 5576 l3,
1040 5511 1174 5582 14)Ῡ
1207 5512 1335 5566 Haec
1368 5517 1425 5566 et
1455 5511 1569 5566 alia
1599 5512 1783 5567 multa
1813 5517 1902 5568 at-

249 5612 368 5668 que
402 5599 711 5655 manifesta
738 5599 808 5655 de
837 5601 1064 5657 Christo
1087 5607 1143 5656 et
1166 5601 1417 5657 Ecclesia
1448 5601 1601 5656 unde
1632 5603 1907 5673 praedicta

317 5732 338 5768 ί
377 5730 596 5785 Veteres
623 5734 842 5798 quidam
871 5736 1096 5798 codices,
1128 5737 1313 5801 facias.

1614 383 1844 442 LIBER
1892 381 2330 446 SECUNDUS.

3560 391 3679 451 616

2027 519 2183 581 sunt,
2220 534 2345 588 qua:
2378 519 2462 572 sic
2504 519 2769 574 videmus
2813 519 3070 590 impleta,
3112 526 3168 575 et
3217 523 3677 580 consonantibus

2023 605 2370 673 evangelicis
2390 611 2564 677 atque
2579 607 2919 678 apostolicis
2935 607 3162 664 Litteris
3176 611 3350 666 etiam
3369 628 3682 682 speramus

2024 691 2395 763 implenda,si
2423 696 2674 766 Spiritus
2702 697 2793 750 Dei
2821 702 2953 752 ante
2985 699 3297 755 adventum
3321 701 3535 756 Christi
3561 719 3675 758 non

2027 781 2133 834 fuit
2163 799 2340 854 super
2370 787 2582 838 terram
2608 803 2620 851 ;
2647 784 2731 840 vel
2765 785 2812 839 si
2846 803 2876 840 a
2902 785 3201 859 Prophetis
3238 789 3410 844 Israel
3449 806 3560 845 non
3584 796 3674 847 est

2023 869 2236 925 Christi
2271 873 2737 942 praenuntiantus
2794 876 3096 942 adventus,
3121 878 3272 933 sicut
3323 879 3415 934 hic
3437 879 3672 952 desipit,

2025 960 2124 1031 qui
2152 961 2444 1015 Christum
2477 963 2703 1033 negand
2738 970 2911 1018 oantc
2953 967 3331 1036 promissum,
3358 986 3472 1024 non
3501 969 3678 1026 habet

2024 1049 2179 1103 unde
2209 1056 2431 1105 asserat
2465 1051 2714 1106 missum
2736 1052 2764 1107 ‘l
2792 1053 2860 1108 Et
2892 1055 3120 1124 merito,
3157 1057 3296 1128 quia
3342 1057 3468 1130 ipse
3499 1075 3675 1130 quem

2026 1139 2319 1209 praedicat,
2372 1156 2476 1194 nec
2525 1139 2745 1196 missus
2787 1147 2898 1212 est,
2949 1160 3052 1200 nec
3097 1145 3470 1216 promissus:
3507 1163 3678 1205 verus

2027 1227 2241 1299 quippe
2273 1244 2386 1282 non
2420 1234 2530 1296 est,
2563 1230 2663 1284 sed
2697 1229 2891 1286 fictus.

2097 1317 2329 1372 CAPUT
2361 1316 2452 1372 ιν.
2487 1349 2551 1360 -
2603 1320 2689 1374 13.
2724 1319 2855 1375 Jam
2898 1320 3042 1376 illud
3092 1341 3207 1378 non
3258 1324 3458 1392 miror,
3517 1325 3671 1396 quod

2024 1404 2197 1460 homo
2229 1405 2557 1462 ineruditus
2581 1409 2651 1463 de
2683 1409 2984 1481 Prophetis
3009 1411 3346 1468 Judaeorum
3378 1414 3675 1470 existimat

2023 1495 2268 1559 dictum,
2299 1497 2447 1567 quod
2484 1497 2564 1551 ait
2593 1499 2927 1569 Apostolus,
2985 1501 3140 1556 Dixit
3180 1503 3413 1573 quidam
3444 1520 3513 1560 ex
3544 1505 3680 1575 ipsis

2016 1586 2278 1656 pr0prius
2307 1601 2496 1640 eor-um
2514 1587 2800 1658 pr0pheta,
2826 1590 3104 1645 Cretenses
3131 1608 3344 1662 semper
3372 1593 3680 1661 mendaces,

2022 1692 2106 1728 ma
2117 1675 2180 1729 la:
2205 1676 2628 1741 bestiaz,ventres
2647 1679 2839 1750 pigri;
2860 1681 3231 1736 testimonium
3269 1681 3370 1737 hoc
3389 1698 3579 1738 verum
3600 1685 3679 1738 est

2021 1764 2140 1828 (Tit.
2179 1780 2216 1833 1,
2255 1765 2340 1828 12,
2376 1765 2462 1836 13)
2498 1783 2510 1819 :
2547 1765 2824 1836 ignorans
2870 1761 3092 1823 dictum
3144 1785 3273 1824 esse
3321 1770 3392 1825 de
3423 1772 3677 1841 quodam

2021 1852 2379 1922 Epimenide,
2444 1854 2542 1924 qui
2595 1856 2885 1910 Cretensis
2921 1857 3047 1922 fuit,
3081 1858 3136 1911 in
3171 1859 3340 1928 cujus
3369 1859 3536 1915 libris
3571 1861 3677 1917 hoc

2006 1940 2336 2007 invenitur;
2364 1941 2460 2012 qui
2487 1942 2660 1997 homo
2682 1942 2832 1998 inter
2851 1943 3167 2016 Prophetas
3187 1946 3287 2001 Dei
3315 1964 3426 2002 non
3452 1947 3671 2003 inveni-

2017 2034 2132 2094 tur,
2168 2047 2270 2085 nec
2300 2031 2370 2085 ad
2403 2031 2505 2085 illa
2534 2031 2766 2104 eloquia
2812 2035 2909 2089 Dei
2959 2035 3229 2106 pertinet,
3284 2054 3408 2108 quas
3437 2038 3660 2095 Judaais

2017 2119 2156 2174 dicit
2177 2121 2523 2192 credita,qui
2549 2139 2660 2176 non
2686 2124 2983 2178 mentitur.
3010 2125 3143 2180 Ideo
3167 2142 3280 2180 non
3305 2143 3660 2184 commemo-

2015 2210 2164 2263 ravit
2196 2211 2509 2281 Apostolus
2532 2228 2743 2266 nomen
2767 2213 2915 2283 ejus,
2950 2215 3102 2269 sicut
3123 2215 3270 2270 solet
3294 2233 3662 2273 commemo-

2015 2315 2142 2353 rare
2177 2298 2489 2370 Prophetas
2515 2299 2613 2355 Dei
2637 2299 2951 2372 aliquando
2973 2303 3192 2372 dicens,
3227 2304 3379 2361 Sicut
3408 2310 3459 2360 et
3487 2305 3660 2361 David

2012 2387 2143 2442 dicit
2176 2389 2350 2459 (Rom.
2386 2406 2459 2449 ιν,
2489 2389 2545 2459 6)
2571 2407 2584 2455 ;
2614 2392 2789 2445 Isaias
2817 2401 3002 2447 autem
3030 2393 3190 2448 audet
3217 2401 3267 2448 et
3298 2395 3430 2450 dicit
3469 2395 3567 2466 (Id.
3599 2412 3656 2464 κ,

2010 2477 2122 2548 20),
2181 2481 2338 2534 Sicut
2395 2488 2444 2534 et
2503 2478 2628 2534 Osee
2686 2479 2820 2535 dicit
2869 2481 2972 2553 (Id.
3028 2499 3103 2548 ιχ,
3152 2484 3244 2554 25)
3287 2483 3423 2540 :vel
3465 2485 3658 2541 tacitis

2011 2584 2213 2622 eorum
2264 2567 2622 2635 nominibus,
2674 2584 2806 2624 cum
2866 2571 3027 2641 dicit,
3086 2573 3237 2628 Sicut
3277 2572 3548 2646 Scriptum
3581 2577 3658 2630 est

2013 2656 2112 2727 (Id.
2149 2673 2186 2717 1,
2222 2657 2351 2726 l7);
2385 2661 2442 2710 et
2472 2673 2538 2710 ea
2568 2657 2870 2728 Scriptura
2900 2659 3267 2732 intelligitur,
3316 2663 3373 2717 in
3425 2679 3541 2734 qua
3570 2665 3660 2718 est

2011 2745 2327 2800 auctoritas
2360 2745 2455 2799 Dei
2484 2761 2496 2799 :
2531 2750 2632 2800 aut
2660 2747 2958 2802 evidenter
2992 2754 3168 2804 Deum
3201 2751 3394 2806 dicere
3423 2751 3655 2819 asserit,

2011 2851 2144 2890 cum
2177 2835 2409 2904 aliquod
2445 2834 2677 2890 adhibet
2710 2835 3118 2891 testimonium
3140 2838 3210 2892 de
3232 2839 3376 2910 Lege
3407 2839 3494 2895 vel
3517 2840 3658 2896 Pro-

2009 2923 2200 2994 phetis
2232 2923 2353 2988 Dei,
2400 2924 2572 2994 quale
2617 2928 2705 2979 est
2751 2924 2918 2992 illud,
2952 2927 3090 2982 Bovi
3135 2929 3424 2984 trituranti
3461 2945 3518 2984 os
3547 2945 3659 2985 non

2010 3013 2338 3085 in/‘renubis.
2373 3015 2658 3085 Numquid
2687 3013 2753 3068 de
2785 3014 2969 3080 bobus,
3002 3015 3208 3087 inquit,
3239 3034 3373 3073 cura
3402 3026 3479 3074 est
3511 3021 3660 3074 Deo?

2009 3104 2090 3158 An
2145 3111 2366 3175 propter
2416 3119 2514 3158 nos
2570 3103 2856 3174 Scriptura
2910 3103 3043 3160 dicit
3087 3107 3131 3177 (Ι
3173 3107 3293 3162 Cor.
3328 3125 3403 3177 lx,
3433 3106 3662 3179 9,10)?

2011 3193 2325 3248 ostendens
2356 3192 2556 3263 utique
2588 3191 2647 3247 in
2681 3194 2882 3249 eadem
2928 3194 3230 3266 Scriptura
3262 3196 3444 3251 Deum
3477 3195 3660 3268 loqui.

2014 3281 2115 3338 Vel
2148 3281 2289 3337 illud
2317 3281 2650 3338 :Providens
2674 3291 2856 3338 autem
2879 3286 3322 3355 Scriptura,quia
3349 3301 3420 3341 ea:
3447 3285 3662 3358 ﬁdeju-

2010 3373 2210 3441 sti/icat
2238 3377 2426 3440 gentes
2459 3375 2627 3442 Deus,
2663 3373 3059 3443 praenuntiavit
3089 3373 3325 3430 Abrahae
3354 3373 3560 3443 dicens,
3593 3378 3663 3430 In

2011 3463 2218 3515 semine
2241 3463 2336 3516 tuo
2369 3460 2751 3516 benedicentur
2778 3477 2960 3517 omnes
2990 3465 3174 3531 gentes
3214 3463 3413 3533 (Galat.
3452 3481 3534 3531 ιιι,
3580 3463 3660 3534 8).

2014 3551 2203 3620 Ipsam
2237 3549 2595 3619 Scripturam
2630 3566 2731 3620 pro
2758 3549 2874 3604 Deo
2908 3551 3120 3620 posuit,
3146 3551 3283 3620 quia
3314 3551 3410 3606 Dei
3443 3549 3662 3606 est.Vel

2012 3636 2156 3692 illud
2190 3637 2260 3692 de
2289 3637 2604 3699 Abraham,
2637 3639 2699 3692 In
2728 3639 3118 3708 promissione,
3171 3639 3380 3709 inquit,
3428 3640 3525 3694 Dei
3551 3655 3664 3693 non

2012 3728 2288 3784 haesitavit
2320 3726 2722 3791 incrudelitate,
2773 3726 2864 3782 sed
2892 3729 3227 3798 confortatus
3255 3731 3334 3783 est
3361 3728 3488 3798 ﬁde,
3526 3725 3664 3782 dans

2009 3818 2246 3887 gloriam
2269 3821 2452 3881 Deo,et
2472 3817 2790 3886 plenissime
2819 3817 3045 3872 credens
3075 3819 3206 3888 quia
3235 3833 3356 3888 quae
3381 3817 3660 3888 promisit,

2006 3916 2194 3980 potens
2222 3915 2300 3962 est
2339 3909 2392 3962 et
2430 3907 2616 3976 facere
2660 3905 2836 3978 (Rom.
2873 3923 2946 3970 ιν,
2977 3907 3046 3960 20
3076 3906 3188 3977 21).
3221 3906 3436 3961 Contra
3483 3922 3660 3977 quam

2010 3997 2266 4052 divinam
2299 4001 2352 4052 et
2392 3995 2770 4068 apostolicam
2803 4012 3026 4060 vocem,
3059 3996 3221 4050 canis
3254 3995 3362 4051 iste
3397 3996 3662 4051 rabiosus

2010 4086 2326 4156 oblatrans,
2353 4103 2533 4140 ausus
2555 4089 2645 4139 est
2675 4085 2884 4154 dicere,
2918 4085 3213 4139 Abraham
3246 4089 3358 4140 Deo
3389 4101 3494 4140 suo
3527 4101 3665 4155 pro-

2010 4175 2262 4231 mittenti
2289 4173 2507 4246 prolem
2533 4189 2646 4228 non
2681 4172 3305 4244 credidisse,ignorans
3337 4172 3479 4228 illud
3506 4172 3662 4244 quod

2008 4263 2179 4326 ait,Si
2207 4264 2349 4318 mihi
2365 4268 2584 4318 centum
2603 4279 2777 4318 annos
2810 4261 3036 4317 habenti
3056 4267 3312 4317 nascetur
3329 4263 3478 4333 ﬁlius
3500 4262 3660 4332 (Gen.

2007 4372 2140 4420 xvn,
2178 4355 2286 4426 17),
2329 4353 2676 4408 admirantis
2728 4368 2858 4406 esse
2887 4349 3190 4421 gaudium,
3226 4367 3341 4406 non
3391 4350 3660 4407 difﬁden-

2008 4445 2150 4499 tiam
2175 4440 2627 4497 dubitantis.Vel
2650 4439 2792 4494 illud
2813 4458 2824 4495 :
2843 4441 2956 4495 Non
2973 4448 3142 4512 potest
3163 4439 3417 4495 excidere
3436 4440 3664 4496 verbum

2003 4535 2120 4589 Dei.
2146 4533 2258 4588 Non
2289 4533 2438 4586 enim
2466 4547 2651 4586 omnes
2680 4531 2778 4601 qui
2805 4547 2876 4584 ea:
2905 4530 3156 4598 Israel,ii
3170 4538 3298 4584 sunt
3328 4529 3496 4585 Israel
3527 4545 3660 4594 ;ne-

2007 4638 2108 4692 que
2121 4623 2250 4692 quia
2267 4623 2394 4674 sunt
2413 4623 2429 4654 ί
2447 4635 2627 4674 semen
2651 4618 3137 4684 Abraham,omnes
3158 4619 3300 4688 ﬁlii;
3323 4617 3416 4673 sed
3432 4619 3490 4673 in
3506 4619 3663 4674 Isaac

2007 4713 2284 4767 vocabitur
2311 4710 2417 4763 tibi
2443 4725 2632 4763 semen
2650 4707 2788 4769 ,‘hoc
2813 4711 3025 4774 est,non
3058 4709 3101 4762 ii
3124 4709 3224 4778 qui
3249 4709 3357 4778 ﬁlii
3386 4707 3666 4774 carnis,hi

2005 4800 2122 4872 ﬁlii
2151 4801 2285 4860 Dei;
2322 4796 2414 4852 sed
2466 4797 2576 4868 ﬁlii
2618 4796 3000 4868 promissionis
3027 4796 3361 4868 deputantur
3388 4796 3445 4851 in
3481 4812 3660 4851 semen

2006 4890 2179 4962 (Rom.
2215 4905 2292 4955 1x,
2325 4886 2468 4956 6-8),
2502 4884 2604 4940 Vel
2636 4884 2782 4939 illud
2819 4886 2888 4940 de
2928 4885 3047 4940 Elia
3079 4903 3091 4940 :
3129 4886 3228 4940 Sed
3256 4885 3392 4956 quid
3419 4884 3550 4938 dicit
3572 4882 3664 4938 illi

2005 4992 2328 5049 responsum
2351 4973 2872 5045 divinum?Reliqui
2898 4974 3042 5028 mihi
3069 4978 3270 5043 septem
3292 4973 3476 5026 millia
3506 4973 3658 5026 viro-

2007 5085 2154 5133 rnm,
2178 5068 2273 5138 qui
2300 5081 2408 5120 non
2429 5068 2795 5119 curvaverant
2814 5078 2992 5133 genua
3013 5066 3142 5118 ante
3170 5062 3306 5117 Βιιαί
3344 5060 3444 5130 (Id.
3468 5077 3548 5126 x1,
3582 5060 3658 5127 4).

2011 5158 2109 5213 His
2135 5162 2309 5227 atque
2331 5154 2510 5225 hujus
2522 5153 2678 5208 modi
2702 5152 3172 5207 attestationibus
3187 5149 3284 5204 Dei
3304 5148 3436 5204 boni
3461 5153 3517 5202 et
3540 5147 3660 5203 veri

2007 5263 2136 5304 esse
2165 5245 2493 5316 Scripturas
2525 5241 2678 5309 illas,
2698 5258 2844 5312 quas
2876 5241 2985 5295 iste
3017 5239 3402 5310 blasphemat,
3427 5241 3660 5308 aposto-

2009 5337 2122 5392 lica
2146 5333 2515 5390 commendat
2544 5329 2993 5387 auctoritas.Ubi
3017 5333 3213 5383 autem
3237 5327 3411 5381 etiam
3439 5325 3659 5397 aliquid

2010 5444 2082 5483 ne
2113 5422 2448 5480 auctoribus
2471 5420 2744 5475 Gentium
2776 5417 2914 5471 dicit
2942 5415 3399 5486 Apostolus,non
3428 5431 3526 5470 eos
3557 5431 3660 5486 ap-

2011 5514 2189 5587 pellat
2247 5510 2560 5581 Prophetas
2618 5507 2736 5574 Dei,
2781 5522 2884 5559 nec
2943 5505 3174 5559 illarum
3232 5504 3660 5576 scripturarum

2011 5606 2194 5660 Deum
2219 5601 2359 5656 dicit
2387 5604 2680 5653 auctorem
2706 5593 2976 5664 quamvis
3002 5594 3080 5649 ibi
3106 5594 3305 5667 aliqua
3333 5610 3466 5649 vera
3499 5609 3663 5664 repe-

2077 5743 2093 5777 1
2121 5740 2195 5790 Ita
2226 5737 2348 5786 Mss.
2369 5728 2663 5782 secundum
2684 5742 2936 5793 amcam.
2957 5730 3036 5780 At.
3063 5731 3210 5793 editi,
3226 5743 3386 5796 neque
3415 5727 3505 5794 qui
3527 5728 3662 5781 sunt.
