4090 6184
35 146 329 210 ’,πώ

202 359 314 421 649

199 490 532 549 Zachariam
565 504 738 560 quem
762 486 859 543 isti
887 487 1241 558 occiderunt,
1276 487 1709 559 persecutiones
1734 486 1843 541 im-

200 582 495 655 piissimas
516 584 572 634 et
600 577 1087 634 sceleratissimas
1110 576 1498 649 pertulerunt.
1533 577 1677 632 Nam
1704 591 1844 647 quo-

199 670 366 727 modo
391 685 566 741 super
596 668 737 723 istos
769 667 961 722 veniet
992 668 1007 701 ί
1036 667 1270 722 illorum
1294 667 1556 739 sanguis,
1593 666 1691 736 qui
1718 664 1841 720 lon-

198 777 261 834 ge
284 764 417 815 ante
447 760 713 813 vixerunt
763 772 940 828 quam
990 755 1087 811 isti
1143 754 1228 811 vel
1290 759 1693 820 nascerentur,
1728 753 1840 808 nisi

199 850 330 923 quia
370 864 552 902 unum
586 863 797 919 genus,
823 862 940 900 una
970 845 1325 917 conspersio,
1362 861 1479 899 una
1512 860 1705 900 massa
1752 847 1841 898 est

199 939 535 1011 impiorum,
568 934 897 990 imitatione
923 934 1158 990 sibimet
1181 950 1576 990 connexorum
1597 933 1624 988 ?
1655 930 1841 988 Simul

201 1028 369 1085 etiam
404 1026 753 1093 declaratur,
788 1025 849 1079 in
898 1025 1101 1080 eodem
1151 1024 1365 1097 populo
1419 1023 1598 1079 fuisse
1648 1026 1844 1093 justos

202 1124 374 1189 atque
407 1115 723 1187 PrOphetas
747 1114 869 1187 Dei,
904 1130 1155 1185 quorum
1213 1113 1331 1184 isti,
1364 1114 1582 1185 quibus
1616 1112 1736 1167 haec
1763 1110 1845 1167 lo-

204 1208 398 1280 quitur
412 1204 715 1272 Dominus,
742 1203 1108 1258 aedificabant
1124 1202 1411 1275 sepulcra,
1446 1202 1848 1273 ornabantque

204 1299 599 1352 monumenta.
646 1294 813 1365 Pejor
841 1310 977 1365 ergo
1020 1293 1128 1348 iste
1187 1297 1243 1348 et
1272 1291 1587 1347 immanior
1618 1291 1717 1363 qui
1750 1306 1850 1347 eos

203 1386 503 1442 defunctos
529 1383 729 1455 lingua
754 1382 1038 1438 maledica
1062 1381 1299 1449 lacerat,
1333 1382 1549 1454 quibus
1568 1381 1847 1436 honorem

205 1476 371 1531 etiam
406 1473 570 1545 impii
594 1472 961 1539 deferebant;
986 1476 1041 1527 et
1068 1471 1125 1526 in
1158 1471 1417 1526 animam
1451 1487 1618 1525 suam
1644 1470 1849 1525 crude-

204 1564 331 1619 liter
358 1564 603 1619 saeviens
616 1578 713 1617 eos
734 1560 1123 1632 blasphemat,
1149 1576 1285 1615 cum
1318 1560 1459 1615 velit
1475 1559 1653 1614 videri
1687 1558 1845 1614 chri-

208 1655 453 1719 stianus,
486 1668 633 1724 quos
668 1650 983 1721 Prophetas
1024 1654 1081 1705 et
1104 1650 1299 1720 justos
1322 1648 1533 1704 asserit
1556 1648 1843 1703 Christus.

267 1743 358 1797 48.
382 1742 515 1797 Jam
537 1758 670 1796 vero
693 1740 847 1811 quod
872 1740 1191 1811 adjungere
1211 1739 1394 1794 voluit
1412 1743 1645 1793 sanctos
1667 1736 1846 1793 Patri-

212 1828 776 1895 archas,Abraham,
819 1828 1001 1894 Isaac,
1052 1831 1109 1882 et
1144 1826 1342 1894 Jacob,
1377 1828 1469 1881 his
1518 1828 1587 1882 de
1633 1827 1847 1898 quibus

210 1920 477 1977 Dominus
509 1918 608 1984 ait,
642 1921 831 1974 Patres
861 1919 1027 1971 vestri
1057 1916 1529 1971 manducaverunt
1558 1933 1767 1971 manna
1788 1918 1849 1970 in

211 2012 436 2077 deserto,
455 2012 503 2064 et
522 2009 884 2071 mortuisunl,
901 2006 1040 2077 quia
1052 2010 1107 2061 et
1124 2006 1218 2061 isti
1243 2010 1435 2077 patres
1458 2008 1667 2060 mortui
1687 2010 1844 2073 sunt;

214 2105 399 2155 utrum
418 2097 846 2165 fraudulentus,
862 2112 934 2150 an
954 2111 1139 2151 caecus
1162 2094 1239 2150 sit
1256 2094 1450 2166 potius
1466 2095 1846 2164 judicandus,

212 2189 487 2244 incertum
510 2190 617 2241 est.
652 2185 761 2241 Sed
792 2183 1094 2255 quodlibet
1109 2200 1313 2239 eorum
1338 2183 1848 2255 eligat,dctestan-

212 2278 310 2333 dus
337 2280 450 2331 est.
490 2275 632 2329 Hinc
664 2274 817 2329 enim
839 2273 947 2328 hoc
979 2271 1849 2343 ostenderevoluit,quiaDomi-

211 2384 311 2421 nus
342 2363 818 2422 commemoratis
835 2363 1053 2418 eisdem
1070 2363 1358 2433 patribus,
1375 2362 1473 2417 ait.
1490 2364 1607 2418 Non
1626 2368 1699 2417 est
1712 2364 1852 2417 Deus

209 2453 655 2524 mortuorum,sed
681 2455 934 2508 vivorum
954 2472 971 2506 :
996 2469 1127 2507 cum
1149 2451 1343 2523 potius
1365 2468 1464 2506 eos
1489 2452 1677 2507 vivere
1690 2452 1851 2506 dixe-

209 2544 584 2600 rit.Adhibito
617 2542 835 2614 quippe
866 2542 1205 2597 testimonio
1237 2542 1308 2596 de
1342 2542 1510 2611 Lege,
1544 2540 1642 2595 ubi
1675 2541 1854 2611 scrip-

207 2640 322 2689 tum
346 2640 459 2695 est,
476 2634 582 2704 Ego
594 2649 717 2688 sum
741 2633 883 2686 Deus
908 2631 1205 2697 Abraham,
1226 2639 1275 2686 et
1295 2632 1433 2685 Deus
1454 2632 1625 2693 Isaae,
1641 2639 1692 2685 et
1714 2631 1852 2685 Deus

207 2724 388 2785 Iacob;
424 2722 712 2793 adjunxit,
749 2722 865 2775 Non
900 2729 977 2775 est
1008 2725 1157 2775 Deus
1186 2725 1548 2790 mortuorum,
1581 2719 1674 2775 sed
1702 2722 1852 2775 vivo-

208 2830 335 2867 rum.
370 2813 443 2867 Et
472 2811 703 2881 adjecit,
738 2808 930 2865 Omnes
960 2811 1114 2865 enim
1144 2810 1233 2863 illi
1255 2811 1450 2864 vivunt
1470 2809 1678 2881 (Matth.
1712 2826 1850 2877 XXII,

210 2902 289 2969 32,
313 2912 369 2958 et
406 2903 537 2957 Luc.
570 2918 661 2968 xx,
685 2902 773 2970 37,
802 2900 892 2970 38)
917 2914 930 2955 :
959 2900 1076 2954 vita
1098 2899 1299 2970 utique
1344 2916 1498 2965 vera,
1551 2915 1666 2971 qua
1704 2899 1856 2969 justi

209 2990 613 3057 vivunt,etiam
646 2989 881 3061 quando
898 3005 1137 3059 corpore
1170 2987 1525 3045 moriuntur.
1549 2989 1658 3045 Sed
1674 3004 1857 3061 quan-

214 3080 277 3135 do
300 3080 423 3135 hasc
456 3078 676 3133 diceret
698 3077 827 3147 iste,
857 3077 905 3131 si
935 3075 1194 3132 viveret?

278 3169 367 3224 49.
406 3170 470 3224 In
496 3167 645 3222 hanc
667 3167 1017 3221 sententiam
1035 3165 1162 3223 vult
1178 3165 1359 3237 accipi
1383 3170 1440 3222 et
1462 3168 1615 3237 quod
1645 3166 1855 3236 aitjDo-

219 3257 410 3314 minus
463 3257 535 3312 ad
585 3256 819 3311 Judaeos
846 3270 858 3308 :
892 3256 1072 3325 Neque
1104 3272 1187 3310 me
1217 3256 1402 3322 nostis,
1434 3271 1608 3326 neque
1635 3257 1859 3311 Patrem

212 3364 387 3404 meum
416 3364 431 3414 ;
464 3345 555 3401 sed
585 3362 683 3399 nec
712 3345 930 3399 verbum
960 3344 1060 3399 Dei
1096 3343 1306 3399 habetis
1344 3345 1405 3398 in
1452 3346 1600 3400 vobis
1628 3362 1857 3401 manens

216 3438 381 3507 (Joan.
407 3435 666 3506 vm,19).
690 3433 852 3497 Quod
904 3433 1107 3504 utique
1156 3434 1511 3489 contrarium
1549 3452 1663 3489 non
1696 3438 1783 3490 est
1803 3434 1855 3490 ei

216 3529 357 3598 quod
382 3525 565 3581 dixit:
600 3524 819 3578 Tulistis
839 3523 1050 3579 clavem
1086 3523 1329 3578 scientiae
1348 3541 1371 3587 ;
1391 3524 1500 3593 ipsi
1527 3539 1635 3578 non
1656 3524 1854 3579 introi-

213 3618 321 3683 stis,
353 3620 404 3671 et
437 3631 526 3671 eos
547 3614 643 3685 qui
688 3613 998 3667 introibant
1035 3612 1400 3683 prohibuistis
1451 3614 1602 3683 (Luc.
1636 3630 1713 3679 xx,
1740 3613 1853 3684 52).

212 3705 265 3759 In
296 3703 631 3775 semetipsis
664 3700 815 3758 enim
850 3702 1088 3757 verbum
1117 3701 1216 3756 Dei
1261 3717 1375 3756 non
1408 3700 1721 3771 habebant,
1755 3701 1855 3757 sed

211 3793 502 3851 habebant
532 3792 592 3847 in
644 3790 870 3845 Litteris
902 3806 1048 3861 quas
1108 3788 1400 3861 legebant,
1434 3789 1578 3844 Nam
1611 3790 1656 3845 si
1679 3790 1855 3846 habe-

213 3890 330 3939 rent
358 3884 424 3939 in
458 3880 811 3952 semetipsis,
830 3884 888 3935 et
908 3880 1019 3951 ipsi
1043 3877 1355 3945 intrarent,
1378 3882 1434 3933 et
1452 3878 1595 3935 alios
1618 3880 1854 3946 intrare,

215 3975 635 4045 permitterent.
669 3970 793 4024 Non
828 3970 1045 4023 intrare
1076 3973 1270 4023 autem
1304 3972 1394 4023 est
1423 3986 1537 4023 non
1570 3968 1856 4041 intellige-

218 4078 289 4117 re.
312 4064 460 4118 Ecce
475 4076 657 4133 quare
678 4072 783 4113 nec
804 4058 994 4129 ipsum
1016 4062 1317 4128 noverant,
1333 4074 1437 4113 nec
1454 4059 1581 4129 ejus
1602 4058 1855 4127 Patrem;

218 4152 347 4223 quia
378 4168 498 4207 non
552 4148 955 4219 intelligebant
1007 4147 1161 4217 quod
1220 4146 1530 4218 legebant:
1578 4164 1692 4203 non
1724 4148 1860 4220 quia

218 4240 393 4297 Deum
426 4245 485 4296 et
505 4238 800 4296 Christum
852 4253 966 4292 non
1018 4236 1489 4307 praedicaverant,
1524 4254 1669 4309 quos
1704 4238 1860 4310 lege-

218 4331 499 4386 bant.Hoc
521 4333 609 4385 est
625 4343 761 4401 ergo
774 4326 1011 4391 intrare,
1028 4342 1141 4381 non
1156 4342 1284 4381 esse
1299 4330 1633 4382 contentum
1657 4344 1857 4398 super-

219 4420 335 4477 ﬁcie
366 4417 708 4486 litterte,sed
727 4417 796 4472 ad
832 4416 1108 4471 interiora
1128 4414 1519 4487 intelligentiae
1540 4416 1856 4488 pervenire.

279 4510 369 4563 20.
393 4509 865 4579 Argnmentatur
896 4504 1071 4559 etiam
1103 4504 1174 4559 de
1190 4507 1412 4560 Joanne
1429 4504 1706 4589 Baptista,
1724 4506 1862 4577 quia

218 4597 501 4655 Dominus
532 4596 635 4667 ait,
660 4596 724 4651 In
743 4596 892 4649 natis
910 4593 1209 4648 mulierum
1233 4609 1339 4648 non
1352 4596 1665 4649 exsurrexit
1680 4595 1861 4666 major

218 4687 423 4743 Joanne
456 4686 734 4757 Baptista:
784 4683 881 4755 qui
910 4690 1091 4737 autem
1118 4683 1304 4738 minor
1327 4687 1407 4738 est
1430 4684 1490 4738 in
1512 4699 1681 4753 regno
1708 4683 1865 4740 caelo.

222 4794 362 4848 rum,
394 4776 582 4847 major
606 4780 684 4829 est
714 4773 811 4828 illo
848 4772 1052 4841 (Matth.
1075 4789 1151 4840 x1,
1183 4772 1269 4843 il)
1296 4789 1308 4827 :
1333 4771 1417 4827 ita
1445 4772 1599 4828 velut
1630 4772 1866 4829 ratioci-

225 4869 439 4933 nando,
471 4871 755 4936 tanquam
784 4862 1038 4918 Joannes
1073 4878 1186 4917 non
1213 4862 1497 4933 pertineat
1527 4863 1595 4918 ad
1621 4879 1865 4935 regnum

226 4956 527 5023 caelorum,
561 4959 618 5009 et
648 4953 720 5009 ob
741 4952 850 5007 hoc
902 4950 1087 5006 multo
1120 4951 1315 5007 minus
1350 4952 1538 5007 caeteri
1570 4953 1869 5026 Prophetas

226 5046 381 5102 illius
414 5043 639 5118 populi,
670 5042 885 5114 quibus
907 5041 1093 5110 major
1122 5044 1211 5095 est
1230 5038 1502 5097 Joannes.
1522 5042 1651 5097 Haec
1677 5052 1869 5099 autem

227 5138 399 5192 verba
417 5132 651 5191 Domini
665 5132 895 5188 duobus
912 5129 1099 5185 modis
1113 5136 1359 5200 possunt
1375 5132 1873 5189 rectissimeintel-
1914 5130 1915 5133 “

228 5224 349 5299 ligi.
384 5228 505 5280 Aut
534 5223 690 5279 enim
717 5235 960 5293 regnum
993 5218 1269 5274 caelorum
1302 5220 1615 5291 appellavit
1652 5239 1716 5277 eo
1748 5222 1872 5279 loco

230 5315 516 5370 Dominus
547 5312 701 5384 quod
727 5309 986 5365 nondum
1033 5308 1384 5379 accepimus,
1407 5314 1464 5364 et
1492 5310 1550 5364 in
1582 5328 1695 5381 quo
1729 5329 1873 5367 non-

231 5406 370 5460 dum
404 5420 656 5469 sumus;
690 5400 844 5455 unde
884 5403 945 5453 et
976 5398 1032 5452 in
1066 5398 1179 5453 ﬁne
1227 5399 1491 5455 dicturus
1522 5407 1630 5467 est,
1673 5403 1871 5470 Venite,

231 5494 504 5549 benedicti
524 5492 706 5547 Patris
754 5488 1148 5559 mei,percipite
1192 5503 1419 5557 regnum
1449 5488 1548 5559 (Id.
1579 5507 1703 5556 xxv,
1735 5490 1824 5562 34)
1861 5508 1874 5546 :

230 5588 283 5638 et
309 5583 459 5655 quia
475 5580 553 5636 ibi
575 5583 717 5636 sunt
733 5576 920 5633 sancti
944 5575 1145 5648 Angeli
1162 5576 1205 5644 ²,
1229 5576 1475 5647 quilibet
1490 5577 1547 5632 in
1568 5579 1651 5633 eis
1668 5578 1876 5651 minor,

299 5745 313 5778 ¹
349 5743 447 5792 Er.
480 5739 642 5804 Lugd,
671 5738 808 5789 Ven.
838 5737 966 5804 Lov,
996 5735 1152 5804 uenit.
1208 5801 1214 5804 Α
1254 5737 1323 5804 Μ.

297 5806 321 5843 I
350 5797 581 5870 Aliquot
596 5802 722 5853 Mss.
753 5813 768 5853 ;
798 5802 846 5850 et
873 5799 966 5865 qui
996 5797 1071 5850 ibi
1097 5801 1217 5851 sunt
1235 5798 1439 5865 Angeli.

569 5923 835 5983 Parant.
879 5914 1061 5980 XLII.

1548 355 1778 415 LIBER
1822 356 2252 418 SECUNDUS.

3487 358 3607 421 650

1958 488 2145 559 major
2169 493 2257 545 est
2279 490 2475 560 utique
2506 490 2766 563 quolibet
2803 495 3003 547 sancto
3032 496 3089 547 et
3126 492 3305 563 iusto,
3339 495 3605 563 portante

1955 591 2166 647 corpus
2199 580 2351 648 quod
2385 580 2779 651 corrumpitur
2796 587 2853 637 et
2871 586 3145 653 aggravet
3172 581 3427 636 animam
3450 582 3600 653 (Sap.

1954 680 2028 727 1x,
2058 665 2165 735 15).
2199 668 2314 721 Aut
2338 668 2384 722 si
2411 685 2657 740 regnum
2697 670 2975 725 caelorum
3010 670 3067 725 in
3093 688 3160 725 ea
3183 670 3603 726 sententiaillic

1951 751 2197 825 intelligi
2230 756 2426 822 voluit,
2460 775 2575 829 qua
2605 764 2661 814 et
2706 760 2764 814 in
2801 760 2909 816 hoc
2943 765 3203 832 tempore
3228 760 3597 832 significatur

1950 842 2402 915 Ecclesia,cujus
2416 847 2515 901 lilii
2541 853 2679 903 sunt
2692 866 2893 905 omnes
2908 850 2978 904 ab
2992 848 3357 904 institutione
3372 849 3602 921 generis

1954 934 2195 988 humani
2223 950 2405 1006 usque
2428 954 2603 1003 nunc,
2650 943 2937 1008 quotquot
2984 939 3132 1008 justi
3165 943 3221 994 et
3253 938 3438 993 sancti
3471 953 3599 995 esse

1958 1026 2301 1093 potuerunt;
2337 1026 2593 1096 profecto
2624 1044 2686 1082 se
2704 1027 2898 1098 ipsum
2923 1027 3206 1083 Dominus
3228 1026 3597 1099 signiﬁcavit,

1958 1111 2095 1182 quia
2108 1114 2382 1169 nascendi
2403 1119 2663 1187 tempore
2678 1115 2867 1171 minor
2891 1120 3265 1187 eratJoanne,
3286 1118 3475 1188 major
3496 1134 3600 1173 au-

1958 1205 2074 1255 tem
2103 1202 2426 1259 divinitatis
2482 1205 2804 1260 aeternitate
2861 1212 2917 1261 et
2975 1206 3263 1261 dominica
3294 1211 3599 1277 potestate.

1958 1289 2205 1346 Proinde
2223 1293 2543 1349 secundum
2570 1294 2817 1365 priorem
2843 1294 3264 1366 expositionem
3296 1296 3376 1351 ita
3394 1295 3601 1351 distin-

1959 1380 2154 1451 guitur
2174 1396 2186 1435 :
2210 1382 2272 1435 In
2302 1384 2451 1437 natis
2472 1384 2774 1439 mulierum
2795 1400 2951 1439 nemo
2974 1384 3287 1439 exsurrexit
3308 1387 3494 1452 major
3516 1386 3603 1442 Jo-

1957 1485 2103 1523 anne
2123 1471 2397 1540 Baptista:
2425 1473 2519 1543 qui
2544 1476 2730 1527 autem
2747 1472 2931 1529 minor
2948 1477 3029 1527 est
3046 1474 3106 1527 in
3128 1488 3295 1542 regno
3320 1473 3599 1542 ca'lorum,

1958 1575 2025 1613 ac
2054 1558 2261 1615 deinde
2311 1562 2696 1631 subinfertur,
2744 1563 2925 1631 maior
2970 1563 3068 1617 illo
3119 1570 3210 1619 est.
3265 1562 3599 1617 Secundum

1958 1646 2108 1703 hanc
2134 1654 2329 1704 autem
2362 1652 2740 1722 posteriorem
2772 1651 2891 1707 ita:
2920 1653 2980 1707 In
3012 1654 3155 1707 natis
3182 1653 3480 1707 mulierum
3499 1666 3604 1707 ne-

1955 1752 2046 1792 mo
2068 1742 2383 1795 exsurrexit
2418 1742 2595 1812 major
2621 1743 2829 1797 Joanne
2860 1743 3132 1813 Baptista:
3168 1744 3261 1813 qui
3290 1746 3472 1797 autem
3494 1741 3605 1796 mi-

1956 1842 2058 1881 nor
2086 1832 2184 1895 est,
2210 1846 2275 1884 ac
2297 1829 2506 1885 deinde
2529 1831 2909 1902 subinfertur,
2933 1833 2993 1886 in
3015 1847 3183 1902 regno
3208 1831 3606 1888 etelorumma-

1946 1916 2043 1986 jor
2071 1918 2166 1973 illo
2186 1928 2286 1974 est.
2312 1919 2422 1974 Sed
2446 1924 2689 1991 uterque
2735 1920 3069 1976 intellectus
3116 1938 3293 1993 quam
3334 1920 3604 1990 congruit

1956 2007 2205 2074 veritati,
2237 2013 2355 2063 tam
2383 2008 2705 2064 refellenda:
2738 2010 2916 2080 hujus
2937 2010 3157 2065 sufficit
3205 2010 3469 2065 vanitati.
3516 2009 3604 2065 Si-

1958 2112 2024 2150 ve
2045 2097 2202 2151 enim
2244 2097 2488 2169 quilibet
2541 2098 2791 2170 Angelus
2840 2100 3062 2154 caeteris
3122 2100 3332 2169 minor,
3379 2099 3604 2155 Joanne

1960 2184 2037 2239 sit
2068 2187 2273 2255 major,
2336 2187 2455 2243 sive
2485 2187 2576 2241 hic
2626 2188 2912 2243 Dominus
2952 2187 3337 2260 intelligatur,
3379 2188 3604 2243 Joanne

1960 2292 2316 2345 praecursore
2337 2292 2440 2331 suo
2462 2281 2627 2332 aetate
2652 2278 2862 2349 minor,
2888 2278 3196 2347 majestate
3228 2279 3432 2347 major,
3461 2276 3605 2332 nihil

1962 2365 2096 2419 inde
2129 2365 2429 2437 Prophetis
2460 2367 2678 2421 caeteris
2722 2367 3051 2438 derogatur.
3108 2366 3427 2422 Potuerunt
3447 2367 3606 2422 enim

1962 2470 2092 2509 esse
2122 2454 2332 2509 Joanni
2364 2454 2543 2526 aliqui
2576 2457 2852 2526 aequales,
2878 2456 3138 2527 aliquieo
3163 2456 3418 2511 minores
3447 2473 3459 2523 ;
3485 2454 3609 2511 nul-

1962 2542 2055 2597 lus
2083 2549 2278 2599 autem
2314 2545 2519 2615 major,
2550 2550 2787 2616 prepter
2816 2545 3163 2600 sententiam
3199 2543 3431 2600 Domini
3458 2560 3609 2601 :om-

1964 2649 2066 2687 nes
2090 2640 2281 2687 tamen
2313 2634 2519 2702 sancti,
2555 2638 2612 2688 et
2652 2634 2824 2703 justi,
2855 2638 2913 2689 et
2945 2634 3103 2689 boni.

2034 2721 2260 2777 CAPUT
2290 2722 2383 2777 VI.
2434 2754 2503 2763 —
2557 2724 2646 2777 21.
2682 2722 2784 2777 Sed
2834 2728 3059 2793 Moyses,
3120 2722 3333 2793 inquit,
3388 2738 3605 2777 omnem

1964 2826 2116 2884 spem
2136 2812 2351 2882 futurae
2365 2814 2778 2867 resurrectionis
2802 2814 2860 2865 in
2883 2811 3198 2866 hominibus
3220 2812 3608 2883 exstinxit,qui

1963 2903 2251 2957 mortalem
2278 2918 2391 2957 esse
2420 2902 2667 2957 animam
2695 2901 3200 2972 pronuntiavit,qui
3218 2918 3341 2956 eam
3357 2916 3607 2956 essesan-

1964 2992 2184 3060 guinem
2204 2990 2591 3046 dixit.Deinde
2614 2990 3012 3046 ratiocinando
3026 2992 3257 3063 magnis
3278 2990 3503 3047 viribus
3516 3004 3610 3045 co-

1966 3086 2138 3136 natur
2169 3082 2616 3148 ostendere,non
2640 3097 2768 3136 esse
2791 3079 3048 3136 animam
3072 3079 3503 3152 sanguinem,et
3524 3078 3609 3135 la-

1966 3170 2131 3225 borat
2153 3170 2212 3225 in
2246 3187 2305 3225 re
2337 3168 2663 3235 manifesta,
2700 3186 2814 3225 non
2839 3168 3169 3242 intelligens
3216 3169 3425 3242 Legem
3450 3170 3489 3223 ί.
3515 3166 3609 3223 Sic

1964 3260 2121 3315 enim
2153 3259 2376 3315 dictum
2408 3261 2719 3329 est,Anima
2750 3261 2929 3315 omnis
2947 3260 3133 3314 carnis
3151 3260 3375 3331 sanguis
3403 3258 3610 3325 est(Le-

1964 3351 2066 3404 vit.
2098 3366 2235 3417 xvn,
2272 3350 2391 3421 14);
2427 3348 2718 3420 quomodo
2741 3348 3081 3413 dictumest,
3113 3350 3277 3403 Petra
3305 3354 3425 3404 erat
3449 3346 3607 3403 Chri-

1963 3448 2079 3494 stus
2101 3439 2144 3510 (Ι
2176 3442 2297 3495 Cor.
2330 3454 2384 3505 κ,
2423 3437 2475 3509 4)
2500 3455 2512 3492 :
2538 3454 2652 3492 non
2686 3437 2825 3508 quia
2856 3438 2965 3493 hoc
2996 3442 3138 3505 erat,
3164 3437 3265 3493 sed
3297 3437 3435 3509 quia
3470 3437 3606 3491 hinc

1964 3527 2407 3600 significabatur
2432 3528 2473 3581 ³.
2490 3527 2613 3582 Non
2637 3530 2831 3581 autem
2857 3527 3073 3582 frustra
3103 3532 3209 3581 Lex
3229 3526 3489 3581 animam
3510 3542 3607 3581 vo-

1964 3617 2077 3672 luit
2112 3616 2442 3688 signiticare
2474 3632 2573 3686 per
2602 3616 2973 3687 sanguinem,
3007 3632 3130 3671 rem
3162 3614 3382 3670 scilicet
3406 3614 3606 3669 invisi-

1964 3703 2141 3759 bilem
2161 3720 2261 3775 per
2283 3719 2404 3758 rem
2417 3702 2707 3757 visibilem
2734 3720 2747 3769 ;
2768 3702 2879 3757 nisi
2894 3702 3033 3774 quia
3055 3703 3297 3775 sanguis
3314 3719 3417 3775 per
3431 3718 3606 3758 venas

1966 3807 2170 3848 omnes
2200 3792 2270 3847 ab
2302 3791 2429 3863 ipso
2460 3790 2631 3845 corde
2652 3789 2921 3853 diﬂ‘usus,
2938 3790 2996 3844 in
3012 3794 3209 3845 nostro
3223 3805 3459 3861 corpore
3475 3788 3606 3859 plus

1965 3880 2188 3937 caeteris
2218 3878 2563 3935 humoribus
2593 3878 2987 3950 principatur;
3045 3878 3126 3933 ita
3156 3883 3220 3934 ut
3254 3878 3609 3950 ubicumque

1967 3970 2139 4027 fuerit
2188 3968 2403 4025 vulnus
2425 3967 2735 4039 inﬂictum,
2769 3984 2883 4023 non
2918 3968 3132 4024 humor
3166 3967 3334 4038 alius,
3359 3967 3609 4040 sedipse

1966 4061 2242 4133 procedat
2267 4059 2491 4129 :itaque
2507 4058 2725 4126 anima,
2750 4057 2889 4129 quia
2918 4058 3192 4114 omnibus
3212 4057 3426 4130 quibus
3445 4073 3610 4114 cons-

1966 4154 2161 4205 tamus
2190 4148 2559 4204 invisibiliter
2572 4147 2858 4219 praevalet,
2874 4146 2973 4203 illo
3000 4147 3211 4204 melius
3225 4147 3608 4221 signiﬁcatur,

1967 4240 2120 4311 quod
2134 4237 2409 4295 omnibus
2433 4237 3004 4309 quibusconstamus
3036 4236 3367 4293 visibilibus
3392 4252 3614 4309 prava:

1966 4327 2065 4386 let.

2034 4418 2125 4472 22.
2150 4416 2300 4472 Illud
2324 4419 2519 4471 autem
2544 4415 2699 4486 quod
2718 4414 3030 4487 Apostolus
3052 4416 3307 4487 ait(nam
3324 4419 3381 4472 et
3400 4415 3510 4472 hoc
3526 4419 3610 4470 te-

1969 4505 2315 4563 stimonium
2351 4505 2461 4559 iste
2493 4504 2732 4575 posuit),
2769 4503 2907 4559 Caro
2935 4508 2985 4559 et
3002 4506 3231 4573 sanguis
3258 4520 3489 4576 regnum
3510 4502 3611 4560 Dei

1968 4612 2078 4651 non
2115 4594 2413 4667 possidebit
2442 4593 2464 4627 ³
2487 4610 2501 4662 ;
2526 4608 2641 4648 non
2666 4592 2804 4649 facit
2824 4594 2893 4649 de
2914 4594 3238 4661 anima,sed
3262 4595 3333 4650 de
3355 4609 3612 4651 resurre-

1972 4685 2163 4741 ctione
2183 4682 2443 4755 corporis
2472 4683 2877 4755 quaestionem.
2912 4683 3121 4740 Verum
3154 4687 3211 4740 et
3245 4685 3359 4740 ista
3386 4683 3615 4740 duobus

1974 4774 2166 4830 modis
2196 4772 2458 4829 solvitur.
2476 4771 2756 4827 Autenim
2773 4770 2965 4827 carnis
2987 4776 3044 4828 et
3063 4772 3370 4845 sanguinis
3383 4773 3621 4830 nomine

1976 4863 2407 4935 corruptionem
2425 4861 2618 4917 carnis
2640 4866 2696 4917 et
2716 4861 3023 4934 sanguinis
3037 4863 3548 4934 nuncupavit,qua
3562 4861 3621 4917 in

1978 4970 2108 5009 resu
2119 4952 2402 5007 rrectione
2416 4966 2530 5005 non
2544 4949 2653 5005 erit
2673 4965 2684 5003 :
2706 4954 2807 5004 aut
2820 4966 3052 5005 carnem
3072 4955 3126 5006 et
3140 4951 3506 5023 sanguinem,
3523 4948 3626 5005 ho-

1980 5043 2169 5098 mines
2202 5042 2273 5097 ad
2308 5057 2514 5096 omnes
2539 5037 2841 5094 illecebras
2873 5039 3241 5095 saecularium
3262 5038 3628 5111 voluptatum

1979 5132 2210 5188 carniet
2232 5128 2511 5202 sanguini
2538 5129 2897 5201 deditos,qui
2920 5146 3164 5201 regnum
3184 5130 3279 5185 Dei
3304 5146 3417 5184 non
3442 5127 3629 5200 possi-

1981 5223 2224 5277 debunt.
2253 5222 2437 5276 Totus
2469 5223 2662 5274 autem
2684 5218 2969 5274 istelocus
2992 5218 3295 5290 apostolici
3319 5217 3632 5286 sermonis,

1983 5312 2082 5367 ubi
2109 5311 2393 5382 scriptum
2410 5314 2518 5375 est,
2540 5308 2681 5364 Caro
2712 5311 2761 5364 et
2781 5310 3242 5379 sanguisregnum
3271 5309 3369 5362 Dei
3382 5324 3490 5363 non
3512 5324 3635 5380 pos-

1983 5402 2265 5467 sidebit,si
2282 5397 3246 5469 considereturdiligentius,magis
3262 5396 3637 5469 persuadebit

1987 5490 2418 5562 corruptionem
2451 5488 2643 5542 carnis
2666 5486 2816 5541 sicut
2839 5486 3213 5553 nuncest,his
3234 5503 3367 5542 eum
3388 5488 3638 5542 vocabu-

1990 5580 2063 5637 lis
2096 5579 2389 5651 appellare
2413 5576 2950 5645 voluisse,atquead
2975 5576 3379 5647 exponendum
3404 5575 3543 5648 quid
3558 5574 3642 5631 di-

2053 5683 2071 5715 1
2098 5679 2435 5741 Antiquiores
2465 5674 2692 5741 codices,
2741 5687 2809 5741 ne
2836 5672 3185 5741 intelligamus
3215 5674 3394 5741 legem.

2056 5743 2077 5777 ²
2096 5735 2255 5801 Mss,
2275 5740 2379 5803 Sed
2397 5739 2517 5803 quia
2546 5736 2679 5785 hunc
2706 5735 3031 5803 signﬁeabai.

2057 5806 2079 5842 ⁸
2108 5798 2237 5855 Sola
2262 5798 2424 5852 editio
2456 5802 2600 5860 Lov.,
2631 5813 2733 5850 non
2743 5798 3091 5864 possidebunt.

3247 5920 3324 5985 21
