4090 6184
481 343 589 399 051

479 477 631 526 ceret
652 472 1010 541 adjunxisse,
1043 470 1225 540 Neque
1253 471 1533 537 corruptio
1564 472 2122 540 incorrutionempos-

472 560 686 615 sidebit.
720 558 865 623 Quia
896 575 1030 613 cum
1063 559 1211 613 facta
1259 558 1433 613 fuerit
1453 575 1582 629 quas
1613 558 1672 612 in
1699 558 2122 613 resurrectione

472 653 743 720 speratur
762 647 865 703 illa
894 647 1155 713 matatio,
1171 663 1285 701 non
1300 647 1505 717 utique
1524 647 1847 702 remanebit
1860 646 1979 701 ulla
1994 662 2119 702 cor-

469 755 535 793 ru
548 736 962 810 ptio.Quamvis
976 752 1107 807 ergo
1121 740 1179 791 et
1199 740 1325 808 post
1338 738 1821 791 resurrectionem
1836 736 2118 792 Dominus

469 825 678 881 dixerit
706 825 1012 897 discipulis
1035 826 1179 891 suis,
1202 826 1451 896 Palpate,
1466 827 1517 880 et
1537 825 1869 896 videte,quia
1889 827 2117 897 spiritus

469 932 691 970 carnem
717 919 904 971 etossa
922 930 1034 970 non
1056 914 1238 984 habet,
1260 916 1405 970 sicut
1428 930 1513 969 me
1534 914 1723 970 videtis
1744 914 1943 970 habere
1963 914 2113 987 (Luc.

470 1020 620 1074 xxxv,
648 1004 736 1075 39)
775 1021 788 1059 :
822 1008 1017 1059 tamen
1058 1003 1381 1058 secundum
1410 1003 1803 1059 substantiam
1831 1020 1963 1061 caro
1986 1003 2113 1070 erit,

473 1109 587 1148 non
602 1093 928 1148 secundum
943 1109 1108 1147 corru
1119 1091 1532 1164 ptionem,quaa
1547 1109 1702 1148 nunc
1715 1094 1874 1148 carni
1890 1093 1997 1148 hoc
2016 1110 2119 1149 no-

473 1197 605 1236 men
633 1180 897 1253 imponit.
918 1180 1082 1236 Unde
1110 1180 1508 1252 aitpropbeta,
1536 1183 1736 1238 Omnis
1760 1197 1887 1237 caro
1903 1183 2115 1251 fenum.

471 1270 771 1341 Numquid
793 1270 950 1326 enim
982 1275 1035 1325 et
1066 1269 1298 1325 Domini
1321 1286 1497 1341 quam
1527 1269 1738 1326 levavit
1778 1270 1836 1325 in
1861 1270 2068 1325 coelum
2092 1270 2119 1324 ?

469 1359 591 1423 Quo
625 1375 760 1430 ergo
794 1360 965 1413 modo
996 1357 1305 1430 appellavit
1337 1358 2001 1430 Prophetacarnem,ubi
2016 1358 2115 1426 ait,

472 1447 659 1504 Omnis
678 1448 1011 1518 caro/cnam
1026 1464 1046 1509 ;
1064 1446 1328 1503 dicturus
1342 1448 1563 1519 utique,
1580 1449 1787 1502 Fenum
1799 1449 2115 1515 aruit(lsai.

465 1552 554 1604 η,
577 1539 631 1608 6,
664 1538 719 1609 7)
756 1554 767 1592 :
802 1554 868 1592 eo
903 1536 1070 1592 modo
1096 1541 1155 1591 et
1186 1536 1509 1608 Apostolus
1532 1537 1633 1603 ait,
1655 1536 1800 1593 Caro
1831 1539 2118 1606 etsanguis

465 1644 694 1699 regnum
706 1628 807 1682 Dei
816 1642 924 1681 non
942 1626 1271 1697 possidebit;
1286 1626 1424 1697 quia
1439 1643 1554 1681 non
1569 1626 1649 1680 ibi
1673 1627 1782 1682 erit
1800 1627 2115 1699 corruptio,

469 1733 585 1788 qua
616 1732 771 1771 nunc
793 1716 945 1771 sicut
976 1716 1175 1770 fenum
1216 1720 1427 1771 natura
1481 1714 1674 1771 carnis
1724 1716 1957 1773 arescit.
1989 1715 2114 1770 Non

468 1805 625 1861 enim
656 1804 769 1860 alia
799 1805 1088 1861 sententia
1118 1809 1226 1873 est,
1249 1805 1428 1876 Neque
1446 1808 1733 1877 corruptio
1746 1806 2115 1876 incorruptio-

469 1911 594 1950 nem
619 1894 946 1966 possidebit:
970 1894 1071 1949 sed
1098 1894 1216 1948 haec
1238 1893 1526 1965 repetitio,
1552 1896 1856 1950 sententias
1884 1893 2116 1965 superi-

472 1982 590 2039 oris
612 1988 701 2039 est
717 1982 1038 2054 expositio:
1091 1986 1154 2037 ut
1188 1982 1342 2054 quod
1374 1982 1454 2037 ibi
1503 1983 1726 2038 dictum
1759 1987 1870 2049 est,
1918 1999 2043 2038 caro
2064 1990 2118 2038 et

470 2075 726 2143 sanguis;
760 2072 852 2127 hic
875 2069 1274 2142 intelligamus
1306 2070 1766 2143 corruptionem,
1788 2088 1899 2126 non
1949 2072 2116 2127 subs-

470 2162 715 2216 tantiam
747 2160 939 2216 carnis
964 2176 978 2215 :
1012 2165 1067 2215 et
1086 2160 1241 2231 quod
1268 2158 1348 2213 ibi
1366 2159 1707 2227 dictumest,
1732 2177 1957 2231 regnum
1979 2161 2113 2227 Dei;

470 2249 563 2304 hic
586 2248 987 2322 intelligamus
1036 2249 1557 2320 incorruptionem.
1620 2250 1810 2320 Atque
1843 2249 1924 2303 ita
1967 2247 2115 2303 nihil

468 2338 623 2394 aliud
656 2339 876 2394 dictum
911 2342 1206 2409 putemus,
1242 2336 1378 2392 Caro
1419 2346 1470 2392 et
1498 2340 1728 2406 sanguis
1758 2355 1988 2408 regnum
2010 2339 2117 2393 Dei

465 2444 577 2483 non
600 2428 947 2500 possidebit;
979 2444 1157 2499 quam
1189 2427 1237 2482 si
1271 2427 1578 2494 diceretur,
1615 2428 1902 2499 Corruptio
1933 2428 2112 2483 incor-

466 2519 843 2590 rumptionem
872 2533 983 2573 non
1010 2516 1336 2588 possidebit:
1368 2516 1425 2570 id
1452 2520 1560 2580 est,
1596 2516 1889 2587 corruptio
1922 2516 2114 2571 carnis

468 2612 524 2663 et
554 2606 862 2678 sanguinis
893 2606 954 2663 iu
986 2605 1147 2661 illius
1172 2604 1332 2676 regni
1386 2603 1823 2677 incorruptione
1846 2622 1959 2660 non
1983 2605 2113 2672 erit,

468 2700 704 2768 propter
732 2694 1203 2751 immutationem
1226 2692 1466 2760 scilicet,
1498 2695 1568 2749 de
1592 2711 1709 2765 qua
1731 2711 1865 2749 mox
1885 2693 2116 2751 locutus

469 2786 541 2841 ad
539 2785 755 2855 junxit,
772 2783 994 2857 Oportet
1012 2784 1371 2855 corruptibile
1390 2789 1487 2839 hoc
1504 2784 1730 2839 induere
1743 2785 2117 2856 incorruptio-

470 2892 594 2931 nem
618 2876 662 2947 (Ι
692 2874 811 2931 Cor.
843 2892 934 2940 xv,
956 2875 1046 2941 50,
1069 2874 1181 2943 53).
1217 2878 1301 2929 Ita
1332 2874 1627 2945 corruptio
1678 2890 1803 2945 quas
1846 2874 2038 2929 carnis
2061 2877 2119 2929 et

470 2964 779 3035 sanguinis
809 2963 1043 3018 nomine
1068 2962 1396 3034 signiﬁcata
1433 2966 1543 3030 est,
1577 2963 1635 3016 in
1658 2962 1820 3033 regni
1841 2961 1999 3018 illius
2025 2963 2116 3019 in-

471 3053 841 3124 corruptione
872 3068 985 3108 non
1015 3051 1124 3107 erit
1158 3069 1170 3107 :
1204 3051 1345 3122 quia
1373 3068 1504 3106 caro
1537 3068 1663 3122 quae
1699 3068 1853 3107 nunc
1872 3069 2117 3124 corrup-

469 3140 653 3196 tibilis
684 3145 792 3210 est,
825 3145 966 3196 tunc
997 3144 1224 3195 mutata
1254 3140 1717 3212 incorruptibilis
1747 3139 1873 3196 erit.

537 3230 626 3283 23.
664 3229 890 3301 Moyses
914 3232 1108 3284 autem
1143 3229 1316 3284 homo
1345 3229 1441 3284 Dei
1473 3230 1522 3284 si
1555 3229 1815 3284 animam
1834 3232 2117 3288 credidis-

469 3321 559 3373 set
579 3333 706 3372 esse
738 3316 1065 3383 mortalem,
1098 3317 1252 3389 quod
1294 3317 1496 3387 utique
1532 3317 1879 3374 credidisset
1924 3320 1972 3375 si
1991 3337 2118 3376 eam

469 3405 961 3478 sanguinem,non
994 3404 1572 3478 signiﬁcationis,sed
1597 3407 1974 3479 proprietatis
1990 3425 2121 3464 cau-

470 3512 536 3551 sa
553 3511 681 3551 esse
698 3495 959 3562 dixisset,
994 3512 1109 3550 non
1133 3494 1245 3551 alio
1276 3493 1401 3551 loco
1416 3495 1633 3551 diceret
1662 3513 1676 3551 :
1712 3497 1901 3553 Omnis
1925 3500 2021 3569 qui
2042 3502 2117 3553 te-

472 3585 667 3658 tigerit
697 3593 975 3640 mortuum
1001 3584 1067 3640 ab
1090 3586 1241 3640 omni
1268 3586 1466 3640 anima
1498 3584 1756 3653 hominis,
1789 3595 1844 3642 et
1879 3591 2125 3643 mortuus

473 3674 665 3746 fuerit,
689 3680 743 3729 et
782 3690 891 3730 non
920 3676 1092 3745 fuerit
1120 3673 1893 3745 puriﬁcatus,tabernaculum
1906 3677 2126 3732 Domini

475 3765 708 3833 polluit:
729 3767 1007 3821 exteretur
1028 3765 1043 3797 ¹
1060 3765 1256 3819 anima
1274 3764 1376 3819 illa
1396 3764 1645 3819 exlsrael
1666 3784 1687 3832 ;
1707 3766 1970 3836 quoniam
1982 3782 2127 3838 aqua

480 3855 757 3925 aspersion
767 3855 810 3909 is
825 3869 934 3907 non
956 3857 1032 3907 est
1056 3854 1451 3921 circumspersa
1466 3868 1628 3924 super
1657 3855 2125 3921 eum,immundus

482 3952 582 4011 est,
615 3942 793 3997 adhuc
822 3941 1180 3997 immunditia
1197 3944 1313 4008 eius
1335 3944 1393 3996 in
1410 3944 1525 4013 ipso
1554 3945 1632 3998 est
1661 3942 1843 4014 (Num.
1866 3961 1978 4012 χιι,
2015 3946 2123 4017 13).

484 4031 682 4087 Adhuc
712 4030 913 4101 utique
936 4032 1101 4097 dixit,
1134 4029 1309 4085 etiam
1332 4035 1463 4101 post
1485 4032 1901 4105 mortem,quia
1914 4049 2025 4088 non
2041 4039 2129 4090 est

482 4121 825 4191 puriﬁcatus
845 4136 857 4177 :
877 4120 974 4174 ubi
990 4120 1425 4191 praeﬂguratum
1439 4118 1735 4176 lavacrum
1751 4123 2130 4193 regeneratio-

483 4210 576 4265 nis
607 4209 900 4282 intelligit,
934 4210 1089 4281 quod
1122 4225 1279 4264 nunc
1310 4208 1606 4280 accipiunt
1635 4208 1733 4280 qui
1757 4209 2129 4279 baptizantur

480 4299 541 4354 in
564 4298 811 4370 Christo,
844 4298 1111 4370 quisquis
1134 4298 1300 4353 audit
1328 4297 1593 4361 ﬁdeliter,
1622 4297 1684 4352 Si
1710 4298 1998 4354 crederetis
2016 4300 2123 4357 Μο-

478 4389 585 4459 ysi,
617 4388 906 4445 crederetis
934 4391 985 4443 et
999 4387 1141 4443 mihi
1158 4404 1179 4451 ;
1208 4387 1274 4443 de
1292 4402 1379 4443 me
1400 4385 1681 4443 enimille
1705 4388 2120 4461 scripsit(Joan.

478 4494 532 4545 ν,
568 4478 674 4544 46).

552 4566 780 4622 CAPUT
819 4567 937 4622 VII.
970 4568 1127 4622 -24
1159 4567 1307 4632 Quid
1332 4571 1526 4623 autem
1558 4568 1795 4634 mirum,
1831 4569 1875 4622 si
1898 4569 2006 4624 iste
2033 4570 2121 4624 in-

480 4653 617 4711 felix
648 4671 681 4710 a
709 4653 838 4710 luce
867 4654 1126 4710 veritatis
1158 4662 1477 4722 aversus,et
1498 4655 1570 4711 ob
1593 4654 1701 4709 hoc
1725 4653 1838 4709 luci
1864 4654 2120 4713 veritatis

478 4745 851 4809 adversus,ea
873 4760 999 4816 qua:
1020 4761 1132 4799 non
1156 4743 1430 4815 intelligit
1460 4743 1519 4798 in
1541 4743 1697 4799 Novo
1719 4743 2116 4814 Testamento,

476 4834 679 4905 objicit
707 4832 898 4889 Veteri
919 4835 1286 4890 Testamento
1303 4833 1331 4887 ?
1353 4832 1514 4889 Sicut
1534 4831 1710 4888 etiam
1728 4831 1871 4888 illud
1896 4834 2117 4906 dsapo-

474 4922 620 4979 stolo
654 4922 851 4990 Paulo,
884 4923 982 4977 ubi
1006 4923 1089 4978 ait
1110 4923 1180 4978 ad
1202 4921 1529 4978 Corinthios
1554 4939 1566 4977 :
1594 4920 1739 4990 Quod
1766 4923 1817 4976 si
1832 4924 2116 4978 ministra-

472 5014 548 5068 tio
576 5014 854 5079 mortis,in
884 5011 1081 5068 litteris
1111 5015 1349 5083 formata
1369 5010 1620 5081 lapideis,
1640 5013 1785 5078 [acta
1813 5020 1893 5066 est
1922 5013 1983 5065 in.
2001 5014 2117 5083 glo-

472 5104 562 5156 ria
593 5103 635 5172 9,
669 5103 821 5157 itaut
847 5118 961 5157 non
977 5102 1312 5173 possent/itii
1341 5100 1511 5154 Israel
1535 5099 1817 5155 intendere
1842 5102 1901 5154 in
1916 5103 2116 5171 faciem

468 5193 670 5262 Moysi,
692 5200 917 5262 propter
953 5192 1193 5262 gloriam
1236 5189 1419 5245 vultus
1448 5189 1586 5260 ejus,
1617 5203 1741 5260 quae
1767 5188 2108 5262 destruitur;

470 5296 646 5350 quare
656 5296 763 5335 non
780 5282 957 5349 magis
968 5281 1304 5335 ministratio
1316 5277 1546 5349 spiritus
1558 5278 1664 5331 erit
1682 5279 1740 5331 in
1751 5279 1957 5349 gloria?
1970 5281 2114 5336 Nam

468 5369 516 5421 si
528 5370 859 5425 ministratio
871 5370 1247 5424 damnationis
1263 5368 1440 5438 gloria
1451 5366 1735 5431 est,multo
1748 5368 1927 5437 magis
1943 5371 2111 5425 mini—

466 5457 1187 5526 stratiojutitiaeabundabit
1199 5459 1255 5512 in
1268 5456 1697 5529 gloria.Etenim
1715 5472 1823 5510 non
1834 5457 2112 5527 gloriﬁca-

534 5589 555 5650 17
572 5586 736 5650 Editi,
768 5594 1072 5650 exsecretur.
1116 5590 1183 5639 At
1213 5588 1356 5650 Mss.,
1413 5590 1715 5641 exteretur:
1749 5593 1970 5650 excepto
2004 5603 2111 5641 uno

468 5648 647 5697 codice
680 5648 969 5714 sorbonico
1000 5653 1094 5714 qui
1122 5652 1301 5712 habet,
1325 5648 1771 5700 exterminabitur.
1802 5648 1957 5714 Apud
1987 5654 2111 5704 LXX

466 5722 635 5773 graece
668 5712 762 5773 est,
777 5709 1113 5773 ektribese'toi.

530 5773 552 5810 ³
571 5772 645 5822 ita
672 5771 796 5823 Mss.
827 5771 965 5821 Editi
994 5787 1143 5833 vero,
1177 5777 1233 5824 in
1260 5774 1499 5837 gloriam.

882 340 1187 398 CONTRA
1241 337 1808 398 ADVlﬂlia‘AtiIUM
1852 334 2073 397 LEGiS
2125 336 2221 394 ET
2266 334 2882 410 PltOPliETAllUM,
2933 337 2991 394 S.
3040 334 3461 396 AUGUSTINI

3725 344 3825 407 652

2230 472 2350 521 tum
2380 472 2462 522 est
2494 470 2550 522 in
2585 468 2685 521 hac
2713 466 3095 537 parteidquod
3108 465 3445 522 declaratum
3462 472 3533 523 est
3541 479 3826 544 propter”-

2230 557 2522 612 cellentem
2570 555 2905 611 claritatem.
2934 557 3073 611 Nam
3113 558 3162 610 si
3194 554 3249 610 id
3276 558 3415 627 quod
3458 559 3743 633 destruiter,
3779 569 3828 622 in

2228 646 2408 713 gloria
2437 654 2554 706 est;
2585 645 2756 701 multo
2769 646 2943 716 magis
2958 644 3097 699 illud
3109 645 3248 715 quod
3278 650 3543 716 manet,in
3571 651 3727 719 gloria
3748 660 3825 709 est.

2229 735 2346 791 Hoc
2370 737 2541 791 modo
2575 736 2683 792 iste
2704 736 2900 808 posuit
2914 737 3089 791 verba
3112 736 3445 808 apostolica,
3467 754 3565 794 nec
3582 757 3613 794 a
3630 742 3832 801 meliore

2227 826 2704 898 interpretatione
2736 826 3053 897 plurimum
3072 826 3267 882 distat.
3285 826 3428 891 Quia
3455 843 3583 899 ergo
3611 829 3834 890 dictaest

2224 916 2561 970 ministratio
2581 916 2770 970 mortis
2782 916 2841 970 in
2854 915 3057 970 litteris
3075 916 3322 984 [ormata
3351 914 3721 986 lapideis,hinc
3738 922 3834 976 exi-

2228 1004 2431 1060 stimat
2460 1004 2615 1075 quod
2644 1004 2816 1058 morti
2839 1003 3254 1059 ministraverit
3272 1004 3514 1076 Moyses,
3534 1004 3589 1060 id
3602 1010 3841 1074 est,mor-

2224 1092 2302 1149 tis
2332 1092 3520 1165 auctori,malignoscilicetspiritui,quem
3539 1096 3726 1150 mundi
3744 1097 3839 1153 hu-

2219 1182 2321 1253 jus
2335 1183 2442 1237 iste
2455 1182 2727 1253 opinatur
2743 1186 3037 1236 auctorem
3058 1197 3070 1235 :
3090 1181 3367 1253 ignorans
3390 1181 3838 1242 ministrationem

2228 1270 2436 1326 mortis
2465 1270 2680 1325 dictam
2705 1270 2935 1342 Legem,
2956 1271 3277 1325 secundum
3300 1270 3442 1325 illud
3461 1272 3609 1342 quod
3630 1272 3846 1329 alibidi-

2228 1358 2325 1429 cit,
2356 1360 2568 1414 Littera
2599 1360 2812 1424 occidit,
2844 1362 3074 1430 spiritus
3094 1370 3281 1414 autem
3312 1360 3629 1430 viviﬁeat(ll
3662 1360 3846 1429 Cornu,

2224 1449 2312 1503 6-4
2329 1450 2400 1521 1).
2436 1449 2549 1504 Lex
2579 1448 2734 1503 enim
2781 1449 3048 1518 quamvis
3083 1450 3250 1519 justa
3279 1452 3337 1504 et
3358 1455 3557 1503 sancta
3598 1456 3653 1504 et
3693 1451 3845 1519 bona,

2226 1538 2771 1609 preevaricatoribus
2789 1522 2991 1592 inttilit
3005 1542 3430 1609 mortem,quos
3449 1539 3541 1593 Dei
3562 1539 3737 1610 gratia
3748 1555 3848 1594 non

2226 1626 2448 1697 adjuvit
2495 1626 2567 1680 ad
2609 1624 2902 1695 justitiam
2948 1623 3117 1697 Legis
3156 1624 3539 1696 implendam.
3569 1623 3853 1695 Oportebat

2225 1714 2381 1769 enim
2412 1719 2477 1770 ut
2505 1717 2879 1770 Testamento
2898 1717 3104 1768 Vetere
3124 1718 3232 1768 Lex
3254 1713 3647 1784 imponeretur
3670 1730 3852 1785 super-

2224 1802 2402 1873 bis,et
2429 1804 2500 1859 de
2533 1820 2650 1859 sua:
2682 1802 2999 1858 voluntatis
3032 1802 3242 1857 virtute
3274 1802 3734 1874 ﬁdentibus,quee
3756 1819 3856 1858 non

2224 1892 2386 1947 daret
2402 1892 2722 1962 justitiam,
2748 1892 2847 1947 sed
2869 1892 3138 1962 juberet;
3188 1908 3255 1946 ac
3285 1892 3372 1947 sic
3406 1896 3587 1947 morte
3612 1890 3859 1962 praevari-

2225 1982 2474 2037 cationis
2504 1980 2792 2051 impliciti,
2817 1982 2885 2035 ad
2919 1980 3171 2052 gratiam
3209 1980 3611 2053 confugerent,
3643 1996 3749 2035 non
3772 1982 3855 2050 ju-

2223 2070 2461 2125 bentem
2488 2069 3027 2137 tantummodo,sed
3052 2070 3382 2140 juvantem,
3417 2086 3542 2140 quas
3576 2069 3721 2126 Novo
3737 2069 3859 2123 Tes-

2224 2163 2482 2216 tamento
2504 2164 2593 2214 est
2612 2158 3036 2214 revelata.Hinc
3059 2163 3271 2230 putant
3302 2158 3404 2213 isti
3430 2158 3746 2213 divinorum
3767 2157 3865 2214 elo-

2224 2248 2499 2319 quiorum
2530 2246 3283 2319 blasphematores,malam
3302 2247 3488 2303 fuisse
3521 2248 3716 2319 Legem
3755 2262 3867 2318 quas

2223 2336 2359 2392 data
2388 2341 2476 2392 est
2506 2354 2608 2408 per
2629 2336 2886 2408 Moysen,
2904 2336 3043 2407 quia
3058 2336 3217 2391 dicta
3237 2342 3327 2391 est
3351 2338 3689 2392 ministratio
3717 2351 3855 2390 mor-

2225 2428 2297 2482 tis
2326 2428 2387 2481 in
2419 2427 2615 2481 litteris
2646 2425 2883 2497 ﬁgurata
2911 2424 3142 2497 lapideis
3171 2444 3193 2479 .”
3224 2442 3338 2481 non
3374 2426 3668 2481 intuentes
3707 2441 3865 2496 prop-

2224 2522 2313 2571 ter
2340 2532 2439 2571 eos
2468 2532 2596 2571 esse
2626 2514 2875 2582 dictum,
2908 2514 3008 2586 qui
3031 2530 3138 2569 suo
3197 2512 3383 2570 libero
3416 2513 3651 2570 arbitrio
3674 2519 3863 2585 Legem

2226 2604 2495 2659 sufficere
2528 2603 2981 2671 arbitrabantur,
3008 2606 3066 2657 et
3085 2602 3295 2673 spiritu
3319 2604 3521 2674 gratias
3534 2618 3645 2657 non
3669 2600 3860 2671 adjuti,

2226 2694 2307 2749 rei
2330 2692 2820 2765 praevaricationis
2851 2693 2962 2747 sub
3000 2692 3263 2763 ejusdem
3299 2692 3469 2763 Legis
3502 2692 3690 2747 littera
3716 2695 3859 2745 tene-

2225 2785 2457 2838 bantur.
2495 2782 2655 2838 Unde
2669 2781 2982 2847 alibidicit,
3006 2782 3122 2836 Lex:
3142 2783 3593 2852 iramoperatur:
3622 2782 3715 2835 ubi
3728 2780 3862 2833 enim

2226 2874 2315 2928 lea:
2342 2889 2453 2927 non
2481 2876 2576 2941 est,
2600 2888 2697 2926 nec
2735 2872 3123 2942 prmvaricatio
3153 2872 3326 2941 (Rom.
3363 2888 3437 2939 IV,
3475 2873 3542 2926 15
3583 2886 3596 2926 :
3632 2869 3760 2924 hinc
3790 2884 3870 2922 os-

2225 2962 2469 3016 tendens
2501 2962 2655 3015 unde
2687 2960 3031 3024 dixerit,Le:e
3060 2961 3203 3014 iram
3229 2955 3869 3030 operatur.Nequeenim

2227 3052 2354 3122 ejus
2371 3050 2766 3122 praevaricatio
2792 3048 3254 3116 malaesset,nisi
3275 3049 3387 3103 Lex
3402 3050 3531 3121 ipsa
3554 3048 3870 3104 bonaesset.

2296 3141 2385 3194 25.
2416 3138 2663 3196 Multum
2687 3142 2774 3195 est
2803 3141 2861 3193 et
2892 3137 3068 3193 nimis
3100 3136 3344 3209 longum
3370 3134 3866 3210 colligere,quain

2228 3231 2378 3285 hanc
2394 3228 2746 3284 sententiam
2769 3228 2975 3283 beatus
3007 3226 3147 3281 dicit
3166 3227 3505 3298 Apostolus,
3537 3229 3741 3299 Legem
3764 3224 3874 3279 dis-

2225 3317 2754 3389 tinguensagratia
2777 3334 2790 3384 ;
2815 3333 2881 3371 eo
2913 3316 3067 3386 quod
3101 3317 3209 3370 sub
3248 3314 3351 3371 illa
3392 3315 3689 3372 elidentur
3721 3312 3867 3380 elati,

2229 3408 2337 3463 sub
2361 3408 2476 3462 ista
2506 3405 2809 3478 erigantur
2838 3404 2967 3460 elisi
2993 3422 3006 3473 ;
3032 3408 3088 3459 et
3116 3405 3271 3477 quod
3305 3404 3408 3460 illa
3439 3405 3499 3460 in
3532 3410 3757 3460 tantum
3780 3403 3871 3457 bo-

2230 3514 2307 3552 na
2338 3496 2414 3551 sit
2436 3500 2500 3550 ut
2528 3496 2681 3551 bona
2702 3494 2925 3565 jubeat,
2958 3493 3079 3548 haec
3111 3499 3337 3549 tantum
3375 3498 3393 3530 ί
3432 3499 3498 3549 ut
3528 3491 3876 3549 bonaconfe-

2232 3590 2335 3643 rat.
2384 3584 2488 3640 Illa
2511 3584 2752 3656 justitiaa
2786 3583 2924 3639 facit
2952 3583 3300 3654 auditorem,
3335 3583 3457 3640 ista
3486 3584 3783 3639 factorem.
3817 3580 3876 3636 Et

2233 3676 2359 3729 ideo
2382 3673 2490 3729 sub
2526 3672 2627 3728 illa
2680 3675 2966 3744 peccator,
3002 3672 3245 3743 insuper
3273 3672 3454 3728 etiam
3487 3671 3880 3745 praevaricator

2235 3763 2456 3819 amissa
2484 3761 2857 3817 excusatione
2880 3761 3221 3833 ignorantiae
3252 3762 3559 3817 convictus
3576 3762 3757 3831 jacet:
3778 3756 3876 3813 sub

2235 3853 2349 3909 ista
2368 3868 2501 3906 vero
2525 3857 2582 3906 et
2604 3855 2874 3922 parcente
2902 3855 2958 3905 et
2987 3848 3451 3921 opitulante,nec
3473 3851 3575 3922 qui
3596 3851 3618 3885 ⁸
3640 3847 3880 3905 malaest

2237 3945 2507 4012 operatus
2524 3940 2931 4009 exstinguitur,
2950 3942 3007 3994 et
3037 3942 3101 3993 ut
3134 3938 3285 3994 bona
3314 3944 3598 4011 operetur
3622 3935 3881 3995 accendi-

2239 4037 2351 4086 tur.
2387 4030 2532 4096 Quid
2557 4046 2687 4100 ergo
2718 4034 2805 4084 est
2836 4028 3072 4098 mirum,
3105 4028 3153 4083 si
3186 4027 3285 4084 illa
3307 4028 3472 4084 dicta
3489 4034 3581 4085 est
3608 4030 3880 4083 ministra-

2238 4122 2312 4176 tio
2356 4121 2569 4187 mortis,
2630 4118 2729 4173 ubi
2775 4116 2967 4172 littera
2990 4117 3223 4182 occidit,
3258 4116 3484 4173 malum
3528 4114 3880 4190 prohibendo

2236 4209 2389 4279 quod
2430 4209 2514 4278 fit,
2547 4212 2603 4262 et
2643 4207 2865 4261 bonum
2900 4206 3239 4277 imperando
3271 4209 3430 4277 quod
3478 4224 3595 4263 non
3645 4207 3747 4273 ﬁt;
3778 4204 3882 4260 ista

2232 4314 2365 4353 vero
2396 4297 2549 4351 dicta
2560 4300 2647 4350 est
2660 4297 3003 4351 ministratio
3018 4298 3267 4367 spiritus,
3287 4296 3497 4369 utique
3517 4292 3878 4360 viviﬁcantis,

2232 4392 2297 4442 ut
2326 4403 2359 4441 a
2388 4383 2877 4457 praevaricationis
2908 4388 3091 4440 morte
3142 4400 3484 4457 surgamus,
3504 4389 3563 4440 et
3583 4382 3872 4456 justitiam

2232 4493 2347 4532 non
2378 4476 2457 4531 rei
2482 4474 2750 4547 legamus
2780 4472 2838 4528 in
2855 4471 3201 4542 tabulis,sed
3231 4471 3399 4528 liberi
3428 4473 3491 4529 in
3524 4474 3800 4529 cordibus
3829 4473 3883 4525 et

2230 4566 2289 4620 in
2322 4564 2584 4620 moribus
2614 4560 2982 4618 habeamus?
3022 4565 3142 4617 Hoc
3185 4567 3274 4617 est
3312 4563 3761 4619 Testamentum
3783 4560 3883 4616 No-

2226 4672 2367 4711 vum
2398 4654 2625 4709 distans
2647 4670 2681 4707 a
2710 4651 2913 4707 Vetere
2936 4670 2949 4721 ;
2970 4654 3108 4723 quia
3128 4650 3206 4706 ibi
3228 4655 3394 4708 vetus
3410 4652 3593 4708 homo
3626 4648 3882 4708 formidi-

2228 4744 2319 4801 nis
2342 4747 2668 4800 coarctatur
2689 4738 3001 4813 angustiis,
3035 4740 3128 4797 hic
3162 4757 3346 4798 novus
3395 4740 3578 4799 homo
3602 4740 3884 4814 spatiatur

2226 4832 2532 4891 latitudine
2561 4831 2881 4887 charitatis.

2294 4925 2383 4979 26.
2417 4922 2579 4988 Quod
2603 4924 2799 4976 autem
2815 4919 3035 4975 dictum
3054 4924 3143 4976 est
3156 4920 3227 4975 de
3244 4920 3519 4977 ministro
3534 4920 3766 4977 Veteris
3779 4916 3879 4975 Te-

2227 5010 2497 5068 stamenti
2523 5010 2712 5082 Moyse
2722 5026 2776 5080 ,q
2786 5008 2895 5063 uod
2912 5025 3023 5064 non
3033 5014 3289 5080 poterant
3303 5011 3604 5067 intendere
3615 5009 3735 5081 ﬁlii
3750 5010 3882 5065 Isra-

2223 5102 2276 5157 el
2305 5102 2364 5155 in
2392 5102 2590 5171 faciem
2611 5099 2997 5169 ejus,propter
3024 5099 3265 5167 gloriam
3298 5100 3479 5155 vultus
3494 5098 3879 5169 eius,signum

2224 5195 2346 5247 erat
2375 5189 2513 5261 quia
2534 5188 2591 5242 in
2624 5187 2765 5258 Lege
2786 5186 3081 5243 Christum
3106 5187 3455 5244 intellecturi
3476 5204 3595 5243 non
3621 5181 3879 5242 erant.Et

2223 5279 2350 5335 ideo
2365 5277 2624 5333 velamen
2637 5276 2789 5331 inter
2802 5276 3005 5332 faciem
3021 5277 3201 5349 Moysi
3214 5278 3295 5334 eti
3302 5294 3437 5349 psos
3457 5276 3719 5348 positum
3740 5276 3877 5333 erat,

2222 5375 2282 5424 ut
2302 5385 2411 5425 non
2442 5366 2963 5435 intenderent,sicut
2980 5366 3265 5436 scriptum
3291 5366 3705 5437 est,ﬁliiIsrael
3718 5375 3880 5434 usque

2285 5658 2300 5690 ί
2336 5654 2492 5711 Editi,
2522 5653 2625 5702 haec
2652 5651 2708 5716 in
2742 5653 2965 5701 tantum.
2986 5651 3335 5716 ,Atpleriqus
3357 5664 3416 5701 ac
3444 5649 3703 5702 meliores
3731 5646 3873 5706 Msa,

2220 5718 2327 5766 haec
2357 5718 2558 5765 tantum
2585 5729 2598 5763 :
2629 5715 2830 5777 absque
2858 5714 3140 5777 particula,
3160 5716 3234 5765 in.

2282 5781 2303 5815 ³
2328 5779 2488 5843 Editi,
2514 5791 2606 5827 nec
2632 5773 2775 5841 quia.
2806 5773 3044 5829 Potiores
3073 5773 3218 5845 Msa;
3246 5790 3339 5829 nec
3360 5773 3469 5844 qui.
