4090 6184
250 416 362 479 653

1599 416 1828 477 LIBER
1874 414 2311 479 SECUNDUS.

3541 426 3661 489 654

247 554 302 606 in
333 552 501 622 ﬁnem
528 552 605 622 (a)
628 551 700 623 (ΙΙ
735 551 854 607 Cor.
889 568 972 621 III,
1008 551 1115 623 13).
1147 551 1308 607 Finis
1340 555 1536 607 autem
1565 548 1728 620 Legis
1765 548 1899 619 quis
2007 552 2501 621 concupiscentiam
2529 554 2855 621 nesciebam,
2880 555 2993 609 nisi
3024 559 3138 611 Lex
3155 556 3377 625 diceret,
3403 560 3519 615 Non
3542 576 3666 616 con-

246 641 361 697 est?
378 641 462 695 Ad
488 640 594 695 hoc
617 658 732 697 non
756 658 881 713 ego,
907 641 1007 696 sed
1032 640 1347 713 Apostolus
1368 641 1492 713 ipse
1516 639 1894 711 respondeat:

2007 638 2563 707 cupisces.0ccasione
2581 652 2762 698 autem
2784 653 3001 715 accepta
3010 655 3293 716 peccatum
3308 663 3409 719 per
3428 649 3661 705 manda-

244 730 392 784 Finis
409 730 558 784 enim
581 730 760 798 Legis,
789 729 995 801 inquit,
1038 731 1309 800 Christus,
1338 730 1407 785 ad
1422 730 1703 801 justitiam
1747 728 1901 783 omni
2009 730 2124 781 tum
2144 733 2416 797 operatem
2435 735 2509 784 est
2541 733 2599 785 in
2621 749 2705 787 me
2732 748 2945 789 omnem
2968 738 3490 807 concupiscentiam.
3524 738 3657 796 Sine

243 819 678 888 credenti(Rom.
703 836 758 889 x,
779 820 854 888 4).
875 820 1033 875 Finis
1047 819 1493 891 perﬁciens,non
1518 816 1895 874 interﬁciens.

243 907 398 964 Finis
421 908 637 981 quippe
660 907 873 963 dicitur
896 914 1131 981 propter
1152 926 1327 981 quem
1352 909 1503 964 ﬁunt
1525 906 1722 964 omnia
1739 922 1897 978 quaa-

243 1013 493 1068 cumque
519 997 715 1069 aliquo
757 998 904 1053 ﬁunt
936 998 1148 1055 ofﬁcio.
1183 999 1326 1056 Nam
1354 997 1506 1053 inter
1538 995 1798 1051 ofﬁcium
1835 997 1892 1049 et

241 1086 411 1142 ﬁnem
440 1086 551 1142 hoc
574 1086 775 1155 distat,
800 1088 955 1158 quod
979 1088 1236 1144 ofﬁcium
1256 1091 1344 1143 est
1366 1087 1425 1142 in
1439 1087 1523 1143 eis
1549 1103 1677 1158 qum
1704 1085 1889 1140 facere

240 1176 539 1244 debemus,
573 1176 708 1231 ﬁnis
741 1181 976 1249 propter
996 1194 1172 1249 quem
1205 1176 1472 1233 facimus.
1507 1174 1653 1240 Quia
1690 1176 1887 1246 itaque

235 1265 328 1320 illa
359 1265 556 1321 omnia
582 1270 819 1338 propter
848 1266 1145 1323 Christum
1191 1268 1425 1336 ﬁebant,
1460 1281 1636 1337 quem
1671 1263 1775 1319 ﬁlii
1804 1268 1885 1319 Is-

238 1354 346 1410 rael
372 1355 431 1409 in
462 1355 546 1411 eis
581 1372 707 1426 quas
745 1356 961 1412 ﬁebant
1006 1373 1119 1412 non
1174 1355 1619 1428 intelligebant;
1653 1354 1762 1409 hoc
1805 1352 1885 1408 si-

237 1443 547 1517 gniﬁcabat
578 1445 864 1514 velamen,
898 1446 1051 1517 quod
1099 1462 1197 1501 eos
1229 1462 1417 1517 usque
1453 1444 1514 1499 in
1546 1444 1723 1498 ﬁnem
1767 1459 1881 1499 non

236 1534 461 1589 sinebat
505 1532 826 1602 intendere,
858 1533 916 1588 id
949 1538 1056 1604 est,
1088 1550 1271 1605 usque
1320 1535 1391 1590 ad
1445 1533 1647 1589 faciem
1678 1531 1882 1604 Moysi,

235 1640 355 1694 qua
403 1622 775 1693 signiﬁcabat
819 1621 1136 1678 Christum.
1186 1623 1297 1678 Sed
1345 1622 1472 1677 ideo
1529 1621 1751 1676 dictum
1795 1624 1883 1676 est

234 1712 379 1783 quod
410 1716 722 1766 evacuetur
750 1711 871 1767 haec
900 1709 1104 1784 gloria,
1140 1712 1281 1783 quia
1309 1727 1513 1767 omnes
1546 1712 1765 1766 umbrae
1796 1709 1882 1765 si-

232 1800 602 1872 gniﬁcantur,
644 1816 779 1855 cum
831 1816 922 1855 res
974 1817 1102 1871 quas
1148 1799 1515 1872 signiﬁcatur
1560 1798 1877 1855 advenerit.

231 1890 729 1953 Quemadmodum
760 1890 916 1945 enim
942 1888 1164 1945 scentia
1181 1906 1309 1960 quas
1343 1905 1495 1944 nunc
1526 1893 1633 1956 est,
1653 1904 1879 1944 evacua-

235 1979 395 2049 bitur,
429 1979 581 2034 sicut
612 1979 763 2034 idem
805 1979 946 2034 dicit
978 1978 1299 2050 apostolus,
1336 1995 1469 2033 cum
1517 1979 1740 2033 venerit
1778 1976 1880 2033 illa

232 2084 398 2139 quam
432 2068 592 2135 dicit,
625 2070 771 2139 facie
800 2068 870 2123 ad
899 2069 1130 2139 faciem‘
1157 2069 1229 2138 (ΙΙ
1258 2067 1729 2135 Cor.xm,10,12)
1754 2083 1767 2121 :
1793 2066 1877 2123 sic

227 2157 406 2213 etista
419 2175 545 2229 quae
571 2157 630 2212 in
661 2157 912 2213 umbrisﬁ
931 2158 1144 2212 tradita
1169 2161 1334 2214 erant
1352 2156 1567 2212 Judaais
1589 2157 1646 2210 in
1669 2155 1878 2211 Vetere

227 2247 618 2314 Testamento,
653 2262 891 2303 necesse
923 2247 1033 2302 fuit
1062 2247 1329 2303 evacuari
1362 2245 1709 2303 revelatione
1738 2245 1875 2301 Tes-

226 2336 467 2393 tamenti
499 2336 667 2391 Novi.

284 2426 373 2479 27.
390 2425 507 2481 Nec
520 2441 659 2480 sane
673 2442 877 2481 omnes
899 2424 957 2479 in
976 2423 1073 2481 illo
1093 2424 1304 2496 p0pulo
1330 2442 1445 2481 non
1470 2422 1877 2497 intelligebant

224 2514 522 2571 Christum
547 2532 648 2587 per
666 2514 798 2570 illas
822 2516 1061 2570 umbras
1096 2514 1454 2570 Testamenti
1484 2513 1699 2569 Veteris
1722 2513 1874 2585 ﬁgu-

222 2609 409 2659 ratum
437 2622 450 2659 :
482 2621 670 2676 neque
700 2605 856 2660 enim
892 2604 1014 2659 haec
1045 2604 1169 2676 ipse
1199 2604 1427 2676 Moyses
1452 2607 1509 2658 et
1530 2602 1716 2659 caeteri
1742 2606 1875 2657 Pro-

218 2694 405 2765 pheta:
430 2711 546 2749 non
573 2692 993 2765 intelligebant,
1029 2693 1127 2764 qui
1161 2710 1293 2748 eum
1320 2692 1569 2764 posteris
1602 2709 1873 2763 praenun-

213 2783 463 2839 tiabant.
485 2783 630 2838 Nam
657 2782 715 2838 in
739 2784 867 2855 ipsa
892 2782 1149 2855 Epistola
1166 2783 1238 2838 ad
1262 2781 1609 2849 Corinthios,
1633 2781 1732 2836 ubi
1755 2782 1873 2836 haec

212 2872 512 2940 dicuntur,
538 2890 665 2945 qua:
690 2872 800 2927 iste
833 2890 945 2927 non
972 2872 1308 2945 intelligens
1350 2871 1546 2943 posuit
1588 2875 1872 2943 tanquam

208 2964 453 3020 adversa
476 2968 533 3018 et
552 2963 791 3020 inimica
842 2963 1031 3019 Veteri
1047 2964 1439 3031 Testamento,
1455 2979 1558 3017 cur
1578 2961 1740 3029 dicit,
1760 2965 1873 3016 Ha-

208 3052 386 3108 bentes
425 3056 613 3107 autem
648 3052 899 3108 eumdem
935 3053 1195 3124 spiritum
1236 3050 1384 3121 ﬁdei,
1418 3050 1715 3106 secundum
1734 3049 1874 3120 quod

204 3144 479 3214 scriptum
498 3150 576 3197 est
595 3140 835 3212 credidi,
878 3144 1107 3213 propter
1142 3140 1287 3211 quod
1333 3143 1383 3196 et
1417 3141 1627 3196 locutus
1648 3156 1770 3194 sum
1788 3158 1807 3194 :
1822 3141 1875 3195 et

206 3231 613 3301 noscredimus,
639 3230 1587 3304 propterquodetloquimur(IlCor.
1622 3246 1699 3296 ιν,
1733 3229 1823 3297 13)
1844 3227 1873 3283 ?

210 3321 307 3377 Ubi
331 3322 499 3377 enim
518 3321 804 3393 scriptum
828 3319 1418 3391 est,Credidi,pr0pter
1432 3319 1572 3391 quod
1592 3323 1643 3374 et
1657 3319 1872 3373 locutus

205 3426 321 3465 sum
340 3411 521 3482 (Psat.
546 3411 805 3483 cxv,19)?
825 3409 1036 3481 Utique
1060 3410 1117 3464 in
1142 3408 1391 3464 Psalmis
1414 3408 1484 3463 ad
1510 3406 1610 3462 illa
1631 3407 1731 3462 Dei
1754 3406 1870 3462 elo-

206 3500 346 3572 quia
399 3500 861 3573 pertinentibus,
896 3516 1026 3570 quae
1046 3498 1265 3554 credita
1287 3502 1427 3554 sunt
1450 3496 1873 3552 Judaeis.Eum-

204 3588 344 3658 dem,
385 3590 608 3661 inquit,
634 3591 895 3660 spiritum
934 3589 1063 3659 ﬁdei
1083 3589 1341 3643 habentes
1360 3586 1539 3657 :quid
1581 3590 1687 3650 est,
1720 3602 1871 3641 eum-

206 3684 346 3750 dem,
386 3679 505 3734 nisi
540 3695 712 3750 quem
750 3678 1042 3733 habebant
1097 3677 1273 3732 etiam
1307 3675 1390 3730 illi
1426 3692 1528 3746 per
1567 3692 1713 3746 quos
1757 3675 1872 3729 haec

204 3768 550 3823 ministrata
564 3767 729 3823 sunt?
749 3771 862 3821 Cur
875 3766 1049 3822 etiam
1065 3766 1124 3820 in
1140 3766 1343 3821 eadem
1364 3763 1622 3836 Epistola
1638 3764 1707 3819 de
1724 3764 1873 3836 Lege

200 3856 618 3913 testimonium
689 3855 902 3926 posuit,
955 3872 1089 3910 cum
1140 3853 1541 3926 praemisisset,
1586 3854 1648 3908 Ut
1692 3856 1874 3908 vestra

196 3946 564 4002 abundantia
589 3946 664 4000 sit
693 3945 762 3999 ad
790 3945 1012 3999 illorum
1061 3943 1328 4015 inopiam,
1349 3946 1401 3997 et
1432 3942 1661 3997 illorum
1690 3941 1872 3996 abun-

196 4034 393 4090 dantia
426 4036 528 4106 ﬁat
561 4035 619 4089 in
650 4039 894 4089 vestram
924 4033 1193 4104 impiam,
1216 4038 1276 4087 ut
1304 4033 1402 4102 ﬁat
1421 4031 1753 4101 aequalitas,-
1778 4048 1874 4085 su-

197 4124 514 4197 bjungens
539 4128 595 4179 et
626 4123 847 4189 dicens,
888 4124 1025 4177 sicut
1054 4123 1323 4193 scriptum
1343 4124 1443 4187 est,
1476 4121 1584 4188 Qui
1612 4120 1869 4187 multum,

198 4231 306 4269 non
338 4214 698 4280 abundavit;
732 4217 781 4267 et
800 4211 1211 4284 quimodicum,
1235 4226 1342 4265 non
1355 4209 1525 4279 defuit
1539 4208 1713 4279 itti(lI
1740 4211 1866 4264 Cor.

196 4319 317 4375 vni,
346 4304 445 4372 14,
501 4302 621 4373 45)?
658 4302 772 4357 Cur
820 4301 904 4356 eis
933 4300 1214 4371 importat
1246 4299 1412 4371 Legis
1445 4298 1869 4370 auctoritatem,

198 4408 385 4463 quam
424 4391 573 4447 dicit
603 4390 783 4446 fuisse
814 4388 1307 4446 ministrationem
1327 4387 1554 4453 mortis,
1579 4387 1628 4442 si
1655 4403 1720 4442 eo
1751 4404 1872 4443 mo-

194 4482 267 4538 do
300 4479 625 4546 intellexit,
660 4479 952 4551 qu’omodo
986 4479 1100 4534 ista
1129 4477 1313 4550 pestis
1340 4475 1661 4548 intelligit?

259 4573 358 4629 28.
383 4576 590 4642 Atque
612 4574 675 4626 ut
694 4587 896 4626 omnes
922 4572 1263 4625 auferantur
1291 4566 1593 4638 ambages,
1613 4581 1871 4638 quonam

188 4665 368 4720 modo
390 4668 458 4719 et
479 4662 593 4718 Lex
625 4662 976 4718 ministratio
1000 4662 1205 4718 mortis
1229 4664 1383 4716 recte
1406 4659 1562 4714 dicta
1584 4658 1682 4727 sit,
1714 4660 1771 4713 et
1785 4661 1871 4713 ta-

186 4768 327 4807 men
350 4754 579 4807 sancta
597 4754 649 4807 et
664 4751 831 4823 justa
854 4755 912 4806 et
930 4750 1083 4806 bona
1098 4748 1345 4818 sit,illud
1371 4746 1698 4803 recolamus
1717 4746 1872 4819 quod

185 4840 243 4897 in
270 4840 558 4913 Epistola
578 4841 837 4912 positum
868 4844 957 4895 est
988 4840 1058 4895 ad
1090 4840 1403 4895 Romanos.
1429 4838 1573 4894 Cum
1606 4836 1762 4891 enim
1786 4835 1873 4890 di-

184 4930 383 4987 xisset
409 4946 425 4985 :
458 4932 547 4986 Ita
576 4932 635 4984 ut
653 4930 958 4985 serviamus
988 4931 1048 4984 in
1068 4930 1310 4985 novitate
1330 4928 1582 4999 spiritus,
1604 4928 1656 4981 et
1674 4940 1780 4980 non
1815 4926 1874 4980 in

188 5027 482 5076 vestutate
495 5019 852 5089 litteraquae
871 5018 1159 5074 sententia
1172 5016 1476 5073 simillima
1488 5014 1672 5071 estilli
1696 5030 1873 5087 quam

187 5110 305 5165 iste
332 5126 475 5165 non
508 5107 843 5181 intelligens
876 5106 1111 5179 posuit:
1138 5106 1415 5162 continuo
1450 5104 1744 5176 prospexit
1797 5102 1875 5158 is-

186 5202 284 5255 tos
321 5200 581 5253 futuros
599 5199 874 5253 verbosos
898 5202 1073 5268 atque
1095 5194 1486 5267 blasphemos,
1503 5194 1600 5265 qui
1616 5191 1875 5265 putaturi

186 5293 410 5345 essent
436 5304 515 5342 ex
542 5285 653 5341 hoc
686 5287 895 5359 Legem
935 5286 1113 5340 fuisse
1148 5284 1594 5357 reprehensam;
1630 5296 1877 5352 moxque

186 5375 575 5448 subjunxit:
611 5376 753 5444 Quid
800 5391 925 5446 ergo
973 5374 1243 5431 dicemus8
1294 5375 1405 5429 Lex
1445 5380 1733 5444 peccatum
1756 5373 1879 5426 est?

180 5469 344 5525 Absit
368 5486 391 5523 :
419 5465 528 5521 sed
552 5474 833 5537 peccatum
861 5481 969 5520 non
999 5465 1225 5535 cognovi
1245 5464 1355 5520 nisi
1382 5479 1480 5534 per
1502 5463 1713 5532 Legem.
1738 5465 1879 5518 Nam

245 5639 261 5673 ί
305 5635 561 5697 Aliquot
588 5634 734 5697 Mess.
766 5633 953 5695 faciem
982 5632 1054 5682 ad
1072 5631 1257 5694 faciem
1276 5642 1298 5692 ;
1311 5630 1468 5693 juxta
1486 5642 1742 5693 graecum,
1759 5642 1880 5693 pro-

184 5702 362 5800 εθῃοπ
396 5696 541 5761 pros
567 5696 834 5768 prosdpon.

298 5765 523 5800 Dlnres
552 5761 689 5800 Mam-
717 5773 773 5800 in
799 5774 834 5800 vi

294 5756 523 5814 Plures
550 5761 691 5819 Mss"
716 5756 773 5808 in
799 5756 985 5808 verbis.

242 5826 269 5865 ι
300 5828 375 5878 In
415 5823 577 5880 Msa,
607 5822 842 5871 dicimus.

242 5891 338 5956 (a)
376 5879 603 5947 (ἑκ-ωδε,
632 5886 704 5937 eis
733 5886 784 5935 to
813 5879 954 5937 telas.

2006 817 2142 886 Lege
2168 819 2313 872 enim
2326 827 2607 889 peccatum
2638 832 2914 878 mortuum
2935 827 3029 879 est.
3054 824 3166 893 Ego
3187 829 3371 881 autem
3405 827 3664 885 vivebam

2008 905 2307 976 aliquando
2335 924 2455 963 sine
2476 910 2616 977 Lege
2637 928 2654 963 :
2676 910 2999 967 adveniente
3020 921 3202 969 autem
3221 914 3509 982 mandato,
3531 933 3658 987 pec-

2000 997 2179 1051 catum
2216 999 2441 1053 revixit.
2468 998 2573 1068 Ego
2620 1009 2805 1055 autem
2854 1004 3099 1057 mortuus
3120 1019 3262 1075 sum,
3294 1012 3349 1059 et
3368 1005 3655 1063 inventum

2003 1084 2237 1141 estmihi
2256 1086 2577 1143 mandatum
2598 1089 2737 1159 quod
2753 1093 2872 1145 erat
2894 1092 2954 1145 in
2968 1092 3160 1160 vitam,
3180 1091 3278 1148 hoc
3295 1108 3409 1148 esse
3427 1095 3487 1148 in
3506 1111 3653 1152 mor-

1996 1180 2123 1229 tem.
2158 1175 2455 1231 Peccatum
2476 1178 2624 1232 enim
2645 1180 2927 1235 occasione
2948 1189 3165 1252 accepta
3191 1197 3290 1252 per
3314 1182 3649 1241 mandatum

1992 1261 2202 1336 fefellit
2217 1280 2326 1331 me,
2350 1267 2401 1320 et
2424 1282 2524 1337 per
2543 1267 2685 1322 illud
2704 1267 2917 1324 occidit.
2933 1272 3126 1340 Itaque
3139 1270 3251 1326 Lex
3264 1272 3486 1342 quidem
3496 1288 3650 1328 sanc-

1991 1353 2071 1417 ta,
2100 1355 2151 1407 et
2178 1354 2502 1410 mandatum
2550 1362 2801 1412 sanctum
2832 1367 2881 1413 et
2889 1359 3106 1429 justum
3139 1364 3190 1414 et
3238 1360 3460 1416 bonum.
3494 1362 3649 1430 Quod

1990 1456 2119 1511 ergo
2151 1442 2350 1497 bonum
2380 1453 2479 1512 est,
2499 1446 2649 1501 mihi
2667 1448 2875 1517 factum
2893 1455 2969 1503 est
2995 1463 3140 1504 mors
3156 1450 3182 1501 γ
3202 1449 3390 1504 Absit:
3410 1450 3502 1505 sed
3516 1466 3647 1522 pec-

1989 1538 2177 1586 catum
2198 1536 2255 1587 ut
2277 1539 2538 1605 appareat
2557 1544 2840 1607 peccatum
2853 1552 2954 1608 per
2984 1537 3183 1592 bonum
3203 1537 3351 1593 mihi
3363 1542 3649 1610 apemtum

1989 1626 2072 1674 est
2088 1626 2316 1677 mortem
2335 1626 2351 1692 (
2362 1625 2623 1692 Rom.vn,
2655 1626 2834 1693 6-13).
2864 1626 3008 1682 Ecce
3043 1627 3180 1695 quid
3205 1631 3294 1683 est
3312 1630 3649 1685 ministratio

1987 1712 2212 1773 mortis;
2243 1728 2376 1768 ecce
2408 1714 2548 1784 quid
2580 1718 2694 1781 est,
2722 1715 2929 1771 Littera
2947 1716 3150 1773 occidit
3183 1716 3253 1788 (ΙΙ
3278 1717 3397 1773 Cor.
3434 1735 3516 1789 In,
3542 1718 3599 1790 6)
3628 1734 3648 1775 :

1988 1814 2119 1854 ecce
2151 1802 2654 1872 quemadmodum
2686 1805 2793 1859 Lex
2822 1820 2930 1860 non
2950 1808 3026 1861 est
3043 1808 3358 1876 peccatum;
3390 1810 3466 1875 et,
3488 1822 3648 1862 man-

1985 1886 2175 1943 datum
2203 1898 2323 1945 erat
2350 1891 2410 1945 in
2439 1892 2650 1954 vitam;
2701 1896 2775 1962 et,
2832 1894 2921 1949 tex
2974 1902 3183 1962 sancta,
3215 1898 3269 1949 et
3323 1894 3651 1952 mandatum

1985 1981 2235 2033 sanctum
2264 1983 2319 2034 et
2340 1980 2555 2050 justum
2582 1984 2635 2037 et
2660 1981 2859 2037 bonum
2887 2001 2907 2038 :
2936 1987 2993 2038 et
3026 1990 3213 2039 tamen
3247 1984 3387 2056 quia
3414 1984 3485 2040 de
3518 1984 3647 2057 ipso

1985 2066 2137 2123 bono
2168 2067 2519 2125 interﬁcitur
2551 2071 2895 2127 inobediens
2948 2071 3166 2143 anima,
3211 2073 3311 2128 ubi
3371 2074 3468 2129 Dei
3526 2091 3644 2131 non

1987 2155 2225 2226 adjuvat
2255 2158 2465 2229 gratia,
2499 2159 2858 2216 ministratio
2892 2161 3100 2217 mortis
3130 2162 3283 2217 facta
3321 2168 3411 2217 est
3440 2168 3551 2218 Lex
3581 2164 3639 2220 in

1984 2243 2176 2301 Veteri
2208 2246 2585 2303 Testamento
2611 2253 2846 2321 propter
2876 2250 3235 2306 occidentem
3269 2250 3551 2319 litteram;
3585 2256 3642 2309 et

1984 2335 2337 2391 ministratio
2359 2336 2489 2392 vitae
2526 2338 2673 2393 facta
2696 2345 2785 2394 est
2801 2338 2990 2411 gratia
3010 2339 3070 2394 in
3091 2356 3238 2395 novo
3260 2341 3639 2397 Testamento

1983 2428 2221 2495 propter
2249 2424 2634 2481 viviﬁcantem
2660 2428 2958 2499 spiritum.
2986 2429 3148 2495 Quod
3182 2434 3272 2484 est
3301 2434 3513 2498 autem,
3534 2431 3642 2486 mi-

1981 2514 2237 2569 nistratio
2266 2518 2457 2571 mortis
2487 2524 2537 2572 et
2566 2518 2902 2573 ministratio
2933 2517 3341 2587 damnationis;
3374 2519 3484 2575 hoc
3530 2523 3640 2588 est,

1986 2605 2284 2660 Occasione
2311 2610 2538 2673 accepta
2564 2615 2848 2678 peccatum
2875 2623 2976 2678 per
3004 2607 3333 2662 mandatum
3366 2618 3644 2679 operatum

1981 2700 2057 2748 est
2085 2694 2146 2747 in
2173 2709 2257 2748 me
2281 2710 2495 2749 omnem
2512 2698 3032 2766 concupiscentiam;
3059 2695 3167 2751 hoc
3190 2697 3643 2763 est,Adveniente

1981 2785 2237 2838 mandato
2263 2787 2541 2854 peccatum
2562 2786 2792 2853 revixit;
2824 2784 2933 2840 hoc
2956 2789 3065 2855 est,
3086 2789 3379 2842 Inventum
3400 2790 3479 2842 est
3498 2786 3643 2841 mihi

1981 2872 2307 2929 mandatum
2336 2874 2478 2945 quod
2497 2879 2616 2930 erat
2643 2877 2703 2930 in
2719 2878 2904 2939 vitam.
2930 2877 3028 2931 hoc
3045 2892 3159 2932 esse
3181 2877 3242 2932 in
3262 2880 3512 2940 mortem;
3530 2878 3639 2932 hoc

1983 2965 2089 3031 est,
2124 2963 2413 3020 Occasione
2441 2969 2663 3032 accepta
2693 2973 2973 3035 peccatum
2996 2982 3099 3036 per
3117 2964 3443 3021 mandatum
3470 2965 3636 3038 fefel-

1983 3051 2047 3105 tit
2076 3067 2178 3120 me,
2211 3061 2262 3107 et
2291 3068 2388 3124 per
2416 3053 2559 3108 illud
2584 3054 2821 3118 occidit;
2850 3054 2959 3109 hoc
2992 3058 3098 3121 est,
3139 3055 3248 3110 Lex
3278 3056 3617 3111 subintravit

1980 3144 2043 3195 ut
2062 3140 2368 3198 abundaret
2390 3142 2644 3198 ditictum
2664 3144 2835 3214 (Rom.
2858 3159 2914 3211 v,
2946 3143 3062 3214 20);
3085 3143 3195 3199 hoc
3226 3147 3338 3210 est,
3365 3144 3472 3199 Lex
3491 3143 3637 3201 iram

1980 3239 2240 3301 operatur
2262 3230 2362 3298 (Id.
2396 3248 2471 3297 1v,
2506 3233 2594 3301 15)
2606 3250 2629 3295 ;
2666 3231 2775 3287 hoc
2806 3236 2916 3303 est,
2957 3234 3142 3288 Virtus
3186 3234 3399 3305 peccati
3444 3236 3556 3290 Lex
3591 3232 3641 3307 (Ι

1983 3318 2102 3374 Cor.
2134 3337 2225 3388 xx,
2258 3320 2369 3391 56).
2401 3320 2718 3376 Prohibitio
2759 3321 2914 3377 enim
2947 3320 3168 3393 peccati
3200 3323 3356 3393 quod
3389 3327 3479 3377 est
3511 3324 3638 3390 Lex,

1981 3413 2157 3481 auget
2188 3411 2442 3480 profecto
2466 3410 2817 3466 desiderium
2844 3411 3125 3482 peccandi
3151 3412 3341 3482 :quod
3365 3428 3481 3466 non
3507 3428 3639 3468 exs-

1980 3497 2287 3569 tinguitur,
2321 3498 2433 3553 nisi
2478 3500 2764 3555 oontrario
2813 3498 3102 3555 desiderio
3150 3503 3307 3555 recte
3364 3500 3636 3570 faciendi,

1982 3586 2078 3641 ubi
2101 3587 2230 3657 ﬁdes
2247 3604 2346 3658 per
2372 3587 2721 3643 dilectionem
2761 3592 3025 3659 operatur
3054 3588 3254 3657 (Gatat.
3287 3606 3343 3653 v,
3385 3589 3465 3659 6).
3518 3592 3637 3645 Hoc

1981 3684 2172 3731 autem
2205 3693 2319 3731 non
2360 3681 2595 3747 praestat
2638 3676 2831 3731 littera
2856 3676 3092 3748 jubens,
3129 3677 3228 3731 sed
3268 3676 3513 3748 spiritus
3537 3678 3636 3746 ju-

1979 3780 2122 3819 vans
2156 3780 2170 3819 :
2206 3781 2320 3819 non
2355 3765 2467 3820 Lex
2497 3781 2653 3836 ergo,
2688 3766 2788 3820 sed
2818 3764 3169 3837 gratia;non
3220 3764 3401 3820 Vetus
3430 3766 3635 3820 Testa-

1982 3858 2241 3909 mentum
2278 3856 2335 3909 in
2364 3856 2684 3910 servitutem
2727 3870 3013 3923 generans,
3047 3853 3191 3925 quod
3215 3863 3295 3910 est
3335 3854 3498 3925 Agar,
3532 3854 3633 3909 sed

1980 3944 2201 3997 Novum
2248 3943 2304 3997 in
2362 3959 2475 4015 quo
2510 3960 2624 3999 non
2668 3948 2809 3999 sunt
2837 3943 3062 3999 ancilia
3094 3943 3226 4013 ﬁlii,
3273 3943 3367 3998 sed
3417 3943 3635 4010 libera,

1980 4048 2089 4103 qua
2120 4032 2370 4088 libertate
2398 4032 2648 4089 Christus
2676 4048 2775 4088 nos
2823 4032 3075 4087 liberavit
3117 4031 3216 4103 (Id.
3252 4048 3331 4099 IV,
3380 4032 3469 4100 24,
3517 4031 3630 4103 31).

1981 4125 2049 4175 Et
2076 4124 2272 4176 tamen
2296 4122 2411 4176 Lex
2444 4127 2647 4178 sancta
2677 4125 2785 4190 est,
2814 4125 2872 4176 et
2902 4120 3239 4176 mandatum
3268 4124 3539 4176 sanctum
3574 4124 3632 4176 et

1973 4211 2207 4282 justum
2238 4216 2295 4267 et
2324 4211 2564 4267 bonum.
2598 4215 2707 4266 Per
2751 4210 2859 4266 hoc
2891 4210 3237 4265 mandatum
3271 4214 3540 4291 sanctum
3572 4212 3632 4265 et

1982 4300 2204 4368 iustum
2233 4304 2289 4355 et
2313 4300 2551 4371 bonum,
2586 4300 2645 4354 in
2676 4298 2768 4354 his
2799 4298 2898 4369 qui
2932 4314 3047 4353 non
3100 4297 3316 4354 habent
3355 4297 3631 4368 spiritum

1982 4388 2193 4444 Christi
2212 4393 2486 4460 operatur
2503 4392 2801 4460 peccatum
2822 4403 3056 4443 omnem
3068 4386 3631 4459 concupiscentiam.

1982 4477 2220 4545 Qualem
2253 4494 2316 4533 se
2347 4478 2527 4533 fuisse
2554 4476 2615 4531 in
2644 4475 2846 4531 Vetere
2883 4476 3253 4531 Testamento
3285 4474 3461 4530 etiam
3506 4475 3633 4547 ipse

1981 4565 2297 4637 Apostolus
2326 4565 2660 4631 ostendens,
2684 4565 3005 4632 Occasione,
3039 4564 3243 4635 inquit,
3275 4574 3496 4638 accepta
3515 4581 3634 4637 pec-

1981 4664 2164 4711 catum
2198 4670 2299 4727 per
2335 4654 2658 4710 mandatum
2712 4658 2999 4725 operatum
3052 4663 3131 4709 est
3178 4655 3239 4709 in
3287 4670 3372 4710 me
3416 4671 3633 4711 omnem

1981 4746 2497 4817 concupiscentiam.
2517 4743 2622 4800 Per
2642 4744 2795 4814 quod
2820 4743 3185 4812 mandatum,
3211 4743 3324 4799 nisi
3354 4744 3510 4816 quod
3528 4743 3629 4816 ait,

1985 4834 2488 4905 Concupiscentiam
2551 4832 2877 4900 nesciebam,
2928 4832 3043 4887 nisi
3093 4834 3205 4888 Lex
3251 4831 3472 4900 diceret,
3512 4834 3630 4889 Non

1982 4926 2328 4995 concupisces
2342 4926 2367 4976 .9
2387 4921 2684 4994 Numquid
2702 4920 2921 4976 malum
2943 4926 3033 4977 est
3050 4938 3162 4977 non
3187 4920 3631 4994 concupiscere?

1984 5013 2105 5068 Imo
2136 5012 2387 5069 maxime
2408 5011 2672 5067 bonum‘.
2706 5012 2863 5066 Bona
2892 5014 2981 5066 est
3026 5027 3161 5084 ergo
3194 5012 3309 5067 Lex
3346 5027 3473 5081 quas
3520 5009 3632 5066 hoo

1986 5104 2165 5161 dicit:
2196 5104 2299 5160 sed
2330 5103 2429 5159 ubi
2488 5119 2605 5159 non
2649 5104 2817 5158 adest
2860 5100 3162 5157 viviﬁcans
3205 5099 3471 5172 spiritus,
3514 5099 3633 5155 haec

1984 5193 2115 5267 ipsa
2146 5195 2261 5250 Lex
2304 5211 2431 5266 qua
2453 5194 2672 5249 bonum
2722 5191 2915 5259 dicit',
2961 5190 3206 5246 occidit:
3233 5189 3369 5260 quia
3410 5188 3634 5262 peccati

1983 5284 2171 5339 virtus
2193 5288 2300 5354 est,
2335 5300 2469 5338 cum
2501 5299 2602 5354 per
2631 5281 2792 5337 illam
2815 5286 3088 5353 operatur
3105 5294 3337 5335 omnem
3363 5277 3632 5350 concupi-

1986 5375 2291 5443 scentiam,
2344 5371 2766 5428 inﬂammando
2818 5368 3205 5442 prohibitione
3225 5367 3268 5436 8;
3317 5370 3472 5440 quod
3514 5384 3632 5424 non

1986 5462 2350 5535 extinguitur
2375 5478 2477 5533 per
2497 5461 2802 5532 jubentem
2823 5456 3073 5512 litteram
3095 5456 3304 5513 timore
3322 5456 3633 5528 posnx,sed

1990 5568 2088 5623 per
2108 5554 2412 5623 juvantem
2444 5550 2720 5622 spiritum
2752 5545 3343 5617 dilectionejustitiaa.
3368 5546 3501 5601 Ideo
3531 5545 3632 5616 ait,

1991 5645 2275 5698 Peccatum
2294 5650 2354 5696 ut
2376 5646 2637 5711 appareat
2659 5638 2961 5709 peccatum,
2988 5651 3089 5708 per
3115 5636 3315 5692 bonum
3341 5634 3483 5690 mihi
3512 5650 3638 5707 ope-

2051 5751 2071 5787 1
2103 5748 2345 5798 Meliores
2367 5747 2507 5802 Mss.,
2540 5744 2808 5794 maximun
2827 5741 3033 5791 bonum.

2052 5814 2074 5847 ³
2100 5812 2184 5861 Sic
2216 5812 2331 5861 Am.
2362 5809 2484 5857 Mss.
2516 5808 2695 5870 AtiEr.
2726 5807 2958 5870 etuLogvu
2986 5818 3140 5870 quam
3162 5803 3354 5855 bonam
3383 5802 3527 5870 dicit.

2052 5874 2075 5910 ³
2092 5873 2246 5934 Editi,
2261 5869 2633 5936 inﬂammando
2645 5867 3410 5935 prohibitionemmstigantur
3433 5880 3495 5919 ex
3516 5867 3639 5921 Mss.
