2028 3089
819 0 908 8 vw——-

263 162 322 191 655

263 232 353 255 ratum
364 233 402 255 est
410 229 599 256 mortem.N0n
611 229 688 256 enim
701 229 750 260 ait,
763 230 816 256 Per
827 229 946 262 malum;
956 229 1017 261 sed,
1032 237 1085 263 per

263 272 371 300 bonum.
382 273 431 299 llic
442 273 588 309 evigilent,
609 273 632 300 si
645 275 778 309 possunt,
794 273 843 309 qui
857 273 960 309 Legem
977 273 1026 300 Dei
1040 274 1083 300 at-

262 325 318 353 que
335 317 398 352 ejus
414 317 580 345 ministrum
595 318 711 354 Moysen
732 326 805 346 caeco
826 321 853 345 et
874 318 982 345 furioso
998 317 1083 345 corde

261 361 489 398 reprehendunt.
502 362 568 389 Ideo
584 362 692 398 quippe
702 365 746 390 est
769 362 945 390 ministratio
969 361 1081 394 mortis,

260 405 329 442 quia
344 408 495 442 peccatum
509 415 559 442 per
574 407 683 434 bonum
703 411 854 442 operalum
874 410 917 434 est
934 409 1056 434 mortem
1073 415 1081 441 ;

259 450 324 479 ideo
335 453 380 479 est
388 451 563 479 ministratio
573 451 856 487 damnationis,quia
870 454 1020 487 peccatum
1034 459 1084 487 per

259 496 368 524 bonum
386 498 537 532 operatum
553 498 597 524 est
613 496 843 524 damnationem.

294 550 338 577 29.
354 550 417 578 Non
429 552 525 578 autem
542 558 644 578 omnes
656 550 704 586 qui
717 550 874 578 Christiani
885 551 1081 588 appellantur,

259 596 294 623 ad
306 595 453 624 Christum
473 597 644 623 transeunt:
658 595 708 622 sed
728 595 836 631 quibus
855 596 986 623 aufertur
1005 595 1081 624 vela-

259 648 336 675 men,
349 640 427 676 quod
452 639 482 667 in
502 639 625 667 lectione
643 639 755 667 Veteris
776 640 952 668 Testamenti
970 642 1079 668 manet.

259 685 311 718 Qui
331 685 409 712 enim
425 686 494 712 sunt
513 684 542 711 in
559 684 657 712 Vetere
681 684 879 717 Testamento,
905 684 1080 720 impediente

256 729 401 757 velamine
420 738 471 757 nec
487 729 576 756 Vetus
597 728 774 764 intelligunt,
791 737 843 756 nec
859 729 971 756 Novum
996 738 1002 756 :
1028 729 1077 765 qui

257 776 354 801 autem
379 776 533 801 transeunt
556 774 590 800 ad
616 773 776 805 Christum,
801 776 911 801 remoto
936 773 1078 801 velamine

256 827 307 854 per
322 818 445 851 Novum,
460 817 627 854 intelligunt
642 820 671 845 et
684 818 774 845 Vetus
793 820 822 845 et
838 818 947 846 Novum
964 819 1003 853 (II
1016 818 1075 846 Cor.

255 871 295 895 ιιι,
309 863 408 898 lli-16).
423 862 539 890 Utinam
555 865 583 890 et
604 862 652 889 isti
668 863 734 890 caeci
758 866 974 898 oppugnatores
993 863 1077 898 Legis

254 910 282 934 et
296 908 518 943 Prophetarum,
536 907 577 934 sic
592 909 741 934 transeant
757 908 792 935 ad
806 907 964 940 Christum,
974 910 1076 935 utnon

253 952 312 980 sint
325 952 354 979 in
370 952 449 980 eisin
467 952 574 987 quibus
592 952 756 979 obvelatum
772 954 816 979 est
834 952 932 987 ipsum
948 953 1076 989 Evange-

252 996 335 1024 lium.
353 997 384 1024 In
401 997 445 1024 his
462 996 539 1024 enim
562 996 609 1031 qui
628 998 760 1032 pereunt,
777 1004 840 1024 esse
853 996 1018 1024 obvelatum
1035 996 1076 1024 ait

251 1042 416 1077 Apostolus,
433 1043 466 1068 In
493 1042 594 1077 quibus
613 1041 682 1069 Deus
700 1040 800 1069 saycuti
824 1041 906 1077 hujus
930 1043 1074 1070 excxcavit

250 1088 352 1114 mentes
373 1086 537 1121 inﬁdelium,
553 1090 585 1113 ut
598 1094 653 1113 non
673 1086 779 1121 fulgeat
795 1085 967 1114 illuminatio
981 1089 1073 1114 Euan-

248 1131 315 1165 getii
324 1131 420 1166 gloria
430 1130 541 1162 Christi,
558 1131 607 1166 qui
627 1134 664 1158 est
676 1131 766 1166 imago
781 1130 830 1158 Dei
845 1130 895 1166 (Id.
912 1139 950 1166 ιν,
962 1131 1000 1166 4).
1019 1131 1072 1159 Ubi

249 1175 339 1203 miser
351 1175 405 1203 iste
422 1178 510 1202 Deum
527 1174 624 1202 saeculi
636 1174 726 1210 hujus
736 1174 930 1211 vultintelligi
943 1175 1069 1204 malum:

248 1221 386 1254 tanquam
403 1219 445 1247 illi
462 1218 594 1247 servierit
608 1219 722 1255 Moyses
738 1219 767 1246 in
782 1219 886 1246 Vetere
900 1219 1070 1248 Testamen-

247 1265 286 1297 to,
299 1264 383 1300 quasi
400 1264 454 1291 hoc
467 1263 623 1299 Apostolus
645 1263 760 1291 dixerit.
776 1263 830 1291 Ubi
846 1263 871 1290 si
887 1272 1005 1292 necesse
1024 1273 1069 1292 es-

245 1311 289 1337 set
303 1308 426 1344 intelligi
445 1309 534 1336 Deum
550 1307 648 1336 saeculi
664 1307 764 1343 hujus,
785 1308 871 1335 deum
897 1308 1067 1344 impiorum,

245 1353 298 1381 hoc
313 1355 366 1389 est,
381 1353 541 1386 diabolum;
555 1353 685 1388 quoniam
700 1360 792 1380 omnes
814 1352 854 1380 dii
874 1354 996 1387 gentium
1012 1354 1067 1381 dte-

244 1399 346 1433 monia,
361 1400 389 1426 et
406 1398 505 1433 utique
516 1397 608 1425 multo
624 1396 749 1425 maxime
757 1397 891 1433 princeps
907 1398 1066 1426 daemonio-

243 1450 395 1470 rumznon
424 1442 532 1469 mirum
554 1444 641 1475 esset,
664 1442 902 1477 quandoquidem
927 1451 1067 1478 quorum-

244 1487 312 1515 dam
327 1488 399 1514 deus
414 1487 501 1514 etiam
513 1489 611 1514 venter
626 1488 671 1514 est
686 1486 782 1514 dictus
798 1495 805 1513 :
822 1486 863 1514 ait
885 1487 962 1514 enim
991 1489 1066 1523 Apo-

243 1531 347 1565 stolus,
364 1539 481 1567 quorum
491 1531 556 1558 deus
571 1532 661 1558 venter
677 1532 717 1558 est
732 1531 864 1566 (Philipp.
882 1539 924 1564 ιιι,
935 1532 997 1566 19);
1014 1541 1066 1560 nec

244 1576 309 1603 ideo
320 1576 392 1603 deus
402 1578 500 1603 venter
511 1578 565 1603 est.
577 1576 619 1602 lta
628 1575 651 1603 si
663 1577 757 1610 potest
768 1575 824 1602 dici
835 1576 907 1603 deus
918 1576 1006 1610 hujus
1013 1585 1065 1604 sae~

246 1620 302 1648 culi
319 1619 462 1654 diabolus,
475 1628 531 1647 non
543 1619 608 1647 ideo
624 1619 759 1647 diabolus
771 1620 843 1647 deus
854 1623 909 1654 est;
934 1629 986 1648 nec
1006 1622 1063 1649 das-

245 1665 342 1693 monia
356 1667 426 1693 sunt
436 1664 487 1697 dii,
502 1664 636 1699 quamvis
647 1663 686 1691 dii
702 1664 833 1699 gentium
846 1664 905 1692 sint
921 1665 1064 1694 daemonia

242 1709 325 1746 (Psat.
342 1718 403 1745 xcv,
412 1710 450 1745 5).
463 1711 559 1737 Potest
570 1708 677 1744 quippe
687 1708 825 1736 steculum
840 1709 869 1736 in
887 1709 961 1737 malo
977 1710 1063 1738 intel-

240 1753 290 1790 ligi
306 1755 383 1782 unde
398 1754 468 1782 dicit
482 1753 631 1789 apostolus
646 1756 760 1788 Petrus,
772 1754 880 1789 Eripite
892 1762 936 1782 vos
950 1755 981 1782 de
993 1763 1064 1791 prx-

240 1799 311 1827 senti
323 1799 422 1827 sa’cuto
438 1799 560 1834 maligno
583 1798 619 1833 (II
645 1800 717 1826 Petr.
735 1807 754 1833 ι,
766 1798 804 1833 In).
826 1799 881 1826 Sed
907 1808 973 1827 cum
991 1800 1064 1829 alter

239 1846 334 1880 pateat
346 1843 600 1879 intellectus,quid
612 1850 731 1870 necesse
744 1843 841 1871 esthic
850 1843 998 1872 diabolum
1009 1854 1063 1881 pu-

239 1890 301 1916 tare
311 1888 557 1924 signiﬁcatum,ac
575 1895 632 1914 non
646 1887 744 1923 potius
760 1889 849 1915 Deum
865 1896 976 1922 verum,
997 1890 1062 1924 jus-

238 1934 302 1960 tum
319 1934 347 1960 et
362 1933 482 1965 bonum,
504 1931 554 1967 qui
570 1931 755 1959 exczscaverit
770 1934 882 1959 mentes
898 1933 1061 1962 infidelium

239 1976 336 2004 saeculi
352 1976 505 2011 hujuszut
524 1984 582 2003 non
606 1975 653 2002 hic
677 1975 887 2012 distinguatur,
912 1977 941 2004 in
963 1979 1062 2013 quibus

241 2022 315 2048 Deus
330 2021 424 2047 savcuti
438 2019 531 2055 hujus,
548 2028 581 2047 ac
596 2019 700 2047 deinde
715 2020 924 2055 subinferatur,
940 2030 1061 2051 exceca-

239 2066 278 2093 vit
292 2066 393 2092 mentes
409 2064 572 2099 inﬁdelium;
584 2064 635 2092 sed
650 2063 691 2091 ita
706 2064 812 2100 potius,
825 2065 852 2092 in
868 2066 966 2101 quibus
980 2068 1059 2102 Deus,

239 2118 272 2137 ac
285 2109 390 2137 deinde
404 2109 614 2143 subinferatur,
629 2109 725 2137 szeculi
735 2108 816 2144 hujus
827 2112 974 2138 excwcuvit
984 2121 1060 2140 men-

240 2158 278 2182 tes
291 2154 455 2189 inﬁdelium,
472 2153 526 2181 hoc
539 2156 582 2181 est
592 2152 754 2180 infidelium
771 2153 869 2180 saeculi
880 2154 968 2189 hujus
979 2165 1060 2184 men-

239 2200 283 2226 tes
299 2199 458 2226 excaacavit.

273 2251 386 2279 CAPUT
397 2251 472 2279 VllI.
490 2266 523 2271 ——
539 2252 582 2279 30.
598 2251 654 2279 Sed
670 2250 735 2278 istis
750 2259 807 2278 non
824 2252 919 2286 placet
935 2255 966 2280 ut
981 2254 1057 2282 Deus

235 2295 330 2324 bonus
347 2297 460 2323 mentes
474 2297 595 2323 excazcet
609 2294 786 2331 aliquorum.
802 2294 864 2323 Non
875 2296 954 2324 enim
965 2300 1057 2327 atten-

235 2340 310 2368 dunt
324 2339 480 2368 Salvatoris
508 2340 595 2368 verba
610 2339 733 2367 dicentis
750 2347 755 2366 :
769 2340 800 2367 In
807 2340 952 2375 judicium
966 2350 1013 2378 ego
1028 2344 1058 2370 in

235 2384 306 2413 hunc
320 2384 457 2412 mundum
472 2385 546 2417 veni,
561 2385 591 2412 ut
609 2385 658 2420 qui
681 2392 735 2411 non
758 2384 860 2418 vident,
882 2386 1010 2420 videant;
1031 2392 1058 2416 et

234 2431 282 2466 qui
296 2429 400 2464 vident,
417 2431 484 2458 caeci
497 2430 565 2465 ﬁant
583 2430 673 2463 (Joan.
695 2437 733 2463 ιιι,
750 2429 806 2465 39).
823 2429 873 2457 Ille
893 2430 983 2466 igitur
1006 2432 1056 2467 qui

232 2475 396 2503 secundum
412 2474 602 2510 apostolicam
628 2473 816 2507 sententiam,
843 2476 920 2511 cujus
934 2477 992 2504 vult
1002 2478 1055 2505 mi-

233 2522 351 2552 seretur,
374 2523 401 2547 et
424 2527 502 2554 quem
517 2519 575 2547 vult
590 2518 716 2551 obdurat,
733 2518 833 2553 procul
863 2519 953 2548 dubio
968 2530 1054 2557 quem

234 2565 297 2593 vult
325 2563 484 2599 illuminat,
514 2565 543 2591 et
570 2571 657 2598 quem
681 2561 743 2590 vult
768 2566 900 2592 excecat.
918 2565 972 2593 Sed
999 2575 1055 2595 non

234 2608 374 2644 iniquitas
390 2609 467 2644 apud
483 2609 574 2636 Deum
590 2608 676 2643 (Rom.
701 2616 740 2641 xu,
766 2607 809 2640 18,
835 2608 890 2643 14),
917 2610 961 2637 cui
987 2612 1057 2640 dicit

235 2653 381 2682 Ecclesia:
399 2653 619 2681 Misere-caratam
647 2654 672 2680 et
695 2652 833 2688 judicium
860 2655 974 2683 cantabo
994 2657 1055 2691 tibi,

234 2697 351 2725 Domine
364 2699 450 2733 (Psut.
466 2707 492 2733 (ι,
520 2698 554 2733 1).
573 2696 721 2725 llluminat
748 2705 816 2732 ergo
845 2698 1055 2737 misericordia,

233 2743 496 2777 excecat,judicio,
512 2743 613 2779 utique
633 2741 812 2777 aequissimo,
828 2744 856 2769 et
871 2743 895 2770 si
917 2745 1055 2774 occultis-

231 2782 316 2811 simo.
331 2785 524 2814 Inscrutabilta
539 2788 616 2815 enim
631 2790 696 2814 sunt
704 2786 818 2821 judicia
836 2787 894 2822 ejus
910 2789 998 2824 (Rom.
1015 2799 1054 2826 xi,

304 2827 355 2855 Cui
370 2832 469 2858 tamen
486 2831 594 2860 dicitur
610 2840 617 2860 :
632 2831 735 2859 Sedisti
755 2839 838 2867 super
861 2832 983 2868 thonum,
1008 2837 1056 2871 qui

216 2869 334 2911 judico:
349 2876 599 2914 zquitatem(Psat.
618 2885 657 2909 Ix,
671 2876 709 2911 5)-

464 163 618 192 CON'l‘ltA
642 162 924 192 ADVEIlSAIllUM
948 163 1059 192 LEGIS
1082 162 1132 192 ET
1154 163 1464 198 PROPHETARUM,
1489 163 1520 193 S.
1544 163 1754 196 AUGUSTINI

1883 170 1934 200 656

1173 231 1217 256 31.
1229 230 1300 256 Huic
1313 230 1370 256 Deo
1383 230 1630 266 servivitMoyses,
1639 231 1787 266 ceterique
1796 232 1936 270 Propheta,

1139 273 1316 308 quosjustos
1328 273 1391 301 sine
1406 273 1495 301 dubio
1513 274 1653 301 Dominus
1670 275 1728 310 ipse
1745 278 1868 304 testatur.
1888 278 1936 306 Ho-

1139 325 1203 345 rum
1220 318 1327 354 quippe
1341 317 1433 346 Judaei
1450 318 1585 354 sepulcra
1609 320 1821 353 construebant,
1843 324 1868 348 et
1889 331 1937 350 mo-

1138 365 1279 390 numenta
1295 363 1448 398 ornabant,
1477 363 1584 399 quibus
1599 362 1669 390 dicit
1685 372 1691 390 :
1707 364 1852 400 zEdiﬁcatis
1865 367 1937 402 sepul-

1136 415 1183 434 cra
1206 407 1421 443 Prophetarum.
1449 410 1476 435 et
1499 408 1606 435 ornatis
1623 415 1797 436 monumenta
1818 410 1937 445 justorum

1138 452 1241 487 (Matth.
1258 461 1338 488 xxxix,
1353 453 1410 487 29).
1426 452 1481 480 Sed
1497 452 1538 479 illi
1555 460 1668 488 omnes,
1684 455 1712 480 et
1726 454 1749 481 si
1759 462 1807 489 pro
1817 456 1938 491 temporis

1139 495 1356 532 dispensatione
1378 496 1486 524 Veteris
1501 496 1680 524 Testamenti
1696 496 1891 526 ministrabant
1908 499 1937 527 ﬂ-

1137 541 1247 577 guris‘,
1274 541 1309 569 ad
1332 541 1444 569 Novum
1463 543 1560 569 tamen
1573 541 1800 575 Testamentum,
1820 543 1936 578 quamvis

1137 586 1266 614 nondum
1282 585 1451 621 revelatum,
1473 594 1524 622 per
1539 586 1662 619 gratiam
1687 586 1737 614 Dei
1761 587 1937 624 pertinebant,

1135 631 1170 658 ad
1188 631 1264 667 quod
1281 631 1445 667 pertinebat
1459 631 1615 658 Abraham.
1632 631 1704 658 Hinc
1724 631 1829 667 quippe
1849 631 1902 666 isti,
1917 632 1937 660 si

1135 678 1244 703 remoto
1265 675 1408 703 velamine
1423 675 1562 711 legerent,
1579 675 1772 711 intelligerent
1786 676 1824 703 ita
1838 684 1889 703 non
1900 685 1937 704 es~

1134 729 1165 748 se
1181 720 1333 748 inimicum
1353 720 1542 756 Evangelium
1569 720 1633 756 Legi
1656 728 1722 756 quae
1746 721 1811 747 data
1833 723 1873 748 est
1897 729 1939 757 per

1133 765 1261 801 Moysen,
1279 765 1355 793 sicut
1370 766 1444 793 inter
1459 773 1489 792 se
1502 773 1558 792 non
1570 767 1639 793 sunt
1650 764 1759 792 inimici
1772 764 1906 792 Abraham
1916 767 1940 793 et

1133 810 1194 845 ipse
1210 810 1342 846 Moyses:
1360 818 1432 845 quos
1452 810 1554 845 utique
1568 812 1597 837 et
1612 809 1659 837 isti
1676 810 1810 837 eumdem
1831 809 1940 837 coluisse

1132 854 1306 882 confitentur
1321 855 1410 882 Deum
1426 854 1560 889 quamvis
1585 862 1652 881 eum
1676 855 1718 881 sic
1745 854 1940 889 blasphement,

1132 901 1164 926 ut
1179 908 1246 927 eum
1263 902 1352 927 Deum
1369 901 1484 935 negent.
1504 901 1535 926 Et
1549 901 1647 926 tamen
1659 898 1815 934 Apostolus
1830 898 1940 934 promis-

1131 943 1237 978 siones,
1256 953 1317 979 qua:
1328 944 1408 971 facta:
1424 946 1493 971 sunt
1508 943 1639 977 Abrahae,
1657 943 1727 979 quia
1736 943 1843 970 Novum
1851 943 1940 970 Testa-

1130 990 1260 1015 mentum
1277 988 1493 1024 signiﬁcabant,
1511 987 1681 1023 sicopponit
1702 987 1766 1023 Legi
1778 996 1827 1023 per
1837 987 1940 1023 Moysen

1129 1033 1212 1067 datas,
1230 1036 1262 1060 ut
1277 1032 1336 1060 hzec
1351 1033 1408 1060 duo
1424 1032 1499 1059 inter
1514 1040 1544 1060 se
1560 1031 1682 1059 inimica
1701 1032 1860 1059 videantur.
1876 1031 1938 1063 Quid

1128 1077 1205 1105 enim
1231 1077 1309 1105 aliud
1326 1078 1359 1105 ad
1378 1077 1524 1105 Romanos
1535 1076 1620 1104 dicit?
1633 1077 1693 1104 Non
1707 1077 1781 1104 enim
1794 1084 1842 1112 per
1855 1076 1940 1110 Legem

1126 1123 1270 1157 promissio
1285 1121 1402 1150 Abrahae
1412 1127 1461 1149 aut
1467 1122 1567 1149 semini
1573 1122 1642 1156 ejus,
1652 1126 1683 1149 ut
1691 1121 1778 1150 haeres
1792 1122 1858 1149 esset
1867 1128 1938 1148 mun-

1125 1167 1164 1199 di,
1180 1166 1226 1194 sed
1238 1174 1288 1202 per
1298 1167 1437 1202 justitiam
1460 1166 1532 1201 ﬁdei.
1549 1165 1580 1193 Si
1601 1166 1677 1193 enim
1702 1166 1751 1201 qui
1772 1173 1819 1201 per
1842 1165 1936 1200 Legem,

1125 1211 1244 1238 hzredes
1265 1211 1329 1238 sunt
1343 1223 1350 1244 ;
1366 1211 1516 1238 exinanita
1530 1211 1570 1237 est
1580 1209 1658 1245 ﬁdes,
1668 1211 1694 1237 et
1702 1212 1835 1238 evacuata
1844 1214 1940 1244 estpro-

1124 1257 1227 1283 missto.
1243 1256 1300 1283 Lex
1314 1256 1388 1282 enim
1402 1255 1475 1282 iram
1490 1259 1628 1290 operatur.
1657 1255 1708 1283 Ubi
1723 1255 1796 1282 enim
1815 1254 1867 1281 Leo:
1888 1260 1934 1280 non

1123 1302 1162 1328 est
1173 1309 1221 1328 nec
1233 1300 1428 1336 praevaricatio
1443 1300 1575 1334 (Rom.1v,
1587 1299 1857 1334 i3-15).Attendant
1871 1305 1934 1333 que-

1123 1345 1311 1372 madmodum
1327 1344 1369 1372 sic
1384 1344 1523 1380 disputat,
1546 1343 1635 1371 veluti
1659 1347 1763 1371 contra
1786 1344 1894 1378 Legem,
1909 1343 1936 1369 ut

1122 1392 1171 1416 ex'
1180 1389 1274 1424 priore
1285 1388 1335 1416 illa
1348 1397 1411 1424 qua:
1424 1389 1499 1416 facta
1515 1390 1560 1416 est
1569 1388 1604 1416 ad
1615 1388 1767 1416 Abraham
1779 1387 1936 1424 promissio-

1122 1433 1404 1469 neconvincat,quod
1417 1442 1474 1461 non
1481 1433 1678 1460 sinthaaredes
1686 1441 1720 1460 ex
1730 1433 1803 1469 Lege
1813 1432 1933 1468 quicum-

1121 1487 1178 1513 que
1194 1478 1252 1506 sint
1266 1478 1394 1505 hazredes
1405 1477 1465 1511 Dei,
1476 1478 1526 1505 sed
1542 1486 1575 1504 ex
1591 1477 1798 1512 promissione.
1815 1477 1932 1510 Itemque

1121 1523 1156 1550 ad
1171 1522 1287 1550 Galatas
1305 1531 1311 1550 :
1328 1523 1448 1557 Fratres,
1460 1522 1565 1557 inquit,
1577 1521 1863 1549 secundumhominen
1871 1520 1934 1551 dico;

1120 1570 1214 1595 tamen
1230 1568 1349 1595 hominis
1364 1567 1557 1602 conﬁrmatum
1571 1568 1766 1594 testamentum
1784 1573 1860 1594 nemo
1874 1564 1934 1592 irri-

1119 1617 1177 1640 tum
1193 1613 1270 1648 facit,
1287 1616 1336 1639 aut
1355 1611 1557 1647 superordinat.
1578 1611 1698 1638 Abrahae
1714 1610 1793 1638 dictz
1807 1614 1866 1637 sunt
1877 1616 1933 1644 pro-

1119 1657 1260 1684 missiones
1288 1658 1313 1684 et
1333 1657 1433 1684 semini
1454 1657 1524 1691 ejus.
1546 1656 1604 1683 Non
1627 1655 1708 1689 dicit,
1734 1656 1765 1683 Et
1785 1654 1932 1686 seminibus,

1118 1706 1249 1737 tanquam
1263 1702 1294 1728 in
1317 1701 1432 1731 multis;
1447 1700 1494 1728 sed
1519 1702 1634 1736 tanqum
1657 1701 1688 1728 in
1703 1708 1769 1733 uno,
1793 1701 1824 1727 Et
1846 1698 1934 1727 semini

1118 1749 1182 1779 tuo,
1212 1745 1281 1781 quod
1304 1747 1342 1773 est
1367 1746 1512 1773 Christus.
1542 1745 1595 1772 Hoc
1623 1747 1722 1773 autem
1750 1745 1829 1777 dico,
1860 1745 1933 1770 testa-

1116 1793 1237 1818 mentum
1270 1790 1460 1825 conﬁrmatum
1489 1798 1510 1817 α
1537 1790 1588 1817 Deo
1622 1797 1687 1824 quae
1719 1792 1779 1825 post
1812 1788 1934 1824 qnadrin-

1116 1838 1208 1872 gentos
1235 1837 1262 1863 et
1290 1836 1408 1869 triginta
1432 1842 1518 1861 annos
1538 1835 1611 1869 facta
1635 1836 1676 1861 est
1701 1836 1769 1867 Lex,
1785 1841 1840 1861 non
1862 1832 1933 1867 inﬁr-

1116 1882 1174 1907 mat
1211 1879 1247 1907 ad
1283 1879 1468 1907 evacuandam
1504 1879 1728 1914 promissionem.
1751 1878 1782 1906 Si
1808 1878 1886 1906 emim
1905 1883 1934 1904 επ

1118 1926 1183 1961 Lege
1194 1924 1351 1959 haereditas,
1360 1926 1426 1960 jam
1440 1932 1494 1951 non
1505 1931 1539 1951 ea:
1552 1924 1746 1959 promissione.
1763 1922 1878 1950 Abrahae
1890 1928 1932 1948 au-

1116 1972 1169 1997 tem
1178 1978 1228 2005 per
1242 1969 1480 2004 repromissioncm
1489 1968 1600 1995 donavit
1614 1970 1698 1996 Deus.
1713 1967 1785 2002 Quid
1800 1975 1864 2004 ergo
1876 1966 1936 1993 Lex?

1117 2014 1352 2050 Transgressionis
1371 2014 1464 2049 gratia
1486 2013 1630 2049 proposita
1645 2015 1709 2041 est'
1731 2013 1818 2040 donec
1841 2011 1932 2039 veniret

1116 2068 1209 2087 semen
1224 2059 1269 2085 cui
1279 2059 1444 2093 promissum
1459 2063 1499 2085 est
1518 2058 1618 2093 (Galat.
1638 2066 1687 2093 ιιι,
1715 2057 1821 2093 15-19).
1842 2054 1932 2084 Nescio

1117 2106 1213 2132 utrum
1228 2102 1445 2138 istiquiLegem
1461 2110 1517 2129 non
1528 2101 1727 2137 intelligentes
1738 2102 1931 2133 criminantur,

1115 2149 1263 2176 inveniant
1276 2146 1386 2182 aliquid
1397 2155 1430 2174 ex
1439 2147 1594 2183 Evangelia
1609 2146 1653 2174 vel
1663 2155 1699 2174 ex
1711 2145 1876 2183 apostolicis
1888 2143 1933 2171 Lit-

1115 2195 1195 2226 teris,
1211 2191 1289 2228 quod
1306 2191 1346 2218 ita
1359 2191 1492 2218 videatur
1506 2191 1600 2218 eidem
1618 2191 1689 2228 Legi
1707 2191 1861 2219 adversum
1877 2194 1932 2216 esse

1114 2243 1200 2274 atque
1226 2236 1415 2270 contrarium,
1438 2236 1691 2271 quemadmodum
1726 2236 1781 2263 hoc
1815 2234 1931 2265 videtur,

1113 2283 1190 2319 quod
1206 2291 1240 2310 ex
1255 2281 1500 2317 promissionibus
1527 2289 1588 2315 quas
1612 2280 1737 2308 Abrahae
1763 2280 1843 2307 facta
1870 2277 1932 2305 sunt

1113 2327 1232 2364 opponit
1246 2325 1413 2361 Apostolus.
1431 2325 1460 2353 Si
1482 2333 1550 2361 ergo
1572 2324 1668 2361 legem
1694 2325 1832 2358 oderunt,
1853 2322 1931 2351 Abra-

1113 2373 1180 2400 ham
1195 2371 1326 2406 diligant.

1147 2423 1261 2453 CAPUT
1275 2423 1408 2451 lX.——3Z.
1424 2423 1477 2451 Sed
1496 2431 1547 2450 nec
1562 2423 1617 2450 hoc
1630 2423 1746 2450 volunt.
1764 2422 1837 2450 Nam
1853 2422 1880 2448 et
1894 2419 1932 2455 ip-

1112 2470 1136 2497 si
1152 2468 1227 2505 patri
1243 2467 1423 2504 gentium.ad
1434 2476 1519 2502 quem
1532 2467 1746 2503 promissiones
1758 2467 1849 2494 factas
1862 2471 1931 2492 nunc

1112 2514 1141 2542 in
1151 2513 1297 2546 omnibus,
1309 2512 1445 2548 gentibus
1454 2512 1585 2539 videmus
1597 2512 1724 2547 impleri,
1735 2511 1845 2538 crimen
1855 2506 1931 2536 forni-

1112 2553 1234 2582 cationis
1248 2552 1398 2588 objiciunt.
1414 2552 1470 2579 lste
1491 2553 1599 2588 quippe
1613 2551 1716 2588 procul
1733 2551 1824 2578 dubio
1839 2549 1882 2576 cui
1893 2555 1931 2575 r6-

1111 2598 1337 2634 spondemus,ex
1346 2596 1402 2624 illis
1412 2604 1442 2623 se
1451 2605 1514 2624 esse
1526 2596 1746 2630 manifestat,de
1754 2595 1861 2631 quibus
1871 2599 1931 2628 pra:-

1112 2644 1221 2671 dictum
1233 2640 1413 2677 estApostolo
1424 2641 1538 2669 dicente
1549 2641 1682 2676 :Spiritus
1691 2644 1786 2667 autem
1792 2638 1930 2673 manifeste

1111 2689 1180 2716 dicit
1195 2688 1260 2723 quia
1269 2688 1297 2714 in
1309 2686 1466 2714 novissimis
1476 2687 1641 2722 temporibus
1651 2685 1783 2713 recedent
1805 2682 1929 2720 quidama

1146 2761 1152 2776 ι
1168 2760 1226 2783 Am.
1242 2760 1268 2782 et
1281 2758 1325 2782 Er.
1342 2760 1368 2782 et
1383 2758 1471 2788 plures
1489 2759 1549 2782 Mss.
1565 2757 1753 2782 ministrabant
1765 2756 1875 2788 Μαι-αι.

1142 2792 1152 2808 ³
1167 2790 1209 2815 Sic
1228 2789 1353 2821 praecipui
1369 2790 1429 2813 Mss.
1447 2791 1479 2814 At
1493 2790 1566 2819 editi,
1583 2791 1609 2813 ut
1624 2796 1688 2814 eum.

1143 2822 1153 2839 ³
1167 2816 1322 2853 Piur'esMs's
1337 2838 1342 2849 ,
1355 2821 1438 2853 posita
1448 2822 1495 2845 est.
1506 2816 1631 2846 Nonnulli
1646 2822 1738 2853 autem
1750 2817 1822 2844 intra
1837 2816 1880 2853 ubi
1890 2821 1928 2853 eo:

1111 2854 1169 2878 dem
1185 2852 1297 2883 repetito
1313 2846 1371 2884 loci)
1386 2851 1483 2883 legitur
1497 2853 1576 2878 etiam
1589 2851 1660 2884 apud
1682 2851 1759 2881 Lov.,
1784 2849 1868 2882 poma
1886 2846 1928 2874 ut.

1112 2885 1219 2913 habent,
1234 2883 1364 2915 proposita
1378 2884 1424 2908 ent.
