4056 6178
222 362 321 423 661

218 494 645 569 phetarum,qui
667 496 1153 568 nunquam,sicut
1175 494 1285 551 iste
1307 494 1718 568 calumniatur,
1746 499 1857 552 fal-

217 586 289 641 sis
305 585 792 656 promissionibus
807 602 944 640 suos
957 585 1302 655 decipit.Qui
1320 603 1424 640 nos
1437 586 1856 657 irreprehensi-

217 673 355 729 biles
373 691 498 729 esse
521 674 838 729 mandavit.
855 673 980 744 Ipse
1002 678 1091 729 est
1110 675 1264 729 enim
1289 678 1347 729 et
1366 674 1519 729 Deus
1540 675 1854 745 Pr0pheta-

218 780 363 830 rum,
399 764 498 834 qui
546 780 871 835 nunquam,
905 764 1057 819 sicut
1104 764 1212 818 iste
1244 764 1609 829 criminatur,
1643 781 1704 819 se
1732 764 1855 836 ipse

215 852 596 925 reprehendit,
619 869 721 908 nec
738 869 869 907 eum
891 853 1043 907 sicut
1065 852 1361 908 hominem
1382 854 1707 924 quidquam
1732 871 1853 925 pos-

215 942 380 996 nituit
412 958 425 995 :
461 942 561 996 sed
594 957 788 998 rerum
817 942 1143 995 futurarum
1174 941 1584 1009 mutationem,
1614 959 1761 1013 quas
1794 959 1856 998 se

213 1036 570 1086 mutaturum
586 1034 711 1085 sine
726 1030 948 1085 ullasui
966 1030 1287 1086 mutatione
1301 1031 1370 1085 ab
1384 1033 1851 1102 aeternitatepras-

211 1120 387 1189 scivit,
410 1120 569 1175 velut
602 1120 857 1176 humana
887 1120 1226 1175 hominibus
1256 1119 1545 1176 locutione
1568 1120 1850 1192 praedixit.

212 1209 307 1277 Qui
334 1209 504 1265 nobis
525 1209 675 1265 iram
702 1210 798 1265 Dei
822 1210 1200 1265 metuendam
1218 1215 1275 1265 et
1296 1211 1355 1264 in
1380 1209 1686 1281 Evangelia
1705 1225 1855 1265 com-

211 1298 515 1355 mandavit.
549 1298 677 1370 Ipse
707 1301 797 1354 est
816 1298 971 1354 enim
1005 1302 1062 1354 et
1091 1298 1520 1371 Pr0phetarum
1554 1299 1727 1369 Deus,
1752 1298 1852 1371 qui

211 1407 311 1446 non
330 1389 424 1445 sui
442 1388 622 1445 animi
647 1388 1167 1461 perturbationem,
1192 1390 1293 1445 sed
1309 1391 1537 1460 justam
1562 1405 1851 1445 severam-

211 1497 309 1554 que
339 1481 680 1548 vindictam,
704 1480 801 1535 irae
821 1480 906 1536 vel
932 1480 1353 1552 indignationis
1373 1481 1609 1537 nomine
1633 1497 1854 1536 nuncu-

212 1570 376 1642 pavit.
399 1569 507 1635 Qui
530 1569 780 1626 alterum
803 1570 875 1626 ab
894 1570 1072 1626 altera
1095 1587 1210 1626 non
1237 1575 1555 1643 utcumque
1576 1570 1727 1639 laedi,
1748 1570 1850 1625 sed

209 1658 413 1731 injuria
442 1659 573 1715 lesdi
617 1658 826 1714 noluit.
862 1660 989 1731 Ipse
1020 1665 1109 1715 est
1138 1659 1294 1715 enim
1340 1664 1396 1715 et
1426 1659 1849 1732 Prophetarum

212 1748 373 1817 Deus,
396 1749 497 1820 qui
520 1748 639 1804 sive
657 1765 759 1820 per
779 1748 1193 1819 hamines,sive
1212 1748 1573 1821 perAngelos
1591 1752 1846 1819 sanctos,

210 1838 371 1894 etiam
388 1836 814 1909 temporalibus
837 1853 1145 1909 corporum
1163 1837 1628 1909 mortibus,quos
1646 1837 1846 1907 voluit,

212 1928 413 1983 utiliter
441 1932 544 1983 aut
561 1926 853 1991 multavit,
878 1931 979 1981 aut
1008 1926 1235 1982 terruit.
1258 1927 1364 1991 Qui
1396 1926 1594 1981 docuit
1617 1926 1687 1980 ad
1712 1942 1844 1981 can-

216 2016 615 2088 cupiscendum
632 2032 745 2071 non
770 2016 1080 2071 videndam
1106 2032 1232 2071 esse
1250 2015 1550 2070 mulierem
1568 2015 1845 2087 (Matth.v,

215 2106 309 2177 28).
343 2110 474 2176 Ipse
503 2110 596 2161 est
626 2106 781 2160 enim
816 2105 916 2176 qui
947 2108 1005 2159 et
1033 2104 1092 2159 in
1127 2106 1276 2175 Lege
1305 2104 1467 2171 dixit,
1508 2106 1621 2160 Non
1653 2120 1851 2160 concu-

206 2210 361 2266 pisces
386 2194 582 2266 (Exod.
606 2212 699 2261 xx,
736 2194 861 2265 l7):
898 2211 1023 2261 nec,
1058 2194 1211 2249 sicut
1240 2194 1349 2249 iste
1371 2194 1733 2260 criminatur,
1760 2192 1850 2247 in-

211 2282 334 2339 dixit
346 2289 627 2355 septenas
641 2283 891 2356 singulis
915 2284 1279 2355 nuptias,sed
1296 2278 1851 2355 propagandi'causa

209 2372 491 2427 connubia
511 2376 673 2427 casta
696 2371 982 2443 permisit.
1009 2371 1207 2426 Patres
1224 2376 1420 2427 autem
1444 2372 1695 2426 ﬁliarum
1724 2387 1849 2427 ma-

209 2461 330 2517 ritos
361 2478 484 2517 non
512 2460 703 2517 solum
725 2460 848 2532 ipse
882 2477 996 2516 non
1018 2461 1188 2529 fecit;
1222 2477 1422 2515 verum
1446 2460 1621 2515 etiam
1645 2477 1716 2515 ne
1747 2460 1848 2515 ﬁe-

208 2554 298 2620 ret,
327 2550 489 2605 sicut
518 2549 891 2615 aliaincesta,
913 2549 1357 2620 prohibuit.Qui
1388 2566 1494 2605 nos
1524 2550 1849 2605 secundum

206 2636 529 2695 interiorem
551 2638 983 2694 renovationem
1008 2638 1067 2692 in
1088 2639 1296 2709 spiritu
1320 2638 1553 2706 mentis,
1578 2655 1682 2694 nec
1699 2655 1851 2693 mas-

207 2727 349 2785 culos
380 2729 446 2783 in
484 2744 567 2796 se,
600 2744 705 2784 nec
755 2727 1005 2783 feminas
1037 2744 1165 2783 esse
1195 2728 1395 2783 docuit
1422 2754 1436 2797 ;
1468 2733 1525 2783 et
1553 2729 1705 2782 sicut
1736 2732 1849 2782 An-

206 2815 346 2885 gelos
374 2817 443 2871 in
478 2822 761 2873 aeternum
782 2832 983 2872 secum
1015 2817 1244 2872 futuros
1261 2832 1389 2873 esse
1412 2817 1700 2888 promisit.
1721 2820 1854 2888 Ipse

206 2911 281 2961 est
307 2907 469 2962 enim
509 2909 569 2962 et
616 2905 1045 2977 Prophetarum
1078 2911 1252 2970 Deus,
1284 2907 1383 2979 qui
1434 2906 1765 2961 masculum
1796 2909 1854 2961 et

205 2994 476 3051 feminam
496 2996 858 3067 propagandi
875 2995 1105 3067 generis
1128 3012 1302 3051 causa
1320 2996 1565 3067 nuptiali
1589 2996 1854 3051 castitate

206 3084 530 3155 conjunxit;
557 3089 613 3139 et
630 3078 922 3139 secundas
944 3084 1330 3156 nuptias,qua:
1358 3085 1413 3139 in
1440 3084 1523 3140 No
1536 3101 1602 3139 vo
1624 3101 1856 3155 quoque

207 3173 574 3229 Testamento
605 3173 1053 3245 permittuntur,
1086 3172 1275 3229 licitas
1306 3189 1436 3229 esse
1486 3174 1852 3228 monstravit.

209 3261 404 3318 Uxores
441 3267 644 3317 autem
676 3262 948 3331 fratrum,
973 3262 1073 3317 sed
1105 3262 1230 3316 sine
1254 3262 1390 3317 ﬁliis
1422 3262 1854 3328 defunctorum,

205 3353 267 3407 ad
283 3352 659 3407 excitandam
677 3352 935 3407 defuncti
961 3354 975 3386 ¹
1000 3352 1544 3423 posteritatem,non
1568 3350 1854 3419 libidinis,

204 3442 289 3496 sed
324 3440 571 3513 pietatis
604 3440 832 3505 affectu,
866 3440 925 3495 in
972 3441 1408 3497 matrimonium
1444 3442 1554 3496 sibi
1587 3440 1858 3511 copulare

203 3532 511 3603 praecepit:
540 3533 735 3600 patres
752 3547 884 3584 vero
904 3528 1155 3585 ﬁliarum
1175 3531 1465 3603 conjugiis
1484 3529 1718 3585 misceri
1741 3546 1860 3585 om-

200 3619 323 3676 nino
352 3619 690 3692 prohibuit.
723 3618 828 3684 Qui
862 3636 967 3674 nos
999 3636 1174 3690 super
1206 3635 1375 3674 omne
1407 3635 1593 3691 genus
1626 3635 1858 3690 serpen-

199 3712 311 3765 tum
361 3708 600 3765 calcare
651 3708 1037 3780 spiritualiter
1079 3709 1278 3779 jussit.
1313 3710 1438 3777 Ipse
1469 3713 1558 3763 est
1606 3708 1759 3762 enim
1803 3711 1861 3762 et

196 3798 621 3870 Prophetarum
655 3803 827 3868 Deus,
862 3797 961 3868 qui
1008 3797 1222 3869 populo
1254 3795 1475 3851 inﬁdeli
1526 3797 1595 3851 ad
1630 3796 1859 3868 signiﬁ-

198 3889 373 3943 canda
406 3890 672 3958 peccata,
705 3902 954 3957 quorum
988 3902 1209 3941 veneno
1246 3885 1617 3941 invisibiliter
1647 3886 1862 3940 morie-

201 3974 429 4041 bantur,
467 3974 735 4031 visibiles
783 3978 1085 4045 serpentes
1116 3973 1330 4044 quibus
1381 3974 1857 4042 admonerentur,

200 4064 440 4120 immisit
469 4081 485 4132 ;
523 4067 584 4119 et
610 4062 783 4135 plaga
811 4062 1209 4118 emendatoria
1237 4068 1454 4117 mortes
1502 4062 1859 4131 animarum,

207 4154 499 4210 mortibus
532 4168 845 4224 corporum
896 4151 1183 4224 figuravit.
1231 4151 1338 4218 Qui
1370 4151 1532 4221 dixit,
1565 4153 1698 4206 Date
1728 4151 1861 4205 elec-

201 4258 494 4316 mosynam
513 4259 538 4306 ;
569 4251 620 4297 el
654 4257 772 4297 ecce
800 4245 987 4297 omnia
1027 4242 1235 4298 munda
1261 4250 1387 4297 sunt
1414 4242 1569 4296 vobis
1599 4242 1748 4312 (Luc.
1780 4257 1857 4311 x1,

206 4332 309 4404 41).
369 4334 509 4404 Ipse
570 4334 662 4387 est
688 4330 846 4387 enim
877 4337 934 4386 et
963 4331 1379 4402 Prophetarum
1414 4332 1564 4386 Deus
1595 4330 1693 4401 qui
1723 4328 1863 4385 talia

196 4420 364 4478 etiam
399 4420 838 4493 Prophetarum
894 4437 1031 4475 voce
1090 4420 1405 4475 mandavit.
1465 4418 1578 4474 Nec
1633 4419 1746 4474 sibi
1778 4435 1868 4474 vo-

190 4506 293 4565 luit
335 4510 790 4584 primogenitas
836 4509 1144 4564 hominum
1190 4502 1341 4564 ﬁlios
1387 4507 1704 4575 immolari,
1762 4506 1864 4563 sed

195 4600 534 4658 consecrari
585 4599 975 4672 :signiﬁcans
1024 4596 1479 4670 primogenitum
1510 4614 1545 4651 a
1596 4597 1865 4667 mortuis,

204 4689 259 4744 in
319 4706 445 4759 quo
500 4688 809 4760 oportebat
854 4703 1056 4742 omnes
1116 4703 1150 4740 a
1204 4688 1387 4739 morte
1441 4689 1641 4756 perpet
1672 4701 1747 4739 ua
1795 4684 1864 4738 li-

195 4778 409 4836 berari.
477 4777 593 4843 Qui
670 4774 1149 4848 corruptibilibus
1197 4774 1343 4830 cibis
1389 4773 1866 4845 incorruptibiles

198 4868 573 4941 anteposuit.
627 4870 758 4937 Ipse
805 4871 893 4920 est
941 4865 1095 4920 enim
1129 4868 1185 4919 et
1230 4863 1652 4935 Prophetarum
1693 4867 1863 4931 Deus,

200 4958 295 5029 qui
320 4956 632 5014 sacriﬁcia
654 4954 870 5027 quibus
888 4970 1001 5008 non
1034 4953 1302 5025 indiguit,
1322 4953 1391 5008 ad
1412 4952 1864 5025 signiﬁcandum

191 5062 388 5103 verum
425 5042 894 5111 sacriﬁcium,in
928 5044 1154 5098 umbris
1188 5043 1521 5097 futurorum
1549 5042 1868 5113 praecedere

189 5135 374 5193 voluit
400 5153 415 5203 ;
452 5138 520 5191 et
554 5131 872 5203 disciplinas
891 5132 1193 5188 severitate
1223 5131 1513 5194 mortibus
1536 5147 1864 5202 corporum,

190 5224 365 5298 longe
399 5220 756 5279 mitioribus
797 5238 972 5292 quam
1026 5224 1164 5275 sunt
1192 5229 1406 5275 aeterna
1456 5219 1742 5291 supplicia
1771 5236 1868 5292 ge-

194 5312 575 5377 hennarum,
634 5314 968 5382 perpetrata
1024 5307 1331 5380 sacrilegia
1376 5309 1712 5364 vindicavit.
1762 5310 1870 5373 Qui

185 5408 464 5460 terrenas
498 5398 765 5469 divitias,
795 5415 909 5454 non
942 5397 1093 5453 sicut
1121 5397 1231 5452 iste
1261 5397 1425 5463 dicit,
1452 5399 1717 5454 damnari
1741 5400 1870 5470 jus-

189 5493 283 5564 sit,
318 5492 429 5551 sed
472 5487 822 5561 spirituales
851 5486 1231 5556 caelestesque
1261 5486 1600 5558 praeposuit.
1634 5489 1765 5559 Ipse
1785 5492 1875 5545 est

191 5583 349 5638 enim
404 5585 469 5636 et
537 5576 965 5651 Prophetarum
1020 5576 1193 5644 Deus,
1244 5576 1345 5647 qui
1388 5575 1524 5630 facit
1565 5581 1623 5631 et
1669 5577 1873 5634 divites

192 5665 651 5745 benignissime
706 5665 1024 5739 largiendo,
1082 5669 1139 5723 et
1190 5681 1476 5739 pauperes
1500 5664 1874 5737 justiﬁssime

254 5808 275 5843 ί
304 5805 503 5863 Forte,
539 5796 818 5861 defunctis.

1572 364 1804 426 LlBER
1848 365 2275 433 SECUNDUS.

3507 370 3624 432 662

1965 501 2053 555 vel
2102 518 2214 556 non
2264 502 2475 568 dando,
2518 501 2604 557 vel
2648 502 2986 557 auferendo.
3038 502 3143 566 Qui
3196 519 3302 557 nos
3354 519 3455 573 pro
3508 502 3619 559 ini-

1967 590 2137 645 micis
2151 593 2524 662 orarejussit.
2538 594 2663 663 Ipse
2677 592 2931 647 estenim
2947 591 3429 662 etPrOphetarum
3450 598 3616 661 Deus,

1967 678 2065 749 qui
2081 678 2233 734 ﬁlios
2254 684 2559 750 parentum
2578 680 2853 736 manibus
2870 680 3157 735 immolari
3174 681 3619 747 sibi,utistecri-

1966 767 2364 837 minatur,non
2394 769 2578 825 solum
2605 787 2908 841 nunquam
2933 769 3340 836 voluit,verum
3357 770 3529 825 etiam
3548 788 3618 825 ne

1966 856 2022 911 id
2048 858 2230 923 ﬁeret,
2254 856 2312 911 in
2339 858 2487 929 Lege
2510 859 2833 913 constituit.
2861 859 2964 925 Qui
2990 860 3115 914 sine
3132 860 3465 931 acceptione
3488 877 3616 931 per-

1966 964 2243 1002 sonarum
2264 948 2743 1003 benefaciendum
2764 949 3034 1003 omnibus
3051 950 3364 1004 intimavit.
3390 952 3514 1021 Ipse
3532 956 3619 1007 est

1971 1036 2121 1091 enim
2152 1041 2207 1091 et
2228 1036 2647 1108 Prophetarum
2672 1042 2843 1103 Deus,
2868 1038 2966 1108 qui
2997 1038 3231 1108 quando
3259 1038 3384 1093 sine
3408 1039 3619 1094 discre-

1964 1125 2122 1180 tione
2139 1126 2322 1180 aetatis
2338 1131 2439 1181 aut
2454 1142 2627 1181 sexus
2645 1126 2829 1182 occidi
2843 1126 3110 1182 homines
3125 1127 3488 1197 jussit,unde
3506 1128 3616 1184 scit

1961 1213 2072 1269 iste
2100 1214 2187 1270 vel
2211 1215 2522 1287 quisquam
2543 1216 2683 1287 quid
2715 1216 2798 1271 eis
2832 1220 2962 1287 post
2994 1220 3238 1271 mortem
3272 1217 3435 1271 bonae
3458 1234 3613 1272 cam-

1963 1304 2327 1375 pensationis
2345 1304 2630 1371 attribuit,
2652 1321 2903 1375 quorum
2927 1305 3217 1360 mortibus
3232 1305 3487 1361 viventes
3510 1312 3613 1362 aut

1961 1393 2291 1449 emendavit
2308 1397 2408 1450 aut
2430 1393 2672 1449 terruit?
2694 1394 2799 1459 Qui
2824 1410 2929 1449 nos
2963 1410 3123 1463 azquo
3146 1394 3339 1449 animo
3361 1393 3611 1464 injurias

1960 1479 2251 1535 sustinere
2280 1484 2337 1535 et
2366 1481 2583 1536 donare
2606 1481 2897 1553 praecepit.
2932 1482 3060 1552 Ipse
3092 1485 3181 1536 est
3212 1483 3366 1536 enim
3390 1488 3446 1538 et
3469 1483 3610 1539 Pro-

1959 1569 2267 1641 phetarum
2299 1569 2475 1639 Deus,
2499 1570 2598 1642 qui
2632 1570 2868 1625 oculum
2904 1588 3004 1642 pro
3037 1570 3225 1637 oculo,
3252 1572 3481 1626 dentem
3505 1590 3608 1644 pro

1956 1659 2151 1725 dente,
2184 1660 2423 1715 modum
2446 1659 2642 1731 posuit
2673 1678 2873 1732 pusum,
2901 1678 2968 1715 ne
3002 1660 3313 1732 quisquam
3350 1661 3461 1716 sibi
3484 1678 3608 1716 am-

1955 1747 2113 1819 plius
2142 1752 2372 1820 putaret
2389 1749 2583 1804 deberi
2605 1750 3077 1821 vindictae,quam
3104 1749 3607 1820 pertulissetinju-

1955 1836 2071 1891 riaz.
2105 1838 2175 1892 Et
2206 1837 2314 1892 hoc
2348 1837 2497 1905 ideo,
2524 1838 2663 1909 quia
2693 1839 2764 1893 de
2793 1838 3082 1909 sapientia
3111 1838 3209 1893 Dei
3239 1838 3462 1893 dictum
3494 1843 3604 1905 est,

1956 1927 2107 1997 quod
2136 1928 2345 1998 Legem
2365 1932 2420 1981 et
2451 1927 2912 1983 misericordiam
2940 1927 2996 1981 in
3021 1926 3223 1999 lingua
3247 1932 3453 1998 portet.
3490 1928 3604 1985 Nec

1956 2033 2058 2087 per
2071 2015 2529 2071 misericordiam
2544 2016 3109 2071 debitadebitoribus
3124 2016 3339 2072 nostris
3352 2015 3606 2072 scienter

1956 2104 2529 2172 dimitteremus,nisi
2555 2121 2658 2177 per
2672 2106 2873 2177 Legem
2897 2106 3025 2177 ipsa
3037 2106 3232 2160 debita
3252 2107 3609 2162 discernere-

1957 2198 2146 2250 mus‘.
2172 2194 2352 2260 Quiin
2375 2200 2833 2267 tantapotestate
2847 2212 2908 2251 se
2932 2194 3249 2250 humilians
3278 2197 3349 2250 ad
3368 2212 3607 2252 conver-

1955 2284 2195 2338 tendos”
2217 2300 2321 2339 nos
2344 2285 2529 2339 factus
2543 2285 2875 2351 homo,cum
2896 2284 3233 2339 hominibus
3252 2283 3606 2341 estlocutus.

1958 2372 2087 2443 Ipse
2115 2376 2203 2427 est
2231 2373 2387 2427 enim
2406 2378 2463 2428 et
2484 2378 2631 2428 Deus
2656 2373 3098 2445 Prophetarum,
3124 2374 3224 2445 qui
3248 2390 3381 2428 cum
3406 2373 3613 2445 primis

1956 2459 2222 2532 patribus
2247 2467 2337 2517 est
2355 2462 2585 2518 locutus
2615 2478 2628 2517 :
2653 2461 2784 2517 ideo
2807 2467 3017 2533 prater
3037 2477 3098 2516 se
3120 2462 3319 2517 dicens
3343 2479 3459 2517 non
3482 2478 3612 2518 esse

1957 2549 2138 2605 alium
2172 2555 2376 2618 Deum,
2410 2552 2548 2622 quia
2579 2551 2754 2606 etiam
2778 2567 3015 2606 summa
3046 2551 3318 2619 Trinitas,
3346 2556 3615 2608 manente

1957 2654 2341 2709 personarum
2366 2640 2715 2695 discretione
2733 2642 2753 2675 ³
2776 2657 2931 2695 unus
2954 2644 3042 2696 est
3063 2641 3352 2705 Deus.Qui
3376 2644 3618 2711 Aposto-

1957 2727 2032 2783 lis
2058 2728 2182 2783 suis
2205 2733 2269 2783 ut
2289 2729 2471 2801 gratis
2486 2730 2622 2784 dare
2634 2734 2830 2800 atquae
2856 2730 3038 2802 gratis
3054 2730 3613 2801 acceperantjussit:

1959 2818 2031 2872 ad
2063 2818 2548 2873 sustentationem
2584 2823 2781 2873 tamen
2818 2836 2983 2874 suam
3010 2835 3115 2874 nec
3147 2818 3321 2874 aliam
3351 2819 3615 2873 tunicam

1961 2923 2161 2962 secum
2187 2908 2335 2962 ferre
2364 2908 2494 2963 ideo
2527 2908 2847 2977 constituit,
2883 2908 3023 2980 quia
3054 2912 3291 2963 secutus
3324 2907 3621 2979 adjunxit,

1961 2996 2173 3066 Dignus
2189 3004 2267 3051 est
2282 2998 2430 3051 enim
2451 2998 2739 3068 aperarius
2754 2997 3004 3053 mercede
3017 3015 3118 3053 sua
3135 2998 3340 3070 (Matth.
3359 3015 3416 3066 x,
3433 2997 3612 3068 8-10);

1962 3088 2027 3139 ut
2057 3086 2157 3155 qui
2179 3085 2558 3157 Evangelium
2578 3087 3027 3156 annuntiabant,
3042 3104 3106 3142 ex
3133 3086 3441 3159 Evangelia
3462 3086 3615 3141 vive-

1963 3177 2092 3228 rent
2115 3174 2159 3245 (I
2176 3176 2280 3229 Cor
2323 3176 2503 3247 Ix,14)
2529 3192 2541 3230 :
2569 3181 2677 3231 Deo
2699 3181 2894 3231 tamen
2916 3193 3160 3231 munera
3181 3175 3473 3230 offerenda
3488 3191 3617 3231 esse

1964 3263 2331 3333 monstravit,
2357 3264 2453 3334 qui
2480 3264 2702 3319 nullius
2723 3265 2963 3336 indiget,
2980 3270 3037 3320 et
3066 3281 3313 3319 munera
3333 3264 3616 3319 sumendo

1965 3351 2097 3423 plus
2116 3352 2353 3406 confert.
2376 3353 2501 3423 Ipse
2523 3358 2611 3408 est
2631 3354 2782 3408 enim
2811 3359 2867 3408 et
2893 3354 3315 3425 Prophetarum
3334 3351 3621 3423 Deus,qui

1964 3444 2022 3495 et
2052 3456 2297 3495 munera
2327 3457 2468 3495 suos
2498 3442 2761 3514 accipere
2790 3446 2964 3507 vetat,
2999 3443 3215 3513 quibus
3260 3447 3622 3497 excaecantur

1966 3527 2149 3598 oculij
2163 3529 2606 3598 udicantium;et
2619 3531 3288 3602 muneraipse,quamvis
3302 3547 3415 3585 non
3433 3534 3618 3601 egeat,

1967 3616 2198 3688 accipit,
2234 3622 2296 3670 ut
2327 3618 2538 3688 pietate
2570 3620 2743 3674 faciat
2775 3620 3083 3690 opulentas
3114 3619 3342 3674 animas
3374 3620 3617 3673 offeren-

1966 3706 2140 3760 tium.
2192 3707 2296 3771 Qui
2350 3707 2611 3763 sabbatis
2660 3708 2957 3763 hominem
3011 3708 3252 3772 curavit,
3303 3708 3619 3764 ostendens

1960 3795 2085 3866 jam
2117 3811 2244 3848 esse
2274 3799 2529 3866 tempus,
2564 3801 2630 3850 ut
2658 3796 2982 3851 secundum
3010 3796 3375 3868 prophetiam
3397 3796 3619 3864 Cantici

1968 3882 2325 3938 canticorum
2360 3885 2647 3956 aspiraret
2668 3886 2813 3953 dies,
2838 3889 2895 3939 et
2924 3890 3363 3940 removerentur
3393 3886 3615 3940 umbras

1968 3972 2147 4043 (Cant.
2181 3989 2242 4043 11,
2278 3975 2385 4045 17).
2419 3974 2548 4045 Ipse
2592 3981 2681 4030 est
2708 3974 2865 4030 enim
2896 3978 2952 4029 et
2991 3974 3407 4046 Prophetarum
3442 3980 3613 4046 Deus,

1971 4061 2071 4134 qui
2102 4061 2395 4118 hominem
2431 4063 2589 4135 ligna
2620 4064 2880 4119 sabbatis
2903 4062 3290 4136 colligentem,
3313 4065 3447 4136 quia
3477 4080 3620 4118 non-

1973 4152 3619 4225 dumduorum‘Testamentorumtemporadistinguebat,

1974 4246 2074 4303 sed
2104 4245 2313 4315 Legem
2339 4241 2431 4296 Dei
2466 4241 2791 4296 contumaci
2811 4245 2867 4296 et
2895 4241 3073 4312 impia
3106 4246 3295 4296 mente
3326 4247 3625 4314 contemp-

1975 4337 2149 4403 serat,
2181 4331 2563 4403 lapidandum
2595 4346 2724 4385 esse
2776 4330 3109 4398 mandavit;
3142 4332 3387 4401 ejusque
3420 4347 3624 4402 corpo-

1974 4423 2082 4479 rali
2112 4426 2299 4476 morte
2329 4420 2529 4491 (quam
2548 4424 2681 4490 post
2713 4418 3019 4491 paululum
3053 4419 3211 4474 omni
3244 4419 3467 4474 homini
3489 4419 3625 4492 quis

1973 4511 2202 4568 dubitet
2230 4508 2563 4563 adfuturam
2588 4508 2637 4578 7)
2667 4506 3083 4563 sanxittimore
3101 4508 3490 4564 obedientiam
3518 4526 3624 4564 cae-

1973 4601 2114 4657 teris
2146 4599 2533 4671 profuturam.
2567 4596 2674 4659 Qui
2724 4601 2956 4668 propter
3005 4595 3314 4653 salvandos
3354 4598 3624 4655 homines

1974 4707 2036 4746 se
2055 4688 2283 4745 venisse
2302 4684 2467 4740 dixit.
2495 4685 2623 4756 Ipse
2643 4689 2731 4739 est
2750 4685 2905 4739 enim
2928 4689 2985 4739 et
3002 4684 3421 4758 PrOphetarum
3446 4688 3621 4755 Deus,

1975 4780 2073 4852 qui
2099 4773 2501 4849 justojudicio
2530 4790 2677 4845 quas
2709 4772 2832 4827 vult
2860 4775 3147 4829 obdurat:
3175 4776 3327 4830 sicut
3347 4776 3405 4830 in
3438 4776 3622 4830 Evan-

1976 4868 2125 4942 gelia
2147 4867 2186 4936 ⁵,
2220 4865 2375 4920 Venit
2399 4864 2456 4917 in
2481 4863 2783 4934 judicium,
2818 4878 2933 4918 non
2967 4863 3157 4919 solum
3191 4869 3251 4919 ut
3279 4866 3376 4935 qui
3398 4880 3508 4919 non
3538 4864 3623 4918 vi-

1975 4958 2101 5013 dent
2149 4954 2407 5015 videant;
2456 4952 2553 5007 sed
2602 4951 2777 5007 etiam
2826 4960 2889 5007 ut
2934 4954 3033 5024 qui
3076 4953 3279 5019 vident,
3311 4954 3443 5009 caeci
3487 4950 3627 5021 ﬁant

1975 5047 2158 5119 (Joan.
2181 5062 2257 5109 1x,
2282 5042 2393 5113 39).
2418 5041 2523 5105 Qui
2559 5042 2836 5096 mandata
2862 5041 2986 5096 vita:
3006 5046 3294 5113 perpetuas
3326 5038 3493 5095 nobis
3525 5039 3624 5094 de-

1977 5137 2083 5191 dit.
2118 5139 2245 5205 Ipse
2276 5135 2366 5188 est
2399 5132 2552 5187 enim
2584 5136 2640 5186 et
2662 5131 3085 5202 Prophetarum
3117 5130 3291 5199 Deus,
3325 5129 3425 5199 qui
3460 5145 3625 5183 man-

1978 5223 2115 5278 data
2145 5226 2348 5277 sancta
2379 5225 2434 5275 et
2470 5221 2634 5291 justa
2666 5224 2722 5275 et
2754 5220 2925 5287 bona,
2962 5217 3232 5290 superbis
3260 5221 3477 5287 tamen,
3512 5234 3629 5273 non

1979 5313 2050 5369 de
2105 5311 2296 5383 ipsius
2345 5311 2553 5382 gratia,
2616 5309 2716 5365 sed
2767 5310 2837 5364 de
2877 5324 2984 5364 sua
3030 5307 3240 5363 virtute
3287 5306 3630 5375 ﬁdentibus,

1981 5418 2096 5459 non
2148 5400 2364 5473 quibus
2416 5400 2697 5464 viverent,
2742 5398 2844 5453 sed
2896 5395 3112 5467 quibus
3147 5400 3532 5467 morerentur,
3569 5401 3634 5454 ut

2046 5494 2061 5527 ι
2098 5489 2282 5540 Plures
2308 5489 2455 5545 Μέθη
2486 5487 2805 5535 disceremus.

2044 5555 2065 5625 ξ
2097 5555 2155 5625 In
2183 5550 2644 5625 praestantioribus
2673 5550 2814 5625 Mss.,
2847 5546 3228 5625 confortandes:

2045 5618 2066 5652 ³
2097 5610 2375 5681 Ιῃλὶιδόθω
2405 5616 2911 5681 ltiss.,_personarum
2933 5610 3268 5681 praprietale.

2046 5682 2068 5716 ὀ
2096 5678 2313 5742 Aliquot
2341 5676 2694 5742 probantes,
2725 5676 2984 5742 non-quia
3004 5676 3239 5742 (ἔαρι-ωτι.

2046 5743 2067 5778 ⁸
2097 5742 2183 5792 Sic
2197 5735 2434 5790 'Msszt
2482 5737 2626 5801 editi,
2657 5737 2767 5800 qui,
2795 5736 2924 5785 sicut
2966 5735 3021 5786 in
3054 5736 3332 5801 Evangelia
3360 5737 3454 5796 ait,
3497 5738 3635 5787 venit

1984 5806 2039 5854 in
2065 5804 2336 5862 mundum,
2364 5814 2469 5851 non
2496 5798 2680 5861 solum;
2711 5801 2811 5848 etc.
