4056 6178
258 366 378 423 665

255 500 401 551 runt
424 498 475 550 1:
506 500 638 568 post
673 496 826 550 hunc
865 512 999 566 ergo
1045 495 1220 550 ﬁnem
1252 495 1408 566 libri,
1434 513 1638 551 rursus
1667 493 1907 549 alterius

253 585 838 656 apparetexordium,
872 586 1134 653 ejusdem
1157 586 1398 641 forsitan
1430 585 1686 640 hominis
1718 587 1910 638 aucto-

255 673 636 742 ris,ejusdem
669 675 1047 744 tamen,quod
1066 691 1178 729 non
1204 673 1909 737 dubitatur,erroris.Dis-

253 770 468 835 putare
496 768 688 817 autem
723 767 992 834 coeperat,
1014 766 1163 833 quod
1199 781 1330 818 caro
1355 763 1534 818 alium
1559 763 1798 818 haberet
1822 763 1912 817 fa-

254 852 759 916 bricatorem,non
782 857 962 907 Deum
985 869 996 906 :
1016 853 1169 907 unde
1187 870 1316 907 cum
1335 870 1626 924 perpauca
1649 853 1906 920 dixisset,

253 941 320 996 in
341 942 465 1012 ipso
485 941 718 996 exordio
742 947 928 1012 empta
946 942 1113 996 ﬁnita
1134 943 1402 997 sunl.b‘ed
1423 948 1616 996 utrum
1639 943 1763 1013 ipse
1779 959 1910 997 auc-

251 1036 351 1087 tor
369 1049 439 1085 an
464 1032 717 1102 scriptor
734 1032 953 1085 codicis
970 1048 1080 1085 non
1105 1032 1361 1103 potuerit
1379 1032 1618 1101 implere
1634 1032 1785 1102 quod
1803 1048 1910 1085 c03-

253 1127 442 1191 perat,
465 1120 681 1175 nescio.
703 1120 778 1175 De
803 1121 908 1175 hac
929 1126 1124 1175 tamen
1151 1119 1444 1175 dementia
1473 1120 1775 1174 hominum
1796 1137 1907 1174 non

251 1210 754 1264 considerantium
770 1209 908 1280 quid
924 1209 1542 1280 loquantur,adversus
1558 1208 1908 1265 Manichaeos

253 1299 578 1368 multajam
599 1298 1114 1370 scripsimus.Etin
1132 1299 1514 1370 hujusipsius
1533 1299 1724 1370 operis
1743 1299 1907 1354 initio

250 1388 480 1456 idonea,
518 1393 805 1458 quantum
839 1390 1126 1454 existimo,
1152 1389 1313 1459 jacta
1343 1393 1482 1442 sunt
1504 1389 1903 1456 fundamenta,

257 1479 476 1548 quibus
509 1478 767 1549 prudens
799 1481 854 1532 et
903 1479 1034 1548 pius
1079 1477 1259 1533 lector
1290 1477 1595 1548 intelligat,
1629 1494 1743 1532 non
1777 1479 1903 1533 ideo

251 1567 718 1622 subtrahendam
745 1582 981 1621 carnem
1015 1567 1291 1637 operibus
1326 1566 1445 1633 Dei,
1472 1567 1626 1638 quod
1661 1567 1902 1638 spiritus

253 1660 461 1711 natura
489 1657 566 1711 sit
587 1656 774 1727 potior
798 1674 810 1723 ;
829 1672 933 1710 nec
948 1657 1074 1710 ideo
1091 1654 1242 1710 mala
1258 1671 1385 1710 esse
1410 1656 1518 1710 ista
1536 1655 1899 1726 temporalia,

254 1745 390 1816 quia
424 1746 631 1800 merito
653 1744 737 1800 eis
759 1749 1182 1816 praeponuntur
1204 1750 1416 1800 aeterna
1442 1763 1452 1810 ;
1474 1761 1577 1799 nec
1599 1746 1726 1800 ideo
1750 1746 1902 1800 bona

253 1836 550 1889 terrestria
581 1835 946 1901 detestanda,
998 1833 1139 1905 quia
1171 1838 1308 1889 sunt
1339 1833 1597 1889 calestia
1623 1835 1896 1890 meliora:

259 1940 390 1978 cum
418 1923 564 1978 Deus
580 1924 862 1979 creaverit
892 1923 1609 1995 omniabona,magnusin
1643 1925 1896 1994 magnis,

325 2049 440 2112 [Ita
472 2049 526 2095 in
559 2049 684 2097 Mss.
716 2047 780 2097 At
809 2048 866 2097 in
898 2048 1071 2107 editis,
1095 2049 1144 2096 et
1171 2048 1410 2097 seducere
1425 2049 1470 2096 si
1498 2049 1696 2112 possint
1725 2050 1898 2098 multi-

254 2110 476 2159 tudinem
499 2115 752 2175 quaerunt.

1197 363 1746 425 CONSUL'I‘A'I‘IO
1793 361 2056 422 OROSII
2100 363 2201 420 AD
2246 361 2789 424 AUGUSTINUM.

3556 357 3676 418 666

2022 493 2124 548 sed
2148 511 2258 548 non
2291 511 2502 565 parvus
2522 495 2578 548 in
2596 493 2946 566 parvis.Jam
2973 491 3112 546 illud
3139 491 3297 546 aliud
3323 491 3475 563 quod
3495 491 3552 545 in
3570 507 3661 547 eo-

2021 582 2153 637 dem
2195 583 2388 638 codice
2409 585 2582 639 scribi
2607 587 2874 654 cceperat,
2898 582 3191 636 Adimanti
3214 597 3360 652 Opus
3391 579 3662 645 est,illius

2021 671 2292 743 discipuli
2329 674 2648 740 Manichaei,
2683 674 2780 743 qui
2807 670 3160 743 praenomine
3193 671 3386 724 Addas
3417 672 3432 703 ¹
3471 669 3660 724 dictus

2021 763 2142 813 est:
2173 759 2267 813 ubi
2305 760 2374 813 de
2395 765 2639 831 utroque
2660 760 3034 814 Testamento
3086 758 3240 813 velut
3273 758 3426 812 inter
3448 774 3509 811 se
3532 774 3666 812 con-

2019 848 2197 902 traria
2233 848 2564 903 testimonia
2594 850 2971 920 proferuntur
3022 846 3311 918 versipelli
3335 846 3669 911 dolositate,

2018 937 2178 992 velut
2211 939 2702 993 indeostendatur
2721 944 3031 1006 utrumque
3051 938 3121 991 ab
3149 953 3260 990 uno
3290 941 3538 991 Decesse
3555 952 3666 990 non

2021 1044 2212 1098 posse,
2246 1029 2346 1084 sed
2381 1029 2633 1084 alterum
2667 1030 2736 1082 ab
2762 1027 3186 1082 altero.Contra
3215 1027 3321 1081 hoc
3341 1031 3674 1080 autemmav

2019 1116 2245 1189 lignum
2289 1119 2824 1173 machinamentum
2849 1119 2974 1186 jam
3008 1117 3145 1170 olim
3201 1117 3566 1186 scripsimus,
3600 1119 3666 1171 ut

2018 1206 2192 1277 paulo
2224 1212 2356 1261 ante
2391 1204 2862 1276 commemoravi,
2884 1210 2939 1260 et
2969 1206 3162 1275 ipsum
3188 1203 3535 1275 opusculum
3561 1220 3662 1259 no-

2017 1299 2208 1350 strum
2241 1295 2453 1350 habere
2510 1313 2609 1350 vos
2651 1295 2841 1350 credo.
2895 1294 3171 1360 Quamvis
3220 1294 3486 1365 quaedam
3545 1293 3665 1349 sint

2016 1399 2306 1455 perpauca
2326 1385 2384 1438 in
2419 1385 2530 1438 {ine
2557 1384 2742 1456 ipsius
2774 1384 2965 1456 cperis
2982 1382 3516 1452 Adimanti,quibus
3548 1399 3661 1438 non

2014 1474 2317 1544 respondi:
2355 1475 2548 1529 nescio
2611 1474 2825 1545 quibus
2875 1473 3053 1539 enim,
3109 1475 3174 1527 ut
3217 1471 3339 1526 ﬁeri
3373 1474 3535 1537 solet,
3567 1471 3656 1526 in-

2015 1565 2406 1630 currentibus,
2434 1581 2561 1634 qua:
2613 1564 2800 1635 magis
2829 1563 3174 1617 videbantur
3197 1578 3421 1633 urgere,
3449 1561 3548 1617 illa
3579 1561 3664 1616 in-

2014 1656 2279 1723 terrupta
2310 1657 2391 1708 sic
2427 1657 2854 1708 remanserunt.
2890 1653 3020 1718 Sed,
3052 1657 3116 1706 ut
3146 1651 3284 1715 dixi,
3319 1651 3376 1704 in
3407 1652 3521 1706 ﬁne
3542 1667 3664 1720 per-

2012 1757 2199 1813 pauca
2221 1745 2377 1806 sunt,
2415 1759 2540 1812 quae
2590 1743 2637 1797 si
2681 1741 2966 1798 Dominus
3013 1741 3280 1806 voluerit,
3314 1740 3659 1810 quantocius

2011 1831 2299 1902 explicare
2325 1833 2560 1886 curabo.

2015 2043 2217 2163 AJHSic
2272 2051 2599 2114 antiquiores
2628 2051 2751 2101 Mss.
2780 2050 2847 2100 At
2875 2050 3018 2108 editi,
3051 2050 3139 2112 qui
3191 2047 3400 2112 praprt'o
3454 2046 3660 2098 nomine

2102 2129 2116 2154 ι
2136 2128 2209 2163 as.

2102 2128 2209 2163 ιιαε.

1352 2362 1422 2418 ΙΝ
1472 2361 2023 2429 SUBSEQUENTES
2072 2363 2549 2432 SCRIPTIONES,

256 2479 392 2541 Vade
424 2479 530 2540 lib.
565 2482 624 2551 2,
657 2497 786 2558 cap.
822 2481 923 2551 44,
962 2478 1518 2562 Retractationum,
1558 2489 1693 2537 tom.
1728 2482 1786 2562 l,_
1818 2478 2131 2562 7001.648,
2195 2479 2409 2562 verbis,
2468 2484 2638 2542 lnter
2685 2479 2820 2541 haec
2853 2478 2931 2562 (a)
2965 2479 3185 2553 Orosii,
3222 2498 3401 2560 usque
3431 2478 3512 2540 ad
3537 2478 3648 2540 col.

1482 2560 1622 2632 649,
1658 2558 1866 2632 verbis,
1893 2560 2010 2619 Fili
2039 2561 2237 2621 Orosi.
2326 2562 2406 2622 M.

297 2685 369 2745 (a)
402 2685 526 2748 Haec
555 2681 731 2748 illain
768 2683 1252 2748 Retractationibus
1274 2683 1514 2744 proxime
1551 2686 1672 2748 ante
1705 2687 1902 2742 notata,
1936 2684 2046 2733 sive
2078 2687 2338 2746 tempore,
2358 2686 2468 2734 sive
2498 2686 2773 2748 opuscula,
2806 2687 2945 2734 inter
2961 2699 3080 2748 quae
3102 2699 3155 2735 se
3179 2685 3345 2733 Orosii
3375 2683 3652 2733 Consulta-

239 2747 373 2796 tioni
405 2747 472 2796 de
504 2747 916 2796 Priscillianistis
946 2750 998 2794 et
1029 2747 1341 2809 Origenistis
1371 2745 1710 2808 respondisse
1742 2751 1965 2796 testatur
1997 2745 2347 2810 Augustinus,
2377 2745 2697 2798 inciduntin
2729 2750 2918 2798 Christi
2951 2745 3152 2798 annum
3183 2749 3389 2797 circiter
3419 2750 3525 2796 415.

1276 3005 1769 3062 CONSULTATIO
1813 3007 1967 3064 SIVE
2013 3009 2619 3066 COMMONITORIUM

665 3172 1352 3325 OROSII
1458 3174 1744 3324 AD
1861 3176 3240 3333 AUGUSTINUM

951 3409 1043 3466 DE
1093 3409 1386 3466 ERRORE
1423 3409 2182 3469 PRISCILLIANISTARUM
2215 3414 2300 3470 ET
2331 3414 2934 3472 ORIGENISTARUM.

306 3631 658 3688 Beatissimo
691 3632 838 3705 patri
860 3639 1191 3689 AUGUSTINO
1221 3632 1513 3704 episcopo,
1539 3633 1814 3690 answs.

310 3723 358 3776 1.
390 3721 519 3778 Jam
557 3722 796 3794 quidem
851 3739 1257 3795 suggesseram
1285 3723 1588 3777 Sanctitati
1620 3728 1754 3790 tua,
1787 3725 1888 3779 sed

240 3812 688 3867 Commonitoriu
701 3830 751 3867 m
770 3818 1060 3885 suggesta:
1075 3812 1152 3867 rei
1169 3817 1305 3866 tunc
1323 3812 1526 3867 offerre
1541 3812 1887 3884 meditabar,

241 3917 368 3955 cum
395 3907 450 3955 te
480 3901 812 3972 expeditum
832 3901 1027 3957 animo
1049 3902 1118 3956 ab
1144 3900 1272 3956 aliis
1295 3901 1550 3955 dictandi
1577 3902 1888 3958 necessita-

241 3989 393 4045 tibus
418 4007 546 4045 esse
578 3991 918 4046 sensissem.
945 3993 1053 4046 Sed
1076 3991 1353 4062 quoniam
1386 3991 1607 4045 domini
1632 3991 1765 4059 mei,
1787 3991 1889 4046 ﬁlii

245 4081 349 4142 tui,
375 4080 686 4152 Eutropius
720 4088 776 4135 et
801 4080 1299 4152 Paulusepiscopi,
1336 4081 1535 4135 eadem
1562 4097 1677 4151 qua
1699 4085 1754 4136 et
1784 4097 1888 4153 ego

242 4185 388 4238 puer
411 4171 423 4203 ¹
451 4170 874 4237 vester,salutis
905 4169 1166 4225 omnium
1192 4169 1438 4225 utilitate
1459 4171 1889 4240 permoti,com-

239 4258 615 4313 monitorium
643 4260 767 4329 jam
801 4259 1174 4314 dederuntde
1205 4258 1522 4330 aliquantis
1545 4260 1886 4331 hazresibus,

238 4363 339 4402 nec
355 4352 546 4402 tamen
563 4365 766 4403 omnes
782 4349 1218 4421 signiﬁcarunt;
1244 4365 1478 4404 necesse
1502 4349 1610 4404 fuit
1626 4368 1715 4404 me
1729 4349 1886 4406 festi-

237 4441 369 4490 nato
401 4436 569 4491 edere
601 4442 655 4491 et
694 4454 1036 4493 coacervare
1065 4438 1123 4492 in
1158 4455 1340 4492 unum
1377 4455 1578 4494 omnes
1611 4439 1886 4509 perditio-

235 4541 372 4579 num
408 4525 646 4582 arbores
686 4544 818 4582 cum
845 4527 1143 4582 radicibus
1161 4531 1216 4581 et
1240 4527 1418 4583 ramis
1440 4527 1583 4595 suis,
1605 4532 1661 4582 et
1683 4528 1888 4584 offerre

235 4614 478 4687 ignienti
510 4615 744 4688 spiritui
767 4621 961 4682 tuo,ut
984 4622 1042 4671 tu
1067 4616 1189 4672 viso
1222 4617 1453 4688 agmine
1472 4622 1887 4688 perspectaque

234 4704 893 4777 nequitia,permetiaris
920 4723 1096 4778 quam
1122 4706 1313 4778 possis
1333 4706 1771 4778 dispositionem
1792 4709 1887 4763 ad-

241 4792 439 4849 hibere
471 4795 706 4851 virtutis
724 4797 765 4849 ³.
789 4797 873 4850 Tu
901 4802 1149 4867 tantum,
1175 4797 1510 4851 teatissime
1528 4797 1883 4868 pater,mali-

240 4898 380 4953 gnas
396 4883 646 4939 aliorum
673 4885 1069 4955 plantationes
1083 4885 1171 4941 vel
1187 4886 1532 4942 insertiones
1554 4902 1687 4941 erue
1711 4891 1886 4958 atque

241 4972 494 5038 succide,
528 4979 585 5028 et
615 4991 811 5028 veram
847 4990 1058 5047 sparge
1081 4980 1424 5042 sementem,
1459 4975 1629 5030 nobis
1662 4976 1731 5030 de
1766 4976 1884 5032 tuis

237 5060 498 5117 fontibus
521 5063 820 5134 rigaturis.
839 5064 956 5135 Ego
988 5068 1192 5119 testem
1217 5065 1401 5119 Deum
1424 5065 1769 5136 spondeo,et
1789 5066 1878 5120 in-

237 5158 596 5207 crementum
621 5153 817 5224 operis
844 5152 1438 5225 tuispero,quiaterra
1458 5154 1557 5209 illa
1581 5172 1706 5227 quae
1729 5172 1884 5211 nunc

235 5237 490 5311 ingratos
519 5242 747 5296 [ructus
779 5241 1066 5298 insincere
1099 5242 1257 5298 culta
1286 5244 1537 5313 exhibet,
1571 5245 1620 5299 si
1652 5261 1779 5300 eam
1813 5247 1883 5302 de

236 5344 444 5386 manna
473 5329 574 5386 illo
599 5331 897 5388 recondito
929 5336 992 5387 tu
1028 5332 1182 5402 apud
1207 5347 1300 5387 me
1326 5333 1763 5390 mandandoset
1792 5351 1880 5391 re-

295 5456 310 5520 ξ
333 5455 507 5520 Eorte,
535 5454 824 5520 presbyter.

242 5516 313 5626 6:
333 5516 574 5628 Vatieafri
599 5516 932 5584 codices,qua
957 5518 1120 5582 possis
1140 5517 1467 5583 dispositione
1478 5519 1707 5570 studium
1736 5523 1881 5574 adhi-

297 5593 349 5628 re
378 5596 456 5629 vu-
481 5597 515 5629 u
541 5595 600 5629 ιε.

295 5616 816 5702 sincera
849 5643 1048 5693 cultura
1078 5643 1294 5704 exhibet,
1313 5646 1359 5694 si
1386 5645 1615 5694 eamdem
1638 5661 1773 5696 anno
1792 5647 1881 5698 illo

238 5707 498 5774 ’ξς-θρηάὶτο
532 5709 672 5774 aptat
720 5712 767 5755 te
797 5707 1108 5774 mangando.
1151 5708 1483 5774 Castigantur
1512 5710 1750 5761 subsidio
1783 5713 1879 5763 Ms.

248 5765 676 5833 Sigiramnuisis,
707 5783 801 5822 seu
832 5771 882 5823 S.
913 5771 1198 5833 Cigiranni.

1999 3636 2210 3709 piendo
2241 3636 2584 3706 visitaveris,
2618 3653 2805 3708 usque
2844 3637 2902 3691 in
2953 3637 3338 3692 centesimum
3392 3639 3646 3694 fructum

2001 3726 2240 3797 profusa
2269 3725 2584 3796 aliquando
2614 3725 2855 3781 liberius
2880 3727 3140 3781 ubertate
3172 3728 3563 3798 proﬁciet.Per
3592 3732 3651 3782 te

1999 3814 2284 3870 Dominus
2316 3814 2471 3869 Deus
2504 3820 2718 3882 noster,
2748 3833 2846 3886 per
2875 3820 2952 3881 te,
2975 3815 3238 3886 inquam,
3267 3816 3430 3871 beate
3462 3820 3645 3888 pater,

1999 3919 2148 3975 quos
2171 3903 2477 3975 castigavit
2501 3904 2557 3958 in
2600 3904 2814 3976 gladio,
2848 3906 3117 3960 emendet
3162 3905 3220 3960 in
3251 3906 3441 3961 verbo.
3477 3905 3560 3961 Ad
3591 3910 3647 3961 te

2000 4009 2102 4065 per
2131 3993 2314 4047 Deum
2345 3994 2566 4049 missus
2597 4011 2770 4062 sum;
2806 3995 2876 4050 de
2906 3999 2960 4050 te
2992 4012 3094 4067 per
3115 4011 3248 4050 eum
3283 4011 3472 4067 spero,
3506 3996 3645 4051 dum

1998 4083 2299 4138 considero
2338 4081 2587 4153 qualiter
2617 4087 2812 4138 actum
2845 4088 2951 4152 est,
3012 4085 3166 4155 quod
3199 4084 3314 4139 huc
3362 4084 3642 4140 venirem.

1998 4173 2264 4243 Agnosco
2299 4188 2403 4226 cur
2423 4173 2707 4229 venerim:
2743 4174 2870 4228 sine
2897 4172 3221 4240 voluntate,
3242 4174 3367 4229 sine
3389 4174 3648 4230 necessi-

2000 4265 2137 4328 tate,
2169 4262 2295 4317 sine
2318 4278 2606 4317 consensu
2638 4263 2709 4316 de
2732 4262 2922 4335 patria
2948 4279 3220 4334 egressus
3243 4279 3397 4330 sum,
3421 4263 3648 4319 occulta

1999 4352 2255 4422 quadam
2286 4351 2338 4407 vi
2372 4356 2556 4422 actus,
2582 4352 2763 4407 donec
2787 4351 2844 4406 in
2875 4351 3045 4406 istius
3067 4356 3232 4407 terra;
3251 4351 3413 4408 littus
3434 4352 3645 4408 allatus

1999 4441 2261 4496 sum.Hic
2285 4441 2595 4496 demumin
2622 4457 2755 4496 eum
2778 4441 2995 4513 resipui
3016 4441 3376 4497 intellectum
3402 4443 3557 4515 quod
3574 4444 3645 4498 ad

2000 4533 2054 4585 te
2083 4529 2278 4585 venire
2310 4529 3062 4601 mandabar.Impudentem
3083 4547 3195 4586 non
3219 4532 3526 4602 judices,si
3549 4550 3644 4589 ac-

1997 4619 2144 4691 cipis
2202 4621 2593 4674 conﬁtentem.
2628 4624 2736 4674 Fac
2794 4636 2886 4674 me
2917 4622 2987 4675 ad
3045 4621 3313 4677 dilectam
3339 4622 3637 4677 dominam

1997 4725 2187 4763 meam
2213 4711 2230 4744 ί
2265 4709 2541 4764 idoneum
2582 4709 3012 4781 negotiatorum
3046 4711 3281 4766 inventa
3327 4713 3642 4784 margarita

1995 4797 2206 4870 (Matth.
2240 4816 2363 4868 xm,
2388 4800 2498 4870 46),
2534 4815 2648 4853 non
2682 4799 2996 4871 fugitivum
3027 4817 3259 4856 servum
3291 4818 3490 4857 eversa
3508 4803 3640 4858 sub-

1996 4887 2216 4943 stantia
2249 4888 2830 4945 reverti.Dilaceratis
2850 4891 3084 4962 gravius
3106 4907 3139 4945 a
3154 4891 3486 4947 doctoribus
3511 4907 3628 4961 pra-

1991 4977 2285 5048 vis,quam
2311 4995 2343 5032 a
2369 4977 2798 5034 cruentissimis
2831 4978 3100 5035 hostibus
3131 4980 3482 5036 sumus.Nos
3503 4994 3638 5033 con-

1994 5068 2231 5121 fitemur
2269 5069 2573 5135 oifensam,
2596 5072 2656 5123 tu
2691 5069 2955 5140 pervides
2980 5069 3244 5141 plagam:
3271 5068 3423 5138 quod
3449 5067 3638 5122 solum

1995 5157 2604 5228 superest,adjuvante
2628 5158 2875 5214 Domino
2898 5158 3109 5230 largire
3130 5156 3640 5212 medicinam.Bre-

1993 5247 2138 5302 viter
2158 5263 2293 5319 ergo
2316 5251 2372 5302 et
2412 5248 2549 5319 quid
2585 5252 2720 5303 ante
2761 5248 2910 5304 male
2960 5246 3286 5319 plantatum
3321 5246 3634 5315 convaluit,

1992 5340 2050 5392 et
2089 5335 2229 5407 quid
2263 5341 2464 5410 postea
2505 5338 2675 5410 pejus
2732 5339 3017 5394 insertum
3075 5336 3397 5410 praevaluit,
3447 5343 3636 5396 osten-

1992 5426 2147 5481 dam.

2061 5518 2114 5570 2.
2143 5515 2824 5588 Priscillianus,primum
2845 5516 2903 5572 in
2917 5532 2982 5572 eo
2998 5516 3331 5574 Manichaeis
3347 5517 3638 5587 miserior,

2057 5713 2073 5745 1
2107 5710 2262 5768 Editi,
2295 5708 2538 5759 dilectum
2561 5709 2820 5758 dominum
2855 5725 3038 5760 meum.
3073 5711 3535 5771 AtMss.,dilectam
3551 5711 3640 5760 do~

1995 5774 2190 5826 minam
2225 5786 2392 5823 meam
2425 5787 2438 5824 :
2469 5773 2701 5836 patriam
2731 5774 2949 5837 scilicet,
2969 5777 3033 5827 ad
3068 5789 3227 5839 quam
3257 5775 3452 5828 reverti
3473 5776 3637 5839 cupit.
