4090 6184
284 364 405 424 673

285 499 585 569 quomodo
615 502 753 553 sunt
783 501 1015 564 mterua,
1050 497 1161 552 nisi
1195 498 1333 569 quia
1379 502 1593 555 aeterna
1623 498 1771 553 dixit
1812 515 1936 570 quas

282 592 418 644 ante
450 603 513 641 se
542 603 655 642 non
686 586 903 642 habent
934 586 1119 642 ullum
1152 591 1431 658 tempus?

351 695 582 750 CAPUT
616 694 787 749 VI.——
814 694 868 747 7.
903 694 1013 748 Sed
1046 694 1312 765 quisquis
1346 696 1661 765 prudenter
1690 692 1936 749 advertit

276 785 434 855 quod
467 784 691 839 dictum
741 787 851 850 est,
884 785 961 838 Ite
992 785 1049 837 in
1082 786 1263 854 ignem
1292 793 1579 849 aeternum,
1614 783 1755 839 illud
1806 800 1935 839 esse

273 873 503 929 dictum
540 874 692 944 quod
730 889 843 927 non
872 873 1049 928 habet
1098 874 1295 939 tinem,
1330 892 1362 929 a
1392 874 1677 929 contrario
1729 873 1935 945 probat

274 978 345 1018 eo
376 963 504 1034 ipso
531 962 656 1018 loco
700 961 1032 1034 evangelico
1077 963 1147 1017 de
1177 962 1294 1019 vita
1323 968 1536 1019 aeterna
1582 980 1759 1034 quam
1783 962 1931 1032 justi

274 1052 569 1125 accepturi
599 1055 741 1106 sunt
772 1067 787 1106 :
822 1067 935 1106 non
966 1050 1122 1106 enim
1150 1056 1206 1107 et
1237 1052 1365 1124 ipsa
1402 1052 1579 1109 habet
1626 1053 1819 1108 ﬁnem.
1854 1054 1936 1107 lta

273 1140 434 1197 enim
470 1128 784 1196 conclusit:
818 1140 978 1196 Ibunt
1006 1142 1169 1196 illiin
1196 1144 1596 1198 ambustionem
1625 1148 1927 1209 aeternam;

265 1231 415 1303 justi
442 1238 646 1295 autem,
678 1231 739 1284 in
766 1230 942 1284 vitam
970 1234 1245 1287 aeternam
1281 1231 1490 1298 (Matth.
1541 1248 1667 1297 xxv,
1696 1232 1783 1299 41,
1819 1231 1926 1302 46).

276 1320 344 1375 In
377 1324 629 1391 utroque
668 1336 890 1390 graecus
934 1316 1153 1372 αἰώνιον
1200 1320 1393 1375 habet.
1420 1320 1479 1376 Si
1531 1320 1933 1375 misericordia

278 1426 389 1464 nos
422 1412 699 1480 provocat
728 1409 983 1475 credere,
1014 1425 1130 1464 non
1164 1410 1426 1464 futurum
1460 1410 1774 1481 impiorum
1808 1411 1935 1465 sine

277 1499 397 1553 ﬁne
422 1496 816 1569 supplicium;
852 1498 989 1568 quid
1026 1499 1093 1552 de
1128 1500 1363 1569 praemio
1398 1500 1699 1569 justorum
1749 1498 1934 1555 credi-

275 1588 395 1642 turi
428 1603 657 1653 sumus,
687 1602 819 1641 cum
853 1586 910 1640 in
947 1590 1195 1658 utraque
1226 1592 1406 1659 parte,
1432 1588 1634 1643 eodem
1668 1588 1813 1653 loco,
1839 1603 1933 1643 ea-

274 1678 413 1732 dem
448 1676 968 1743 sententia,eodem
987 1676 1156 1731 verbo
1178 1676 1589 1747 pronuntietur
1604 1676 1935 1732 mternitas?

272 1769 361 1821 An
394 1766 606 1821 iterum
660 1765 837 1820 etiam
884 1766 1080 1835 justos
1111 1782 1180 1820 ex
1230 1765 1330 1821 illa
1373 1766 1830 1821 sanctiﬁcatione
1879 1769 1936 1821 et

273 1855 394 1909 vita
423 1858 641 1909 interna
675 1853 733 1909 in
767 1856 1135 1925 peccatorum
1186 1854 1626 1909 immunditiam
1674 1858 1844 1925 atque
1872 1853 1932 1908 in

276 1948 530 1998 mortem
583 1942 917 2015 relapsuros
968 1962 1093 2000 esse
1158 1944 1419 1999 dicemus
1456 1944 1484 1998 ?
1530 1944 1698 1998 Absit
1745 1943 1852 1998 hoc
1901 1960 1933 1997 a

278 2033 609 2088 christiana
642 2032 775 2088 fidei
809 2034 1077 2089 sanitate.
1100 2032 1421 2104 Utrumque
1454 2033 1633 2105 igitur
1664 2035 1789 2088 sine
1823 2032 1934 2088 ﬁne

275 2122 503 2177 dictum
537 2126 627 2177 est
654 2127 959 2188 mternum,
989 2123 1099 2178 hoc
1128 2127 1235 2193 est,
1268 2120 1520 2178 αἰώνιονε
1557 2138 1627 2177 ne
1658 2138 1792 2178 cum
1817 2122 1935 2176 dia-

276 2211 396 2267 boli
431 2228 633 2284 pcenas
663 2210 949 2283 dolemus,
985 2212 1055 2267 de
1086 2228 1263 2284 regno
1307 2210 1520 2267 Christi
1568 2211 1929 2266 dubitemus.

276 2305 581 2357 Pestremo
626 2302 672 2356 si
704 2307 984 2357 aeternum
1016 2306 1071 2357 et
1110 2300 1400 2368 aeternale,
1433 2300 1541 2355 hoc
1572 2305 1679 2368 est,
1713 2297 1844 2352 αἰών
1878 2302 1936 2355 et

274 2389 525 2457 αἰώνιον,
556 2390 669 2447 sub
701 2399 942 2461 utroque
989 2389 1285 2446 intellectu
1319 2391 1377 2445 in
1428 2389 1747 2461 Scripturis
1796 2390 1930 2460 poni

276 2477 775 2549 solet,aliquando
806 2479 933 2533 sine
959 2477 1411 2548 ﬁne,aliquando
1441 2494 1574 2533 cum
1606 2478 1756 2547 ﬁne;
1791 2477 1931 2549 quid

273 2567 351 2622 de
406 2567 524 2622 illis
578 2566 868 2637 prophetae
916 2567 1105 2622 verbis
1163 2567 1501 2638 responsuri
1549 2584 1778 2635 sumus,
1836 2567 1932 2622 ubi

271 2657 563 2727 scriptum
596 2665 701 2727 est,
737 2657 943 2711 Vermis
984 2672 1172 2712 eorum
1213 2672 1323 2712 non
1372 2659 1661 2723 morietur,
1687 2659 1737 2711 et
1785 2658 1931 2725 ignis

268 2763 471 2801 eorum
500 2762 615 2800 non
640 2747 1025 2813 exstinguetur
1056 2747 1207 2813 (Isai.
1244 2747 1485 2818 ωῑνι,24)
1504 2745 1531 2800 ‘I
1562 2744 1929 2810 Qualiscum-

270 2852 391 2907 que
422 2852 594 2906 pmna
611 2834 942 2906 significata
972 2834 1047 2889 sit
1065 2835 1300 2890 nomine
1319 2835 1533 2890 vermis
1550 2840 1722 2906 atque
1740 2834 1927 2907 ignis;

268 2929 428 2980 certe
457 2925 649 2979 sinon
702 2923 983 2979 morietur
1027 2940 1130 2978 nec
1179 2924 1602 2994 exstinguetur,
1636 2924 1761 2979 sine
1814 2924 1927 2980 ﬁne

266 3013 555 3085 praedicta
583 3017 672 3068 est
703 3030 717 3069 :
753 3028 856 3067 nec
883 3012 1045 3067 aliud
1076 3012 1282 3084 agebat
1314 3012 1619 3084 Propheta,
1653 3029 1783 3068 cum
1817 3012 1927 3069 hoc

265 3102 511 3171 diceret,
545 3102 658 3157 nisi
691 3107 757 3157 ut
785 3118 911 3157 eam
946 3101 1074 3157 sine
1104 3102 1218 3156 ﬁne
1249 3100 1603 3173 praediceret.

342 3209 581 3265 CAPUT
627 3210 746 3267 VH.
779 3239 846 3252 —
876 3209 928 3264 8.
972 3213 1046 3265 De
1088 3225 1266 3281 regno
1315 3208 1490 3264 etiam
1539 3209 1772 3276 Christi,
1808 3226 1923 3265 non

266 3298 601 3353 secundum
635 3297 692 3352 id
725 3297 880 3369 quod
910 3297 969 3351 in
1002 3297 1286 3369 principio
1313 3297 1566 3352 Verbum
1601 3299 1748 3353 Deus
1768 3298 1923 3370 apud

266 3392 459 3442 Deum
490 3388 679 3456 (Joan.
715 3404 754 3453 ι,
792 3387 879 3455 1);
913 3403 1047 3441 nam
1080 3385 1240 3439 illinc
1267 3402 1436 3441 nemo
1468 3403 1727 3458 unquam
1754 3388 1923 3442 dubi-

267 3476 602 3548 tavit,quod
633 3474 710 3531 sit
739 3493 837 3531 rex
865 3476 1129 3531 omnium
1161 3474 1508 3531 saeculorum
1543 3492 1555 3529 :
1590 3478 1691 3532 sed
1722 3493 1927 3531 secun-

268 3566 419 3621 dum
465 3564 725 3620 hominis
772 3565 1200 3636 susceptionem
1246 3569 1303 3619 et
1350 3564 1685 3620 mediatoris
1731 3582 1925 3621 sacra-

270 3661 543 3710 mentum
578 3658 635 3708 et
662 3671 728 3709 ex
772 3654 993 3726 virgine
1039 3653 1525 3722 incarnationem,
1557 3655 1927 3725 apertissime

269 3744 501 3799 dictum
534 3748 623 3799 est
653 3744 806 3815 quod
840 3744 1014 3798 ﬁnem
1049 3759 1163 3798 non
1192 3744 1269 3798 sit
1298 3742 1661 3811 habiturum,
1687 3744 1785 3799 ubi
1820 3762 1925 3799 an-

268 3831 444 3905 gelus
477 3834 722 3903 loquens
772 3834 842 3887 ad
875 3831 1110 3886 Mariam
1148 3836 1391 3886 matrem
1448 3830 1706 3886 futuram
1752 3832 1926 3905 virgi-

270 3937 532 3993 nemque
580 3936 943 3985 mansuram,
978 3919 1059 3974 ait
1090 3920 1241 3975 inter
1270 3925 1475 3974 caetera
1509 3936 1521 3974 :
1554 3921 1652 3974 Hic
1678 3923 1784 3975 erit
1814 3922 1927 3977 Μα-

267 4028 436 4083 gnus,
460 4014 512 4065 et
539 4009 687 4079 ﬁlius
712 4009 986 4064 Altissimi
1014 4009 1340 4077 vocabitur;
1368 4014 1424 4064 et
1447 4010 1595 4065 dabit
1625 4011 1715 4065 illi
1750 4012 1931 4066 Domi-

271 4116 378 4154 nus
410 4100 555 4154 Deus
601 4098 784 4153 sedem
812 4099 983 4154 David
1005 4100 1183 4169 patris
1212 4100 1348 4167 eius,
1384 4108 1436 4154 et
1466 4100 1716 4170 regnabit
1746 4102 1807 4154 in
1836 4100 1930 4156 do-

272 4205 361 4244 mo
388 4189 555 4244 Jacob
598 4205 661 4243 in
709 4192 993 4255 avternum,
1025 4196 1075 4243 et
1122 4190 1283 4259 regni
1326 4189 1443 4259 ejus
1490 4205 1600 4244 non
1643 4192 1749 4245 erit
1795 4189 1932 4259 ﬁnis

274 4279 429 4349 (Luc.
468 4294 505 4345 ι,
540 4278 629 4348 32,
661 4278 772 4348 33).
807 4278 1141 4332 Secundum
1173 4277 1311 4349 quid
1338 4280 1496 4346 regni
1524 4280 1640 4350 ejus
1686 4296 1798 4335 non
1826 4283 1933 4336 erit

273 4368 429 4438 ﬁnis,
463 4366 580 4421 nisi
612 4367 934 4422 secundum
965 4366 1023 4421 id
1072 4367 1225 4438 quod
1277 4367 1525 4437 regnabit
1553 4370 1613 4422 in
1659 4369 1813 4424 domo
1838 4371 1930 4426 Ja-

275 4458 371 4512 cob
394 4458 423 4511 3'"
456 4455 603 4512 Nam
636 4456 745 4511 hoc
774 4456 930 4527 quod
978 4455 1077 4526 ait,
1112 4458 1171 4510 in
1216 4459 1525 4519 aeternum;
1559 4464 1793 4528 propter
1839 4459 1933 4531 ip-

277 4563 408 4602 sam
460 4544 904 4617 ambiguitatem
956 4544 1224 4616 exposuit
1272 4544 1558 4613 addendo,
1608 4549 1769 4617 regni
1811 4554 1935 4620 ejus

274 4653 394 4690 non
425 4635 532 4690 erit
577 4635 707 4705 ﬁnis
736 4650 750 4689 :
785 4651 856 4689 ne
887 4635 1199 4707 quisquam
1231 4640 1509 4689 aeternum
1541 4634 1635 4689 hic
1675 4635 1757 4690 sic
1784 4638 1931 4692 acci-

276 4729 461 4797 peret,
497 4725 991 4796 quemadmodum
1024 4723 1303 4779 saeculum
1346 4723 1522 4778 ﬁnem
1556 4726 1935 4794 quandolibet

275 4814 951 4886 habiturum.Numquid
983 4819 1175 4869 autem
1210 4811 1533 4883 regnumin
1556 4814 1727 4868 domo
1757 4816 1934 4873 Jacob

277 4903 417 4958 etin
442 4903 579 4958 sede
606 4904 781 4957 David
803 4903 1049 4975 intelligi
1074 4906 1283 4974 potest,
1305 4902 1418 4956 nisi
1440 4901 1500 4955 in
1524 4902 1778 4959 Ecclesia
1799 4906 1932 4961 etin

280 5009 346 5047 eo
377 4991 598 5064 populo
625 4991 725 5063 qui
755 4997 845 5047 est
875 5008 1119 5064 regnum
1152 4989 1326 5062 ejus?
1354 4991 1424 5045 de
1456 5007 1570 5061 quo
1600 4992 1777 5047 etiam
1797 4993 1947 5067 dicit

282 5080 767 5152 Apostolus,Cum
792 5080 1085 5136 tradiderit
1119 5095 1348 5148 regnum
1378 5084 1495 5134 Deo
1515 5087 1565 5135 et
1590 5082 1795 5153 Patria
1813 5082 1931 5139 Cor.

277 5185 375 5233 xv,
407 5170 587 5240 225),id
620 5176 870 5237 est,cum
903 5170 1235 5242 perduxerit
1262 5174 1494 5224 sanctos
1525 5186 1663 5225 suos
1694 5172 1764 5225 ad
1795 5189 1935 5227 con-

279 5258 729 5329 templationem
761 5260 1177 5331 Patris,utique
1206 5263 1263 5314 et
1292 5258 1363 5313 ad
1397 5275 1585 5329 suam,
1610 5262 1934 5318 secundum

282 5349 342 5403 id
372 5350 529 5419 quod
554 5347 707 5404 Deus
726 5354 815 5403 est
837 5349 1078 5420 tequalis
1101 5348 1274 5402 Patri.
1308 5347 1433 5402 Non
1457 5348 1610 5401 enim
1635 5348 1716 5403 sic
1738 5351 1934 5422 tradit,

283 5441 349 5491 ut
378 5436 507 5508 ipse
525 5438 755 5492 amittat
772 5454 783 5493 :
800 5439 939 5509 quia
958 5442 1013 5493 et
1032 5444 1201 5493 Pater
1220 5437 1372 5491 dedit
1390 5438 1534 5492 Filio
1553 5436 1750 5494 habere
1768 5441 1938 5495 vitam

283 5527 349 5579 in
376 5527 661 5596 semetipso
686 5528 924 5597 (Joan.v,
946 5528 1058 5594 26),
1085 5541 1187 5581 nec
1218 5524 1420 5594 utique
1450 5524 1649 5580 amisit
1676 5528 1820 5597 ipse.
1855 5535 1937 5584 Ac

285 5630 390 5686 per
418 5614 529 5669 hoc
560 5614 609 5668 si
640 5615 801 5686 regni
832 5616 961 5685 ejus
992 5632 1106 5670 non
1137 5614 1245 5669 erit
1275 5612 1430 5678 ﬁnis,
1464 5613 1718 5683 profecto
1749 5616 1936 5672 sancti

283 5703 417 5774 ejus
447 5701 548 5773 qui
580 5708 719 5758 sunt
741 5719 981 5777 regnum
1003 5705 1293 5774 ejus,cum
1322 5700 1420 5755 illo
1440 5701 1565 5757 sine
1596 5702 1709 5759 ﬁne
1735 5720 1937 5777 regna-

282 5792 455 5847 bunt.
489 5789 653 5857 Quod
683 5796 880 5850 autem
910 5792 1009 5850 illo
1039 5792 1163 5850 loco
1194 5789 1336 5847 dicit
1362 5790 1702 5864 Apostolus,
1733 5792 1936 5853 Deinde

1743 365 1973 426 LIBER
2018 367 2250 429 UNUS.

3572 386 3694 446 674

2045 500 2320 569 ﬁnis,cum
2350 502 2640 559 tradiderit
2670 522 2894 576 regnum
2924 509 3031 564 Deo
3071 515 3121 564 et
3150 512 3351 578 Patri;
3382 514 3459 569 ibi
3490 516 3692 586 ﬁnem,

2047 604 2160 642 non
2194 596 2760 664 consumentem,sed
2784 598 3176 666 perﬁcientem
3198 602 3689 673 signiﬁcatzsicut

2046 676 2266 732 dictum
2300 683 2407 747 est,
2440 683 2594 737 Finis
2622 685 2769 739 enim
2817 686 2952 755 legis
3003 688 3265 761 Christus,
3298 692 3371 747 ad
3405 694 3689 763 justitiam

2042 767 2194 821 omni
2221 767 2466 823 credenti
2510 774 2681 838 (Rom.
2716 791 2768 840 x,
2801 774 2888 846 4);
2925 792 3039 847 quo
3072 777 3161 833 lex
3193 782 3540 851 perﬁciatur,
3574 801 3690 840 non

2042 872 2156 927 quo
2190 856 2676 922 aboleatur.Quod
2711 868 2768 917 et
2796 863 2915 919 illic
2946 866 3257 937 signiﬁcat,
3280 870 3378 924 ubi
3410 872 3492 927 ait
3524 889 3536 927 :
3569 874 3687 930 Non

2039 946 2169 1000 veni
2200 946 2377 1018 legem
2405 949 2627 1019 solvere,
2660 951 2751 1006 sed
2781 955 3083 1025 adimplere
3112 958 3319 1027 (Matth.
3352 977 3406 1027 v,
3437 963 3544 1033 17).

2116 1033 2355 1091 CAPUT
2386 1035 2606 1092 VIII.—
2628 1039 2848 1105 9.0uod
2883 1048 3076 1098 autem
3107 1045 3310 1102 dicunt
3341 1050 3411 1104 de
3442 1049 3694 1107 rationa-

2043 1120 2199 1178 libus
2230 1126 2533 1192 creaturis,
2567 1127 2623 1182 id
2656 1131 2989 1193 est,sanctis
3018 1135 3251 1206 Angelis
3282 1143 3341 1193 et
3368 1138 3694 1198 immundis

2045 1212 2427 1280 daemonibus,
2462 1220 2517 1269 et
2548 1216 2690 1287 ipsis
2723 1218 3034 1278 animabus
3066 1223 3553 1299 hominum,quod
3578 1246 3696 1285 ma-

2036 1300 2226 1390 jﬁorem
2258 1301 2449 1358 locum
2484 1305 2677 1360 minor
2706 1308 2877 1379 culpa
2918 1315 3320 1385 promeruerit,
3355 1333 3470 1387 qua
3499 1317 3691 1390 impu-

2043 1389 2240 1445 dentia
2270 1399 2555 1448 conentur
2602 1395 2865 1451 Ecclesiae
2914 1398 3128 1455 Christi
3174 1405 3542 1473 persuadere,
3573 1389 3688 1462 non

2043 1478 2228 1534 video.
2265 1480 2469 1536 Melius
2501 1482 2697 1555 itaque
2730 1486 3046 1558 credimus,
3081 1489 3265 1547 Deum
3290 1510 3403 1549 non
3435 1496 3690 1566 peccatis

2044 1568 2414 1625 rationaliurn
2448 1572 2761 1642 spirituum
2794 1576 3109 1633 adductum
3143 1596 3269 1635 esse
3301 1583 3371 1637 ad
3407 1584 3689 1641 fabricam

2044 1659 2271 1725 mundi,
2293 1676 2363 1715 ne
2395 1660 2492 1716 illa
2523 1670 2845 1735 sequantur
2877 1670 2891 1702 ¹
2923 1667 3199 1735 absurda,
3233 1674 3385 1743 quod
3419 1674 3567 1729 duos
3598 1691 3692 1730 so-

2041 1745 2146 1817 les,
2179 1747 2265 1801 vel
2294 1752 2433 1817 tres,
2466 1751 2551 1805 vel
2601 1757 2869 1823 quatuor,
2903 1755 2988 1810 vel
3022 1760 3452 1829 quotquotllbet
3480 1762 3694 1818 habere

2044 1836 2213 1891 nobis
2244 1842 2399 1892 esset
2431 1855 2665 1895 necesse
2696 1842 2736 1910 2,
2772 1842 2819 1897 si
2851 1843 3171 1914 plurimum
3222 1850 3540 1920 spirituum
3591 1868 3693 1923 per

2042 1923 2291 1981 liberum
2323 1927 2629 1983 arbitrium
2664 1933 2825 1985 tanta
2854 1931 3025 2003 culpa
3073 1938 3438 2005 praecederet,
3472 1945 3693 2010 quanta

2042 2012 2175 2068 illos
2208 2014 2265 2068 in
2299 2014 2590 2071 similibus
2620 2034 2925 2090 corporum
2958 2022 3280 2080 ccelestium
3313 2026 3502 2099 globis
3532 2046 3699 2101 opor-

2043 2106 2187 2157 teret
2217 2102 2432 2159 includi
2471 2122 2485 2159 :
2516 2107 2614 2160 sed
2650 2106 2868 2164 factum
2903 2126 3032 2166 esse
3076 2116 3363 2170 mundum
3395 2116 3494 2171 Dei
3528 2117 3693 2173 boni-

2040 2195 2178 2257 tate,
2214 2208 2516 2263 magnum,
2548 2195 2792 2267 bonum,
2825 2215 2857 2253 a
2890 2216 3122 2256 summo
3156 2206 3213 2257 et
3244 2221 3359 2259 non
3411 2206 3558 2260 facto
3583 2207 3690 2261 bo-

2043 2297 2154 2349 no;
2194 2282 2251 2336 in
2300 2299 2414 2353 quo
2459 2283 2666 2340 fierent
2712 2288 2909 2343 omnia
2958 2290 3110 2345 bona
3154 2292 3321 2347 valde
3366 2295 3692 2353 secundum

2042 2374 2334 2436 naturam,
2367 2377 2423 2427 et
2454 2373 2585 2428 aliis
2618 2374 2732 2430 alia
2762 2376 3019 2445 meliora,
3053 2396 3086 2433 a
3118 2383 3368 2438 summis
3408 2387 3693 2442 creaturis

2041 2475 2228 2530 usque
2258 2460 2328 2515 ad
2363 2460 2563 2517 inﬁma
2593 2463 2881 2521 distinctis
2913 2468 3194 2538 gradibus
3224 2472 3594 2539 ordinata,ut
3624 2490 3691 2531 eo

2042 2549 2213 2603 modo
2243 2555 2441 2605 essent
2466 2551 2683 2618 omnia,
2719 2554 2857 2609 dum
2895 2572 3009 2611 non
3041 2564 3239 2613 essent
3285 2561 3410 2616 sola
3441 2564 3685 2634 potiora,

2039 2642 2096 2692 et
2126 2637 2405 2693 haberent
2434 2642 2561 2710 ejus
2606 2643 2835 2698 numeri
2882 2647 3221 2717 terminum,
3257 2666 3430 2721 quem
3470 2652 3695 2709 consti-

2032 2727 2323 2782 tuendum
2355 2729 2508 2798 apud
2541 2745 2601 2784 se
2633 2730 2777 2786 vidit
2818 2735 3083 2791 omnium
3135 2743 3482 2795 naturarum
3531 2758 3691 2797 crea-

2038 2819 2302 2870 turarum
2352 2818 2618 2873 conditor
2668 2820 2843 2889 Deus,
2878 2824 2977 2894 qui
3011 2840 3077 2879 ea
3126 2843 3240 2882 non
3276 2828 3427 2882 facta
3466 2830 3691 2899 didicit,

2036 2905 2136 2960 sed
2173 2911 2410 2961 noverat
2441 2922 2570 2963 esse
2624 2910 2907 2966 facienda.
2944 2913 3105 2969 Unde
3132 2915 3275 2971 illud
3310 2919 3463 2988 quod
3505 2920 3691 2991 aiunt,

2035 2992 2091 3047 in
2124 2995 2250 3064 ejus
2284 2994 2571 3065 sapientia
2594 2998 2720 3068 jam
2755 3000 2935 3056 fuisse
2964 3003 3114 3059 facta
3144 3005 3691 3080 omnia,antequam

2033 3082 2093 3137 in
2129 3083 2268 3138 istas
2301 3084 2519 3139 formas
2549 3091 2607 3140 et
2638 3089 2842 3143 modos
2874 3091 3139 3161 proprios
3171 3096 3587 3165 proferrentur,
3603 3101 3689 3152 at-

2035 3188 2147 3244 que
2175 3171 2233 3226 in
2268 3173 2392 3227 suis
2431 3174 2737 3231 ordinibus
2767 3184 3130 3251 apparerent,
3164 3199 3277 3237 non
3312 3184 3503 3240 sobrie
3533 3184 3679 3240 dici-

2032 3264 2147 3315 tur.
2169 3261 2341 3316 Facta
2368 3262 2524 3317 enim
2558 3266 2791 3335 quando
2812 3274 3026 3337 essent,
3062 3275 3374 3343 antequam
3409 3274 3560 3330 facta
3588 3291 3679 3331 es-

2032 3350 2207 3405 sent?
2237 3350 2345 3405 Sed
2395 3351 2453 3405 in
2488 3352 2588 3407 Dei
2631 3356 2917 3425 sapientia
2963 3359 3228 3415 omnium
3280 3362 3679 3419 faciendarum

2032 3455 2226 3493 rerum
2259 3439 2513 3494 rationes
2544 3457 2672 3497 esse
2716 3449 3050 3514 potuerunt,
3084 3465 3199 3503 non
3244 3453 3440 3506 tamen
3491 3453 3677 3507 factas.

2032 3526 2242 3582 Omnia
2271 3528 2427 3583 enim
2461 3545 2562 3599 per
2588 3529 2776 3600 ipsam
2809 3533 2960 3588 facta
2990 3543 3269 3602 sunt,non
3290 3544 3346 3593 et
3370 3540 3499 3610 ipsa
3530 3541 3683 3597 facta

2033 3622 2121 3671 est
2152 3634 2164 3672 :
2200 3616 2340 3687 quia
2367 3623 2423 3672 et
2451 3619 2579 3689 ipsa
2607 3624 2696 3674 est
2725 3621 2980 3677 Verbum
3031 3625 3101 3679 de
3133 3642 3248 3697 quo
3287 3627 3520 3695 dicitur,
3557 3629 3680 3685 0m-

2032 3706 2128 3760 nia
2153 3721 2253 3776 per
2276 3708 2453 3776 ipsum
2499 3709 2645 3776 facta
2687 3713 2810 3762 sunt
2843 3712 3026 3777 (Joan.
3060 3729 3098 3781 1,
3130 3715 3206 3781 3).
3257 3714 3505 3771 Noverat
3546 3734 3682 3790 ergo

2034 3794 2188 3850 Deus
2221 3794 2418 3850 omnia
2446 3812 2571 3865 quae
2604 3795 2738 3851 fecit
2767 3804 3081 3870 antequam
3116 3802 3345 3859 faceret.
3366 3805 3490 3860 Non
3521 3807 3679 3861 enim

2033 3900 2351 3956 possumus
2380 3900 2513 3939 eum
2562 3884 2752 3941 dicere
2797 3887 3063 3960 ignorata
3111 3891 3338 3963 fecisse,
3368 3898 3426 3949 et
3469 3912 3538 3950 ea
3565 3912 3681 3950 non

2035 3973 2148 4027 nisi
2172 3974 2323 4028 facta
2339 3972 2613 4028 didicisse
2637 3991 2650 4041 ;
2680 3976 2935 4033 nescisse
2957 3979 3097 4049 quid
3123 3980 3354 4050 faceret,
3372 3984 3472 4038 sed
3497 3984 3679 4040 scisse

2040 4063 2192 4134 quod
2220 4063 2369 4116 fecit.
2390 4066 2506 4116 Hoc
2527 4062 2681 4116 enim
2706 4063 2753 4118 si
2782 4064 2851 4120 de
2872 4064 3068 4137 aliquo
3091 4068 3311 4125 artiﬁce
3334 4070 3568 4127 homine
3594 4071 3683 4127 di-

2039 4151 3440 4227 ceremus,insipientissimesaperemus.Noverat
3461 4178 3596 4233 ergo
3617 4177 3686 4218 ea

2040 4240 2443 4308 facienda,non
2460 4241 2606 4295 facta
2629 4258 2641 4295 :
2668 4249 2903 4297 noverat
2924 4250 2988 4299 ut
3018 4246 3370 4314 faceret,non
3390 4250 3528 4320 quia
3547 4252 3688 4307 fece-

2042 4334 2144 4384 rat.
2184 4329 2431 4385 Proinde
2459 4330 2874 4400 quamvisjam
2906 4342 3039 4389 nota
3085 4342 3303 4406 essent,
3335 4338 3474 4409 quia
3505 4340 3617 4395 nisi
3651 4357 3687 4395 ο,

2040 4420 2256 4475 sciente
2287 4436 2398 4473 non
2434 4419 2638 4474 ﬁerent
2661 4437 2805 4487 ;non
2838 4430 3029 4477 tamen
3057 4424 3207 4480 facta
3234 4443 3361 4483 esse
3391 4431 3690 4499 cmperunt

2041 4523 2166 4577 quae
2198 4510 2264 4560 ut
2292 4505 2496 4560 ﬁerent
2525 4506 3009 4574 sciebantur,nisi
3042 4515 3173 4582 post
3204 4513 3428 4582 ﬁerent,
3461 4532 3591 4588 quas
3622 4519 3690 4573 ut

2041 4600 2191 4652 recte
2217 4595 2421 4649 tierent
2447 4594 2781 4650 sciebantur
2809 4602 3121 4669 antequam
3152 4602 3359 4658 ﬁerent
3385 4605 3426 4659 ⁸.

2112 4684 2349 4740 10.Cum
2380 4687 2575 4739 autem
2604 4683 2972 4757 veritas,quze
3004 4705 3192 4761 neque
3224 4692 3496 4764 opinatur
3520 4694 3687 4751 inco-

2041 4774 2333 4845 gnita,nec
2366 4771 2619 4843 aliquem
2655 4772 3232 4849 fallit,purgationem
3259 4788 3541 4853 nostram,
3565 4784 3685 4840 imo

2042 4877 2172 4916 vero
2204 4865 2260 4915 et
2284 4861 2697 4932 perfectionem
2720 4864 2894 4919 etiam
2918 4872 3050 4937 post
3065 4872 3549 4928 resurrectionem
3569 4890 3688 4928 cor-

2043 4966 2250 5023 porum
2283 4948 2678 5020 spiritualium
2713 4969 2900 5024 usque
2930 4956 3002 5010 ad
3017 4958 3685 5032 Angelorumaaqualita-

2043 5045 2159 5093 tem
2191 5037 2493 5109 promittat
2525 5040 2778 5094 futuram
2812 5043 2963 5108 (Luc.
2996 5062 3089 5115 xx,
3120 5048 3210 5117 36)
3235 5066 3249 5115 ;
3274 5049 3563 5120 quomodo
3596 5049 3688 5103 di-

2043 5130 2255 5182 cuntur
2274 5125 2387 5197 ipsi
2410 5127 2592 5181 sancti
2614 5127 3062 5201 Angeli,quibus
3085 5135 3483 5207 purgatissimi
3499 5154 3666 5210 aequa

2042 5215 2127 5270 les
2155 5214 2593 5280 erimus,adhuc
2616 5232 2648 5269 a
2670 5220 2923 5288 peccatis
2954 5222 3078 5276 suis
3109 5238 3236 5278 esse
3265 5227 3552 5297 purgandi
3575 5226 3689 5281 ‘IEt

2043 5322 2175 5360 cum
2191 5302 2402 5358 emtum
2428 5320 2641 5359 novum
2664 5311 2720 5359 et
2738 5311 2951 5363 terram
2968 5327 3172 5366 novam
3188 5312 3686 5383 polliceaturDeus

2107 5432 2123 5464 ι
2155 5429 2349 5492 Magna
2376 5428 2464 5477 hic
2494 5429 2549 5476 in
2578 5429 2911 5480 Amerbachii
2952 5437 3004 5483 et
3030 5434 3228 5485 Erasmi
3260 5438 3585 5489 editionibus
3612 5441 3689 5490 la-

2042 5505 2183 5543 cuna
2207 5492 2575 5565 _est,detract_is
2594 5495 2945 5565 sequentibus
2974 5497 3095 5565 plus
3126 5502 3399 5565 sexaginta
3428 5505 3685 5564 versibus,

2043 5571 2176 5620 quos
2204 5560 2381 5620 tamen
2413 5558 2579 5620 nostri
2604 5569 2790 5620 omnes
2819 5558 2940 5605 Mss.
2976 5558 3193 5611 habent.

2104 5621 2125 5654 2
2152 5619 2230 5688 ita
2260 5617 2491 5688 Vaticani
2524 5616 2715 5688 sisset
2747 5619 2886 5688 bow,
2917 5622 3056 5683 quod
3081 5624 3183 5673 duo
3209 5625 3441 5685 soles,vel
3466 5632 3585 5688 tres,
3609 5627 3693 5678 vel

2042 5681 2394 5745 gnataeque!
2420 5677 2831 5745 quotlibet_uobis
2858 5677 2985 5731 esset
3014 5700 3225 5737 necesse.

2103 5744 2227 5819 3ﬂEx
2254 5742 2638 5819 Digirpmne‘nsi
2666 5742 2843 5819 iussio
2869 5746 3263 5819 redintegratus
3293 5756 3372 5804 est
3396 5752 3689 5819 locus(qu¢

2043 5808 2098 5855 ut
2124 5805 2308 5872 ﬁerent
2319 5802 2625 5853 'sciebantur
2651 5808 2925 5871 antequam
2952 5802 3173 5875 ﬁerent.)
