4056 6178
212 289 321 349 681

209 420 576 477 annuntiabit
601 420 748 474 vobis
777 421 955 487 (Joan.
987 433 1100 487 xvt,
1139 419 1245 489 14).

279 511 368 564 20.
390 509 568 564 Filius
591 527 622 562 a
644 526 705 564 se
730 526 842 563 non
885 514 1073 579 potest
1106 510 1291 564 facere
1321 509 1642 580 quidquam
1673 509 1774 580 (Id.
1810 526 1860 577 ν,

211 601 322 670 19),
346 599 445 653 sed
472 597 529 651 in
551 599 824 652 omnibus
842 597 1030 651 Patris
1053 603 1353 668 exepectat
1377 597 1868 669 nutum.Spiritus

211 706 244 744 a
279 705 340 743 se
365 686 645 758 loquitur,
670 687 768 741 sed
805 687 861 740 in
878 686 1152 741 omnibus
1175 685 1383 740 Christi
1409 691 1702 757 exspectat
1725 703 1868 757 pra:-

211 781 446 848 ceptum
474 791 487 828 :
513 775 867 845 Non,inquit,
885 792 918 828 a
932 791 990 829 se
1009 775 1277 846 loquetur;
1289 776 1384 830 sed
1403 791 1870 846 quaecumquena-

210 867 386 921 dierit
417 866 686 937 loquetur,
718 873 768 919 et
789 867 1020 919 ventura
1047 865 1409 920 annuntiabit
1456 865 1604 920 vobis
1626 865 1726 936 (Id.
1753 881 1870 932 xvr,

285 1045 377 1099 21.
413 1043 593 1099 Filius
627 1060 728 1115 pro
762 1043 932 1099 nobis
963 1043 1294 1116 interpellat
1317 1044 1545 1101 Patrem
1574 1062 1587 1101 :
1616 1043 1870 1116 Spiritus

212 1150 318 1206 pro
349 1133 519 1188 nobis
550 1132 811 1204 postulat
841 1131 1073 1189 Filium.

283 1224 374 1278 22.
408 1223 608 1278 Totius
642 1222 922 1277 bonitatis
953 1228 1010 1277 et
1041 1222 1338 1294 sapientiae
1354 1227 1410 1278 et
1430 1223 1664 1278 virtutis
1681 1222 1870 1278 Patris

211 1313 342 1368 viva
372 1317 427 1367 et
446 1328 599 1375 vera,
616 1310 850 1382 propria
869 1314 925 1365 et
942 1312 1234 1383 condigna
1252 1312 1446 1384 imago
1470 1311 1727 1367 estFilus
1747 1330 1759 1367 :
1780 1316 1870 1367 to-

215 1402 336 1456 tius
367 1399 666 1471 sapientias
696 1404 753 1454 et
783 1400 1015 1455 virtutis
1048 1399 1176 1456 Filii
1211 1402 1600 1456 manifestatio
1630 1406 1720 1456 est
1751 1402 1873 1472 Spi-

214 1491 386 1546 ritus.

283 1580 376 1633 23.
411 1578 533 1634 Non
567 1585 653 1633 est
683 1595 816 1648 pars
848 1596 952 1634 nec
975 1578 1161 1650 portio
1184 1579 1372 1635 Patris
1397 1579 1596 1651 Filius,
1621 1581 1719 1635 sed
1743 1595 1871 1651 pro-

215 1669 380 1741 prius
404 1673 455 1722 et
487 1665 930 1732 dilectissimus,
954 1669 1245 1739 perfectus
1275 1673 1331 1724 et
1364 1669 1570 1741 plenus
1609 1668 1871 1740 unigeni-

214 1762 313 1813 tus
335 1757 531 1812 Filius.
566 1755 689 1810 Non
711 1761 797 1810 est
821 1773 956 1827 pars
986 1773 1090 1812 nec
1122 1758 1306 1828 portio
1343 1758 1464 1812 Filii
1491 1757 1867 1828 Spiritus,sed

217 1846 473 1917 primum
504 1849 562 1899 et
591 1845 949 1916 praecipuum
983 1862 1129 1916 opus
1161 1846 1448 1918 unigeniti
1495 1847 1592 1902 Dei
1625 1864 1736 1918 pris
1769 1863 1870 1902 caa-

218 1934 365 1989 teris
397 1933 702 1988 universis.

292 2023 383 2077 24.
417 2023 576 2077 Pater
606 2023 794 2094 major
826 2026 914 2077 est
942 2022 1084 2078 Filio
1117 2041 1222 2078 suo
1259 2041 1271 2078 :
1303 2024 1482 2079 Filius
1514 2025 1868 2096 incompara-

215 2111 412 2166 biliter
442 2112 629 2182 major
659 2116 714 2166 et
744 2112 947 2166 melior
971 2117 1059 2166 est
1091 2113 1331 2183 Spiritu.

279 2202 371 2257 25.
404 2201 573 2256 Pater
604 2205 753 2255 Deus
787 2205 843 2254 et
875 2201 1158 2255 Dominus
1199 2205 1288 2256 est
1322 2201 1460 2257 Filio
1512 2219 1618 2257 suo
1647 2219 1658 2258 :
1691 2201 1870 2257 Filius

216 2293 369 2344 Deus
400 2296 458 2344 et
489 2289 772 2344 Dominus
806 2294 893 2344 est
923 2289 1189 2360 Spiritui.

283 2379 380 2433 26.
406 2379 574 2434 Pater
604 2378 987 2433 immobiliter
1016 2382 1072 2433 et
1106 2378 1544 2448 impassibiliter
1565 2379 1761 2434 volens
1782 2379 1869 2434 Fi-

213 2468 360 2524 lium
394 2468 635 2539 genuit:
670 2467 851 2522 Filius
875 2467 999 2522 sine
1041 2468 1236 2523 labore
1268 2472 1324 2522 et
1374 2469 1709 2540 fatigatione
1743 2467 1868 2524 sola

208 2558 427 2612 virtute
459 2574 568 2612 sua
599 2556 882 2627 Spiritum
915 2557 1066 2611 fecit.

280 2648 374 2700 27.
413 2644 592 2700 Filius
615 2651 678 2699 ut
708 2646 980 2700 sacerdos
1015 2646 1217 2700 adorat
1265 2646 1448 2701 Deum
1483 2662 1680 2714 suum,
1707 2651 1764 2700 et
1795 2647 1866 2700 ab

206 2735 487 2792 omnibus
519 2735 794 2789 adoretur
817 2739 877 2788 ut
907 2734 1060 2788 Deus
1093 2739 1150 2788 et
1187 2741 1412 2789 creator
1439 2736 1705 2789 omnium
1728 2752 1740 2789 :
1761 2735 1863 2789 Pa-

206 2831 296 2880 ter
324 2840 460 2879 vero
493 2823 654 2878 solus
687 2823 914 2877 nullum
949 2825 1173 2887 adorat,
1217 2824 1355 2894 quia
1408 2841 1510 2878 nec
1560 2825 1865 2894 majorem,

207 2931 313 2970 nec
347 2912 632 2984 aqualem
660 2912 833 2966 habet
855 2929 1029 2982 quem
1056 2913 1258 2967 adoret
1283 2930 1294 2967 :
1318 2912 1461 2966 nulli
1486 2915 1705 2983 gratias
1727 2913 1864 2984 agit,

205 3003 349 3075 quia
376 3001 596 3056 nullius
657 3001 1003 3056 beneficium
1037 3007 1385 3056 consecutus
1420 3006 1542 3068 est;
1595 3002 1868 3058 omnibus

205 3098 271 3147 ut
294 3099 492 3147 essent
538 3091 612 3144 ob
662 3091 984 3144 bonitatem
1038 3107 1204 3145 suam
1251 3091 1506 3157 donavit,
1540 3091 1666 3162 ipse
1712 3093 1866 3162 quod

203 3187 293 3237 est
323 3199 358 3236 a
389 3180 629 3234 nemine
663 3180 906 3250 accepit.
940 3180 1086 3250 Ergo
1118 3179 1237 3233 hac
1287 3180 1465 3233 trium
1512 3181 1870 3236 substantia-

204 3287 361 3336 rum,
396 3268 608 3332 Patris,
643 3275 699 3322 et
732 3267 876 3322 Filii.
921 3273 978 3321 et
1010 3268 1263 3339 Spiritus
1312 3269 1494 3322 sancti
1546 3270 1864 3339 distinctio,

204 3365 262 3415 et
292 3358 476 3412 trium
511 3374 724 3421 rerum,
774 3357 869 3411 Dei
903 3356 1167 3428 ingemti,
1202 3363 1257 3412 et
1310 3358 1404 3411 Dei
1452 3359 1757 3429 unigeniti,
1812 3365 1868 3415 et

207 3447 468 3520 Spiritus
517 3447 778 3501 advocati
814 3445 1142 3501 differentia
1177 3462 1190 3501 :
1224 3454 1280 3500 et
1312 3446 1482 3502 Pater
1501 3453 1649 3502 Deus
1681 3453 1737 3502 et
1755 3449 1866 3503 Do-

210 3538 415 3593 minus
443 3541 533 3590 est
568 3535 706 3590 Filio
737 3552 862 3601 suo,
892 3540 947 3589 et
976 3536 1239 3590 omnium
1273 3552 1398 3606 qua
1447 3553 1548 3606 per
1592 3537 1865 3593 virtutem

211 3626 347 3682 Filii
378 3624 677 3680 voluntate
705 3623 892 3694 ipsius
924 3624 1071 3677 facta
1101 3630 1239 3678 sunt
1271 3623 1452 3679 Filius
1495 3625 1762 3680 minister
1810 3631 1868 3682 et

196 3729 483 3770 summus
508 3713 779 3767 sacerdos
814 3717 902 3766 est
925 3711 1110 3766 Patris
1133 3712 1223 3766 sui
1250 3729 1262 3766 ε
1291 3712 1555 3767 omnium
1580 3731 1711 3768 vero
1733 3731 1867 3785 ope-

206 3820 341 3858 rum
375 3819 621 3857 suorum
654 3801 936 3855 Dominus
968 3806 1024 3855 et
1074 3805 1222 3856 Deus
1267 3808 1374 3866 est,
1410 3801 1576 3857 Patre
1619 3803 1860 3858 volente.

279 3894 367 3946 28.
400 3893 472 3946 Et
501 3890 674 3945 sicuti
712 3905 880 3943 nemo
915 3894 1102 3960 potest
1149 3889 1274 3943 sine
1327 3889 1470 3944 Filio
1515 3892 1585 3945 ad
1639 3891 1862 3946 Patrem

201 3981 482 4050 transire,
514 3980 596 4034 ita
627 3983 682 4033 et
709 3994 880 4033 nemo
913 3983 1105 4048 potest
1138 3979 1264 4032 sine
1299 3979 1516 4050 Spiritu
1554 3985 1754 4035 sancto
1780 3981 1866 4036 Fi-

201 4071 357 4125 lium
409 4071 468 4124 in
515 4069 758 4123 veritate
818 4069 1251 4139 adorarezergo
1303 4069 1360 4122 in
1392 4069 1612 4140 Spiritu
1663 4076 1864 4127 sancto

202 4161 492 4214 adoretur
521 4157 722 4212 Filius.

278 4249 372 4301 29.
407 4248 514 4302 Per
547 4247 758 4301 Filium
791 4245 1149 4316 gloriﬁcatur
1180 4249 1370 4300 Pater.

279 4337 373 4390 30.
399 4335 654 4406 Spiritus
685 4333 870 4387 sancti
902 4350 1048 4403 opus
1078 4337 1134 4386 et
1164 4333 1464 4404 diligentia
1495 4339 1581 4388 est
1608 4336 1865 4389 sanctiﬁ-

200 4441 366 4488 care,
397 4428 450 4478 et
480 4428 715 4479 sanctos
742 4421 1055 4487 custodire,
1090 4426 1147 4476 et
1179 4437 1293 4475 non
1327 4421 1520 4475 solum
1544 4424 1866 4479 rationabi-

196 4513 310 4582 lia,
338 4520 400 4566 ut
430 4512 671 4583 quidam
707 4514 935 4582 putant,
995 4510 1094 4564 sed
1127 4513 1184 4563 et
1233 4509 1654 4565 irrationabilia
1700 4513 1869 4583 plura

199 4601 583 4658 sanctiﬁcare
619 4618 632 4655 :
666 4605 722 4654 et
749 4615 847 4653 eos
889 4597 986 4669 qui
1031 4598 1368 4653 ceciderunt
1417 4603 1650 4669 pr0pter
1699 4618 1866 4656 suam

197 4691 653 4764 negligentiam,
686 4689 756 4743 ad
793 4687 1103 4758 pristinum
1128 4691 1344 4741 statum
1381 4703 1677 4756 reparare:
1710 4689 1868 4760 igno-

197 4789 413 4838 rantes
459 4782 684 4846 docere,
737 4779 1146 4834 obliviscentes
1196 4779 1529 4842 admonere,
1565 4785 1871 4849 peccantes

197 4885 480 4942 arguere,
512 4868 707 4940 pigros
739 4868 983 4934 hortari,
1018 4868 1088 4921 de
1139 4865 1328 4921 salute
1378 4883 1487 4921 sua
1531 4868 1786 4939 cogitare
1817 4873 1873 4925 st

197 4959 462 5015 sollicite
493 4974 684 5030 agere,
711 4961 974 5012 errantes
1005 4957 1075 5010 ad
1109 4956 1262 5010 viam
1287 4956 1546 5011 veritatis
1563 4957 1870 5029 deducere,

197 5049 483 5105 inﬁrmos
514 5064 719 5102 curare
750 5050 805 5101 et
837 5045 1211 5116 fragilitatem
1245 5045 1505 5115 corporis
1536 5061 1639 5117 per
1669 5046 1872 5102 alacri-

195 5143 396 5193 tatem
429 5137 635 5192 animis
668 5136 986 5201 continere,
1019 5139 1074 5189 et
1118 5135 1186 5188 ad
1240 5150 1497 5188 amorem
1535 5135 1768 5205 pietatis
1819 5141 1877 5191 et

198 5225 503 5284 castitatis
535 5225 903 5291 conﬁrmare,
937 5228 994 5278 et
1044 5240 1244 5278 omnes
1293 5223 1661 5288 illuminare;
1703 5242 1878 5296 super

197 5317 416 5372 omnia
471 5317 643 5369 ﬁdem
675 5319 731 5368 et
761 5313 1106 5367 charitatem
1149 5313 1403 5382 praebere
1457 5313 1730 5382 singulis,
1775 5331 1876 5385 pro

198 5406 414 5461 studio
444 5421 681 5476 quoque
713 5409 767 5457 et
799 5401 1122 5473 diligentia,
1157 5417 1259 5471 pro
1280 5400 1614 5455 sinceritate
1645 5408 1702 5456 et
1734 5405 1876 5458 sim-

199 5492 474 5565 plicitate
509 5492 742 5556 mentis,
780 5507 880 5561 pro
913 5506 1188 5544 mensura
1220 5489 1353 5542 lidei
1401 5495 1456 5544 et
1496 5491 1700 5544 merito
1733 5509 1874 5546 con-

197 5583 567 5639 versationis
613 5580 860 5652 gratiam
907 5580 976 5633 ad
1034 5578 1340 5633 utilitatem
1391 5579 1667 5642 dividere,
1702 5598 1880 5636 unus-

196 5672 475 5745 quisque
505 5671 565 5724 in
600 5687 714 5741 quo
746 5685 918 5741 Opere
948 5673 1002 5723 et
1060 5668 1356 5740 proposito
1409 5668 1583 5723 fuerit
1641 5668 1876 5739 habilis,

201 5763 277 5820 in
317 5759 448 5834 ipso
480 5759 770 5816 ordinare.

549 5888 810 5951 PATROL.
856 5884 1038 5947 XLII.

1515 288 1782 348 SERMO
1825 285 2322 350 ABIANOBUM.

3507 292 3626 350 683

2044 418 2132 472 31.
2166 417 2360 473 Alium
2395 436 2521 474 esse
2545 437 2576 475 a
2609 419 2771 486 Filio,
2795 425 2851 476 et
2879 425 3086 477 natura
3111 426 3167 477 et
3190 422 3412 486 ordine,
3438 425 3648 494 gradu:

1972 511 2028 560 et
2060 507 2289 571 affectu,
2337 508 2618 579 dignitate
2651 514 2705 563 et
2737 515 3036 580 potestate,
3069 511 3278 566 virtute
3326 524 3380 566 et
3429 529 3626 582 opera-

1971 594 2324 650 tionezsicut
2355 603 2409 651 et
2436 597 2614 654 Filius
2647 605 2852 654 natura
2873 606 2930 655 et
2951 602 3174 670 ordine,
3207 603 3388 671 gradu
3415 607 3470 656 et
3485 604 3622 656 aii'e~

1973 689 2090 750 ctu,
2127 685 2324 739 divina
2355 686 2634 757 dignitate
2668 693 2724 743 et
2753 694 3055 760 potestate,
3091 690 3428 762 unigenitus
3472 691 3625 746 Deus

1974 773 2127 828 alius
2157 779 2244 829 est
2276 777 2347 828 ab
2381 775 2660 845 ingenito.

2043 863 2132 918 32.
2168 863 2536 934 Impossibile
2566 882 2700 936 ergo
2732 871 2820 921 est
2849 884 3031 922 unum
3054 869 3444 940 eumdemque
3494 886 3622 927 esss

1975 951 2204 1006 Patrem
2229 957 2287 1007 et
2347 953 2584 1023 Filium,
2627 960 3000 1025 generantem
3035 961 3090 1011 et
3120 963 3477 1026 nascentem,
3529 960 3623 1015 cui

1973 1040 2377 1096 testimonium
2419 1042 2757 1112 perhibetur
2787 1048 2844 1099 et
2891 1061 3023 1100 eum
3071 1048 3170 1116 qui
3219 1048 3624 1103 testimonium

1973 1129 2256 1200 perhibet,
2286 1133 2568 1202 majorem
2597 1138 2652 1187 et
2682 1149 2815 1187 eum
2847 1134 2944 1203 qui
2977 1135 3259 1204 majorem
3292 1138 3625 1206 confitetur,

1972 1234 2106 1274 eum
2140 1220 2239 1291 qui
2266 1221 2338 1275 ad
2369 1221 2664 1276 dexteram
2697 1223 2858 1277 sedet
2887 1229 2941 1277 et
2973 1228 3091 1278 stat
3133 1230 3188 1279 et
3243 1242 3376 1280 eum
3408 1227 3507 1298 qui
3537 1242 3624 1281 se-

1973 1308 2064 1363 dis
2095 1309 2250 1363 dedit
2283 1309 2585 1380 honorem,
2613 1328 2743 1366 eum
2776 1313 2874 1382 qui
2911 1311 3128 1367 missus
3160 1319 3248 1368 est
3276 1318 3332 1368 et
3360 1331 3493 1369 eum
3527 1313 3627 1386 qui

1974 1397 2159 1458 misit;
2197 1414 2299 1453 nec
2349 1399 2702 1470 dicispulum
2735 1407 2790 1454 et
2821 1402 3138 1471 doctorem,
3174 1407 3239 1456 ut
3270 1403 3395 1474 ipse
3427 1402 3627 1458 docuit

1975 1487 2192 1557 dicens,
2224 1488 2378 1542 Sicut
2406 1489 2587 1544 docuit
2620 1507 2705 1544 me
2738 1495 2927 1558 Pater,
2961 1492 3041 1545 sic
3079 1492 3271 1562 loquor
3290 1493 3472 1562 (Joan.
3497 1509 3623 1562 vm,

1972 1575 2062 1646 28)
2081 1593 2100 1630 :
2118 1577 2373 1632 similem
2407 1584 2465 1632 et
2496 1579 2872 1646 imitatorem,
2909 1585 2966 1634 et
3005 1596 3140 1635 eum
3190 1582 3362 1652 cujus
3406 1587 3496 1636 est
3544 1582 3624 1636 si-

1975 1663 2133 1720 milis
2161 1671 2218 1720 et
2251 1667 2579 1733 imitator‘;
2639 1685 2770 1723 eum
2805 1670 2903 1740 qui
2949 1675 3096 1735 orat,
3130 1675 3186 1725 et
3225 1672 3324 1741 qui
3358 1673 3624 1738 exaudit;

1974 1769 2108 1808 eum
2141 1755 2238 1826 qui
2271 1757 2529 1828 suscepit
2553 1759 2911 1824 mandatum,
2936 1765 2989 1813 et
3017 1775 3150 1813 eum
3171 1760 3444 1830 quidedit
3474 1776 3632 1816 man-

1975 1842 2201 1910 datum,
2223 1848 2280 1898 et
2311 1846 2710 1901 ministratum
2744 1846 3120 1917 prmeipienti,
3142 1848 3462 1919 supplicem
3483 1849 3626 1905 emi-

1975 1933 2154 1999 nenti,
2181 1934 2480 1989 subditum
2517 1935 2825 2004 superiori,
2852 1937 3309 2009 primogenitum
3326 1939 3632 2010 sempiter-

1974 2037 2069 2088 no,
2115 2022 2485 2094 unigenitum
2537 2024 2819 2096 ingenito,
2873 2026 3233 2081 sacerdotem
3277 2032 3390 2082 Deo
3439 2045 3623 2084 unum

1971 2113 2145 2181 atque
2175 2114 2441 2168 eumdem
2462 2130 2610 2168 esse.

2040 2199 2129 2255 33.
2163 2199 2275 2254 Sed
2306 2205 2362 2254 et
2392 2200 2545 2256 Deus
2575 2201 2701 2256 sine
2747 2201 3029 2273 principio
3080 2204 3358 2274 praescius
3398 2210 3519 2261 erat
3559 2222 3622 2262 se

1971 2287 2254 2358 unigeniti
2292 2290 2385 2344 Dei
2421 2290 2582 2360 pueri
2607 2291 2697 2345 sui
2723 2297 2946 2362 patrem
2967 2292 3230 2347 futurum
3266 2311 3278 2348 :
3316 2299 3491 2348 Deum
3516 2311 3620 2350 au-

1970 2381 2085 2431 tem
2110 2394 2171 2432 se
2205 2378 2467 2434 futurum
2493 2396 2795 2450 nunquam
2821 2382 3129 2452 thBSCiVit,
3156 2383 3294 2453 quia
3315 2383 3616 2455 ingenitus

1970 2470 2077 2531 est,
2111 2472 2167 2520 et
2197 2484 2496 2538 nunquam
2527 2471 2699 2540 ccepit
2727 2487 2828 2524 nec
2857 2471 3112 2541 priscire,
3139 2489 3241 2527 nec
3273 2474 3438 2527 scire.
3471 2473 3620 2536 Quid

1963 2559 2054 2610 est
2075 2561 2273 2610 autem
2301 2559 2804 2627 przescientia,nisi
2845 2560 3174 2615 futurorum
3206 2562 3430 2616 scentia
3455 2561 3482 2612 ί]
3514 2562 3618 2616 Pa-

1968 2648 2056 2698 ter
2086 2650 2280 2699 autem
2305 2648 2639 2717 generando
2675 2647 2883 2715 Flium,
2915 2650 2986 2703 ab
3019 2649 3147 2720 ipso
3175 2650 3312 2704 Filio
3362 2655 3450 2704 est
3482 2668 3626 2706 nun-

1970 2739 2248 2803 cupatus;
2285 2740 2340 2789 et
2369 2735 2495 2804 ipso
2527 2737 2839 2803 revelante,
2875 2740 2944 2792 ab
2969 2739 3244 2792 omnibus
3276 2738 3621 2795 Christianis

1973 2821 2122 2874 Deus
2159 2826 2215 2875 et
2247 2825 2416 2876 Pater
2449 2823 2728 2892 unigeniti
2769 2823 2862 2878 Dei
2895 2830 2984 2878 est
3014 2826 3304 2896 cognitus,
3334 2829 3390 2880 et
3413 2843 3624 2897 magno

1971 2910 2158 2980 major
2187 2915 2242 2964 et
2272 2911 2421 2965 bono
2456 2911 2659 2965 melior
2689 2917 2775 2966 est
2809 2914 3243 2968 manifestatus.

2041 2999 2126 3052 34.
2167 2999 2231 3052 Et
2260 3001 2398 3070 quia
2442 2999 2820 3055 Homousiani
2869 3002 3074 3056 dicunt
3102 3003 3453 3058 Salvatorem
3498 3021 3624 3060 nos-

1971 3093 2125 3142 trum
2162 3089 2509 3143 humilitatis
2541 3091 2727 3161 gratia
2760 3091 2878 3145 haec
2910 3093 3107 3146 omnia
3138 3093 3207 3147 de
3240 3093 3421 3147 Patris
3448 3111 3622 3164 pres-

1971 3177 2204 3248 cientia,
2239 3183 2296 3232 et
2344 3180 2414 3231 de
2459 3195 2566 3232 sua
2614 3180 2973 3248 subjectione
3021 3196 3148 3235 esse
3181 3181 3461 3247 locutum,
3515 3198 3621 3238 nos

1970 3283 2101 3321 vero
2133 3266 2445 3322 Christiani
2480 3267 2774 3322 credimus
2818 3269 2987 3323 Patre
3019 3270 3340 3340 imperante
3372 3277 3428 3325 et
3476 3271 3621 3326 Filio

1969 3356 2406 3427 obtemperante
2440 3356 2559 3411 haec
2590 3359 2787 3412 omnia
2817 3375 2944 3412 esse
2974 3374 3106 3412 eum
3150 3359 3439 3425 locutum;
3475 3361 3618 3414 dici-

1971 3461 2103 3499 mus
2133 3450 2188 3500 et
2212 3447 2527 3516 probamus
2542 3446 2694 3517 quod
2720 3445 2969 3500 haaretici
2994 3462 3060 3500 ex
3084 3448 3208 3501 suis
3237 3447 3406 3501 dictis
3437 3464 3619 3517 argu-

1970 3541 2149 3587 untur
2176 3540 2232 3588 et
2263 3534 2723 3603 prebenduntur.
2758 3533 2814 3586 Si
2839 3534 2988 3588 enim
3025 3550 3085 3588 se
3116 3533 3469 3601 humiliavit,
3495 3537 3623 3606 ipsa

1970 3622 2271 3677 humilitas
2329 3622 2456 3691 ejus
2515 3622 2904 3676 obedientiam
2959 3623 3260 3677 ostendit:
3307 3621 3435 3692 ipsa
3482 3641 3648 3682 vero

1967 3708 2299 3764 obedientia
2329 3708 2508 3762 alium
2552 3725 2730 3779 supra
2778 3709 3154 3776 eminentem,
3188 3709 3368 3765 alium
3419 3712 3616 3767 subsi-

1969 3802 2218 3852 stentem
2241 3803 2297 3851 et
2327 3797 2656 3867 subjectum
2680 3796 2952 3864 declarat,
2971 3798 3142 3853 sicuti
3177 3799 3257 3854 ait
3279 3800 3617 3870 Apostolus,

1967 3887 2290 3941 Humiliavit
2319 3903 2393 3955 se,
2427 3886 2675 3941 obediens
2702 3890 2876 3956 factus
2901 3890 3054 3942 Patri
3073 3904 3241 3960 usque
3287 3890 3356 3943 ad
3385 3898 3618 3945 mortem

1968 3975 2240 4047 (Philipp.
2275 3993 2337 4044 ιι,
2363 3976 2439 4045 8).
2478 3980 2542 4030 Et
2573 3976 2699 4046 ipsa
2730 3975 3055 4041 humilitas,
3088 3979 3236 4047 ejus,
3257 3979 3468 4034 veritas
3497 3984 3608 4051 est,

1966 4082 2081 4120 non
2114 4065 2360 4119 falsitas.
2395 4064 2534 4127 Quis
2562 4067 2715 4120 enim
2746 4067 2831 4119 vel
2865 4067 3099 4137 quando
3121 4068 3356 4138 sapiens
3381 4075 3618 4124 conten-

1967 4159 2064 4209 tus
2103 4159 2192 4209 est
2220 4170 2282 4209 se
2310 4154 2642 4224 humiliare,
2676 4155 2786 4209 nisi
2822 4155 3032 4210 habeat
3063 4157 3342 4226 majorem
3385 4164 3443 4212 et
3489 4174 3610 4214 me-

1969 4243 2173 4299 liorem
2222 4244 2314 4298 cui
2355 4245 2589 4299 festinet
2654 4261 2754 4314 per
2801 4245 3190 4299 humilitatem
3242 4246 3510 4316 placere?
3551 4251 3618 4303 Et

1967 4349 2093 4405 ego,
2119 4333 2332 4403 inquit,
2361 4348 2486 4404 qua:
2514 4334 2732 4404 placita
2761 4339 2887 4388 sunt
2917 4336 2970 4388 ei
2998 4337 3143 4402 facio
3190 4351 3403 4406 semper
3433 4336 3613 4406 (Joan.

1969 4438 2092 4491 νιιι,
2136 4423 2247 4490 29).
2283 4422 2472 4476 Semel
2503 4422 2656 4476 enim
2689 4429 2823 4476 ante
2854 4424 3051 4478 omnia
3081 4423 3292 4478 sacula
3320 4423 3618 4482 voluntate

1970 4511 2070 4568 Dei
2113 4517 2305 4579 natus,
2340 4512 2410 4564 ad
2442 4509 2798 4565 voluntatem
2842 4511 3028 4582 ipsius
3084 4516 3283 4568 omnia
3320 4519 3617 4586 operatur.

1971 4601 2030 4657 Si
2062 4606 2257 4654 autem
2290 4616 2351 4654 se
2383 4599 2709 4669 humilavit,
2743 4605 2799 4654 et
2848 4601 3131 4656 mentitus
3179 4608 3289 4672 est,
3325 4605 3479 4674 quod
3523 4603 3622 4660 ab-

1973 4690 2091 4755 sit;
2140 4694 2198 4744 et
2247 4689 2298 4744 si
2347 4690 2557 4743 veritas
2607 4690 2905 4758 mentitur,
2949 4691 3103 4761 quod
3148 4692 3510 4763 impossibile
3535 4699 3624 4749 est

1972 4779 2071 4833 ubi
2103 4779 2236 4849 quis
2269 4782 2489 4849 quaerat
2519 4779 2870 4833 veritatem?
2900 4779 3011 4835 Sed
3055 4781 3267 4836 veritas
3318 4799 3419 4838 nec
3460 4799 3623 4837 men-

1971 4867 2138 4935 titur,
2193 4883 2297 4923 nec
2345 4867 2640 4935 variatur,
2704 4869 2804 4939 qui
2862 4869 2934 4923 ob
2992 4869 3104 4925 hoc
3161 4871 3316 4926 venit
3374 4876 3434 4926 ut
3477 4871 3622 4925 veri-

1975 4960 2157 5011 tatem
2215 4957 2491 5024 doceret;
2555 4956 2653 5027 qui
2714 4974 2826 5012 non
2878 4961 2968 5012 est
3013 4958 3351 5030 ignorantiae
3396 4961 3619 5026 doctor,

1976 5045 2079 5100 sed
2141 5044 2402 5100 veritatis
2464 5044 2781 5116 magister,
2839 5050 2904 5100 ut
2953 5046 3080 5117 ipse
3157 5047 3298 5101 dixit
3358 5065 3372 5102 :
3439 5046 3624 5103 Nolito

1975 5135 2123 5189 vobis
2173 5150 2365 5189 vocare
2398 5138 2681 5204 magistros
2726 5151 2893 5206 super
2920 5143 3142 5203 terram,
3175 5152 3318 5190 unus
3347 5144 3430 5190 est
3474 5137 3624 5190 enim

1976 5226 2244 5292 magister
2273 5228 2447 5278 vester
2479 5224 2726 5279 Christus
2768 5226 2973 5295 (Mattn.
3006 5241 3169 5290 χχιιι,
3204 5225 3310 5295 40).
3334 5225 3392 5280 Si
3426 5229 3623 5281 autem

1980 5312 2383 5383 dixerintquia
2398 5318 2630 5384 propter
2650 5313 3104 5367 incarnationem
3123 5330 3288 5367 suam
3305 5313 3630 5369 humilians

1981 5418 2042 5456 se
2075 5419 2253 5472 super
2283 5407 2517 5469 terram,
2552 5407 2782 5472 prOpter
2813 5401 3080 5455 homines
3112 5401 3231 5456 haec
3253 5401 3629 5473 loquebatur,

2050 5584 2066 5617 ί
2093 5580 2160 5627 Er
2177 5579 2339 5638 Lugd.
2372 5579 2500 5627 Ven.
2519 5581 2565 5625 et
2589 5593 2734 5639 quem
2756 5577 3009 5625 imitatur.
3106 5580 3172 5628 M.

2045 5644 2065 5678 ³
2095 5644 2178 5690 Er.
2215 5643 2374 5703 Lugd.
2410 5643 2536 5690 Ven.
2573 5643 2692 5688 Lov.
2717 5642 2814 5703 sic
2862 5641 3116 5690 exhibent
3155 5642 3300 5691 hunc
3338 5643 3534 5695 locum.
3566 5646 3634 5694 Et

1982 5706 2204 5772 eumqui
2223 5702 2339 5772 orat
2367 5704 2411 5752 ei
2440 5703 2527 5772 qui
2555 5702 2807 5767 exaudit;
2837 5709 2882 5753 et
2913 5718 3026 5752 eum
3075 5707 3168 5770 qui
3216 5709 3390 5769 gratia
3429 5712 3555 5772 agit,
3588 5711 3635 5758 ei

1983 5769 2070 5834 qui
2091 5766 2359 5819 benedicit.
2455 5766 2522 5816 Μ.

3234 5892 3312 5950 22
