4090 6184
484 289 599 350 683

481 419 860 475 ostendamus
890 416 1007 472 illis
1037 416 1258 485 majora
1292 419 1349 468 et
1380 413 1638 467 ﬁrmiora
1675 428 1800 467 esse
1838 410 1938 465 illa
1968 409 2125 465 testi-

482 509 698 573 monia,
732 524 858 580 quae
890 507 960 561 de
996 504 1359 575 subjectione
1390 502 1514 557 Filii
1545 501 1604 556 in
1636 500 1952 572 Scripturis
1984 502 2125 553 sunt

480 597 687 670 posita,
740 597 810 652 de
841 596 913 651 iis
953 612 1078 667 quae
1109 595 1170 648 in
1200 591 1509 665 Evangelio
1554 596 1828 663 aguntur.
1861 588 1921 645 Si
1964 588 2121 644 enim

478 691 713 759 propter
751 686 1018 742 homines
1070 700 1246 757 super
1294 688 1511 739 terram
1560 697 1622 737 se
1672 678 2037 744 humiliabat,
2070 682 2127 734 et

478 793 594 832 non
627 779 691 831 ut
722 774 999 830 obediens
1030 778 1086 830 et
1117 774 1421 843 subjectus
1471 770 1627 826 filius
1658 786 1793 826 cum
1824 770 2124 839 incompa-

480 864 649 919 rabili
683 863 989 920 dilectione
1018 866 1077 917 et
1105 862 1427 934 gratiarum
1459 861 1682 917 actione
1716 858 1870 914 Patri
1896 875 2002 914 suo
2025 859 2125 913 ob-

484 954 875 1025 sequebatur;
909 953 1051 1025 quia
1077 955 1366 1023 quantum
1399 950 1671 1006 sublimis
1718 953 1807 1005 est
1834 948 1893 1003 in
1936 950 2127 1019 potes-

478 1046 622 1112 tate,
654 1046 884 1098 tantum
918 1041 1161 1097 humilis
1209 1045 1299 1097 est
1328 1040 1389 1095 in
1422 1038 1704 1111 obsequio
1751 1056 1763 1095 :
1812 1042 2129 1109 antequam

478 1149 712 1189 carnem
742 1132 1083 1203 susciperet,
1102 1146 1279 1202 quare
1301 1128 1841 1200 jussusobaudivit,
1873 1132 1930 1184 et
1956 1128 2130 1184 modo

479 1223 691 1280 sedens
720 1223 791 1278 ad
823 1222 1117 1277 dexteram
1145 1220 1239 1276 Dei
1270 1217 1602 1290 interpellat
1632 1234 1734 1290 pro
1765 1216 1934 1273 nobis
1956 1218 2128 1289 (Rom.

478 1328 603 1383 VIII,
636 1311 747 1382 34),
780 1314 836 1367 et
864 1311 921 1366 in
958 1324 1197 1382 corpore
1231 1308 1586 1364 constitutus
1616 1325 1794 1380 super
1823 1311 2038 1363 terram
2068 1307 2128 1362 in

478 1400 620 1457 coelo
678 1417 741 1456 se
788 1400 1019 1455 Patrem
1068 1402 1409 1472 rogaturum
1448 1397 1843 1470 promittebat,
1904 1397 2127 1466 dicens,

476 1490 541 1544 Et
568 1506 665 1561 ego
694 1499 896 1558 rogabo
926 1490 1147 1545 Patrem
1172 1504 1374 1553 meum,
1404 1491 1458 1543 et
1486 1488 1663 1542 alium
1683 1487 2004 1542 advocatum
2029 1487 2128 1541 da-

482 1581 560 1634 bit
588 1580 737 1635 vobis
769 1582 955 1650 (Joan.
988 1595 1101 1647 xw,
1138 1580 1253 1649 16)?
1300 1579 1366 1632 Et
1395 1578 1443 1632 si
1495 1577 1685 1631 adhuc
1728 1577 1785 1630 in
1818 1576 1910 1632 his
1942 1576 2126 1631 omni-

477 1669 588 1723 bus
612 1672 846 1740 propter
867 1667 1143 1722 duritiam
1157 1670 1213 1721 et
1226 1666 1539 1721 caecitatem
1563 1665 1755 1720 cordis
1777 1665 1869 1720 sui
1896 1666 2128 1720 credere

476 1757 792 1825 noluerint,
827 1758 929 1811 sed
961 1755 1089 1811 ausi
1125 1755 1340 1810 fuerint
1369 1755 1561 1810 dicere
1592 1754 1745 1824 quod
1779 1753 1898 1809 haec
1929 1754 2128 1809 omnia

477 1845 829 1901 humilitatis
857 1861 1038 1901 causa
1066 1844 1238 1914 fiunt,
1272 1848 1404 1915 post
1435 1842 2002 1898 consummationem
2028 1859 2126 1899 sae-

481 1933 618 1998 culi,
653 1934 765 1989 nisi
798 1950 860 1989 se
889 1937 1100 1988 natura
1146 1936 1201 1987 et
1237 1931 1536 1987 voluntate
1584 1932 1757 1986 sciret
1794 1931 2125 2002 subjectum

483 2027 541 2079 et
571 2023 960 2088 obedientem,
994 2022 1200 2093 utquid
1249 2038 1309 2077 se
1358 2020 1713 2086 humiliaret,
1760 2021 1859 2075 ubi
1892 2026 2128 2093 propter

484 2112 751 2169 homines
783 2111 1085 2167 humilitas
1116 2111 1446 2166 necessaria
1492 2127 1605 2165 non
1638 2110 1765 2167 est?
1813 2110 1975 2176 Quod
2025 2128 2126 2166 au-

477 2206 598 2257 tem
628 2208 685 2259 et
714 2206 847 2274 post
874 2201 1443 2257 consummationem
1489 2200 1706 2267 saeculi,
1741 2202 1976 2272 quando
2026 2201 2131 2257 illa

481 2291 678 2347 omnia
708 2291 926 2346 fuerint
954 2290 1221 2360 subjecta
1251 2289 1293 2360 (Ι
1327 2290 1448 2345 Cor.
1482 2306 1575 2357 xv,
1607 2289 1699 2360 28)
1732 2306 1744 2344 :
1780 2289 1917 2360 quia
1956 2290 2129 2346 modo

1230 282 1534 343 CONTRA
1579 275 2010 340 SEBMONEM
2058 273 2557 349 ARIANORUM,
2606 276 2668 336 S.
2718 275 3149 337 AUGUSTINI

3738 283 3832 346 684

2236 412 2443 461 natura
2503 407 2738 478 quidem
2785 407 2983 463 omnia
3026 411 3164 462 sunt
3195 406 3475 477 subjecta,
3508 413 3566 464 ut
3609 417 3836 471 creatura

2233 494 2529 562 Creatori;
2562 495 2861 552 voluntate
2906 502 3124 563 autem,
3160 501 3393 568 propter
3438 496 3665 554 liberum
3708 503 3833 557 arbi-

2235 586 2442 650 trium,
2477 602 2591 641 non
2624 586 2820 641 omnia
2841 585 2926 640 illi
2948 587 3215 657 subjecta
3243 586 3503 643 videmus
3536 604 3547 641 :
3578 592 3704 643 tunc
3730 606 3836 648 vero

2234 674 2293 728 in
2327 675 2419 729 die
2444 675 2675 743 judicii,
2709 676 2944 747 quando
2990 676 3047 730 in
3080 676 3317 730 nomine
3352 675 3487 731 Jesu
3530 693 3688 732 omne
3712 695 3836 750 genu

2234 766 2518 828 ﬂectetur,
2570 763 2921 835 ccelestium,
2956 763 3345 833 terrestrium,
3398 768 3453 819 et
3497 764 3836 834 infernarum,

2233 855 2291 907 et
2333 851 2525 908 omnis
2579 852 2784 925 lingua
2812 854 3200 921 confitebitur,
3253 854 3351 925 qui
3384 853 3652 910 Dominus
3694 855 3839 913 Jesus

2235 939 2500 996 Christus
2532 942 2591 996 in
2613 941 2800 1014 gloria
2831 942 2927 998 Dei
2960 942 3181 998 Patris!
3226 942 3490 1015 (Philipp.
3540 959 3600 1009 ιι,
3655 944 3716 998 10
3750 946 3841 1015 11),

2239 1029 2437 1085 omnia
2465 1030 2590 1086 sine
2637 1031 2773 1101 ﬁne,
2825 1035 2882 1087 et
2937 1031 3233 1087 voluntate
3261 1036 3319 1087 et
3347 1036 3553 1087 natura
3578 1030 3658 1085 illi
3702 1037 3845 1089 erunt

2240 1118 2505 1190 subjecta
2534 1135 2547 1173 :
2583 1124 2639 1175 et
2668 1120 2794 1192 ipse
2834 1124 2966 1192 post
3003 1120 3269 1176 omnium
3303 1119 3415 1175 sibi
3464 1120 3846 1191 subjectionem

2240 1208 2300 1262 in
2333 1225 2400 1264 ea
2430 1209 2791 1280 subjectione
2817 1214 2874 1264 et
2903 1210 3185 1265 charitate
3201 1226 3465 1273 manens,
3498 1209 3555 1263 in
3587 1225 3694 1280 qua
3719 1226 3848 1265 sem-

2240 1313 2361 1368 per,
2393 1301 2450 1352 et
2476 1297 2602 1370 ipse
2634 1303 2698 1353 ut
2728 1297 2908 1354 Filius
2939 1299 3241 1368 subjectus
3271 1299 3381 1354 erit
3411 1298 3461 1353 ei
3502 1298 3595 1369 qui
3626 1297 3707 1354 illi
3731 1299 3848 1354 sub-

2239 1386 2387 1441 didit
2415 1387 2647 1442 omnia:
2679 1386 2881 1443 nullus
2940 1388 3186 1443 audiens
3243 1385 3596 1442 christianus
3633 1387 3852 1459 ignorat,

2237 1474 2376 1546 quia
2406 1476 2551 1531 fides
2583 1492 2651 1530 ex
2680 1477 2907 1544 auditu,
2960 1479 3200 1532 auditus
3255 1479 3450 1531 autem
3498 1491 3596 1547 per
3643 1476 3852 1530 verbum

2237 1561 2451 1617 Christi
2483 1563 2654 1633 (Rom.
2689 1580 2743 1630 x,
2782 1565 2866 1630 17)
2895 1581 2908 1619 :
2935 1568 3001 1618 ut
3048 1563 3124 1619 sit
3172 1564 3328 1619 Deus
3386 1564 3580 1618 omnia
3607 1563 3663 1617 in
3691 1562 3855 1617 omni-

2236 1650 2367 1720 bus,
2401 1666 2632 1721 semper
2689 1650 3090 1706 monarchiam
3150 1653 3207 1705 et
3261 1652 3606 1721 potestatem
3660 1648 3856 1703 habens

2235 1739 2523 1805 omnium,
2555 1740 2648 1795 cui
2697 1741 2880 1811 gloria
2938 1745 2994 1796 et
3049 1740 3254 1806 honor,
3289 1739 3422 1796 laus
3468 1744 3523 1796 et
3567 1740 3857 1811 gratiarum

2236 1830 2406 1895 actio,
2440 1847 2541 1902 per
2574 1830 2944 1902 unigenitum
2995 1831 3124 1900 ejus
3162 1829 3399 1885 Fillium
3454 1828 3786 1885 Dominumﬁ
3813 1829 3860 1881 et

2234 1918 2585 1975 Salvatorem
2620 1926 2907 1989 nostrum,
2933 1920 2992 1974 in
3021 1919 3240 1991 Spiritu
3273 1923 3501 1987 sancto,
3524 1934 3674 1974 nunc
3703 1925 3753 1973 et
3775 1931 3861 1988 per

2236 2007 2433 2063 omnia
2465 2010 2682 2065 saecula
2710 2009 3078 2066 saculorum.
3111 2010 3319 2065 Amen.

2300 2241 2317 2275 ι
2350 2240 2491 2299 Mss.,
2516 2238 2593 2303 ad
2616 2239 2837 2303 gloriam
2864 2240 2961 2289 Dei
2988 2239 3180 2290 Patris.

2298 2304 2320 2337 ²
2348 2303 2471 2351 Mss.
2507 2302 2689 2352 Deum.

1048 2513 1202 2645 S.
1294 2514 2111 2647 AURELII
2199 2513 3303 2649 AUGUSTINI

1725 2703 2244 2768 HIPPONENSIS
2290 2706 2641 2771 EPISCOPI

2073 2827 2312 2875 CONTRA

687 2936 2056 3107 SERMONEM
2196 2935 3694 3109 ABIANORUM

1767 3181 2099 3267 LIBER
2169 3180 2486 3269 UNUS
2521 3172 2615 3265 (⁸).

556 3389 779 3446 CAPUT
799 3387 1098 3445 PRIMUM.
1116 3416 1182 3428 «κ
1203 3387 1255 3442 1.
1274 3389 1486 3442 Eorum
1504 3386 1852 3459 praecedenti
1871 3386 2132 3458 disputa-

484 3478 631 3536 tioni
663 3479 771 3534 hac
801 3477 1192 3548 disputatione
1223 3476 1566 3548 respondeo,
1612 3476 1713 3547 qui
1761 3492 1894 3531 cum
1934 3476 2131 3531 Domi-

484 3558 626 3624 num
678 3573 942 3625 nostrum
985 3566 1187 3622 Jesum
1242 3565 1540 3622 Christum
1592 3566 1846 3621 fatentur
1894 3565 2130 3637 quidem

482 3659 688 3729 Deum,
722 3659 823 3714 sed
855 3658 1038 3713 Deum
1061 3673 1261 3712 verum
1289 3659 1347 3712 et
1373 3672 1507 3711 cum
1540 3660 1707 3710 Patre
1735 3672 1919 3710 unum
1948 3660 2129 3710 Deum

483 3747 693 3804 nolunt
743 3748 927 3816 fateri,
988 3748 1136 3802 duos
1194 3746 1361 3801 nobis
1403 3746 1694 3801 inducunt
1759 3745 1898 3800 deos
1939 3745 2131 3800 diver-

484 3854 560 3893 sae
626 3838 992 3908 disparisque
1049 3840 1300 3903 naturae;
1354 3852 1536 3890 unum
1595 3850 1797 3889 verum
1858 3833 2129 3900 alterum,

481 3943 596 3981 non
629 3942 829 3980 verum
865 3942 877 3978 :
912 3930 1113 3979 contra
1145 3924 1287 3979 illud
1317 3925 1469 3996 quod
1504 3923 1789 3994 scriptum
1826 3927 1934 3993 est,
1966 3923 2128 3992 Audi,

479 4014 683 4079 Israel;
713 4016 973 4069 Dominus
1004 4015 1144 4067 Deus
1175 4022 1319 4083 tuus,
1364 4015 1632 4068 Dominus
1661 4029 1800 4067 unus
1832 4017 1908 4067 est
1949 4013 2128 4083 (Deut.

479 4120 555 4171 v1,
589 4104 663 4175 4).
700 4105 813 4157 Hoc
842 4103 997 4157 enim
1026 4103 1075 4157 si
1106 4102 1177 4157 de
1209 4102 1374 4156 Patre
1395 4102 1616 4156 dictum
1639 4101 1841 4156 volunt
1863 4100 2130 4174 intelligi,

481 4192 751 4265 sequitur
778 4196 844 4247 ut
872 4191 1140 4246 Christus
1169 4207 1284 4246 non
1316 4190 1393 4244 sit
1421 4190 1708 4245 Dominus
1741 4191 1888 4244 Deus
1912 4195 2128 4244 noster.

481 4280 543 4339 Si
574 4285 767 4337 autem
817 4282 888 4337 de
935 4280 1098 4347 Filio,
1132 4280 1300 4335 Pater
1349 4296 1461 4335 non
1494 4279 1604 4334 erit
1653 4277 1936 4334 Dominus
1982 4285 2131 4335 Deus

480 4376 700 4427 noster.
734 4371 793 4427 Si
825 4387 957 4426 vero
989 4371 1060 4425 de
1090 4370 1401 4434 ambobus,
1444 4368 1701 4441 profecto
1752 4366 1920 4423 Pater
1949 4372 2007 4423 et
2037 4367 2131 4422 Fi-

478 4459 595 4517 lius
625 4477 778 4516 unus
809 4464 897 4517 est
927 4459 1211 4516 Dominus
1243 4460 1392 4514 Deus
1422 4461 1639 4513 noster.
1674 4458 1748 4511 Ac
1782 4472 1884 4528 per
1912 4456 2022 4512 hoc
2053 4456 2129 4511 il-

476 4548 580 4604 lud
610 4548 764 4620 quod
795 4548 855 4603 in
898 4547 1207 4620 Evangelio
1250 4546 1533 4618 scriptum
1567 4549 1676 4614 est,
1712 4546 1777 4603 Ut
1806 4554 2131 4618 cognoscant

476 4645 528 4694 te
554 4653 729 4692 unum
754 4653 942 4693 verum
971 4639 1162 4705 Deum,
1191 4644 1246 4692 ‘et
1276 4651 1435 4707 quem
1480 4636 1686 4690 misisti
1713 4636 1897 4691 Jesum
1943 4635 2127 4691 Chris-

478 4731 598 4784 tum
626 4730 821 4794 (Joan.
855 4743 992 4792 xvn,
1023 4726 1076 4797 3)
1106 4741 1126 4787 ;
1155 4725 1265 4780 hoc
1295 4740 1430 4781 eum
1465 4723 1683 4779 dixisse
1722 4723 2127 4794 accipiendum

479 4820 587 4887 est,
623 4816 693 4872 Ut
722 4819 778 4871 te
802 4819 859 4870 et
890 4831 1062 4885 quem
1092 4813 1357 4869 misistiJ
1366 4830 1533 4869 esum
1555 4811 1853 4868 Christum
1887 4829 2127 4884 cognos-

478 4910 613 4961 cant
646 4920 826 4960 unum
849 4920 1047 4958 verum
1080 4903 1284 4958 Deum.
1318 4901 1463 4969 Quia
1485 4907 1542 4957 et
1571 4901 1881 4956 deChristo
1904 4901 2123 4958 dictum

475 4999 565 5051 est
595 5011 629 5050 a
656 4995 876 5050 Joanne
934 4991 1215 5064 apostolo,
1265 4994 1386 5063 Ipse
1422 4999 1502 5046 est
1530 5006 1688 5046 verus
1736 4990 1876 5045 Deus
1914 4994 1964 5045 et
2010 4993 2128 5046 vita

473 5092 684 5141 aeterna
714 5084 758 5156 (Ι
786 5085 943 5140 Joan.
978 5099 1031 5150 v,
1064 5082 1179 5149 20).

543 5175 597 5228 2.
633 5175 774 5230 Item
800 5190 932 5228 cum
957 5171 1160 5227 dicunt
1181 5168 1475 5226 Christum
1500 5169 1781 5225 voluntate
1813 5168 1912 5224 Dei
1937 5172 1987 5225 et
2016 5170 2122 5226 Pa-

471 5264 573 5319 tris
591 5265 677 5319 sui
688 5266 815 5319 ante
835 5263 1019 5318 omnia
1038 5261 1243 5316 saecula
1260 5259 2124 5330 constitutum,cogunturconfi-

2239 3389 2346 3445 teri
2376 3388 2586 3445 Filium
2620 3391 2771 3446 Patri
2788 3408 2916 3448 esse
2947 3393 3316 3447 coaeternum.
3335 3387 3569 3445 Sienim
3587 3384 3880 3460 aliquando

2242 3482 2412 3534 Pater
2435 3479 2561 3535 sine
2593 3479 2730 3535 Filio
2745 3480 2875 3547 fuit,
2908 3486 3032 3535 erat
3065 3484 3198 3535 ante
3229 3478 3440 3533 Filium
3479 3476 3714 3549 aliquod
3746 3480 3883 3530 tem-

2240 3585 2372 3641 pus,
2407 3585 2521 3640 quo
2555 3569 2720 3625 Pater
2741 3570 2866 3626 sine
2887 3568 2985 3625 illo
3008 3569 3170 3626 solus
3200 3568 3328 3623 fuit.
3362 3568 3435 3623 Et
3459 3566 3751 3640 quomodo
3775 3566 3884 3619 erat

2241 3662 2373 3714 ante
2407 3657 2605 3714 omnia
2637 3658 2851 3715 saecula
2883 3659 3084 3726 Filius,
3119 3664 3253 3713 ante
3292 3674 3473 3729 quem
3510 3654 3622 3712 fuit
3664 3660 3883 3725 tempus

2242 3764 2356 3819 quo
2388 3748 2515 3804 sine
2536 3748 2636 3803 illo
2666 3754 2791 3804 erat
2821 3749 3031 3804 Pater?
3062 3748 3256 3813 Porro,
3291 3748 3338 3802 si
3369 3752 3512 3802 ante
3543 3744 3741 3801 omnia
3759 3748 3890 3797 tem-

2241 3852 2384 3908 pora
2399 3836 2579 3893 Filius
2610 3844 2733 3893 erat
2763 3838 2899 3910 (non
2927 3838 3085 3893 enim
3111 3836 3278 3891 aliter
3303 3835 3757 3908 intelligendum
3788 3835 3891 3910 est,

2242 3927 2301 3981 In
2330 3927 2604 3998 principio
2633 3930 2749 3982 erat
2782 3927 3057 3987 Verbum;
3089 3930 3163 3991 et,
3195 3925 3395 3982 Omnia
3423 3941 3530 3994 per
3557 3926 3737 3997 ipsum
3754 3922 3889 3992 facta

2239 4021 2367 4071 sunt
2395 4017 2557 4087 (Joan
2614 4033 2651 4085 ι,
2688 4017 2739 4083 1,
2771 4016 2861 4087 3),·
2893 4016 3032 4087 quia
3061 4019 3119 4070 et
3164 4021 3399 4086 tempus
3434 4014 3563 4069 sine
3604 4010 3887 4084 aliquibus

2243 4111 2515 4159 creaturae
2544 4104 2799 4158 motibus
2828 4120 2939 4159 non
2974 4107 3163 4175 potest
3192 4118 3339 4170 esse,
3356 4108 3417 4158 et
3444 4103 3577 4158 ideo
3612 4118 3714 4174 per
3735 4100 3889 4155 illum

2242 4193 2393 4247 facta
2423 4192 2771 4246 confitemur
2801 4197 2857 4246 et
2885 4196 3169 4264 tempora,
3218 4207 3320 4263 per
3366 4208 3549 4263 quem
3586 4191 3737 4245 facta
3765 4187 3893 4242 sunt

2242 4280 2481 4348 omnia),
2517 4279 2716 4350 procul
2747 4280 2925 4335 dubio
2975 4286 3324 4335 cozeternum
3358 4285 3452 4335 est
3484 4280 3643 4335 Patri
3698 4277 3891 4335 Filius.

2241 4371 2345 4425 Sed
2366 4370 2636 4425 voluntate
2658 4371 2842 4424 Patris
2871 4370 3076 4425 dicunt
3106 4371 3485 4438 constitutum,
3523 4368 3787 4425 nolentes
3815 4362 3892 4419 di-

2241 4475 2368 4515 cere
2400 4459 2584 4515 Deum
2617 4459 2687 4514 de
2719 4464 2831 4514 Deo
2864 4457 3169 4530 aequalem,
3220 4457 3493 4531 genitum
3532 4463 3711 4530 atque
3751 4470 3891 4510 coa-

2238 4552 2493 4603 ternum.
2530 4548 2833 4620 Nusquam
2886 4552 3080 4604 autem
3132 4546 3339 4620 legunt
3379 4548 3670 4604 voluntate
3716 4542 3892 4601 Patris

2237 4637 2443 4692 Filium
2492 4644 2620 4692 ante
2668 4639 2859 4693 omnia
2922 4638 3126 4694 saecula
3170 4637 3566 4692 constitutum.
3623 4634 3733 4691 Sed
3793 4632 3891 4687 hoc

2238 4730 2543 4797 propterea
2584 4726 2808 4791 dicunt,
2842 4731 2908 4781 ut
2961 4726 3117 4797 prior
3164 4724 3263 4781 illo
3309 4725 3586 4782 videatur
3630 4722 3890 4780 voluntas

2237 4815 2449 4885 Patris,
2509 4831 2625 4885 qua
2680 4830 2813 4869 eum
2864 4814 3251 4870 constitutum
3308 4814 3537 4871 volunt.
3607 4813 3680 4870 Et
3726 4826 3889 4884 argu-

2239 4904 2520 4959 mentatio
2551 4920 2750 4959 eorum
2772 4902 2908 4959 talis
2940 4919 3066 4959 esse
3107 4903 3255 4960 solet
3287 4921 3299 4960 :
3336 4906 3703 4977 interrogant
3740 4901 3886 4958 enim

2237 4996 2434 5048 utrum
2469 4996 2637 5047 Pater
2661 4992 2871 5047 Filium
2905 4992 3102 5049 volens
3132 5011 3203 5048 an
3237 4992 3441 5050 nolens
3472 4991 3782 5066 genuerit;
3828 4989 3888 5044 ut

2236 5081 2285 5136 si
2317 5097 2665 5153 responsum
2698 5081 2872 5135 fuerit
2922 5082 3075 5153 quod
3110 5083 3307 5138 volens
3346 5082 3641 5155 genuerit,
3675 5080 3883 5146 dicant,

2236 5170 2398 5226 Prior
2426 5174 2515 5225 est
2543 5186 2678 5242 ergo
2702 5169 2972 5226 voluntas
3003 5171 3210 5227 Patris.
3246 5171 3406 5235 Quod
3450 5175 3657 5227 autem
3691 5166 3884 5225 nolens

2234 5259 2527 5331 genuerit,
2562 5258 2663 5331 qui
2693 5263 2883 5331 potest
2912 5259 3141 5316 dicere?
3170 5261 3279 5317 Sed
3311 5265 3375 5316 ut
3404 5259 3680 5316 noverint
3712 5267 3880 5328 quam

1748 5368 2015 5407 ADMOIITIO
2048 5370 2122 5407 PP.
2158 5369 2597 5407 BKNEDICTINORUM.

533 5439 775 5490 Vidimus
800 5441 962 5504 hujus
991 5436 1231 5504 opusculi
1252 5436 1556 5504 Gallicaan
1586 5436 2219 5504 manuscriptoscodices
2249 5442 2387 5504 octo,
2411 5437 2781 5504 Sorbonicum,
2806 5437 3239 5504 Germanensem,
3261 5437 3660 5495 Corbeiensem,
3687 5429 3876 5504 Prata!-

472 5499 696 5561 lensem,
721 5498 1112 5561 Michaelinum,
1145 5502 1471 5565 Sagiensem,
1502 5498 1779 5565 Remensis
1810 5499 2041 5565 Ecclesia
2068 5513 2254 5560 unum,
2276 5505 2328 5565 et
2357 5500 2561 5549 domini
2590 5500 2864 5565 deblaran
2893 5500 3191 5565 Tholosatis
3213 5515 3398 5564 unum,
3420 5506 3625 5564 prater
3654 5500 3876 5563 quatuor

474 5565 754 5615 Vaticanos
785 5580 797 5613 :
831 5561 1389 5615 consuluimus'etiam
1422 5562 1591 5612 varias
1617 5561 1872 5610 lectiones
1904 5561 2226 5624 Belgicorum
2254 5563 2431 5623 trium,
2466 5567 2518 5612 et
2546 5562 2810 5613 editiones
2836 5563 2953 5613 Am.
2983 5563 3071 5613 Er.
3102 5569 3156 5613 et
3182 5565 3311 5614 [ιον.

638 5642 1126 5724 Comparavimus
1140 5655 1402 5724 pratera
1422 5662 1517 5707 eas
1537 5659 1730 5703 omnes
1751 5640 2031 5704 elationes
2053 5644 2219 5706 initio
2239 5647 2411 5706 Botr.
2443 5651 2498 5703 et
2518 5643 2824 5717 Confess.,
2871 5652 3009 5707 tam.
3035 5645 3092 5715 1,
3125 5653 3503 5710 memoratas.
3555 5644 3639 5707 M.

539 5739 617 5805 (α)
647 5738 884 5803 Scriptus
913 5754 1055 5791 anno
1082 5741 1271 5792 Christi
1302 5742 1411 5794 418.
