4090 6184
474 337 590 394 687

474 484 626 531 mus,
651 466 806 538 quod
838 465 1094 520 animam
1118 481 1235 520 non
1265 463 1478 519 habeat
1492 462 1757 520 Christus
1778 462 2122 517 humanam.

471 558 685 611 Verum
707 556 761 610 id
785 556 844 610 in
870 556 1045 625 hujus
1063 553 1480 625 disputationis
1498 552 1994 625 consequentibus
2012 550 2122 605 evi-

474 646 707 701 dentius
737 644 1058 716 apparebit.
1105 644 1273 698 Nunc
1303 642 1374 698 ad
1406 642 1525 698 hiEC
1555 659 1756 699 eorum
1790 642 1963 697 verba
1994 657 2119 712 quae

474 735 891 807 proposuimus
919 734 1029 789 hoc
1062 733 1579 805 respondemus,ut
1610 730 1867 788 recolant
1896 730 1955 784 in
1987 730 2122 802 Epi-

475 822 624 879 stola
672 840 797 895 quae
838 824 910 879 ad
963 822 1233 879 Hebraeos
1282 827 1388 894 est,
1423 822 1492 877 de
1535 820 1761 878 Christo
1794 836 1921 877 esse
1952 818 2122 874 intel-

473 912 688 968 lectum
712 913 866 983 quod
890 912 1173 985 scriptum
1196 911 1598 979 est,Minorasti
1614 928 1741 968 eum
1751 911 1920 982 paulo
1939 910 2124 964 minus

473 1002 540 1056 ab
568 1000 796 1070 Angelis
834 1002 1027 1073 (Hebr.
1074 1018 1137 1069 11,
1168 1002 1226 1073 7)
1261 1018 1273 1056 :
1306 1005 1365 1056 et
1412 1000 1648 1056 videant
1683 1016 1797 1055 non
1830 1000 1901 1055 ad
1931 996 2124 1053 diver-

474 1088 708 1145 sitatam
738 1094 794 1145 et
820 1088 1273 1161 inaequalitatem
1305 1092 1525 1143 naturae
1556 1087 1744 1144 Patris
1775 1090 1832 1142 et
1868 1086 1996 1141 Filii
2024 1101 2124 1141 va-

473 1176 592 1233 lere
623 1178 776 1249 quod
807 1178 971 1248 dixit,
1005 1179 1173 1233 Pater
1200 1177 1381 1248 major
1406 1194 1493 1233 me
1520 1180 1599 1232 est
1626 1176 1803 1248 (Joan.
1833 1191 1949 1241 xxv,
1980 1173 2072 1244 28)
2106 1190 2119 1242 ;

476 1268 578 1323 sed
611 1268 681 1322 ad
714 1266 857 1322 illud
887 1268 1080 1339 potius
1102 1267 1254 1340 quod
1289 1268 1347 1321 in
1380 1268 1562 1322 forma
1597 1266 1745 1321 servi
1777 1269 2012 1337 propter
2030 1263 2122 1318 in-

477 1357 912 1423 ﬁrmitatem,in
943 1374 1058 1429 qua
1088 1357 1207 1430 pati
1238 1361 1295 1413 et
1324 1357 1469 1413 mori
1501 1355 1712 1429 potuit,
1733 1355 1924 1410 minor
1946 1353 2122 1410 etiam

475 1443 712 1515 Angelis
742 1444 931 1499 factus
962 1448 1070 1499 est.

550 1534 783 1590 CAPUT
823 1535 912 1590 VI.
947 1566 1012 1576 —
1042 1537 1095 1591 6.
1130 1539 1274 1590 Item
1308 1534 1553 1589 dicunt:
1591 1554 1619 1585 ‹‹
1669 1534 1823 1601 Cum,
1860 1554 1887 1581 »
1918 1532 2123 1602 inquit,

483 1627 661 1680 «venit
688 1623 973 1697 plenitudo
999 1624 1437 1694 temporis,misit
1454 1624 1588 1678 Deus
1614 1624 1816 1678 Filium
1838 1638 2001 1676 suum
2021 1637 2123 1674 na-

480 1718 595 1768 tum
622 1730 691 1768 ea:
710 1713 943 1768 muliere
966 1735 993 1762 »
1016 1713 1515 1784 (Galat.1v,4).lpse
1534 1714 1631 1783 qui
1649 1712 1928 1767 voluntate
1945 1710 2126 1765 Patris

478 1817 702 1857 carnem
729 1803 980 1872 suscepit,
1026 1802 1145 1872 ipse
1170 1802 1451 1857 voluntate
1471 1806 1522 1856 et
1553 1805 1827 1872 praecepto
1859 1802 2032 1871 ipsius
2062 1800 2126 1854 in

481 1906 702 1961 corpore
728 1899 1074 1946 conversatus
1111 1899 1209 1957 est,
1244 1893 1382 1945 sicut
1408 1893 1523 1961 ipse
1551 1892 1634 1946 ait
1660 1909 1680 1945 :
1711 1912 1738 1940 ‹‹
1774 1888 2034 1944 Descendi
2060 1887 2127 1943 de

478 1980 627 2046 coelo,
659 1995 771 2034 non
801 1987 863 2034 ut
883 1981 1087 2049 faciam
1114 1981 1450 2035 voluntatem
1468 1979 1767 2045 nwam,sed
1793 1980 2129 2034 voluntatem

480 2070 598 2139 ejus
628 2071 723 2140 qui
750 2085 837 2123 me
864 2070 1013 2123 misit
1060 2090 1089 2118 »
1142 2068 1318 2139 (Joan,
1368 2086 1447 2135 v1,
1479 2070 1590 2140 38).
1628 2070 1743 2140 Ipse
1773 2072 1823 2124 et
1855 2068 2129 2124 voluntate

476 2160 664 2212 Patris
685 2160 917 2229 triginta
940 2174 1213 2213 annorum
1245 2158 1573 2230 baptizatus,
1592 2173 1715 2213 voce
1744 2160 1793 2212 et
1813 2158 2126 2213 testimonio

472 2248 654 2301 Patris
682 2248 1066 2318 manifestatus
1087 2249 1239 2318 (Luc.
1262 2265 1347 2317 ιιι,
1373 2247 1585 2318 21-23),
1606 2248 1889 2302 voluntate
1902 2251 1955 2301 et
1974 2260 2124 2317 pra?-

471 2340 620 2407 cepto
666 2337 851 2392 Patris
881 2337 1253 2405 Evangelium
1281 2338 1441 2405 regni
1468 2336 1722 2391 caelorum
1767 2335 2123 2407 praedicabat,

473 2430 616 2483 sicut
645 2429 761 2497 ipse
790 2429 888 2494 ait,
920 2429 1025 2482 uEt
1053 2428 1186 2482 aliis
1214 2427 1531 2482 civitatibus
1550 2430 1860 2498 Oportetme
1880 2428 2125 2496 Evange-

477 2517 612 2571 lium
632 2516 938 2587 praedicare
955 2535 975 2569 :
996 2518 1052 2571 in
1087 2516 1183 2571 hoc
1206 2518 1351 2571 enim
1373 2518 1575 2572 missus
1599 2533 1723 2571 sum
1752 2538 1780 2566 »
1803 2516 1905 2587 (td.
1930 2517 2125 2586 1v,/13);

474 2614 578 2674 et,«
604 2608 717 2677 Ipse
737 2606 878 2660 mihi
905 2606 1229 2660 mandatum
1245 2606 1395 2661 dedit
1416 2606 1546 2677 quid
1568 2606 1869 2672 dicam,aut
1889 2606 2024 2676 quid
2044 2607 2122 2661 lo-

474 2712 612 2766 quar
642 2717 669 2743 »
702 2697 883 2765 (Joan.
914 2712 1013 2761 x11,
1046 2695 1157 2767 49).
1201 2697 1264 2749 Et
1313 2696 1393 2750 sic
1438 2697 1716 2751 voluntate
1763 2698 1811 2751 et
1858 2702 2123 2767 praecepto

474 2788 661 2841 Patris
691 2786 767 2841 ad
799 2787 1104 2857 passionem
1136 2789 1186 2841 et
1213 2790 1444 2842 mortem
1477 2789 1809 2859 praperavit,
1833 2788 1975 2841 sicut
2008 2788 2125 2857 ipse

473 2877 554 2931 ait
586 2893 645 2931 :«
670 2877 851 2946 Pater,
875 2884 1119 2932 transeat
1141 2893 1174 2930 a
1194 2892 1282 2931 me
1305 2877 1455 2931 calix
1480 2877 1580 2931 iste
1600 2896 1621 2943 ,-
1654 2893 1763 2931 non
1785 2880 1965 2931 tamen
1984 2874 2124 2947 quod

474 2980 572 3033 ego
604 2966 743 3033 volo,
775 2966 867 3021 sed
896 2966 1036 3036 quod
1070 2974 1128 3021 tu
1158 2966 1235 3021 vis
1268 2989 1294 3015 ››
1328 2966 1537 3038 (Matth.
1582 2984 1735 3031 xxxx,
1777 2966 1869 3032 39,
1912 2965 2025 3037 59).
2059 2969 2123 3020 Et

474 3055 730 3122 Apostolo
760 3063 1030 3110 asserente
1064 3063 1117 3110 et
1157 3055 1368 3111 dicente
1403 3074 1422 3111 :
1456 3077 1484 3106 «
1516 3055 1805 3120 Obediens,
1841 3078 1868 3105 »
1916 3056 2120 3126 inquit,

482 3162 504 3190 α
528 3146 709 3213 [actus
732 3144 887 3197 Patri
908 3160 1074 3214 usque
1093 3144 1164 3198 ad
1181 3145 1429 3210 mortem,
1448 3152 1672 3200 mortem
1692 3153 1873 3199 autem
1891 3146 2067 3200 crucis
2095 3166 2116 3195 ιι

475 3232 743 3303 (Philipp.
776 3249 837 3299 II,
869 3232 944 3302 8).
980 3232 1080 3287 His
1109 3232 1462 3289 testimoniis
1492 3240 1829 3290 sanctarum
1862 3233 2122 3306 Scriptu-

476 3336 674 3375 rarum
698 3319 833 3390 quid
855 3322 1199 3392 persuadere
1215 3325 1520 3390 conantur,
1550 3322 1661 3378 nisi
1692 3328 1997 3395 propterea
2017 3324 2124 3378 Pa-

475 3409 583 3462 tris
614 3415 670 3463 et
701 3408 825 3463 Filii
876 3409 1137 3464 diversas
1185 3426 1313 3465 esse
1363 3418 1622 3479 naturas,
1662 3412 1801 3483 quia
1846 3412 2123 3468 obediens

477 3500 631 3553 Patri
664 3497 993 3552 ostenditur
1021 3497 1245 3554 Filius?
1273 3499 1435 3565 Quod
1459 3504 1653 3555 tamen
1686 3501 1756 3555 de
1786 3501 2125 3557 hominibus

478 3605 593 3643 non
628 3588 829 3658 utique
879 3588 1134 3642 dicerent
1187 3604 1199 3642 :
1251 3605 1440 3660 neque
1470 3589 1625 3644 enim
1664 3589 1711 3644 si
1760 3590 1933 3645 homo
1970 3590 2125 3647 {ilius

479 3675 700 3731 homini
740 3675 889 3747 patri
934 3693 1040 3731 suo
1090 3676 1164 3732 sit
1203 3677 1503 3747 obedienc,
1537 3677 1666 3735 ideo
1697 3680 2005 3735 amborum
2037 3680 2123 3735 di-

478 3783 644 3821 versa
676 3770 811 3819 natu
824 3783 885 3819 ra
915 3770 1020 3821 est.

552 3854 777 3910 CAPUT
800 3854 992 3909 VlI.—
1014 3857 1359 3927 Quanquam
1386 3860 1442 3911 et
1462 3856 1571 3913 hoc
1590 3857 1784 3929 ipsum
1811 3859 1964 3930 quod
1989 3858 2129 3914 dicit

480 3944 675 4011 Jesus,
707 3943 970 3998 Descendi
1012 3943 1079 3997 de
1114 3945 1260 4009 casto,
1309 3961 1417 4000 non
1463 3955 1524 4001 ut
1552 3948 1767 4019 faciam
1796 3951 2129 4004 voluntatem

481 4032 775 4102 meam,sed
800 4033 1130 4087 voluntatem
1150 4035 1267 4105 ejus
1283 4037 1381 4104 qui
1398 4052 1488 4089 me
1505 4037 1658 4091 misit
1682 4041 1861 4107 (Joan.
1884 4055 1965 4102 vx,
1997 4039 2086 4109 38)
2111 4055 2125 4104 ;

482 4123 553 4176 ad
590 4122 733 4175 illud
754 4122 1037 4176 referatur
1063 4123 1217 4193 quod
1242 4123 1414 4177 homo
1436 4124 1662 4195 primus
1692 4126 1875 4181 Adam
1899 4127 1991 4196 (de
2013 4143 2128 4197 quo

480 4211 623 4266 dicit
642 4210 973 4283 Apostolus,
991 4217 1099 4266 Per
1113 4228 1288 4265 unum
1308 4213 1580 4267 hominem
1595 4224 1881 4285 peccatum
1903 4217 2130 4269 intravit

480 4301 538 4355 in
569 4300 860 4365 mundum,
890 4304 940 4356 et
967 4316 1067 4371 per
1089 4302 1368 4371 peccatum
1400 4317 1545 4356 mors
1578 4322 1597 4369 ,-
1647 4311 1697 4357 et
1724 4305 1806 4357 ita
1838 4305 1895 4358 in
1948 4320 2132 4359 omnes

482 4390 725 4445 homines
751 4391 1090 4461 pertransiit,
1134 4391 1193 4443 in
1224 4407 1329 4461 quo
1354 4406 1537 4445 omnes
1559 4402 1926 4463 peccaverunt
1955 4395 2127 4463 [Rom

478 4495 536 4547 v,
569 4480 655 4549 12]
676 4478 714 4549 ),
750 4479 1011 4534 faciendo
1041 4478 1399 4535 voluntatem
1432 4497 1622 4546 suam,
1648 4498 1761 4537 non
1794 4484 1921 4553 ejus
1952 4503 1985 4540 a
2015 4503 2130 4558 quo

482 4567 670 4622 factus
699 4573 805 4634 est,
841 4568 1177 4624 universum
1225 4586 1410 4640 genus
1450 4570 1776 4626 humanum
1814 4576 2133 4648 propagine

480 4655 682 4710 vitiata
713 4656 894 4727 culpa:
916 4661 972 4711 et
1001 4673 1180 4727 poena:
1212 4657 1346 4712 fecit
1377 4658 1713 4714 obnoxium.
1744 4659 1901 4717 Unde
1932 4680 1965 4717 a
1994 4680 2130 4719 con-

479 4745 792 4815 trario,per
812 4760 985 4815 quem
1011 4744 1298 4800 liberandi
1318 4746 1759 4819 fueramus,non
1788 4750 2133 4808 fecitvolun-

479 4838 658 4889 tatem
683 4834 980 4900 suam,sed
1002 4834 1129 4904 ejus
1152 4850 1311 4905 aquo
1334 4834 1554 4890 missus
1574 4839 1775 4893 est.Ita
1787 4840 2003 4911 quippe
2026 4841 2133 4897 hoc

478 4923 606 4978 loco
625 4922 841 4977 dicitur
860 4921 1130 4976 voluntas
1150 4927 1348 4987 sua,ut
1369 4923 1731 4996 intelligatur
1749 4944 1877 4983 esse
1900 4931 2134 5002 propria

481 5016 683 5067 contra
704 5010 1060 5067 voluntatem
1092 5010 1211 5067 Dei.
1240 5011 1437 5083 Neque
1466 5015 1621 5069 enim
1655 5032 1791 5071 cum
1823 5018 2132 5076 obedimus

480 5100 619 5170 Deo,
649 5117 833 5171 eaque
866 5101 1171 5156 obedentia
1202 5100 1455 5155 dicimur
1483 5102 1611 5172 ejus
1645 5105 1830 5161 facere
1860 5109 2133 5164 volunta-

480 5201 620 5259 tem,
638 5189 901 5244 nolentes
931 5188 987 5243 id
1023 5188 1292 5258 facimus,
1317 5189 1418 5242 sed
1454 5189 1806 5261 volentes,ac
1830 5211 1932 5266 per
1951 5196 2060 5251 hoc
2082 5196 2129 5252 si

477 5277 733 5333 volentes
765 5278 819 5332 id
858 5277 1125 5342 facimus,
1160 5278 1451 5348 quomodo
1480 5278 1839 5337 voluntatem
1874 5293 2131 5341 nostram

478 5382 592 5421 non
630 5367 896 5435 facimus,
918 5368 1032 5423 nisi
1064 5367 1201 5439 quia
1230 5366 1331 5421 illa
1363 5367 1581 5423 dicitur
1609 5370 2131 5447 voluntas,nostra,

481 5456 712 5523 quando
734 5456 1032 5526 Scriptura
1061 5455 1143 5510 ita
1173 5456 1451 5526 loquitur,
1472 5473 1599 5527 quae
1630 5457 1979 5533 intelligitur
2004 5480 2134 5519 esse

480 5543 713 5613 prOpria
730 5551 931 5598 contra
945 5543 1301 5600 voluntatem
1318 5545 1447 5600 Dei?
1462 5552 1621 5602 Hanc
1633 5547 1841 5604 habuit
1856 5552 2137 5620 Adam,ut

479 5630 539 5683 in
574 5630 672 5683 illo
698 5648 1058 5687 moreremur
1090 5651 1101 5689 :
1139 5635 1288 5689 hanc
1320 5651 1432 5689 non
1467 5635 1674 5691 habuit
1695 5638 2133 5708 Christus,utin

480 5718 578 5772 illo
609 5720 955 5774 viveremus.
980 5721 1056 5776 De
1080 5728 1287 5779 natura
1318 5724 1534 5797 quippe
1565 5725 1827 5785 humana
1849 5729 1957 5787 hoc
1982 5738 2137 5792 recte

482 5805 595 5866 dici
618 5806 896 5883 potest,in
924 5824 1040 5879 qua
1065 5810 1252 5867 extitit
1266 5828 1369 5883 per
1388 5812 1843 5878 inobedientiam
1865 5820 2136 5884 voluntas

1224 332 1535 392 CONTRA
1581 325 2016 391 SERMONEM
2059 322 2551 401 ARIANORUM,
2604 331 2667 390 S.
2713 330 3134 392 AUGUSTlNl

3726 345 3828 405 688

2236 461 2489 533 propria,
2524 479 2651 535 quae
2684 463 2785 519 Dei
2825 463 3106 519 voluntati
3131 467 3285 519 esset
3314 464 3561 521 adversa.
3582 470 3825 533 Ceterum

2236 552 2389 622 quod
2425 552 2631 608 attinet
2651 555 2719 608 ad
2750 554 3110 609 divinitatem
3135 552 3282 616 Filii,
3305 571 3418 608 una
3436 558 3729 631 eademque
3749 582 3830 621 vo.

2223 638 2425 697 lentas
2455 649 2543 698 est
2577 644 2759 699 Patris
2780 650 2836 698 et
2857 643 2985 698 Filii
3014 662 3027 699 :
3052 660 3155 698 nec
3181 648 3371 714 potest
3401 643 3512 701 ullo
3540 649 3697 704 modo
3723 668 3831 710 esse

2227 729 2474 799 diversa,
2510 734 2607 788 ubi
2641 738 2729 789 est
2762 739 2971 789 natura
3000 732 3300 789 Trinitatis
3332 733 3699 793 immutabilis
3719 743 3826 797 uni-

2224 836 2411 876 versa.
2449 820 2523 877 Ut
2551 828 2746 879 autem
2788 823 3070 879 Mediator
3115 822 3217 878 Dei
3261 826 3319 878 et
3347 822 3639 881 hominum
3682 827 3829 886 homo

2227 909 2493 967 Christus
2523 911 2694 968 Jesus
2724 914 2771 982 (Ι
2803 914 2934 968 Tim.
2973 930 3036 980 ιι,
3065 913 3121 981 5)
3166 929 3279 967 non
3314 912 3521 968 faceret
3549 916 3828 986 propriam,

2229 1015 2356 1072 quae
2389 1000 2505 1056 Deo
2537 1002 2781 1058 adversa
2805 1006 2914 1070 est,
2940 1001 3325 1072 voluntatem,
3354 1018 3467 1057 non
3497 1008 3617 1058 erat
3633 1009 3834 1063 tantum

2227 1087 2531 1160 homo,sed
2556 1091 2704 1146 Deus
2721 1096 2778 1147 et
2795 1091 2971 1146 homo
2986 1109 2998 1147 :
3016 1107 3117 1163 per
3133 1106 3310 1161 quam
3332 1090 3648 1147 mirabilem
3666 1093 3838 1166 singu-

2226 1173 2524 1247 laremque
2554 1177 2801 1248 gratiam
2826 1176 3085 1232 humana
3116 1177 3175 1231 in
3209 1177 3309 1232 illo
3340 1178 3467 1232 sine
3496 1185 3714 1250 peccato
3734 1180 3834 1237 ullo

2224 1269 2423 1336 posset
2451 1282 2579 1320 esse
2610 1272 2835 1321 natura.
2886 1266 3126 1338 Propter
3154 1266 3262 1322 hoc
3309 1282 3447 1338 ergo
3477 1268 3575 1335 ait,
3614 1269 3840 1326 Descendi

2226 1354 2290 1409 de
2318 1355 2582 1425 caelo,non
2611 1361 2672 1410 ut
2702 1356 2911 1427 faciam
2940 1357 3273 1412 voluntatem
3303 1357 3594 1422 meam,sed
3613 1359 3834 1413 volunta-

2229 1452 2334 1499 tem
2363 1446 2479 1516 ejus
2511 1448 2607 1515 qui
2634 1461 2720 1500 me
2748 1446 2937 1500 misit:
2962 1452 3025 1500 ut
3053 1462 3120 1501 ea
3151 1463 3327 1501 causa
3356 1453 3510 1502 esset
3539 1451 3703 1502 tautae
3723 1448 3838 1503 obe-

2228 1533 2615 1604 dientize,qu:e
2637 1533 2873 1589 omnino
2896 1534 3020 1589 sine
3044 1534 3159 1590 ullo
3184 1539 3417 1606 peccato
3448 1541 3598 1592 esset
3619 1537 3844 1592 hominis

2229 1639 2403 1693 quem
2437 1623 2691 1693 gerebat,
2725 1623 2863 1694 quia
2892 1624 2962 1678 de
2993 1622 3135 1678 coelo
3166 1623 3578 1692 descenderat;
3623 1624 3722 1679 hoc
3748 1629 3841 1694 est,

2230 1728 2345 1767 non
2378 1716 2606 1767 tantum
2641 1713 2833 1778 homo,
2868 1729 3069 1768 verum
3113 1714 3287 1768 etiam
3320 1713 3476 1769 Deus
3507 1718 3645 1768 erat.
3679 1712 3842 1769 Unam

2231 1799 2448 1871 quippe
2478 1801 2733 1855 ostendit
2769 1818 2896 1856 esse
2931 1818 3241 1873 personam
3276 1802 3334 1857 in
3375 1806 3616 1874 utraque
3641 1807 3844 1870 natura,

2230 1888 2340 1943 hoc
2375 1894 2465 1945 est
2490 1890 2589 1944 Dei
2621 1894 2677 1945 et
2706 1890 2983 1961 hominis,
3019 1908 3091 1946 ne
3123 1890 3173 1946 si
3221 1892 3368 1947 duas
3413 1892 3604 1957 faciat,
3635 1896 3843 1962 quater-

2230 1978 2384 2033 nitas
2416 1979 2657 2051 incipiat
2703 1996 2851 2047 esse,
2904 1996 3017 2035 non
3066 1980 3321 2037 trinitas.
3355 1981 3636 2045 Quoniam
3674 1982 3847 2053 itaque

2230 2068 2464 2140 gemina
2507 2069 2743 2138 quidem
2793 2070 3143 2137 substantia,
3189 2071 3289 2126 sed
3324 2087 3442 2125 una
3492 2087 3726 2141 persona
3752 2074 3847 2138 est,

2230 2163 2533 2228 propterea
2564 2158 2716 2228 quod
2751 2157 2969 2214 dictum
2998 2164 3107 2228 est,
3139 2160 3403 2215 Descendi
3430 2159 3495 2216 de
3519 2161 3661 2230 coelo,
3687 2163 3847 2214 reter-

2229 2250 2327 2300 tur
2355 2247 2423 2300 ad
2456 2246 2556 2301 Dei
2589 2245 3021 2315 excellentiam;
3050 2249 3204 2319 quod
3235 2264 3368 2304 vero
3400 2249 3732 2320 adjunctum
3754 2256 3847 2315 est,

2228 2351 2340 2390 non
2368 2351 2425 2390 ut
2451 2336 2663 2405 faciam
2691 2336 3018 2391 voluntatem
3049 2353 3246 2405 meam,
3299 2342 3536 2410 propter
3562 2338 3733 2392 Adam
3765 2335 3853 2407 qui

2229 2423 2365 2479 fecit
2386 2426 2829 2491 suam,refertur
2847 2425 2915 2480 ad
2937 2425 3194 2482 hominis
3215 2427 3605 2482 obedientiam
3623 2441 3635 2479 :
3652 2430 3852 2480 utrum-

2230 2529 2343 2584 que
2376 2520 2564 2569 autem
2601 2514 2888 2579 Christus,
2920 2514 2975 2569 id
3007 2520 3116 2579 est,
3150 2515 3303 2572 Deus
3346 2521 3406 2571 et
3436 2516 3646 2577 homo;
3674 2520 3850 2569 tamen

2229 2603 2558 2658 obedientia
2602 2604 2661 2658 in
2706 2603 2804 2659 illo
2837 2621 2963 2675 quos
3015 2606 3307 2660 contraria
3349 2612 3445 2661 est
3474 2602 3851 2661 inobedientizs

2227 2691 2399 2763 primi
2434 2691 2709 2759 hominis,
2743 2694 3067 2748 secundum
3100 2694 3156 2748 id
3190 2696 3343 2765 quod
3387 2694 3562 2751 homo
3594 2698 3680 2749 est
3708 2706 3850 2747 com-

2229 2782 2559 2836 mendatur.
2595 2781 2758 2836 Unde
2788 2782 2868 2837 ait
2903 2782 3207 2852 Apostolus
3243 2802 3255 2839 :
3288 2783 3439 2839 Sicut
3466 2786 3613 2839 enim
3638 2799 3733 2855 per
3752 2783 3851 2836 ino-

2226 2871 2552 2926 bedientiam
2590 2872 2755 2925 unius
2793 2869 3049 2937 hominis,
3081 2876 3397 2943 peccatOres
3426 2874 3697 2928 constituti
3740 2872 3854 2925 sunt

2222 2960 2392 3015 multi
2404 2977 2425 3021 ,·
2447 2962 2527 3015 ita
2557 2968 2607 3015 et
2629 2977 2730 3031 per
2748 2960 3109 3016 obedientiam
3135 2964 3303 3017 unius
3331 2963 3572 3018 hominis
3583 2961 3721 3034 justi
3740 2975 3852 3015 con-

2222 3051 2518 3105 stituentur
2545 3051 2714 3105 multi
2741 3050 2914 3120 (Rom.
2947 3068 3001 3119 v,
3036 3050 3144 3121 19).

2295 3146 2524 3203 CAPUT
2551 3147 2774 3203 VlII.--
2792 3148 2908 3203 Nec
2932 3148 3069 3220 quia
3092 3148 3256 3217 dixit,
3290 3148 3558 3218 hominis,
3591 3146 3857 3220 separavit

2224 3235 2431 3306 Deum,
2465 3236 2564 3307 qui
2596 3235 2895 3291 hominem
2927 3237 3288 3310 assumpsit;
3322 3239 3463 3311 quia
3492 3238 3643 3294 sicut
3667 3235 3859 3301 dixi,et

2224 3325 2392 3381 valde
2419 3327 2952 3382 commendandum
2988 3331 3094 3397 est,
3140 3344 3257 3383 una
3309 3344 3563 3400 persona
3610 3331 3714 3383 est.
3747 3324 3860 3396 Ipse

2226 3432 2477 3485 namque
2494 3431 2647 3469 unus
2665 3414 2931 3470 Christus
2953 3418 3009 3471 et
3024 3416 3118 3471 Dei
3133 3415 3312 3471 Filius
3332 3434 3568 3489 semper
3589 3414 3862 3479 natura,et

2228 3504 2486 3559 hominis
2510 3504 2686 3558 Filius
2707 3502 2802 3574 qui
2824 3520 2892 3558 ex
2912 3508 3173 3575 tempore
3190 3511 3539 3577 assumptus
3560 3510 3649 3560 est
3669 3503 3862 3576 gratia:

2230 3610 2335 3648 nec
2349 3592 2430 3648 sic
2446 3610 2644 3647 assum
2656 3598 2788 3663 ptus
2803 3596 2891 3646 est
2905 3597 2969 3646 ut
2987 3593 3149 3663 prius
3163 3599 3391 3649 creatus
3410 3600 3540 3665 post
3558 3606 3865 3649 assumere-

2228 3682 2454 3751 tur,sed
2495 3687 2557 3735 ut
2585 3681 2710 3752 ipsa
2753 3681 3157 3753 assumptione
3196 3688 3513 3738 crearetur.
3554 3689 3634 3737 Ac
3657 3698 3753 3753 per
3770 3679 3866 3734 hoc

2229 3771 2656 3844 propteristam
2682 3771 2963 3825 unitatem
3005 3787 3261 3842 personae
3310 3771 3369 3826 in
3413 3778 3664 3843 utraque
3711 3773 3863 3824 natu-

2230 3878 2295 3915 ra
2315 3859 2749 3931 intelligendam
2768 3866 2824 3914 et
2846 3859 3023 3915 Filius
3047 3858 3299 3914 hominis
3316 3860 3536 3916 dicitur
3553 3856 3869 3915 descendis.

2230 3967 2292 4006 se
2310 3950 2380 4005 de
2397 3949 2852 4021 ccelis,quamvis
2875 3949 2951 4004 sit
2969 3966 3037 4003 ex
3059 3965 3125 4004 ea
3147 3966 3272 4021 quae
3295 3949 3353 4004 in
3376 3955 3540 4006 terra
3558 3950 3740 4005 fuerat
3757 3945 3868 4000 Vir-

2230 4040 2364 4111 gine
2393 4044 2772 4110 assumptus;
2805 4044 2860 4093 et
2893 4038 3072 4094 Filius
3107 4038 3205 4093 Dei
3242 4039 3458 4095 dicitur
3486 4039 3795 4096 cruciﬁxus
3818 4037 3871 4090 et

2232 4128 2516 4198 sepultus,
2547 4127 2814 4199 quamvis
2846 4126 2968 4182 haec
2999 4144 3113 4182 non
3158 4127 3217 4183 in
3272 4128 3581 4184 divinitate
3612 4129 3737 4200 ipsa
3766 4140 3871 4196 qua

2231 4223 2321 4273 est
2346 4216 2690 4288 Unigenitus
2725 4217 2878 4271 Patri
2909 4222 3247 4285 coaeternus,
3290 4219 3391 4274 sed
3425 4220 3486 4274 in
3522 4223 3739 4274 naturai
3772 4215 3868 4269 hu-

2233 4324 2419 4361 manis
2450 4307 2528 4360 sit
2558 4304 2899 4360 infirmitate
2947 4322 3281 4377 perpessus.
3332 4307 3483 4363 Nam
3530 4307 3741 4363 Filium
3773 4304 3871 4359 ho-

2233 4394 2411 4449 minis
2443 4394 2815 4449 descendisse
2846 4394 2917 4448 de
2947 4393 3110 4462 caelo,
3142 4394 3339 4467 ipsum
3371 4397 3597 4453 dixisse
3632 4395 3713 4451 sic
3742 4391 3869 4464 legi-

2234 4500 2367 4539 mus
2401 4500 2414 4540 :
2446 4485 2608 4539 Nemo
2629 4482 2874 4539 ascendit
2900 4485 2958 4537 in
2987 4483 3203 4551 caelum,
3235 4486 3345 4539 nisi
3385 4487 3483 4557 qui
3514 4486 3580 4541 de
3607 4484 3735 4540 coelo
3770 4480 3875 4536 des-

2231 4572 2428 4641 cendit,
2461 4573 2637 4627 Filius
2669 4572 2927 4637 hominis,
2956 4574 3052 4644 qui
3080 4580 3158 4627 est
3187 4573 3249 4627 in
3275 4574 3405 4629 aeto
3427 4576 3620 4646 (Joan.
3653 4588 3739 4637 III,
3772 4568 3870 4638 13).

2232 4662 2609 4736 Unigenitum
2651 4678 2783 4717 vero
2833 4662 3041 4716 Filium
3076 4662 3170 4717 Dei
3205 4662 3551 4718 crucifixum
3586 4667 3644 4719 et
3689 4655 3875 4732 sepul-

2232 4756 2380 4819 tum,
2400 4769 2603 4808 omnes
2620 4751 2795 4806 etiam
2819 4751 2875 4805 in
2908 4751 3183 4822 Symbolo
3214 4753 3590 4808 conﬁtemur.
3615 4750 3773 4807 Unde
3794 4748 3875 4802 est

2232 4847 2288 4897 et
2318 4841 2461 4896 illud
2492 4840 2750 4912 Apostoli
2776 4857 2788 4907 ;
2812 4840 2874 4894 Si
2902 4841 3049 4894 enim
3077 4842 3427 4909 cognovisset,
3462 4856 3749 4913 nunquam
3772 4838 3871 4893 Do-

2231 4932 2446 4985 minum
2471 4931 2672 5000 gloriae
2719 4928 3085 4998 cruciﬁa'isset
3118 4930 3164 5001 (Ι
3191 4929 3311 4985 Cor.
3362 4948 3401 4985 ιι
3430 4932 3510 5002 8).
3564 4932 3716 4985 Hanc
3747 4923 3871 4982 uni-

2232 5024 2411 5075 tatem
2446 5035 2704 5091 personaa
2748 5017 2962 5072 Christi
2991 5017 3131 5073 Jesu
3179 5018 3411 5074 Domini
3445 5019 3657 5085 nostri,
3704 5015 3784 5071 sic
3810 5026 3872 5068 ex

2234 5114 2445 5163 natura
2493 5110 2741 5178 utraque
2789 5110 3178 5174 constantem,
3211 5107 3406 5162 divina
3456 5107 3681 5162 scilicet
3711 5108 3872 5172 atque

2235 5196 2516 5260 humana,
2549 5200 2614 5250 ut
2645 5196 2917 5266 quislibet
2957 5212 3159 5250 earum
3207 5195 3556 5251 vocabulum
3590 5194 3762 5250 etiam
3791 5189 3869 5245 al-

2235 5288 2343 5342 teri
2374 5284 2689 5357 impertiat,
2722 5290 2779 5340 et
2807 5285 3003 5340 divina
3031 5285 3325 5351 humanae,
3360 5292 3415 5341 et
3445 5285 3709 5340 humana
3738 5278 3870 5335 divi-

2238 5396 2345 5443 nae,
2378 5377 2581 5433 beatus
2612 5376 2866 5432 ostendit
2887 5374 3222 5447 Apostolus,
3248 5377 3347 5431 ubi
3381 5392 3488 5431 nos
3519 5391 3652 5430 cum
3685 5371 3753 5429 ad
3777 5370 3869 5424 hu-

2238 5468 2543 5522 militatem
2593 5465 3030 5521 misericordem
3081 5482 3183 5537 per
3224 5465 3432 5521 Christi
3482 5464 3866 5519 exhortaretur

2239 5555 2565 5628 exemplum
2611 5572 2624 5611 :
2670 5557 2777 5610 Hoc
2804 5557 3017 5620 sentite,
3051 5555 3262 5627 inquit,
3294 5557 3356 5610 in
3390 5554 3539 5609 vobis
3569 5551 3710 5625 quod
3736 5553 3784 5606 et
3811 5547 3862 5602 in

2241 5645 2448 5701 Christo
2476 5647 2621 5713 Jesu,
2648 5648 2887 5717 quicum
2910 5646 2969 5699 in
2997 5646 3173 5714 forma
3195 5645 3292 5699 Dei
3310 5646 3458 5707 esset,
3484 5660 3595 5699 non
3620 5643 3863 5712 rapinam

2240 5735 2537 5791 arbitratus
2564 5749 2679 5789 esse
2723 5732 2965 5805 aequalis
3010 5734 3156 5801 Deo,-
3202 5733 3295 5789 sed
3329 5749 3386 5790 se
3412 5734 3594 5804 ipsum
3619 5724 3859 5786 exinani-

2238 5826 2343 5897 vit,
2374 5826 2609 5899 formam
2653 5822 2803 5880 servi
2845 5822 3141 5895 accipiens,
3163 5821 3229 5880 in
3255 5817 3672 5881 similitudinem
3704 5811 3861 5877 homi-
