4090 6184
447 402 566 463 699

444 550 649 590 verum
683 532 858 588 etiam
885 532 1014 588 Filii
1039 533 1283 606 gloriam
1308 534 1526 591 revelat
1544 540 1713 591 Pater
1737 554 1749 603 ;
1776 553 1879 592 nec
1901 535 2093 591 solum

443 623 577 681 Filii
598 623 835 695 Spiritus
854 632 1094 689 sanctus,
1120 624 1215 679 sed
1238 625 1411 680 etiam
1429 623 1606 681 Filius
1630 626 1950 698 manifestat
1970 625 2096 697 Spi-

444 713 593 768 ritus
626 713 812 767 sancti
843 713 1186 781 dignitatem.

517 803 605 857 13.
640 803 707 857 Et
738 802 863 857 ideo
896 802 1046 857 sicut
1070 804 1267 869 Filius,
1290 804 1561 867 Patri,ita
1584 808 1641 858 et
1659 798 1976 859 PaterFilio
2002 822 2013 869 ;
2039 808 2095 858 et

444 890 597 947 sicut
626 892 869 962 Spiritus
886 894 1279 961 sanctusFilio,
1306 893 1386 949 ita
1412 898 1467 948 et
1490 892 1668 949 Filius
1692 892 1932 965 Spiritui
1955 910 2093 948 san-

447 984 537 1036 cto
562 981 810 1052 perhibet
838 983 1231 1037 testimonium.

518 1071 605 1124 14.
638 1072 683 1124 Α
714 1070 879 1125 Patre
913 1075 1105 1125 autem
1140 1076 1196 1125 et
1219 1072 1361 1126 Filio
1392 1073 1589 1126 missus
1608 1080 1685 1127 est
1706 1071 1944 1143 Spiritus
1966 1087 2093 1126 san.-

443 1162 559 1214 ctus
584 1177 601 1213 :
629 1164 686 1215 et
717 1176 746 1213 a
769 1161 937 1214 Patre
958 1164 1013 1212 et
1041 1160 1255 1231 Spiritu
1286 1162 1484 1215 missus
1503 1166 1579 1216 est
1601 1163 1793 1217 Filius.

525 1265 762 1322 CAPUT
800 1266 968 1321 XXII.
992 1298 1060 1306 —
1083 1268 1167 1321 15.
1194 1269 1386 1337 Filius,
1411 1268 1711 1340 inquiunt,
1731 1271 1983 1324 minister
2017 1271 2095 1324 est

450 1357 679 1411 Patris:
702 1356 941 1427 Spiritus
964 1360 1185 1412 sanctus
1214 1360 1468 1413 minister
1487 1364 1564 1414 est
1584 1360 1736 1415 Filii.
1760 1358 1873 1413 Nec
1908 1362 2095 1412 atten-

457 1445 604 1499 dunt
625 1446 778 1515 quod
802 1446 914 1500 isto
937 1447 1107 1501 modo
1131 1446 1399 1502 meliores
1418 1448 1635 1502 faciunt
1651 1447 1869 1519 Spiritu
1892 1450 2094 1501 sancto

450 1534 758 1605 Apostolus
798 1540 1062 1602 sanctos;
1096 1537 1194 1607 qui
1228 1553 1362 1591 cum
1395 1553 1455 1591 se
1488 1537 1587 1591 Dei
1620 1537 1921 1591 ministros
1967 1552 2095 1591 esse

448 1624 671 1690 dicunt,
708 1640 822 1678 non
857 1640 957 1679 eos
989 1624 1189 1696 utique
1220 1626 1317 1679 isti
1349 1626 1523 1681 etiam
1557 1626 1655 1681 Dei
1682 1625 1872 1680 Patris
1897 1622 2095 1678 minis-

444 1717 567 1768 tros
599 1713 915 1783 negabunt.
954 1714 1093 1783 Ejus
1125 1714 1339 1786 quippe
1372 1715 1626 1770 ministri
1663 1714 1795 1770 facti
1841 1718 1999 1783 sunt,
2033 1712 2092 1766 in

445 1802 616 1869 cujus
652 1801 886 1856 nomine
917 1804 1090 1857 etiam
1124 1803 1514 1875 baptizarunt,
1546 1802 1603 1857 id
1635 1808 1724 1858 est
1773 1803 1983 1871 Patris,
2039 1806 2096 1856 et

452 1890 598 1958 Filii,
632 1896 688 1946 et
718 1891 972 1962 Spiritus
1003 1893 1208 1946 sancti.
1243 1894 1320 1948 Ac
1348 1909 1445 1964 per
1478 1893 1585 1947 hoc
1609 1894 1929 1947 secundum
1954 1892 2092 1946 isto-

446 1996 577 2035 rum
608 1978 969 2051 vaniloquia,
1000 1978 1270 2035 meliores
1291 1980 1783 2035 erunt’l‘rinitatis
1807 1978 2089 2045 ministri;

445 2068 495 2125 si
526 2074 830 2140 propterea
862 2068 1053 2123 minor
1082 2073 1170 2124 est
1200 2068 1451 2141 Spiritus
1474 2074 1734 2138 sanctus,
1754 2069 1891 2141 quia
1912 2066 2094 2122 solius

444 2158 713 2213 minister
740 2162 829 2213 est
860 2158 1008 2213 Filii.

517 2248 601 2301 16.
628 2248 823 2316 Filius,
850 2246 1145 2319 inquiunt,
1174 2249 1403 2316 iubetur
1424 2264 1458 2302 a
1474 2248 1642 2302 Patre
1664 2266 1682 2302 :
1705 2248 1947 2319 Spiritus
1963 2264 2093 2301 san-

442 2337 832 2408 ctusjubetura
850 2335 1325 2408 Filio.Nusquarn
1351 2336 1458 2391 hoc
1473 2337 1529 2390 in
1545 2335 1862 2408 Scripturis
1876 2336 2095 2390 sanctis

444 2423 668 2497 legunt:
688 2425 957 2496 quamvis
979 2425 1345 2479 obedientem
1366 2424 1575 2479 Filium
1601 2424 1864 2497 legamus
1886 2441 2094 2479 secun-

444 2514 585 2569 dum
622 2514 868 2569 formam
893 2514 1063 2584 servi,
1088 2516 1407 2585 quamajor
1427 2518 1516 2569 est
1538 2513 1703 2569 Pater
1724 2531 1736 2581 ;
1754 2530 1867 2569 non
1888 2530 2095 2569 secun-

447 2603 591 2657 dum
627 2604 873 2657 formam
905 2603 1028 2673 Dei,
1062 2603 1120 2658 in
1154 2619 1271 2674 qua
1304 2620 1485 2657 unum
1522 2604 1801 2675 suntipse
1827 2608 1883 2657 et
1910 2603 2093 2658 Pater.

516 2693 605 2747 17.
643 2692 874 2763 Legitur
904 2692 1099 2763 itaque
1120 2692 1179 2746 in
1201 2692 1515 2765 Scripturis
1537 2692 1754 2748 sanctis
1777 2693 1951 2747 Filius
1970 2693 2097 2748 sub-

446 2780 597 2837 ditus
617 2782 793 2836 Patri.
822 2782 908 2836 lbi
938 2788 1027 2837 est
1057 2782 1212 2837 enim
1250 2784 1435 2837 forma
1466 2783 1638 2847 servi,
1674 2782 1729 2837 in
1765 2800 1881 2853 qua
1912 2786 1967 2837 et
1998 2799 2098 2852 pa-

448 2870 715 2925 rentibus
747 2869 1086 2925 hominibus
1118 2871 1389 2926 subditus
1434 2876 1595 2936 erat;
1646 2871 1798 2926 sicut
1845 2872 2100 2943 Evange-

450 2956 595 3014 lium
629 2958 915 3030 loquitur:
952 2962 1015 3014 Et
1032 2960 1305 3015 descendit
1323 2978 1445 3015 cum
1474 2961 1609 3031 illis,
1628 2970 1682 3015 et
1729 2962 1878 3015 venit
1927 2962 2101 3015 Naza-

455 3049 575 3103 reth
600 3053 689 3114 ,-et
710 3052 829 3103 erat
874 3049 1123 3103 subditus
1174 3050 1288 3105 illis
1337 3050 1488 3122 (Luc.
1518 3067 1578 3115 ιι,
1610 3050 1721 3121 51).
1757 3054 1875 3104 Non
1906 3054 2102 3104 autem

449 3135 667 3192 alicubi
699 3141 901 3193 sancta
932 3138 1234 3211 Scriptura
1263 3138 1685 3211 dicitSpiritum
1703 3148 1954 3193 sanctum
1973 3139 2103 3193 sub-

454 3224 632 3280 ditum
649 3227 810 3281 Filio.

524 3315 611 3369 18.
647 3314 891 3370 Proinde
923 3320 980 3371 et
1008 3331 1133 3388 quae
1165 3318 1323 3389 jubet
1382 3319 1566 3385 Pater,
1624 3322 1880 3390 operatur
1924 3316 2108 3372 Filius

454 3408 691 3476 propter
720 3404 969 3459 formam
1003 3406 1153 3461 servi
1178 3425 1190 3473 ;
1247 3412 1432 3478 etquae
1456 3407 1627 3462 Pater
1655 3412 1948 3478 cperatur,
1972 3423 2107 3478 ope-

455 3497 620 3548 ratur
651 3497 707 3547 et
739 3493 919 3549 Filius
953 3500 1188 3567 propter
1220 3496 1466 3551 formam
1504 3494 1618 3550 Dei.
1653 3496 1778 3551 Non
1816 3495 1971 3551 enim
2006 3496 2107 3549 ait,

454 3584 846 3654 Quaecumque
880 3584 1043 3640 Pater
1065 3585 1254 3655 jubet,
1289 3585 1412 3640 haec
1437 3585 1617 3641 Filius
1648 3586 1815 3640 facit:
1861 3585 1961 3640 sed
2003 3584 2107 3639 ait,

456 3672 815 3743 Quacumque
842 3674 1007 3728 Pater
1029 3675 1166 3743 facit
1195 3674 1313 3731 haec
1339 3684 1394 3729 et
1440 3676 1613 3729 Filius
1666 3677 1800 3745 facit
1854 3674 2112 3729 similiter

454 3762 634 3833 (Joan.
660 3780 715 3829 v,
752 3762 861 3833 19).
898 3768 1072 3818 Porro
1104 3764 1152 3817 si
1184 3764 1468 3834 Spiritum
1501 3768 1769 3819 sanctum
1801 3764 1930 3819 ideo
1987 3763 2109 3817 haec

450 3850 611 3923 loqui
637 3852 841 3907 dicunt
871 3869 999 3923 quae
1023 3853 1262 3907 mandat
1285 3852 1487 3917 Filius,
1510 3853 1649 3925 quia
1670 3855 1955 3925 scriptum
1997 3859 2105 3912 est:

455 3941 531 3997 De
550 3942 912 4013 meoaccipiet
930 3946 983 3996 et
1003 3943 1362 3997 annuntiabit
1385 3943 1528 3998 vobis
1575 3942 1673 4014 (Id.
1700 3960 1813 4012 xw,
1848 3943 1969 4011 Ili):
2005 3960 2109 3998 cur

457 4046 574 4084 non
601 4034 659 4084 et
684 4029 863 4085 Filius
889 4047 956 4085 ea
980 4030 1240 4102 loquitur
1262 4048 1387 4102 qua:
1402 4032 1642 4086 mandat
1658 4032 1907 4103 Spiritus
1937 4049 2106 4088 sanc-

456 4122 573 4189 tus,
598 4134 733 4173 cum
754 4119 1249 4191 dicatApostolus,
1267 4121 1395 4189 Qum
1417 4122 1517 4176 Dei
1535 4125 1661 4175 sunt
1678 4136 1832 4176 nemo
1852 4124 1973 4188 scit,
1998 4124 2110 4177 nisi

461 4208 703 4280 Spiritus
724 4210 822 4263 Dei
844 4209 886 4279 (Ι
914 4209 1034 4264 Cor.
1063 4227 1123 4273 ιι,
1155 4210 1285 4281 11),-
1315 4215 1371 4265 et
1400 4227 1532 4265 cum
1575 4210 1699 4282 ipse
1739 4209 1911 4265 Jesus
1944 4212 2013 4267 de
2045 4228 2107 4267 se

457 4297 583 4370 ipso
616 4296 925 4369 impletum
958 4315 1087 4353 esse
1112 4298 1435 4369 conﬁrmet,
1469 4299 1621 4370 quod
1658 4299 1943 4370 scriptum
1994 4306 2104 4367 est,

458 4386 695 4458 Spiritus
722 4389 942 4443 Domini
961 4404 1127 4459 super
1144 4397 1471 4459 me;propter
1482 4388 1620 4459 quod
1641 4390 1806 4443 unxit
1829 4406 1914 4444 me
1932 4406 2106 4445 evan-

456 4477 704 4544 gelizare
716 4477 1049 4547 pauperibus
1065 4477 1215 4548 (Luc.
1238 4495 1312 4547 1v,
1338 4478 1425 4544 48,
1456 4479 1547 4545 21)
1563 4478 1591 4531 ‘2
1611 4477 1664 4531 Si
1688 4478 1841 4533 enim
1872 4485 2106 4551 propter

456 4565 568 4620 hoc
598 4570 810 4620 unctus
831 4572 920 4620 est
938 4567 1331 4638 evangelizare
1359 4568 1737 4639 pauperibus,
1761 4569 1901 4639 quia
1922 4569 2104 4641 Spiri-

455 4658 555 4709 tus
586 4653 818 4709 Domini
851 4672 1025 4725 super
1064 4673 1196 4710 eum
1266 4662 1427 4724 erat;
1484 4657 1623 4727 quid
1674 4657 2105 4729 evangelizabat

455 4742 835 4817 pauperibus,
878 4744 989 4798 nisi
1035 4746 1188 4816 quod
1241 4746 1493 4817 Spiritus
1552 4746 1778 4801 Domini
1828 4747 2100 4816 habebat,

457 4849 573 4905 quo
605 4831 861 4903 repletus
891 4832 1060 4887 erat?
1089 4833 1234 4888 Nam
1266 4838 1325 4889 et
1380 4834 1490 4889 hoc
1547 4836 1616 4889 de
1672 4835 1769 4890 illo
1817 4837 2103 4908 scripturn

459 4926 567 4992 est,
598 4922 753 4993 quod
786 4921 1042 4994 repletus
1076 4923 1154 4977 sit
1184 4923 1404 4995 Spiritu
1427 4929 1630 4980 sancto
1660 4925 1759 4997 (Id.
1785 4943 1858 4993 IV,
1886 4927 1957 4995 1).

531 5029 766 5086 CAPUT
808 5030 998 5086 XXIII.
1030 5060 1099 5070 —
1134 5031 1216 5086 19.
1270 5030 1463 5102 Filius,
1502 5030 1799 5104 inquiunt,
1833 5033 2033 5090 adorat
2053 5042 2105 5090 et

463 5119 695 5175 honorat
713 5122 972 5175 Patrem:
1004 5120 1245 5189 Spiritus
1292 5124 1511 5177 sanctus
1535 5121 1725 5177 adorat
1771 5131 1822 5178 et
1870 5124 2103 5181 honorat

457 5209 791 5264 FiliumHic
810 5227 922 5265 non
948 5226 1095 5281 opus
1114 5215 1203 5265 est
1218 5210 1562 5282 scrupulose
1583 5211 1728 5267 velle
1749 5212 2099 5281 discernere,

456 5298 607 5353 inter
619 5298 902 5354 honorare
920 5300 1227 5354 etadorare
1245 5299 1384 5370 quid
1400 5298 1836 5372 distetzpropter
1851 5302 2098 5359 formam

458 5386 613 5443 enim
640 5388 787 5443 serti
813 5389 1093 5444 dicuntur
1116 5389 1227 5443 ista
1241 5389 1311 5443 de
1334 5388 1493 5444 Filio.
1521 5388 1811 5456 Dicant,si
1831 5398 2098 5463 possunt,

456 5475 555 5530 ubi
579 5475 824 5547 legerint
844 5478 1068 5532 adorari
1102 5476 1312 5532 Filium
1346 5494 1379 5531 a
1421 5477 1636 5548 Spiritu
1672 5484 1891 5535 sancto.
1938 5482 2099 5546 Quod

456 5564 611 5620 enim
632 5566 951 5635 subjiciunt
974 5567 1129 5621 unde
1148 5566 1252 5622 hoc
1272 5567 1514 5638 probare
1532 5572 1836 5633 conentur,
1856 5569 1994 5640 quia
2012 5571 2099 5625 vi-

457 5652 666 5708 delicet
687 5654 967 5724 scriptum
1001 5662 1105 5721 est,
1143 5658 1321 5722 Pater,
1353 5672 1445 5727 ego
1469 5665 1517 5711 te
1546 5657 1904 5727 honoriﬁcavi
1937 5675 2103 5731 super

460 5750 683 5809 terram,
714 5756 845 5811 Opus
875 5744 1018 5813 quod
1045 5744 1242 5799 dedisti
1268 5746 1407 5800 mihi
1462 5749 1836 5803 consummavi
1854 5764 1876 5812 ;
1933 5753 1991 5807 et
2030 5750 2100 5809 de

1204 372 1516 464 'coN'rsA
1564 402 2002 465 SERMONEM
2044 404 2540 479 ARIANORUM,
2587 407 2652 467 s.
2699 404 3127 469 AUGUSTINI

3714 410 3817 472 700

2210 537 2433 609 Spiritu
2460 554 2561 593 san
2572 541 2684 594 cto.
2709 538 2807 593 Ille
2825 554 2912 593 me
2931 536 3311 608 honoriﬁcabit
3330 537 3530 609 quiade
3548 555 3660 595 meo
3693 544 3814 597 acci-

2208 628 2346 696 piet,
2374 638 2424 682 et
2454 628 2809 683 annuntiabit
2832 630 3015 690 vobis;
3044 628 3115 682 ad
3150 644 3269 682 rem
3294 627 3365 681 de
3386 644 3499 699 qua
3523 629 3707 700 agitur
3721 648 3818 686 non

2206 714 2473 786 pertinet.
2500 716 2757 772 Honorat
2778 716 2933 771 enim
2956 716 3149 771 omnis
3169 715 3270 787 qui
3293 716 3626 786 adorat,non
3649 722 3819 774 autem

2206 804 2410 859 adorat
2433 804 2625 860 omnis
2658 806 2757 876 qui
2776 805 3042 860 honorat.
3059 805 3204 860 Nam
3226 810 3283 859 et
3302 805 3507 860 fratres
3525 807 3820 862 secundum

2206 892 2552 965 Apostolum
2577 895 2823 950 invicem
2845 911 2907 949 se
2930 894 3146 949 honore
3178 894 3532 966 praeveniunt
3551 895 3714 965 (Rom.
3735 912 3821 963 xu,

2210 983 2314 1053 10),
2352 999 2455 1038 nec
2484 988 2681 1038 tamen
2700 982 2948 1038 invicem
2971 984 3236 1039 adorant.
3266 982 3559 1055 Alioquin,
3584 984 3631 1039 si
3660 984 3825 1040 hono-

2207 1069 2451 1141 riﬁcare,
2486 1071 2593 1126 hoc
2624 1076 2712 1127 est
2741 1072 3018 1134 adorare;
3072 1071 3289 1137 dicant,
3340 1073 3389 1127 si
3441 1072 3643 1143 placet,
3691 1074 3824 1143 quod

2210 1159 2417 1215 Filium
2441 1160 2641 1216 adoret
2662 1166 2718 1215 et
2753 1165 2940 1221 Pater,
2975 1165 3031 1216 et
3064 1160 3172 1217 hoc
3198 1162 3443 1233 jubente
3474 1160 3635 1229 Filio,
3668 1163 3756 1233 qui
3786 1162 3830 1218 ei

2206 1249 2370 1317 dicit,
2397 1252 2715 1321 Honori/ica
2744 1266 2829 1306 me
2858 1252 3037 1322 (Joan.
3083 1267 3219 1319 xvn,
3268 1251 3409 1321 4-5),
3452 1251 3610 1315 Quod
3657 1255 3830 1307 autem

2207 1339 2354 1393 dixit
2376 1338 2448 1393 de
2469 1340 2686 1410 Spiritu
2711 1345 2936 1406 sancto,
2975 1341 3049 1394 De
3075 1355 3193 1395 meo
3238 1340 3492 1410 accipiet,
3533 1338 3699 1395 solvit
3724 1340 3834 1412 ipse

2207 1428 2615 1498 quaestionem:
2632 1445 2702 1483 ne
2718 1434 3021 1500 putaretur
3041 1428 3207 1499 quasi
3225 1445 3326 1501 per
3338 1429 3618 1499 quosdam
3639 1429 3836 1499 gradus

2206 1517 2288 1571 sic
2310 1533 2438 1571 esse
2463 1518 2533 1573 de
2557 1517 2653 1572 illo
2675 1518 2930 1589 Spiritus
2946 1522 3208 1585 sanctus,
3232 1518 3528 1589 quomodo
3549 1524 3636 1572 est
3652 1518 3837 1590 ipsede

2209 1605 2406 1672 Patre;
2430 1622 2563 1661 cum
2589 1606 2762 1663 ambo
2783 1607 2852 1661 de
2884 1607 3073 1675 Patre,
3097 1606 3193 1662 ille
3218 1610 3515 1673 nascatur,
3545 1605 3636 1661 ille
3659 1623 3837 1678 proce-

2206 1694 2306 1749 dat
2325 1713 2338 1759 ;
2360 1711 2487 1765 quae
2506 1695 2620 1749 duo
2640 1712 2698 1749 1n
2718 1694 2876 1751 illius
2896 1700 3113 1750 naturae
3132 1694 3498 1751 sublimitate
3535 1695 3838 1751 discernere

2204 1783 2443 1838 omnino
2466 1784 2703 1839 difﬁcile
2725 1789 2845 1840 est:
2872 1800 3008 1857 ergo
3037 1801 3108 1840 ne
3129 1784 3237 1839 hoc
3262 1790 3591 1857 putaretur,
3625 1789 3685 1839 ut
3713 1784 3839 1853 dixi,

2204 1872 2480 1927 continuo
2503 1874 2776 1943 subjecit,
2802 1873 3000 1929 Omnia
3022 1889 3146 1944 quae
3164 1874 3325 1929 habet
3348 1875 3513 1928 Pater
3548 1890 3666 1929 mea
3706 1882 3838 1939 sunt,

2200 1966 2491 2033 propterea
2523 1962 2668 2029 dimi,
2696 1968 2772 2017 De
2790 1979 2908 2018 meo
2938 1966 3167 2036 accipiet
3212 1964 3311 2035 (Id.
3346 1980 3465 2028 xvx,
3500 1963 3584 2026 14,
3622 1964 3724 2029 15).
3770 1962 3843 2017 Ita

2202 2050 2331 2106 sine
2362 2051 2539 2105 dubio
2570 2050 2815 2123 intelligi
2849 2051 3048 2107 volens
3079 2052 3231 2122 quod
3266 2051 3335 2106 de
3367 2052 3539 2107 Patre
3589 2050 3839 2123 accipiat.

2202 2139 2312 2195 Sed
2349 2140 2477 2195 ideo
2509 2142 2579 2196 de
2607 2140 2817 2212 ipsius,
2853 2142 2991 2213 quia
3019 2142 3217 2197 omnia
3247 2158 3372 2214 qua:
3439 2141 3614 2197 habet
3670 2146 3841 2197 Pater,

2203 2228 2395 2300 ipsius
2425 2234 2584 2284 sunt.
2618 2230 2745 2285 Haec
2776 2236 2971 2285 autem
2996 2247 3109 2285 non
3129 2235 3215 2286 est
3234 2230 3594 2286 diversitatis
3618 2234 3841 2299 naturae,

2203 2319 2305 2373 sed
2340 2318 2516 2373 unius
2548 2319 2819 2392 principii
2852 2320 3305 2376 commendatio.

2274 2407 2364 2461 20.
2398 2408 2731 2462 Secundum
2765 2408 2898 2475 hoc,
2940 2410 3020 2464 ita
3060 2409 3306 2480 Spiritus
3344 2414 3574 2465 sanctus
3610 2426 3718 2465 non
3744 2426 3776 2464 α
3800 2425 3848 2465 se

2202 2497 2320 2567 ipso
2343 2498 2755 2569 loquitur,quia
2774 2514 2888 2553 non
2915 2502 3005 2553 est
3026 2516 3057 2553 a
3084 2513 3146 2553 se
3175 2498 3302 2571 ipso
3328 2498 3434 2569 qui
3451 2499 3522 2553 de
3542 2498 3707 2554 Patre
3726 2514 3847 2571 pro-

2204 2584 2391 2640 cedit:
2427 2586 2580 2640 sicut
2608 2603 2714 2641 nec
2746 2587 2930 2641 Filius
2959 2589 3131 2658 potest
3160 2605 3194 2642 a
3222 2604 3278 2643 se
3303 2590 3491 2658 facere
3545 2586 3846 2660 quidquam,

2208 2673 2347 2744 quia
2366 2690 2470 2728 nec
2486 2673 2613 2745 ipse
2634 2692 2667 2729 a
2690 2692 2751 2730 se
2771 2676 2897 2746 ipso
2917 2681 3025 2742 est,
3050 2677 3201 2732 sicut
3226 2678 3351 2746 jam
3385 2677 3662 2748 superius
3691 2692 3847 2747 expo-

2206 2763 2298 2817 sui
2322 2778 2334 2817 :
2352 2779 2465 2818 non
2489 2765 2642 2835 quod
2668 2766 2725 2819 in
2750 2764 3002 2819 omnibus
3018 2770 3216 2820 nutum
3234 2768 3425 2820 Patris
3439 2775 3731 2837 exspectet;
3744 2781 3848 2820 non

2208 2851 2363 2905 enim
2386 2852 2486 2917 ait,
2513 2854 2638 2908 Nisi
2656 2854 2809 2924 quod
2833 2854 3044 2909 viderit
3068 2854 3291 2909 Patrem
3316 2854 3663 2909 innuentem
3686 2878 3699 2920 ;
3734 2854 3848 2922 sed,

2208 2939 2349 3010 quod
2388 2940 2587 2996 viderit
2617 2947 2839 2997 Patrem
2858 2945 3156 3014 facientem
3187 2942 3287 3013 (Id.
3311 2959 3365 3009 ν,
3393 2943 3511 3016 19),
3542 2943 3847 2999 secundum

2209 3045 2277 3085 ea
2303 3031 2569 3101 quaejam
2596 3030 3043 3103 disputavimus.
3072 3032 3235 3095 Quod
3252 3036 3455 3087 autem
3504 3035 3565 3088 in
3611 3034 3849 3088 omnibus

2211 3118 2452 3190 Spiritus
2482 3124 2701 3175 sanctus
2734 3120 2937 3175 Christi
2960 3125 3299 3193 praeceptum
3356 3130 3625 3193 expectet,
3670 3126 3733 3176 ut
3772 3120 3849 3175 di-

2211 3211 2372 3277 cunt,
2395 3206 2592 3279 legant
2622 3208 2670 3264 si
2706 3214 2973 3281 possunt.
3008 3209 3168 3273 Quod
3188 3210 3343 3265 enim
3368 3210 3595 3265 dictum
3618 3215 3723 3266 est.
3745 3208 3851 3264 Non

2211 3313 2247 3351 a
2273 3312 2330 3351 se
2352 3296 2638 3369 loquetur:
2674 3316 2788 3354 non
2820 3304 2908 3354 est
2962 3299 3204 3354 dictum.
3266 3299 3665 3371 Quaecumque
3696 3316 3728 3355 a
3769 3313 3853 3353 me

2214 3385 2463 3440 audierit
2488 3404 2501 3452 ;
2536 3388 2657 3458 sed,
2684 3404 3036 3458 quaecumque
3062 3388 3302 3444 audierit
3340 3389 3603 3461 loquetur
3622 3388 3720 3456 (Id.
3748 3404 3814 3442 xv
3837 3427 3849 3451 ,

2218 3474 2326 3546 13).
2360 3476 2475 3531 Cur
2503 3482 2697 3531 autem
2730 3478 2950 3532 dictum
2983 3477 3062 3533 sit
3092 3476 3266 3549 paulo
3297 3484 3437 3533 ante
3471 3479 3599 3549 jam
3658 3475 3853 3532 claruit

2213 3581 2282 3619 ex
2312 3564 2499 3635 ipsius
2527 3582 2703 3637 quam
2735 3566 3185 3622 commemoravi
3220 3566 3451 3622 Domini
3484 3566 3851 3638 expositione,

2216 3652 2315 3708 ubi
2348 3654 2447 3720 ait,
2479 3658 2685 3713 Omnia
2713 3671 2837 3726 qua
2857 3657 3013 3712 habet
3042 3662 3227 3723 Pater,
3254 3671 3375 3711 mea
3396 3666 3564 3719 sunt;
3584 3660 3854 3728 propterea

2214 3743 2357 3807 dixi,
2392 3749 2469 3800 De
2499 3762 2613 3801 meo
2637 3748 2885 3816 accipiet.
2912 3745 3073 3802 Unde
3096 3750 3291 3801 autem
3315 3746 3587 3817 accipiet,
3622 3746 3752 3801 inde
3774 3749 3854 3799 est

2214 3834 2415 3908 procul
2448 3835 2625 3891 dubio
2658 3837 2809 3904 quod
2844 3835 3149 3906 loquetur;
3183 3837 3321 3905 quia
3350 3834 3493 3889 inde
3514 3833 3853 3901 audit,unde

2214 3924 2493 3995 procedit.
2527 3925 2647 3979 Scit
2674 3925 2831 3980 enim
2863 3924 3139 3989 Verbum,
3163 3923 3536 3995 procedendo
3555 3923 3689 3979 inde
3710 3922 3852 3977 unde

2213 4013 2475 4069 nascitur
2506 4013 2777 4080 Verbum,
2809 4013 2891 4069 ita
2921 4018 2987 4068 ut
3008 4014 3086 4068 sit
3110 4012 3509 4069 communiter
3530 4013 3777 4085 Spiritus
3801 4013 3853 4066 et

2213 4102 2399 4159 Patris
2429 4107 2485 4157 et
2512 4102 2707 4157 Verbi.

2282 4209 2514 4265 CAPUT
2534 4208 2725 4263 XXIV.
2758 4240 2824 4249 —
2854 4208 2969 4263 Nec
3000 4211 3228 4264 moveat
3244 4208 3400 4279 quod
3435 4208 3621 4265 futuri
3642 4212 3851 4280 tempo-

2211 4298 2292 4353 ris
2322 4299 2565 4354 verbum
2586 4302 2695 4367 est,
2728 4300 2989 4369 accipiet;
3009 4297 3175 4370 quasi
3197 4297 3462 4353 nondum
3488 4298 3742 4354 haberet.
3767 4299 3851 4352 In-

2209 4388 2544 4443 dilferenter
2560 4387 2776 4459 quippe
2793 4388 3073 4442 dicuntur
3088 4387 3367 4458 temporis
3388 4387 3852 4460 verba,quamvis

2209 4477 2334 4531 sine
2365 4481 2628 4548 tempore
2661 4492 2893 4531 manere
2920 4475 3279 4548 intelligatur
3307 4477 3782 4532 aeternitas.Nam
3801 4478 3852 4529 et

2209 4567 2450 4638 accepit,
2484 4566 2624 4637 quia
2655 4566 2726 4620 de
2755 4566 2921 4621 Patre
2954 4563 3267 4636 processit;
3302 4569 3357 4618 et
3375 4565 3766 4637 accipit,quia
3784 4563 3849 4617 de

2208 4660 2375 4710 Patre
2407 4656 2703 4727 procedit;
2736 4660 2792 4710 et
2822 4654 3085 4726 accipiet,
3117 4652 3256 4724 quia
3272 4654 3342 4708 de
3366 4653 3535 4709 Patre
3554 4654 3849 4726 procedere

2210 4762 2511 4817 nunquam
2549 4745 2803 4800 desinet:
2835 4744 2987 4798 sicut
3017 4743 3171 4797 Deus
3226 4747 3283 4797 et
3338 4747 3449 4810 est,
3510 4748 3571 4799 et
3626 4744 3752 4810 fuit,
3798 4744 3849 4795 et

2207 4842 2402 4889 tamen
2428 4833 2662 4888 initium
2696 4831 2783 4887 vel
2817 4832 2995 4888 tinem
3033 4832 3337 4903 temporis,
3369 4846 3478 4887 nec
3526 4832 3720 4900 habet,
3752 4846 3848 4886 nec

2205 4921 2432 4989 habuit,
2466 4938 2571 4977 nec
2601 4920 2859 4978 habebit.

2278 5028 2510 5085 CAPUT
2536 5029 2701 5084 XXV.
2734 5059 2804 5071 —-
2832 5029 2920 5085 21.
2959 5028 3163 5095 Filius,
3197 5026 3498 5099 inquiunt,
3554 5044 3655 5100 pro
3700 5026 3847 5083 nobis

2205 5120 2821 5190 interpellatPatrem;et
2836 5120 3083 5191 Spiritus
3092 5133 3195 5189 pro
3206 5117 3363 5173 nobis
3378 5118 3845 5188 postulatFilium,

2205 5209 2367 5265 Sicut
2389 5208 2610 5281 legunt,
2633 5210 2787 5280 quod
2811 5208 2991 5264 Filius
3013 5205 3342 5278 interpellat
3364 5210 3618 5278 Patrem,
3646 5222 3844 5263 secun-

2205 5298 2345 5353 dum
2369 5314 2436 5353 ea
2468 5315 2595 5369 quae
2645 5298 2914 5370 superius
2963 5313 3069 5352 nos
3100 5295 3276 5351 etiam
3325 5300 3846 5351 commemorantes

2203 5388 2622 5445 disseruimus:
2647 5389 2725 5444 ita
2744 5387 3043 5444 inveniant
3066 5385 3219 5440 unde
3232 5384 3707 5457 proferant,quod
3722 5382 3843 5457 Spi-

2205 5477 2352 5532 ritus
2373 5476 3033 5550 postuletFilium.Quod
3048 5474 3205 5530 enim
3221 5470 3844 5545 dicitApostolus,Quid

2202 5569 2352 5623 enim
2380 5582 2597 5622 oremus
2625 5568 2767 5621 sicut
2786 5568 3011 5637 Oportet,
3035 5565 3341 5630 nescimus;
3365 5560 3456 5617 sed
3473 5563 3589 5634 ipse
3615 5562 3842 5634 Spiritus

2203 5655 2522 5727 interpellat
2531 5656 2821 5727 gemitibus
2837 5649 3443 5723 inenarrabilibus:qui
3456 5659 3641 5706 autem
3650 5659 3849 5706 scruta-

2201 5754 2291 5804 tur
2318 5745 2500 5819 corda,
2549 5748 2652 5803 scit
2681 5744 2813 5819 quid
2866 5744 3107 5818 Spiritus
3135 5745 3338 5816 sapiat,
3368 5740 3521 5817 quia
3555 5738 3846 5799 secundum
