4056 6178
391 311 511 376 703

398 446 753 520 passibiliter
787 447 1004 505 invitus
1034 451 1428 523 genuerit,qui
1462 469 1567 507 nos
1598 451 1922 507 voluntarie
1941 468 2037 523 ge-

402 537 530 591 nuit
548 538 720 592 verbo
742 538 1001 594 veritatis
1027 558 1039 594 :
1065 546 1164 595 aut
1190 540 1365 596 Filius
1386 559 1519 597 cum
1546 540 1741 597 labore
1764 547 1821 598 et
1842 542 2046 614 fatiga-

397 625 554 681 tione
584 625 792 681 coelum
820 633 874 681 et
890 633 1102 683 terram
1124 630 1761 703 creaverit?quuentur
1780 648 1917 704 ergo
1936 632 2047 685 ista

400 731 575 786 opera
606 716 926 771 secundum
962 717 1219 782 istos,vel
1253 720 1395 775 Filio
1426 722 1510 775 vel
1547 721 1786 791 Spiritui
1810 724 2042 776 sancto:

400 809 502 861 aut
534 805 580 859 si
597 804 756 860 nullo
777 807 949 860 modo
975 809 1443 880 aaquantur,quid
1468 810 1683 881 profuit
1704 810 1812 864 hoc
1834 810 2048 875 dicere,

402 895 556 949 unde
585 893 745 948 nulla
778 896 1098 966 fitquasstio
1119 900 1300 969 ;quod
1328 898 1547 953 scilicet
1572 899 1696 954 sine
1720 898 2050 953 ullolabore

402 987 456 1039 et
484 982 822 1055 fatigatione
852 984 938 1039 vel
968 986 1167 1057 gignat
1200 987 1480 1057 Pater,vel
1516 989 1688 1043 faciat
1717 988 1895 1043 Filius
1920 987 2052 1042 ⁸1νὶ-

404 1072 580 1128 deant
610 1089 750 1127 sane
781 1076 1072 1144 quomodo
1104 1076 1320 1146 dicant,
1346 1078 1499 1148 quod
1533 1076 1653 1132 sola
1704 1076 1914 1132 virtute
1945 1092 2053 1131 sua

406 1161 590 1218 Filius
618 1161 817 1216 fecerit
839 1163 1121 1234 Spiritum
1146 1167 1729 1222 sanctum.lstoenim
1755 1166 1926 1221 modo
1958 1182 2051 1220 co-

405 1255 627 1324 guntur
656 1251 1071 1323 fateri,aliquid
1104 1253 1307 1310 fecisse
1336 1254 1547 1309 Filium
1580 1256 1734 1327 quod
1769 1272 1879 1309 non
1896 1255 2050 1309 vide-

402 1340 478 1396 rit
518 1340 744 1395 Patrem
796 1341 1122 1397 facientem.
1156 1345 1241 1398 An
1291 1344 1480 1415 placet
1528 1344 1612 1400 eis
1659 1345 1868 1411 dicere,
1898 1344 2054 1416 quod

402 1428 575 1485 etiam
596 1433 765 1484 Pater
784 1430 980 1485 fecerit
1002 1432 1281 1503 Spiritum
1305 1434 1737 1489 sanctumPNon
1761 1450 1897 1504 ergo
1919 1449 2053 1488 eum

407 1517 532 1573 sola
560 1517 771 1573 virtute
785 1536 892 1573 sua
916 1519 1108 1575 fecerit
1128 1521 1308 1578 Filius
1323 1526 1454 1578 ‘.An
1482 1524 1729 1578 alterum
1754 1522 2057 1594 fecitprior

405 1606 593 1674 Pater,
624 1612 688 1661 ut
720 1613 919 1678 posset
967 1609 1145 1665 Filius
1179 1611 1362 1667 facere
1410 1628 1583 1683 quem
1619 1611 1768 1679 fecit,
1803 1611 1900 1682 qui
1940 1627 2056 1666 non

405 1699 595 1768 potest
615 1696 798 1750 facere
824 1696 931 1750 nisi
958 1699 1111 1767 quod
1137 1699 1344 1754 viderit
1376 1700 1601 1755 Patrem
1629 1699 1971 1755 facientem?
1990 1695 2057 1753 Et

403 1784 544 1854 quid
577 1788 680 1849 est,
707 1786 859 1854 quod
897 1802 1009 1841 non
1043 1786 1158 1841 alia
1190 1788 1534 1855 similia,sed
1568 1803 1926 1861 quascumque
1954 1790 2058 1843 Pa'

401 1880 484 1929 ter
510 1873 783 1942 facit,hmc
811 1875 996 1930 eadem
1024 1876 1199 1930 Filius
1225 1880 1362 1944 facit
1390 1880 1694 1933 similiter?
1724 1878 1782 1934 Si
1818 1878 1937 1933 haec
1958 1893 2051 1932 co-

404 1963 589 2035 gitare
619 1970 920 2029 conentur,
944 1964 1140 2035 procul
1174 1966 1351 2022 dubio
1383 1968 1779 2023 turbabuntur
1810 1966 1894 2023 eis
1924 1982 2053 2021 om-

406 2050 524 2117 nia,
557 2067 683 2121 quae
715 2050 824 2107 sibi
857 2052 1072 2108 carnali
1106 2055 1453 2127 cogitatione
1482 2061 1861 2128 componunt.

475 2141 713 2196 CAPUT
752 2142 1043 2197 XXIX.—-
1103 2144 1192 2199 27.
1228 2145 1440 2200 Verum
1501 2150 1589 2200 est
1646 2150 1839 2201 autem
1901 2145 2056 2216 quod

405 2235 571 2285 Pater
598 2232 850 2285 omnibus
880 2247 1003 2302 quae
1030 2234 1333 2302 sunf,detlit
1361 2243 1423 2290 ut
1456 2239 1630 2290 essent
1652 2254 1669 2299 ;
1697 2238 1748 2291 et
1776 2237 1891 2307 ipse
1920 2234 2060 2305 quod

404 2323 503 2389 est,
534 2337 571 2374 a
599 2321 825 2375 nemine
852 2324 1058 2392 accepit
1093 2341 1105 2378 :
1141 2324 1241 2378 sed
1284 2324 1676 2396 aequalitatem
1709 2342 1877 2379 suam
1912 2323 2058 2378 nulli

405 2408 585 2476 dedit,
616 2409 728 2465 nisi
764 2409 908 2465 Filio
958 2412 1057 2482 qui
1091 2416 1262 2467 natus
1308 2419 1398 2468 est
1443 2414 1515 2469 de
1562 2413 1682 2484 illo,
1714 2418 1773 2468 et
1816 2411 2058 2485 Spiritui

405 2504 607 2553 sancto
656 2498 755 2569 qui
788 2500 1045 2570 procedit
1074 2502 1145 2556 de
1181 2501 1298 2557 illo.
1333 2502 1464 2565 Qua:
1495 2519 1627 2557 cum
1661 2503 1741 2557 ita
1773 2502 1912 2568 sint,
1944 2519 2059 2557 non

406 2593 496 2643 est
524 2588 656 2654 ista,
692 2604 869 2659 quam
922 2590 1122 2644 volunt
1168 2590 1284 2661 isti,
1335 2591 1664 2647 differentia
1710 2590 2058 2659 Trinitatis;

410 2676 550 2749 quia
577 2676 916 2732 indifferens
949 2678 1007 2733 in
1037 2678 1317 2735 Trinitate
1367 2686 1595 2746 natura,
1629 2682 1968 2737 indifferens
2000 2680 2058 2736 in

408 2766 692 2821 Trinitate
724 2767 984 2838 potentia
1013 2774 1127 2823 est:
1149 2773 1211 2823 ut
1238 2785 1422 2826 omnes
1448 2771 1804 2842 honoriﬁcent
1833 2771 2059 2840 Filium,

409 2857 549 2911 sicut
581 2856 946 2928 honoriﬁcam
975 2859 1217 2929 Patrem,
1241 2861 1393 2931 quod
1432 2860 1556 2931 ipse
1587 2861 1668 2915 ait
1698 2861 1875 2931 (Joan.
1908 2860 2060 2929 v,19,

408 2945 540 3014 23);
575 2950 632 3000 et
690 2945 790 3018 qui
838 2945 1040 3002 volunt
1096 2948 1185 3017 pie
1242 2950 1451 3018 vivere,
1502 2950 1817 3004 Dominum
1877 2950 2060 3005 Deum

411 3049 587 3089 suum
622 3035 944 3099 adorent,et
976 3035 1059 3089 illi
1091 3037 1198 3092 soli
1232 3037 1505 3103 serviant,
1537 3040 1693 3110 quod
1723 3044 1780 3094 et
1808 3037 2063 3110 antiquis

410 3122 675 3194 patribus
731 3124 824 3179 Dei
856 3123 981 3197 lege
1031 3130 1380 3197 praeceptum
1424 3131 1531 3199 est,
1565 3144 1667 3183 nec
1719 3126 1837 3183 ullo
1891 3127 2064 3183 modo

414 3212 579 3269 aliter
609 3212 745 3267 fiere
793 3218 1006 3285 potest,
1041 3220 1106 3269 ut
1153 3214 1259 3271 soli
1310 3216 1556 3271 Domino
1604 3217 1720 3272 Deo
1769 3222 1966 3272 nostro
1994 3216 2066 3271 ea

416 3318 545 3375 quas
577 3302 693 3357 Deo
722 3301 967 3357 debetur
987 3304 1261 3359 servitute
1288 3306 1771 3378 serviamus.Ipsa
1800 3312 1888 3361 est
1908 3306 2064 3361 enim

417 3409 547 3465 quae
579 3408 760 3465 graece
791 3391 1120 3464 appellatur
1167 3392 1410 3469 λατρεία.
1471 3396 1633 3461 Quod
1681 3396 1926 3451 verbum
1979 3393 2057 3448 ibi

416 3483 673 3555 positum
706 3487 815 3549 est,
848 3498 981 3536 cum
1014 3483 1323 3549 diceretur,
1355 3485 1447 3539 Illi
1488 3485 1593 3540 soli
1633 3487 1838 3540 servies
1888 3485 2063 3552 (Deut.

419 3590 495 3638 vr,
528 3573 637 3639 13).
668 3572 838 3627 Nullo
871 3573 1065 3642 modo,
1097 3573 1361 3643 inquam,
1396 3573 1502 3629 hoc
1534 3574 1655 3628 fieri
1711 3578 1920 3646 potest,
1956 3571 2069 3627 nisi

416 3664 541 3735 ipse
589 3661 874 3717 Dominus
925 3661 1079 3716 Deus
1129 3667 1325 3717 noster
1364 3663 1634 3719 universa
1665 3663 1741 3719 sit
1789 3663 2065 3718 Trinitas.

416 3750 695 3823 Alioquin
727 3751 897 3806 istam
929 3749 1425 3823 servitutem,quze
1452 3752 1621 3808 latria
1649 3751 2069 3823 dicitur,quam

422 3859 536 3898 non
571 3841 783 3896 debent
814 3839 961 3894 servi
992 3840 1076 3894 eis
1108 3856 1254 3910 quos
1273 3842 1591 3896 secundum
1616 3858 1850 3897 carnem
1883 3841 2071 3896 domi-

423 3948 531 3987 nos
561 3930 799 3994 habent,
833 3929 932 3983 sed
965 3946 1168 3985 omnes
1212 3931 1476 3986 homines
1526 3930 1635 3987 soli
1678 3932 1924 3986 Domino
1956 3930 2071 3986 Deo

424 4038 530 4077 suo
566 4038 578 4075 :
612 4020 761 4073 hanc
791 4034 927 4089 ergo
957 4018 1294 4074 servitutem
1329 4037 1441 4075 non
1474 4020 1879 4076 exhibebimus
1906 4019 2071 4087 Filio,

431 4111 481 4166 si
515 4111 585 4165 de
617 4110 783 4164 Patre
810 4110 1028 4165 dictum
1064 4114 1170 4175 est,
1206 4111 1269 4165 Et
1296 4110 1391 4165 illi
1418 4111 1525 4165 soli
1555 4112 1753 4166 servies
1775 4127 1797 4173 ;
1827 4115 1927 4165 aut
1957 4125 2071 4164 non

427 4199 832 4256 exhibebimus
878 4200 1055 4265 Patri,
1090 4201 1137 4255 si
1169 4202 1239 4256 de
1288 4199 1427 4255 Filio
1474 4200 1695 4255 dictum
1748 4204 1856 4265 est,
1888 4201 1951 4253 Et
1988 4199 2076 4253 illi

426 4292 533 4347 soli
560 4292 778 4346 servies.
830 4290 959 4345 Jam
994 4306 1125 4345 vero
1172 4289 1219 4344 si
1266 4290 1561 4361 aliquibus
1608 4294 1772 4344 terrae
1822 4287 2075 4342 molibus

427 4381 665 4453 Spiritui
698 4385 899 4436 sancto
931 4379 1217 4452 templum
1237 4377 1813 4449 fabricaremus,quis
1844 4378 2076 4433 dubita-

427 4476 514 4526 ret
543 4469 590 4525 ei
628 4486 735 4524 nos
776 4467 964 4534 latria,
1001 4469 1056 4522 id
1109 4474 1217 4537 est,
1249 4469 1359 4523 ista
1386 4470 1453 4522 de
1502 4484 1619 4539 qua
1669 4484 1825 4523 nunc
1872 4466 2079 4539 loquor

429 4559 705 4615 servitute
736 4558 948 4612 servire
968 4558 1307 4622 ‘tQuomodo
1326 4574 1461 4629 ergo
1496 4574 1607 4613 non
1639 4556 1688 4613 ei
1714 4557 2075 4623 servitutem,

428 4664 555 4721 quae
588 4647 757 4702 latria
805 4647 1037 4713 dicitur,
1071 4648 1439 4712 exhibemus,
1472 4647 1563 4701 cui
1616 4645 1902 4717 templum
1960 4662 2077 4701 non

429 4739 699 4803 facimus,
733 4737 832 4792 sed
890 4753 996 4792 nos
1025 4737 1137 4810 ipsi
1185 4736 1442 4792 sumus?
1470 4738 1584 4791 Aut
1631 4736 1922 4808 quomodo
1962 4753 2077 4791 non

428 4833 485 4886 et
514 4830 638 4901 ipse
687 4828 840 4883 Deus
891 4832 1087 4882 noster
1133 4833 1240 4897 est,
1293 4828 1362 4882 de
1409 4842 1523 4897 quo
1554 4826 1695 4881 dicit
1741 4825 2075 4897 Apostolus,

424 4920 652 4977 Nescitis
680 4920 820 4991 quia
867 4919 1124 4989 templum
1154 4918 1251 4973 Dei
1279 4918 1430 4981 estis,
1461 4920 1511 4972 et
1550 4917 1797 4984 Spiritus
1840 4916 1939 4970 Dei
1986 4915 2079 4970 ha-

427 5011 563 5068 bitat
596 5012 659 5067 in
682 5009 874 5065 vobis?
902 5009 970 5063 Et
1001 5007 1172 5080 paulo
1204 5012 1332 5078 post
1369 5024 1381 5062 :
1417 5006 1728 5077 Gloriﬁcale
1757 5021 1881 5077 ergo
1911 5008 2079 5061 Deum

425 5102 485 5157 in
514 5116 739 5173 corpore
764 5107 939 5154 vestro
988 5098 1032 5169 (Ι
1063 5101 1186 5153 Cor.
1222 5113 1301 5163 v1,
1336 5097 1421 5162 19,
1454 5100 1565 5165 20).
1599 5099 1849 5167 Corpora
1884 5100 2077 5150 autem

426 5196 645 5263 nostra,
678 5188 965 5261 templum
999 5187 1057 5241 in
1092 5186 1261 5242 nobis
1292 5186 1435 5241 dicit
1462 5201 1589 5242 esse
1628 5184 1879 5257 Spiritus
1912 5200 2079 5240 sanc-

426 5282 491 5336 ti.
524 5282 669 5337 Cum
722 5279 904 5354 igitur
932 5283 989 5334 et
1036 5276 1191 5333 Patri
1229 5280 1286 5331 et
1332 5275 1475 5331 Filio
1505 5279 1562 5331 et
1607 5275 1848 5347 Spiritui
1880 5277 2080 5331 sancto

428 5370 561 5439 ista,
594 5387 718 5441 quis
773 5368 945 5426 latria
975 5372 1233 5433 vocatur,
1276 5364 1552 5422 servitute
1601 5364 1941 5428 serviamus,
1976 5380 2077 5419 au-

429 5458 778 5529 diemusque
806 5459 994 5531 legem
1026 5457 1127 5514 Dei
1155 5454 1689 5528 praecipientemmt
1719 5452 1863 5509 nulli
1894 5452 2080 5521 alteri,

431 5549 531 5607 sed
564 5546 673 5603 soli
698 5547 940 5604 Domino
964 5549 1079 5603 Deo
1103 5552 1301 5602 nostro
1324 5546 1473 5600 hanc
1506 5543 1883 5600 exbibeamus
1911 5566 1924 5608 ;
1949 5558 2079 5614 pro-

427 5638 521 5698 cul
551 5634 729 5691 dubio
752 5654 903 5693 unus
926 5644 982 5692 et
1009 5635 1615 5692 solusDominusDeus
1637 5636 1834 5687 noster
1856 5630 2083 5704 estipsa

491 5742 509 5777 ι
538 5735 633 5789 Er.
668 5733 830 5801 Lugd.
863 5737 995 5792 Ven.
1028 5736 1174 5797 Lov.,
1199 5736 1321 5802 fecit
1349 5732 1536 5786 Filius.
1634 5731 1701 5784 Μ.

1140 315 1457 377 CONTRA
1503 317 1935 381 SERMONEM
1979 317 2474 396 ARIANORUM,
2529 321 2594 383 S.
2625 318 3051 382 AUGUSTINI

3673 321 3779 381 704

2150 452 2429 521 Trinitas,
2462 452 2553 507 cui
2604 450 2706 508 uni
2736 454 2795 506 et
2826 450 2934 506 soli
2967 449 3144 506 talem
3195 450 3533 508 servitutem
3565 451 3778 524 pietatis

2140 542 2276 613 jure
2307 542 2605 597 debemus.

2223 630 2451 686 CAPUT
2478 630 2645 686 XXX.
2671 661 2740 671 —
2767 629 2859 684 28.
2892 629 3069 685 Sicuti
3094 645 3250 685 nemo
3279 632 3473 702 potest,
3505 628 3779 701 inquiunt,

2150 720 2270 775 sine
2296 721 2440 776 Filia
2471 720 2547 776 ad
2578 724 2795 775 Patrem
2819 722 3060 774 transire
3077 735 3098 780 ;
3130 721 3207 773 ita
3232 722 3284 774 et
3312 734 3472 774 nemo
3497 721 3783 790 potestsine

2152 807 2371 880 Spiritu
2398 814 2588 865 sancto
2621 810 2826 865 Filium
2854 811 2914 863 in
2957 810 3192 863 veritate
3238 807 3472 863 adorare
3500 825 3518 862 :
3551 809 3708 879 quasi
3735 814 3784 865 et

2154 900 2225 953 ad
2261 899 2470 954 Filium
2497 899 2620 954 sine
2652 903 2821 954 Patre
2849 898 3166 970 quisquam
3200 897 3393 969 possit
3423 896 3637 961 venire,
3664 914 3784 953 cum

2153 985 2279 1059 ipse
2306 986 2481 1053 dicat,
2528 989 2692 1043 Nemo
2722 989 2868 1043 venit
2899 987 2969 1041 ad
3014 1003 3120 1053 me,
3150 987 3265 1041 nisi
3316 989 3507 1055 Pater,
3540 987 3631 1055 qui
3656 987 3790 1042 misit

2156 1092 2261 1142 me,
2296 1078 2533 1131 traxerit
2585 1077 2749 1132 illum
2794 1076 2971 1148 (Joan.
3004 1092 3086 1143 vr,
3116 1075 3245 1143 44);
3279 1080 3383 1128 aut
3425 1074 3497 1128 ad
3529 1073 3786 1145 Spiritum

2157 1168 2428 1220 sanctum
2471 1166 2598 1220 sine
2629 1170 2797 1220 Patre
2839 1171 2896 1220 et
2941 1162 3083 1218 Filio
3131 1163 3433 1235 pervenire
3481 1179 3787 1234 possemus,

2158 1254 2257 1324 qui
2292 1270 2426 1310 eum
2459 1254 2628 1310 nobis
2659 1271 2768 1309 sua
2796 1254 3103 1308 conferunt
3129 1251 3505 1325 gratia.Quid
3538 1256 3625 1306 est
3650 1252 3789 1307 enim

2159 1341 2316 1398 aliud
2354 1343 2426 1399 ad
2452 1359 2551 1399 eos
2580 1341 2915 1408 venire,nisi
2941 1357 3039 1396 eos
3071 1341 3410 1397 habitantes
3440 1340 3498 1395 in
3530 1341 3689 1396 nobis
3709 1341 3793 1397 ba-

2160 1432 2335 1488 bere‘?
2367 1432 2483 1488 Hoc
2514 1432 2669 1487 enim
2705 1432 2874 1487 modo
2905 1435 2962 1485 et
2993 1430 3107 1502 ipsi
3138 1430 3210 1485 ad
3242 1447 3354 1486 nos
3383 1429 3641 1497 veniunt,
3674 1445 3792 1485 cum

2162 1526 2313 1577 Deus
2346 1523 2563 1593 ubique
2593 1522 2691 1588 sit,
2724 1526 2783 1576 et
2811 1519 2974 1575 nullo
3006 1520 3292 1592 corporali
3331 1520 3693 1575 contineatur
3717 1517 3793 1574 lo-

2161 1626 2248 1666 co.
2283 1612 2413 1683 Ipse
2440 1612 2707 1667 Salvator
2735 1611 2878 1665 dicit
2925 1610 2997 1664 de
3027 1625 3088 1664 se
3117 1616 3176 1665 et
3205 1610 3278 1664 de
3308 1612 3499 1675 Patre,
3537 1609 3797 1664 Veniemus

2159 1699 2230 1754 ad
2258 1716 2402 1769 eum,
2436 1704 2488 1756 et
2530 1702 2871 1755 mansionem
2912 1697 3058 1769 apud
3095 1715 3223 1753 eum
3272 1700 3541 1769 faciemus
3569 1696 3665 1768 (td.
3694 1712 3795 1763 XIV,

2158 1788 2251 1859 23)
2282 1806 2296 1843 :
2332 1793 2389 1843 et
2417 1790 2488 1844 de
2517 1788 2735 1860 Spiritu
2768 1793 2972 1843 sancto
2998 1786 3159 1851 dicit,
3191 1787 3313 1841 Nisi
3341 1802 3440 1855 ego
3480 1786 3677 1853 abiero,
3706 1785 3796 1840 ad-

2159 1885 2376 1934 vocatus
2406 1893 2515 1933 non
2545 1879 2726 1933 veniet
2753 1876 2825 1932 ad
2853 1892 2944 1932 vos
2975 1876 3078 1947 (Id.
3120 1892 3235 1945 xvx,
3267 1876 3350 1947 7).
3384 1875 3532 1940 Quid
3562 1880 3650 1931 est
3675 1890 3797 1945 ergo

2161 1968 2311 2036 quod
2344 1968 2564 2034 dicunt,
2581 1966 2759 2022 Siculi
2788 1982 2946 2022 nemo
2973 1972 3150 2037 potest
3177 1968 3301 2021 sine
3332 1966 3471 2020 Filio
3500 1965 3569 2020 ad
3600 1970 3798 2020 Patrem

2160 2060 2425 2121 transire,
2447 2059 2523 2112 ita
2544 2060 2593 2111 et
2624 2073 2781 2112 nemo
2804 2060 2980 2128 potest
3004 2058 3128 2111 sine
3154 2055 3374 2127 Spiritu
3402 2062 3585 2110 sancto
3613 2054 3798 2109 Filium

2161 2148 2219 2202 in
2252 2147 2475 2201 veritate
2511 2146 2745 2202 adorare
2772 2162 2786 2213 ;
2820 2150 2876 2200 et
2905 2144 3115 2201 deinde
3164 2145 3558 2216 subiungunt,
3590 2143 3721 2212 Ergo
3748 2143 3799 2197 in

2163 2235 2375 2307 Spiritu
2412 2238 2596 2291 sancto
2646 2238 2912 2290 adoratur
2958 2236 3178 2289 Filius’
3206 2232 3649 2304 Numquidnam
3695 2231 3801 2285 hac

2161 2324 2421 2379 indicant
2453 2323 2840 2380 differentiam
2873 2328 3242 2393 naturarum,
3278 2323 3351 2378 de
3382 2338 3501 2394 qua
3538 2321 3685 2376 inter
3711 2335 3803 2374 nos

2163 2416 2220 2469 et
2250 2412 2382 2468 illos
2411 2414 2652 2468 vertitur
2683 2411 2971 2484 quaestio?
3001 2412 3145 2467 Nam
3172 2413 3223 2468 si
3258 2427 3433 2467 nemo
3481 2414 3665 2483 potest
3693 2407 3803 2464 sine

2164 2502 2383 2575 Spiritu
2414 2506 2616 2558 sancto
2653 2502 2858 2557 Filium
2893 2503 2951 2556 in
2980 2501 3222 2556 veritate
3253 2501 3581 2565 adorare,et
3607 2497 3663 2553 in
3685 2496 3799 2567 Spi-

2166 2594 2277 2648 ritu
2326 2596 2525 2649 sancto
2576 2592 2853 2647 adoratur
2906 2590 3109 2657 Filius,
3161 2580 3424 2662 profecto
3472 2588 3678 2643 veritas
3721 2588 3799 2641 est

2164 2681 2339 2737 etiam
2369 2681 2621 2753 Spiritus
2652 2687 2893 2736 sanctus
2927 2696 2941 2736 :
2977 2680 3114 2752 quia
3148 2695 3283 2734 cum
3327 2680 3387 2734 in
3421 2677 3519 2733 illo
3547 2677 3801 2732 adoratur

2165 2771 2526 2832 Filius,sicut
2556 2774 2629 2826 ab
2659 2771 2742 2825 eis
2773 2770 2992 2824 dictum
3026 2775 3137 2833 est,
3160 2768 3220 2823 in
3253 2768 3499 2823 veritate
3527 2767 3801 2821 adoratur.

2165 2862 2237 2916 At
2266 2860 2391 2932 ipse
2419 2860 2599 2916 Filius
2631 2858 2711 2914 ait
2743 2875 2755 2915 :
2796 2861 2916 2932 Ego
2945 2875 3068 2913 sum
3099 2860 3302 2915 veritas
3330 2857 3437 2929 (Ιὰ.
3470 2855 3804 2927 xxv,6).Ergo

2166 2954 2223 3005 et
2250 2950 2311 3005 in
2357 2966 2419 3004 se
2450 2949 2577 3021 ipso
2627 2949 2921 3013 adoratur,
2956 2964 3091 3003 cum
3145 2948 3203 3003 in
3237 2947 3486 3003 veritate
3531 2946 3803 3001 adoratur.

2166 3040 2245 3094 Ac
2277 3055 2377 3110 per
2408 3038 2518 3094 hoc
2567 3043 2623 3093 et
2654 3038 2714 3092 in
2742 3053 2804 3092 se
2859 3041 2915 3093 et
2945 3038 3003 3092 in
3036 3036 3258 3109 Spiritu
3311 3040 3516 3092 sancto
3546 3034 3803 3090 adoratur

2171 3127 2371 3185 Filius.
2407 3128 2547 3193 Quis
2575 3131 2771 3183 autem
2802 3126 2884 3182 ita
2915 3126 2991 3182 sit
3031 3126 3275 3197 impius,
3314 3130 3380 3180 ut
3431 3125 3566 3179 inde
3598 3122 3805 3193 separet

2168 3218 2396 3274 Patrem
2416 3219 2443 3271 Ὺ
2474 3216 2773 3280 Quomodo
2804 3209 2961 3271 enim
2994 3232 3109 3271 non
3140 3220 3197 3270 et
3226 3216 3290 3270 in
3324 3214 3424 3269 illo
3457 3211 3805 3274 adoramus‘,

2167 3307 2227 3364 in
2262 3324 2376 3379 quo
2408 3307 2678 3371 vivimus,
2713 3322 3016 3361 movemur
3044 3310 3102 3361 et
3133 3320 3346 3361 sumus
3378 3305 3519 3372 (Act.
3552 3318 3684 3365 xvn,
3705 3295 3810 3370 28)?

2170 3397 2416 3453 Proinde
2442 3395 2671 3451 adorari
2708 3395 2914 3451 Filium
2948 3395 3006 3449 in
3033 3394 3250 3467 Spiritu
3285 3392 3689 3459 sancto,etiam
3716 3403 3808 3443 nos

2171 3487 2424 3544 dicimus
2460 3502 2474 3542 :
2502 3484 2732 3541 adorari
2764 3472 2957 3540 autem
2991 3483 3201 3541 Filium
3246 3484 3323 3539 ab
3354 3482 3574 3554 Spiritu
3606 3482 3807 3545 sancto,

2170 3575 2368 3648 legant
2398 3574 2445 3630 si
2474 3579 2737 3647 possunt.

2243 3664 2475 3719 CAPUT
2506 3663 2701 3719 XXXI.
2735 3695 2803 3703 —
2831 3663 2921 3719 29.
2954 3663 3098 3719 Nam
3147 3679 3242 3735 per
3270 3664 3475 3718 Filium
3522 3656 3809 3730 gloriﬁcari

2172 3754 2555 3825 Patrem,quis
2589 3755 2804 3825 negat?
2825 3753 2935 3808 Sed
2967 3759 3023 3809 et
3035 3752 3243 3807 Filium
3264 3750 3576 3823 glorilicari
3602 3764 3697 3819 per
3715 3746 3807 3801 Pa-

2173 3848 2562 3915 trem,negare
2593 3843 2726 3913 quis
2757 3843 2968 3898 audeat
2992 3860 3005 3898 :
3028 3843 3121 3897 cui
3151 3840 3294 3897 dicit
3326 3841 3453 3913 ipse
3486 3833 3809 3901 Filius,Glo-

2174 3934 2333 4004 riﬁca
2360 3949 2483 3994 me;
2516 3932 2608 3987 cui
2643 3932 2817 3988 etiam
2864 3932 3024 3996 dicit,
3056 3932 3165 4001 Ego
3197 3939 3246 3986 te
3298 3929 3614 4000 gloriﬁcent
3641 3927 3799 3998 (toan.

2174 4039 2277 4087 xu,
2306 4023 2399 4087 28,
2433 4026 2483 4076 et
2511 4038 2650 4087 xvu,
2680 4023 2736 4089 5,
2771 4020 2825 4087 4)
2851 4023 2873 4075 P
2901 4019 3239 4076 Gloriﬁcare
3291 4024 3515 4085 autem,
3546 4019 3601 4071 et
3650 4013 3809 4068 bono—

2176 4112 2423 4180 rificare,
2457 4115 2513 4164 et
2537 4110 2874 4178 clarificare,
2926 4108 3039 4164 tria
3085 4108 3329 4180 quidem
3379 4106 3571 4171 verba,
3599 4102 3693 4159 sed
3730 4113 3810 4153 res

2178 4218 2297 4256 una
2325 4205 2435 4265 est,
2469 4199 2624 4271 quod
2656 4215 2839 4270 graece
2874 4197 3089 4253 dicitur
3118 4192 3358 4266 δοξάζειν
3399 4213 3412 4253 :
3445 4195 3806 4264 interpretum

2180 4294 2373 4345 autem
2404 4288 2698 4359 varietate,
2730 4287 2897 4343 aliter
2925 4292 3100 4359 atque
3150 4285 3323 4342 aliter
3352 4284 3609 4357 positum
3650 4281 3732 4334 est
3759 4275 3810 4328 in

2181 4378 2383 4435 latino.

2253 4466 2486 4523 CAPUT
2498 4465 3137 4537 XXXII.—30.Spiritus
3147 4465 3333 4519 sancti
3343 4478 3476 4535 opus
3488 4468 3537 4517 et
3548 4451 3812 4528 diligentia

2180 4556 2969 4628 est,inquiunt,sanctiﬁcare,
2993 4562 3044 4609 et
3074 4556 3288 4609 sanctos
3315 4550 3622 4609 custodire;
3641 4553 3690 4601 et
3716 4556 3813 4596 non

2179 4648 2357 4703 solum
2384 4647 2833 4709 rationabilia,ut
2864 4643 3088 4715 quidam
3106 4642 3428 4714 putant,sed
3454 4642 3503 4695 et
3532 4635 3810 4693 irrationa-

2184 4737 2319 4793 bilia
2350 4737 2508 4807 plura
2539 4736 2886 4805 sancti/icore
2911 4751 2930 4787 :
2959 4736 3007 4788 et
3038 4748 3124 4787 eos
3144 4734 3242 4802 qui
3269 4731 3583 4787 ceciderunt
3617 4722 3813 4796 propter

2180 4843 2337 4882 suam
2356 4823 3157 4895 negligentiamadpristinum
3177 4825 3383 4877 statum
3392 4813 3809 4882 revocare;igno-

2183 4923 2366 4971 rantes
2394 4916 2611 4983 docere,
2665 4913 3040 4969 obliviscentes
3068 4911 3376 4977 admonere,
3419 4905 3692 4981 peccantes
3729 4912 3810 4951 ar-

2182 5005 2555 5078 guere,pigros
2587 5004 2809 5059 hortari
2835 5002 2901 5058 de
2928 5002 3107 5057 salute
3136 5017 3235 5056 sua
3263 5001 3504 5070 cogitare
3529 4997 3579 5051 et
3603 4988 3811 5047 sollicite

2184 5110 2363 5167 agere,
2414 5096 2663 5149 errantes
2693 5091 2763 5147 ad
2792 5093 2939 5146 viam
2968 5091 3225 5147 veritatis
3274 5089 3556 5151 deducere,
3588 5080 3809 5167 inﬁrmi”

2183 5191 2454 5249 curare,et
2480 5181 2847 5254 fragilitatem
2875 5183 3116 5252 corporis
3145 5195 3243 5250 per
3270 5178 3609 5234 alacritatem
3626 5166 3810 5223 animi?

2184 5274 2540 5339 continere,et
2552 5270 2623 5325 ad
2639 5285 2879 5326 amorem
2891 5270 3111 5341 pietatis
3132 5278 3187 5324 et
3204 5266 3469 5323 castitatis
3489 5259 3808 5331 conﬁrmares

2185 5366 2237 5418 et
2266 5376 2449 5417 omnes
2481 5361 2802 5416 illuminare
2812 5374 3012 5430 ;super
3041 5357 3227 5414 omnia
3254 5355 3413 5425 ﬁdem
3435 5360 3487 5408 et
3514 5347 3810 5406 charitatem

2186 5450 2437 5523 praebere
2463 5450 2722 5521 singulis,
2743 5463 2841 5521 pro
2870 5448 3048 5504 studio
3077 5463 3291 5519 quoque
3318 5446 3367 5501 et
3395 5436 3699 5528 diligentia,
3720 5438 3806 5528 ηνιξ

2186 5519 2538 5612 simplicitate
2558 5519 2612 5595 et
2640 5519 2961 5595 sinceritate
2991 5537 3319 5608 mentis,pro
3344 5543 3593 5589 mensura
3621 5519 3747 5596 ﬁdei
3762 5519 3805 5569 ϐε

2253 5668 2269 5702 1
2304 5664 2389 5714 Sic
2422 5666 2538 5714 Am.
2571 5664 2652 5713 Er.
2685 5668 2739 5714 et
2765 5663 3010 5714 meliores
3042 5662 3210 5713 nostri
3245 5658 3433 5711 Mss.At
3458 5657 3694 5708 Lov.cum
3718 5638 3800 5694 nli-

2188 5731 2322 5794 quot
2347 5728 2493 5791 Mem,
2522 5729 2571 5780 et
2598 5726 2746 5781 illum
2773 5727 3071 5781 adoramus.
3088 5726 3267 5782 Minus
3291 5723 3445 5778 bene.
