4090 6184
239 319 352 379 705

238 452 430 506 merito
463 447 1150 513 conversatz'onis,gratiam
1175 446 1190 481 ¹
1224 442 1294 498 ad
1322 442 1624 497 utilitatem
1645 437 1882 493 dividere

239 549 285 594 et
305 538 680 607 unusquisque
701 537 761 588 in
781 551 883 605 quo
913 549 1069 603 opere
1087 541 1137 587 et
1165 534 1440 604 preposite
1460 530 1630 600 fuerit
1661 525 1885 581 habilis.

241 630 299 684 in
329 642 448 698 ipso
480 623 926 680 ordinare.l~‘acit
949 621 1070 676 haec
1092 619 1328 693 quidem
1359 618 1608 691 Spiritus
1631 625 1889 671 sanctus:

1687 303 1922 365 LIBER
1967 303 2202 364 UNUS.

3528 305 3646 369 706

1992 434 2284 497 imitatur;
2316 437 2363 491 is
2394 439 2492 507 qui
2519 441 2719 501 orat,et
2752 439 2798 491 is
2828 438 2925 508 qui
2944 437 3167 492 exaudit
3194 455 3215 499 ;
3244 440 3290 492 is
3323 440 3417 508 qui
3435 441 3651 509 gratias

2003 525 2137 593 agit,
2169 532 2220 579 et
2252 527 2296 579 is
2325 529 2419 597 qui
2450 527 2753 588 benedicit;
2776 529 2820 581 is
2850 529 2946 599 qui
2973 529 3199 597 suscipit
3229 528 3571 591 mandatum,
3604 528 3658 583 et

2005 617 2051 669 is
2082 618 2180 686 qui
2208 616 2351 672 dedit
2382 618 2738 680 mandatum;
2768 619 3094 687 minister,et
3138 622 3498 690 prwcipiens;
3528 637 3655 691 sup-

241 717 337 774 sed
366 713 516 770 absit
552 719 616 768 ut
639 713 767 767 sine
798 710 940 765 Filio
963 709 1154 765 faciat.
1188 709 1328 773 Quis
1358 708 1513 764 enim
1539 706 1621 761 sic
1642 704 1831 759 deviet
1861 719 1895 757 a
2000 706 2213 777 plex,et
2242 709 2491 763 eminens
2517 727 2528 773 ;
2563 710 2826 778 subditus,
2862 718 2912 763 et
2943 725 3192 778 superior
3211 727 3232 772 ,·
3255 712 3659 781 unigenitus,et

242 807 332 861 via
360 803 644 870 veritatis,
676 806 743 855 ut
781 804 949 872 neget
1006 816 1038 854 a
1067 798 1292 854 Christo
1325 795 1604 852 custodiri
1642 797 1897 860 sanctos,

244 894 438 967 lapsos
452 897 647 947 autem
678 889 733 945 in
752 893 973 944 statum
1008 888 1321 960 pristinum
1345 885 1598 957 reparari
1613 883 1904 956 ,ignoran-

242 990 328 1041 tes
347 980 564 1050 doceri,
588 978 1000 1035 obliviscentes
1022 977 1345 1047 admoneri,
1378 979 1681 1048 peccantes
1711 971 1900 1044 argui,

245 1074 443 1147 pigros
464 1069 973 1140 hortari,errantes
1004 1067 1075 1122 ad
1104 1067 1256 1121 viam
1280 1064 1541 1121 veritatis
1557 1062 1790 1128 adduci,
1810 1062 1903 1115 in-

247 1162 447 1217 firmos
476 1156 693 1224 sanari,
722 1172 904 1211 oecos
950 1154 1293 1225 illuminari,
1326 1157 1382 1209 et
1412 1161 1615 1209 cetera
1648 1168 1773 1222 quis
1806 1148 1905 1204 isti

247 1249 488 1322 Spiritui
512 1250 734 1312 sancto,
766 1250 1044 1316 tanquam
1086 1243 1247 1300 solus
1267 1260 1335 1299 ea
1367 1243 1559 1309 faciat,
1592 1238 1909 1295 tribuenda

250 1336 646 1412 putaverunt?
677 1335 749 1391 Ut
779 1334 933 1389 enim
966 1335 1038 1390 de
1068 1333 1388 1398 casteris,ne
1421 1331 1659 1403 longum
1691 1330 1789 1393 sit,
1820 1333 1906 1383 ta-

250 1444 406 1484 ceam
434 1444 447 1481 :
484 1424 777 1498 quomodo
810 1423 1109 1494 negabunt
1128 1439 1161 1478 a
1189 1421 1413 1477 Christo
1435 1419 1625 1475 doceri
1648 1423 1901 1484 sanctos,

250 1519 464 1589 quibus
488 1516 641 1569 idem
667 1513 827 1583 dicit,
857 1513 1037 1569 Nolite
1056 1515 1243 1568 vocari
1270 1514 1337 1567 ab
1362 1512 1681 1567 hominibus
1707 1508 1908 1588 rabbi;

256 1623 395 1662 unus
420 1614 501 1660 est
527 1606 675 1659 enim
698 1604 963 1670 magister
976 1607 1148 1658 vester
1160 1601 1404 1657 Christus
1418 1602 1623 1671 (Matth.
1643 1618 1732 1655 χχι
1744 1599 1863 1671 ιι,8)
1880 1597 1909 1651 ‘l

259 1695 545 1768 quomodo
561 1694 856 1765 negabunt
871 1710 904 1747 a
916 1691 1145 1747 Christo
1159 1690 1257 1745 illu
1269 1692 1341 1746 mi
1354 1691 1476 1745 nari
1500 1690 1779 1757 caacos,de
1792 1704 1907 1760 quo

262 1786 543 1855 scriptum
578 1783 797 1854 legunt,
832 1784 971 1837 Erat
1002 1782 1185 1836 lumen
1214 1796 1425 1849 verum,
1449 1796 1480 1850 q
1527 1778 1593 1834 od
1624 1779 1911 1832 illuminat

255 1890 463 1930 omnem
486 1873 764 1928 hominem
792 1872 973 1939 (Joan.
1010 1886 1049 1939 ι,
1070 1869 1167 1941 9)?
1199 1870 1456 1940 Spiritus
1482 1884 1617 1939 ergo
1648 1871 1913 1941 sanctus,

260 1964 410 2019 sicut
449 1961 574 2017 sine
633 1959 861 2016 Christo
923 1976 1035 2015 non
1068 1958 1235 2014 docet
1255 1957 1677 2013 autilluminat
1710 1972 1913 2027 quem-

264 2050 539 2123 quam,ita
550 2050 676 2107 sine
689 2048 919 2105 Christo
940 2065 1054 2103 non
1068 2047 1392 2103 sanctificat
1412 2047 1753 2118 quidquam.
1766 2045 1912 2100 Illud

261 2145 452 2197 autem
477 2140 630 2211 quod
657 2155 758 2211 per
779 2137 1119 2209 prophetam
1151 2142 1299 2192 Deus
1320 2136 1556 2207 dicit,Ut
1577 2139 1755 2192 sciant
1785 2135 1915 2206 quia

256 2246 344 2301 ego
364 2246 489 2285 sum
516 2229 615 2301 qui
655 2228 935 2297 sancti/ica
963 2243 1051 2283 eos
1079 2226 1269 2295 (Exod.
1304 2244 1457 2293 xxxi,
1492 2227 1578 2297 13)
1604 2225 1853 2297 ;eligant
1883 2242 1917 2281 a

260 2336 370 2392 quo
400 2318 624 2373 dictum
646 2315 826 2372 velint
855 2315 1175 2371 credere.Si
1204 2333 1236 2369 a
1269 2316 1451 2383 Patre,
1485 2332 1589 2369 cur
1618 2315 1691 2369 ab
1724 2331 1789 2369 eo
1820 2330 1915 2369 se-

260 2411 468 2479 parant
496 2422 673 2478 opera
696 2404 951 2476 Spiritus
968 2403 1153 2459 sancti
1176 2404 1358 2474 ”,cum
1377 2404 1728 2460 sanctiﬁcari
1747 2419 1917 2458 sanc-

269 2500 359 2553 tos
380 2496 453 2551 ab
485 2495 703 2566 Spiritu
739 2498 939 2549 sancto
960 2498 1243 2565 tanquam
1277 2493 1509 2564 proprie
1540 2510 1605 2549 ac
1624 2492 1916 2564 separabi-

268 2583 400 2639 liter
421 2582 678 2656 putant?
709 2582 766 2638 Si
797 2600 829 2637 a
862 2582 1237 2646 I’ilio,saltem
1270 2583 1342 2637 ab
1372 2583 1499 2653 ipso
1518 2600 1631 2638 non
1650 2587 1923 2654 separent

264 2690 442 2746 opera
473 2672 919 2729 sanctificatoris
949 2670 1203 2743 Spiritus
1242 2672 1451 2726 sancti.
1501 2672 1559 2726 Si
1597 2672 1667 2726 ab
1699 2671 1920 2743 Spiritu

260 2766 486 2829 sancto,
519 2761 672 2817 Deus
704 2767 792 2817 est
817 2761 991 2816 etiam
1035 2760 1287 2832 Spiritus
1344 2766 1601 2831 sanctus,
1638 2762 1794 2833 quod
1837 2749 1923 2816 illi

264 2855 492 2919 nolunt,
533 2850 634 2921 qui
669 2866 771 2922 per
801 2846 1146 2921 Prophetam
1177 2848 1340 2916 dixit,
1377 2850 1438 2906 Ut
1465 2852 1644 2905 sciant
1673 2852 1803 2922 quia
1830 2866 1924 2922 ego

260 2956 382 2995 sum
404 2939 505 3012 qui
528 2939 805 3008 sancti/ica
829 2954 937 2993 eas.
964 2938 1020 2993 Si
1045 2942 1262 3005 autem,
1288 2938 1438 3010 quod
1475 2938 1687 2995 melius
1714 2938 1927 2994 intelli-

270 3030 454 3102 gitur,
476 3044 585 3083 vox
628 3026 727 3082 illa
756 3028 943 3099 ipsius
980 3027 1283 3083 Trinitatis
1313 3032 1402 3083 est
1424 3043 1527 3099 per
1556 3028 1923 3100 Prophetam,

263 3118 430 3173 nullo
463 3117 791 3181 dubitante,
840 3133 997 3172 unus
1027 3120 1115 3172 est
1144 3120 1293 3171 Deus
1325 3121 1495 3173 Pater
1523 3122 1579 3173 et
1636 3118 1816 3174 Filius
1872 3123 1929 3175 et

260 3206 525 3279 Spiritus
573 3209 831 3274 sanctus,
881 3222 949 3261 ex
978 3221 1093 3277 quo
1114 3205 1330 3276 omnia,
1383 3222 1485 3277 per
1505 3224 1675 3279 quem
1708 3209 1928 3276 omnia,

262 3289 320 3352 in
345 3313 469 3368 quo
494 3296 711 3362 omnia;
729 3294 841 3367 ipsi
867 3294 1122 3368 gloriain
1146 3293 1359 3351 saecula
1372 3296 1928 3355 saeculorum.Amen

263 3386 447 3458 (Rom.
507 3401 585 3451 x1,
620 3384 730 3455 36).

338 3472 578 3531 CAPUT
610 3472 852 3528 XXXIII.
884 3502 957 3515 —
981 3472 1070 3527 31.
1103 3476 1244 3528 Cum
1267 3472 1466 3544 itaque
1497 3475 1786 3531 fateamur
1806 3476 1931 3532 ﬁeri

263 3564 335 3620 ab
356 3563 582 3635 Spiritu
600 3567 956 3632 sancto,qua3
970 3563 1041 3617 ab
1056 3561 1155 3618 illo
1171 3562 1291 3618 fieri
1307 3572 1931 3622 commemoraverunt.

267 3670 386 3708 non
435 3656 628 3708 estex
657 3667 723 3706 eo
740 3667 1102 3720 consequens
1149 3655 1302 3722 quod
1336 3652 1705 3724 adjungunt:
1752 3655 1936 3712 Alium

264 3757 384 3798 esse
414 3759 452 3796 a
483 3740 622 3795 Filio
653 3740 923 3808 Spiritum
954 3743 1202 3795 sanctum
1222 3750 1428 3795 natura
1454 3749 1504 3797 et
1530 3742 1938 3812 ordine,gradu

272 3836 324 3886 et
354 3831 584 3903 aﬂectu,
617 3828 882 3899 dignitate
910 3836 963 3884 et
985 3833 1270 3900 potestate,
1302 3831 1502 3885 virtute
1527 3840 1579 3887 et
1604 3836 1935 3905 Operatione,

270 3918 769 3990 Quandoquidem
816 3934 920 3972 nec
971 3918 1273 3973 hominum
1316 3919 1542 3975 diversa
1597 3926 1808 3976 natura
1829 3930 1937 3978 est.

274 4025 538 4081 quorum
564 4006 914 4079 separabilia
936 4023 1109 4078 opera
1131 4022 1259 4073 esse
1284 4012 1550 4078 possunt,
1575 4010 1725 4079 quod
1750 4010 1939 4066 Trini-

274 4098 424 4153 tatis
458 4112 587 4151 esse
620 4113 735 4150 non
752 4101 1015 4167 possunt.
1037 4096 1190 4151 Ordo
1206 4097 1940 4170 autem,gradus,atfectus,

276 4187 385 4259 qui
414 4184 712 4241 invenitur
731 4185 789 4240 in
806 4188 1083 4240 creaturae
1110 4185 1495 4256 disparilitate
1508 4187 1941 4257 etinfirmitate,

276 4275 495 4331 nullus
526 4278 616 4330 est
644 4273 703 4328 in
729 4273 831 4328 illa
860 4278 1144 4329 coaeterna
1173 4278 1230 4329 et
1260 4274 1467 4346 aequali
1518 4281 1575 4331 et
1597 4276 1945 4349 impassibili

274 4364 593 4421 Trinitate.
620 4362 883 4434 Dignitas
916 4379 1067 4429 vero,
1103 4368 1381 4434 potestas,
1414 4364 1620 4434 virtus,
1655 4369 1948 4437 quomodo

282 4472 407 4511 non
434 4451 679 4525 aqualis
708 4456 798 4508 est
826 4451 1124 4516 omnibus,
1154 4452 1253 4523 qui
1285 4456 1343 4507 et
1372 4453 1573 4508 eadem
1596 4458 1652 4509 et
1682 4454 1953 4513 similiter

280 4541 660 4617 operantur?
688 4542 851 4606 Quod
872 4540 1025 4597 enim
1058 4540 1261 4596 dicunt
1289 4556 1388 4596 eos
1410 4543 1742 4613 operatione
1764 4545 1951 4601 diver-

280 4650 410 4698 sos,
434 4632 547 4687 hoc
576 4629 815 4686 omnino
846 4629 1059 4686 falsum
1096 4646 1224 4685 esse
1253 4630 1632 4686 convicimus.

358 4718 604 4777 CAPUT
634 4718 875 4774 XXXIV.
908 4749 974 4760 -—
1003 4720 1092 4775 32.
1139 4718 1300 4784 Quod
1360 4723 1555 4774 autem
1598 4720 1656 4774 in
1692 4719 1805 4777 isto
1835 4739 1956 4779 ser-

285 4827 478 4868 mone
507 4809 881 4876 subneclunt,
911 4807 1251 4879 lmpossibite
1280 4824 1394 4863 esse
1443 4812 1505 4863 ut
1542 4825 1684 4865 unus
1710 4811 1960 4883 idemque

283 4905 365 4957 sit
397 4902 569 4957 Pater
595 4902 649 4953 et
677 4898 872 4963 Filius,
902 4914 1169 4969 generans
1199 4902 1253 4952 et
1282 4913 1511 4953 nascens
1532 4916 1555 4963 ;
1593 4900 1685 4953 cui
1713 4903 1959 4955 testimo-

284 4991 461 5045 nium
481 4987 876 5059 perhibetur,et
895 4988 997 5060 qui
1015 4988 1389 5043 testimonium
1408 4988 1653 5058 perhibet
1672 4991 1959 5060 ,vnajor,et

284 5080 339 5135 is
360 5078 471 5151 qui
493 5081 765 5149 majorem
784 5078 1073 5148 conﬁtetur
1089 5094 1111 5140 ;
1128 5078 1174 5132 is
1195 5078 1289 5148 qui
1304 5076 1373 5132 ad
1393 5076 1674 5132 dexteram
1693 5080 1844 5134 sedet
1863 5088 1958 5135 aut

285 5172 432 5237 stat,
458 5175 513 5222 et
540 5170 589 5222 is
610 5167 707 5239 qui
734 5168 885 5222 sedis
913 5167 1005 5221 dat
1035 5166 1330 5227 honorem;
1362 5168 1459 5237 qui
1496 5169 1694 5222 missus
1715 5172 1812 5236 est,
1837 5172 1889 5223 et
1918 5170 1967 5224 is

286 5259 401 5329 qui
421 5257 579 5311 misit
594 5272 614 5317 .·
643 5272 744 5310 nec
770 5255 1079 5325 discipulus
1111 5260 1163 5311 et
1192 5255 1397 5325 doctor,
1426 5263 1483 5309 ut
1518 5256 1635 5325 ipse
1664 5256 1844 5313 docuit
1876 5258 1966 5312 di-

286 5361 454 5411 cens,
492 5365 519 5397 α
546 5345 726 5401 Sicuti
745 5345 929 5400 docuit
950 5361 1036 5400 me
1057 5345 1319 5411 Pater,sic
1350 5344 1539 5414 loquor
1568 5366 1597 5394 »
1628 5347 1806 5412 (Joan.
1840 5364 1964 5413 vm,

288 5434 395 5501 28)
415 5450 441 5495 .’
472 5435 676 5489 similis
705 5442 759 5489 et
788 5436 1051 5498 imitator,
1075 5443 1127 5490 et
1156 5436 1205 5489 is
1230 5435 1384 5505 cujus
1413 5442 1491 5488 est
1516 5436 1717 5490 similis
1737 5445 1972 5507 etquem

368 5650 387 5686 ί
425 5648 569 5697 Editi
598 5647 827 5705 addunt,
858 5647 1189 5709 donationis;
1221 5645 1363 5711 quod
1396 5646 1547 5695 abest
1572 5661 1608 5711 Aa
1635 5647 1764 5697 Mss.

366 5714 393 5749 ί
436 5711 535 5761 Hic
563 5713 711 5771 Lov.,
740 5711 1133 5774 sanctiﬁcatoris
1162 5709 1387 5770 Spiritus
1414 5709 1597 5759 sancti.

2006 799 2324 867 ingenitus;
2352 801 2629 865 sacerdos,
2662 807 2712 855 et
2740 802 2910 855 Deus:
2944 817 3012 854 ex
3043 806 3203 871 parte
3246 801 3444 873 aliqua
3477 802 3656 856 veris-

2007 889 2153 945 sime
2176 890 2399 955 dicunt,
2425 890 2525 945 sed
2557 907 2625 945 ea
2654 895 2855 946 contra
2890 890 3273 957 Sabellianos,
3310 910 3424 949 non
3456 897 3659 948 contra

2007 977 2330 1033 Catholicos
2360 978 2677 1035 dicant.llli
2706 979 2860 1035 enim
2886 997 3069 1035 unum
3101 982 3438 1037 eteumdem
3459 982 3663 1038 dicunt

2009 1067 2217 1123 Filium
2250 1086 2377 1124 esse
2408 1069 2507 1139 qui
2544 1073 2713 1124 Pater
2739 1074 2859 1124 est:
2895 1086 3002 1124 nos
3034 1074 3227 1125 autem
3262 1071 3490 1126 Patrem
3535 1072 3662 1144 gig-

2012 1164 2243 1213 nentem
2277 1162 2334 1212 et
2359 1157 2567 1212 Filium
2588 1158 2851 1229 genitum
2884 1158 3030 1214 duas
3053 1160 3304 1215 dicimus
3326 1176 3454 1216 esse
3475 1176 3666 1232 perso-

2012 1247 2246 1314 nas,sed
2279 1264 2393 1302 non
2426 1248 2571 1303 duas
2623 1248 2998 1320 diversasque
3054 1260 3312 1305 naturas.
3373 1250 3497 1305 Non
3531 1267 3666 1324 ergo

2014 1353 2169 1391 unus
2201 1340 2258 1391 et
2308 1337 2459 1391 idem
2508 1340 2597 1392 est
2629 1338 2796 1392 Pater
2850 1344 2906 1393 et
2935 1336 3134 1406 Filius,
3170 1341 3269 1394 sed
3303 1357 3488 1394 unum
3527 1343 3669 1395 sunt

2018 1426 2180 1480 Pater
2199 1430 2256 1479 et
2288 1425 2487 1480 Filius.
2510 1426 2671 1489 Quod
2705 1444 2836 1481 vero
2866 1428 3051 1499 major
3077 1432 3164 1482 est
3194 1428 3379 1495 Pater,
3405 1446 3521 1483 non
3546 1445 3672 1499 per-

2015 1514 2162 1568 tinet
2190 1515 2260 1569 ad
2287 1521 2549 1571 naturam
2582 1516 2874 1588 gignentis
2905 1522 2961 1571 et
2991 1517 3190 1588 geniti,
3215 1519 3314 1572 sed
3336 1517 3591 1573 hominis
3611 1522 3670 1573 et

2017 1603 2116 1657 Dei
2143 1621 2155 1658 :
2180 1606 2501 1659 secundum
2527 1622 2706 1676 quam
2758 1607 3004 1660 formam
3029 1608 3284 1677 suscepti
3310 1606 3587 1673 hominis,
3614 1611 3671 1663 et

2019 1692 2090 1746 ad
2114 1692 2409 1748 dexteram
2444 1693 2633 1749 Patris
2655 1695 2815 1749 sedet
2839 1692 2926 1751 vel
2977 1699 3113 1763 stat,
3148 1700 3203 1749 et
3224 1700 3367 1762 orat,
3393 1701 3449 1750 et
3484 1695 3673 1767 gratia

2018 1780 2220 1852 agit,et
2241 1782 2510 1837 sacerdos
2533 1786 2703 1846 est,et
2722 1782 2992 1837 minister
3020 1788 3192 1848 est,et
3213 1782 3457 1854 supplex
3478 1788 3591 1851 est,
3616 1790 3675 1841 et

2018 1869 2288 1925 subditus
2309 1874 2433 1925 est:
2468 1872 2792 1925 secundum
2818 1876 3011 1926 autem
3054 1871 3301 1927 formam
3326 1872 3449 1942 Dei,
3483 1873 3541 1927 in
3566 1890 3679 1944 qua

2017 1958 2255 2028 aequalis
2275 1964 2364 2013 est
2387 1959 2913 2030 Patri,unigenitus
2946 1966 3035 2015 est
3072 1965 3129 2016 et
3158 1962 3416 2034 gignenti
3444 1967 3683 2017 coaeter-

2019 2064 2151 2101 nus.
2177 2046 2246 2102 Et
2274 2046 2409 2102 licet
2433 2048 2510 2102 sit
2535 2048 2931 2119 primogenitus
2964 2051 3421 2116 omniereaturm,
3455 2052 3589 2123 quia
3620 2053 3681 2107 in

2016 2137 2113 2191 illo
2124 2137 2350 2192 condita
2369 2138 3003 2210 suntomnia,priusque
3023 2138 3119 2193 ille
3141 2145 3229 2195 est
3247 2141 3480 2212 genitus
3500 2158 3678 2210 quam

2021 2224 2141 2280 haec
2190 2226 2457 2295 condita;
2507 2232 2705 2282 tamen
2756 2228 3149 2299 sempiternus
3201 2236 3289 2284 est
3312 2229 3465 2285 sicut
3490 2231 3678 2301 Pater,

2022 2331 2127 2370 nec
2158 2316 2331 2387 cmpit
2352 2332 2420 2371 ex
2453 2321 2879 2389 lempore.Nam
2911 2321 2967 2372 et
2999 2323 3225 2373 Patrem
3250 2318 3577 2375 rectissime
3599 2318 3684 2373 di-

2022 2404 2212 2459 cimus
2237 2406 2486 2477 priorem
2521 2423 2648 2462 esse
2687 2423 2866 2477 quam
2900 2407 3170 2463 universa
3224 2424 3348 2479 qua:
3398 2408 3687 2465 condidit.

2025 2494 2294 2565 quamvis
2323 2494 2557 2565 genitus
2586 2512 2697 2550 non
2740 2495 2834 2551 sit.
2867 2495 3024 2550 Nihil
3055 2497 3205 2551 enim
3249 2502 3367 2552 tam
3400 2499 3681 2568 primum,

2026 2599 2203 2653 quam
2226 2582 2282 2637 id
2316 2589 2449 2639 ante
2478 2585 2632 2655 quod
2665 2584 2810 2639 nihil
2832 2585 3057 2640 estSed
3082 2586 3256 2641 sicuti
3277 2586 3419 2641 nihil
3444 2592 3531 2642 est
3553 2592 3688 2643 ante

2027 2671 2252 2727 Patrem
2279 2689 2291 2737 ;
2315 2672 2397 2726 ita
2419 2673 2565 2727 nihil
2598 2679 2686 2728 est
2707 2678 2840 2729 ante
2880 2674 3247 2745 unigenitum
3274 2675 3504 2745 Filium,
3528 2674 3685 2731 Patri

2029 2760 2229 2830 utique
2260 2765 2834 2833 coaaternum.Neque
2864 2763 3020 2816 enim
3055 2764 3190 2833 quia
3222 2763 3317 2817 ille
3339 2764 3560 2835 genuit,
3586 2763 3685 2819 ille

2026 2849 2258 2921 genitus
2289 2854 2395 2917 est,
2427 2849 2555 2905 ideo
2576 2855 2664 2906 est
2690 2851 2851 2906 Pater
2878 2856 3138 2922 tempore
3157 2852 3430 2907 anterior.
3455 2852 3600 2907 Nam
3633 2851 3683 2907 si

2027 2938 2179 2994 inter
2199 2942 2427 2994 Patrem
2476 2940 2810 3013 gignentem
2841 2945 2897 2995 et
2935 2942 3200 3013 genitum
3246 2941 3425 2997 Filius
3447 2940 3683 3013 aliquod

2027 3033 2261 3100 tempus
2282 3034 2389 3099 est,
2423 3030 2679 3101 profecto
2701 3034 2937 3100 tempus
2957 3035 3042 3085 est
3069 3036 3201 3087 ante
3222 3030 3456 3097 Filium,
3479 3036 3531 3087 et
3566 3047 3684 3087 non

2030 3122 2119 3173 est
2140 3119 2263 3189 jam
2314 3118 2494 3174 Filius
2512 3121 2907 3190 primogenitus
2935 3122 3115 3175 omnis
3147 3124 3435 3185 creaturae,
3469 3121 3609 3192 quia
3632 3123 3691 3175 et

2031 3210 2266 3278 tempus
2294 3207 2496 3278 utique
2518 3213 2783 3264 creatura
2811 3212 2899 3264 est
2928 3224 2942 3264 :
2979 3225 3082 3264 nec
3113 3210 3302 3264 omnia
3336 3225 3435 3280 per
3478 3210 3687 3280 ipsum,

2034 3297 2083 3352 si
2105 3300 2336 3367 tempus
2368 3301 2502 3352 ante
2530 3296 2727 3369 ipsum
2756 3315 2770 3364 ;
2792 3298 2903 3364 ,sed
2926 3298 3111 3352 omnia
3136 3314 3236 3369 per
3263 3300 3443 3369 ipsum
3465 3299 3689 3370 (Coloss.

2036 3403 2072 3453 ι,
2098 3387 2183 3453 15,
2202 3387 2310 3456 16).
2328 3385 2555 3441 nullum
2575 3403 2706 3456 ergo
2721 3392 2953 3457 tempus
2971 3391 3103 3442 ante
3119 3386 3426 3459 ipsum.Ac
3440 3404 3542 3460 per
3558 3388 3690 3458 hoc,

2036 3476 2535 3547 quemadmodum
2561 3474 2713 3546 ignis
2734 3478 2790 3529 et
2810 3474 3088 3546 splendor
3133 3475 3233 3547 qui
3261 3492 3327 3530 ex
3350 3477 3484 3548 igne
3503 3475 3695 3548 gigni-

2036 3569 2133 3619 tur
2162 3570 2219 3619 et
2248 3564 2701 3635 circumquaque
2750 3563 3116 3629 diffunditur,
3177 3564 3353 3620 simul
3386 3582 3514 3619 esse
3544 3565 3695 3620 inci-

2039 3653 2340 3726 piunt,nec
2356 3653 2589 3723 genitus
2602 3651 2917 3722 agignente
2939 3652 3312 3723 praeceditur:
3334 3653 3418 3707 sic
3432 3653 3586 3708 Deus
3603 3653 3699 3708 Pa-

2040 3748 2129 3797 ter
2158 3747 2214 3797 et
2243 3742 2395 3797 Deus
2427 3742 2498 3795 de
2529 3741 2642 3795 Deo
2662 3739 2842 3797 Filius
2872 3757 3000 3796 esse
3031 3740 3210 3795 simul
3233 3741 3541 3813 incipiunt,
3563 3740 3702 3812 quia

2043 3830 2261 3904 pariter
2289 3829 2414 3885 sine
2434 3829 2548 3885 ullo
2583 3828 2749 3884 initio
2778 3829 3056 3900 temporis
3078 3835 3237 3900 sunt,
3270 3847 3375 3886 nec
3405 3830 3638 3902 genitus
3669 3845 3704 3884 a

2043 3923 2318 3993 gignente
2344 3920 2707 3991 praeceditur.
2736 3920 2803 3974 Et
2823 3919 2974 3973 sicut
2995 3919 3147 3991 ignis
3171 3919 3417 3992 gignens
3439 3924 3496 3975 et
3512 3919 3709 3989 splen-

2046 4012 2153 4066 dor
2173 4009 2404 4082 genitus
2427 4007 2597 4063 coaevi
2620 4012 2761 4064 sunt
2786 4033 2799 4070 ς
2824 4008 2903 4062 ita
2948 4008 3103 4064 Deus
3142 4009 3311 4063 Pater
3360 4009 3608 4081 gignens
3649 4010 3707 4062 et

2050 4106 2199 4156 Deus
2226 4098 2403 4153 Filius
2424 4099 2655 4171 genitus
2674 4097 2943 4153 coaeterni
2967 4102 3122 4152 sunt.
3148 4098 3255 4152 Sed
3288 4098 3427 4170 quia
3478 4098 3587 4153 iste
3619 4099 3711 4152 est

2050 4190 2121 4244 de
2152 4188 2272 4259 illo,
2301 4204 2415 4241 non
2448 4185 2544 4241 ille
2575 4186 2646 4241 de
2676 4185 2810 4255 isto,
2829 4186 2958 4241 ideo
2988 4191 3044 4240 et
3075 4186 3417 4241 mandatum
3442 4185 3655 4257 accipit
3675 4200 3710 4241 a

2053 4279 2240 4344 Patre,
2266 4293 2399 4332 cum
2432 4276 2778 4330 mandatum
2800 4274 2923 4347 ipse
2953 4275 3265 4343 sitPatris;
3298 4280 3355 4329 et
3385 4276 3553 4329 docet
3573 4290 3707 4328 eum

2055 4372 2241 4433 Pater,
2276 4382 2408 4420 cum
2441 4366 2565 4436 ipse
2595 4363 2673 4418 sit
2702 4369 2943 4434 paterna
2972 4364 3253 4419 doctrina.
3279 4364 3372 4419 Sic
3390 4363 3544 4418 enim
3560 4360 3710 4416 acci-

2057 4458 2140 4528 pit
2160 4474 2193 4511 a
2225 4456 2390 4510 Patre
2418 4454 2615 4521 vitam,
2658 4469 2789 4506 cum
2823 4453 2975 4508 sicut
2997 4453 3166 4508 Pater
3195 4452 3319 4525 ipse
3359 4453 3435 4508 sit
3455 4452 3606 4507 vita:
3634 4452 3715 4506 ita

2058 4551 2147 4601 est
2173 4550 2229 4600 et
2245 4543 2397 4598 Patri
2431 4541 2736 4606 similis,ut
2757 4542 2816 4596 in
2850 4541 3099 4597 nullosit
3119 4542 3357 4598 omnino
3379 4540 3710 4597 dissimilis.

2056 4632 2478 4690 Testimonium
2512 4648 2642 4686 vero
2666 4648 2798 4687 cum
2822 4631 3067 4687 invicem
3098 4632 3210 4688 sibi
3244 4632 3588 4704 perhibeant
3606 4631 3716 4686 Pa-

2060 4730 2146 4779 ter
2176 4728 2233 4778 et
2278 4721 2483 4787 Filius,
2515 4721 2804 4791 quomodo
2847 4720 2943 4775 isti
2977 4721 3224 4777 alterum
3259 4738 3457 4777 eorum
3501 4719 3717 4776 faciant

2062 4812 2462 4869 testimonium
2496 4809 2979 4881 perhibentem,et
2999 4809 3245 4866 alterum
3278 4811 3371 4866 cui
3391 4807 3721 4864 testimoni-

2066 4919 2163 4957 um
2194 4900 2587 4973 perhibeatur,
2622 4898 2843 4970 ignoro.
2878 4899 3079 4955 Nonne
3114 4905 3284 4956 Pater
3324 4899 3485 4966 dicit,
3518 4898 3613 4950 Hic
3643 4896 3721 4950 est

2066 4992 2243 5047 Filius
2300 5005 2453 5044 meus
2498 4988 2730 5043 dilectus
2770 4988 2980 5059 (Matth.
3017 5006 3101 5055 III,
3136 4988 3274 5057 t7)?
3307 4988 3508 5044 Nonne
3556 4982 3719 5050 dicit,

2074 5080 2461 5137 Testimonium
2487 5078 2736 5150 perhibet
2746 5078 2810 5133 de
2827 5095 2934 5145 me,
2959 5079 3214 5150 quimisit
3229 5095 3337 5146 me,
3353 5078 3520 5131 Pater
3542 5075 3720 5144 (Joan.

2070 5187 2190 5234 vm,
2215 5169 2303 5239 48)
2333 5168 2361 5223 ?
2390 5169 2504 5224 Cur
2532 5183 2668 5239 ergo
2728 5183 2826 5222 eos
2849 5168 2929 5222 ita
2974 5168 3369 5239 distinguunt,
3402 5170 3468 5219 ut
3489 5167 3719 5217 Patrem

2076 5259 2272 5315 dicant
2309 5257 2403 5312 cui
2434 5257 2835 5312 testimonium
2868 5256 3222 5327 perhibetur,
3279 5258 3337 5309 et
3388 5252 3592 5307 Filium
3624 5248 3725 5321 qui

2076 5345 2379 5421 perhibet?
2395 5350 2507 5401 Cur
2536 5362 2721 5413 usque
2750 5346 2819 5400 ad
2855 5345 2965 5399 ista
2986 5348 3124 5398 sunt
3152 5343 3498 5414 vani,usque
3521 5340 3591 5395 ad
3615 5339 3729 5394 ista

2075 5437 2260 5501 surdi,
2280 5452 2467 5506 usque
2490 5435 2559 5489 ad
2592 5434 2705 5489 ista
2735 5433 2864 5488 caeci
2886 5436 2910 5484 .9
2934 5433 3014 5488 De
3044 5432 3207 5488 Patre
3237 5437 3430 5487 autem
3464 5428 3730 5485 mittente

2077 5533 2133 5583 et
2164 5527 2343 5581 misso
2375 5525 2535 5591 Filio,
2559 5524 2686 5593 jam
2721 5523 2777 5577 in
2821 5522 3223 5593 superioribus
3256 5522 3436 5591 hujus
3458 5519 3730 5589 disputa-

2078 5615 2255 5673 tionis
2289 5614 2553 5686 partibus
2587 5613 2728 5666 satis
2756 5611 3105 5683 abundeque
3134 5615 3447 5667 tractatum
3477 5612 3586 5664 est.

2151 5702 2382 5760 CAPUT
2411 5699 2627 5756 XXXV.
2662 5700 2731 5739 έ-
2759 5700 2847 5756 33.
2880 5699 3194 5774 Nunquam
3226 5718 3387 5772 sane,
3416 5706 3480 5756 ut
3517 5696 3732 5772 impie-
