4090 6184
447 276 567 335 ’ΊΟἾ
772 265 1211 331 ADMONITIO
1255 265 1335 324 IN
1380 256 1931 323 COLLATIONEM
1979 259 2079 319 ET
2122 256 2403 319 LIBROS
2449 257 2654 319 DUOS
2699 258 3013 319 CONTRA
3058 257 3539 322 MAXIMINUM.
3713 266 3815 325 708

448 411 538 463 tas
570 406 685 460 ista
716 402 941 467 delirat,
974 403 1136 454 Pater
1160 396 1425 469 praescius
1458 403 1581 449 erat
1602 409 1659 448 se
1688 392 1968 459 unigcniti
1994 392 2096 445 Dei

449 500 667 550 Patrem
686 494 941 563 futurum
962 510 979 554 ,-
1001 488 1139 560 quia
1170 500 1469 556 nunquam
1499 498 1611 536 non
1637 481 1802 536 Pater
1823 484 1963 545 erat,
1990 479 2091 534 ha-

444 587 587 640 bens
610 582 818 638 Filium
851 583 1222 641 coaeternum,
1272 579 1328 628 et
1359 588 1643 645 generans
1674 570 1801 625 sine
1831 574 2089 640 tempore

439 690 541 746 per
571 688 744 744 quem
787 667 1047 724 condidit
1066 670 1350 735 tempora.
1384 662 1454 716 Et
1485 660 1636 715 sicut
1665 659 1846 714 Deum
1880 675 1942 713 se
1973 674 2087 712 non

434 762 721 835 praescivit
747 760 1010 813 futurum
1046 754 1201 826 quod
1237 767 1469 823 semper
1520 754 1679 816 erat;
1725 748 1809 802 sic
1862 764 1964 802 nec
1990 748 2091 801 Pa-

436 859 608 919 trem,
631 848 767 921 quia
794 863 927 901 cum
962 843 1103 899 Filio
1125 857 1356 913 semper
1387 843 1510 895 erat
1541 854 1555 893 :
1590 854 1689 893 nec
1716 854 1920 905 magno
1952 836 2090 891 Filio

436 942 740 1013 major,nec
763 939 896 993 bono
916 935 1114 989 melior
1138 950 1150 1000 ;
1178 930 1314 1003 quia
1362 946 1476 985 non
1510 927 1666 983 Patri
1700 931 1952 1008 tantum,
1989 926 2090 980 sed

438 1031 718 1086 universae
741 1025 1013 1082 Trinitati
1046 1023 1268 1077 dictum
1300 1024 1408 1085 est,
1443 1020 1513 1072 Tu
1542 1034 1596 1073 es
1632 1018 1770 1071 Deus
1798 1014 1952 1070 solus
1973 1030 2090 1068 ma-

436 1137 577 1192 gnus
596 1118 765 1191 (Psal.
802 1131 995 1170 Lxxxv.
1014 1111 1127 1167 Nec
1159 1112 1228 1165 de
1258 1113 1425 1163 Patre
1454 1111 1707 1175 tantum,
1733 1106 1831 1160 sed
1866 1104 1935 1158 de
1958 1102 2093 1192 uni-

428 1226 596 1265 versa
615 1206 901 1263 Trinitate
925 1206 1075 1257 recte
1098 1198 1445 1269 intelligitur
1467 1196 1683 1250 dixisse
1709 1194 1864 1248 idem
1890 1191 2092 1273 Filius,

429 1302 599 1354 Nemo
631 1298 821 1359 bonus,
853 1293 969 1347 nisi
1000 1306 1143 1345 unus
1192 1289 1333 1342 Deus
1367 1288 1559 1351 (Marc.
1612 1301 1667 1353 x,
1695 1283 1820 1352 18);
1857 1281 2094 1352 quando

432 1405 563 1443 eum
586 1382 896 1457 appellavit
931 1380 1281 1450 magistrum
1299 1372 1649 1442 bonum,qui
1673 1387 1805 1426 eum
1832 1371 2093 1425 nondum

443 1471 995 1542 intelligebatDeum
1018 1486 1029 1522 :
1056 1472 1334 1537 tanquam
1358 1464 1593 1533 diceret,
1614 1462 1671 1516 Si
1688 1477 1831 1516 voca
1851 1460 2096 1538 bonum,

438 1562 696 1633 intellige
736 1561 955 1625 Deum;
991 1573 1160 1611 nemo
1192 1555 1348 1609 enim
1381 1550 1707 1617 bonus,nisi
1740 1566 1894 1604 unus
1916 1548 2094 1613 Deus,

440 1654 697 1710 Trinitas
718 1665 853 1721 ergo
888 1664 1039 1701 unus
1071 1646 1223 1701 Deus
1284 1643 1445 1698 solus
1498 1656 1744 1711 magnus
1802 1642 1858 1693 et
1888 1639 2095 1707 bonus,

439 1743 533 1799 cui
566 1740 666 1796 uni
699 1744 755 1794 et
784 1737 912 1803 soli,
947 1737 1095 1791 sicut
1139 1731 1400 1805 praecipit
1431 1730 1521 1786 lex
1552 1731 1699 1800 ejus,
1734 1728 1834 1783 illa
1858 1744 1984 1798 quas
2015 1726 2098 1781 1a-

441 1831 552 1890 tria
583 1828 798 1883 dicitur
820 1826 1092 1881 servitute
1116 1822 1420 1878 servimus.

516 1917 746 1973 CAPUT
775 1914 1011 1970 XXXVI.
1044 1944 1111 1952 -—
1143 1913 1228 1966 34.
1264 1909 1428 1964 Absit
1460 1913 1653 1964 autem
1697 1910 1761 1960 ut
1808 1904 2096 1969 dicamus,

434 2004 806 2069 humilitatis,
835 2020 949 2059 non
982 2001 1239 2056 veritatis
1273 1999 1461 2072 gratia
1512 1997 1725 2053 Filium
1781 1992 2098 2065 aliquando

436 2100 518 2154 sic
553 2097 729 2168 loqui,
761 2100 823 2150 ut
855 2111 916 2149 se
948 2094 1100 2148 Patri
1126 2092 1403 2163 subjiciat
1423 2106 1676 2161 eumque
1702 2088 1981 2158 majorem
2014 2100 2101 2139 es.

446 2206 506 2243 se
538 2192 800 2243 testetur.
834 2182 1110 2239 Novimus
1134 2181 1349 2252 quippe
1372 2180 1431 2234 in
1474 2178 1615 2234 Filio
1648 2179 1893 2232 formam
1927 2172 2099 2234 servi,

448 2296 563 2333 non
594 2277 789 2331 ﬁctam
824 2270 1410 2341 simulatamque,sed
1426 2286 1619 2325 veram
1645 2270 1909 2338 :propter
1923 2280 2097 2335 quem

446 2366 669 2421 scilicet
699 2365 1022 2418 humanum
1046 2360 1395 2421 habitum.et
1423 2362 1653 2429 propter
1683 2356 1837 2428 quod
1872 2355 1995 2427 ipse
2029 2353 2099 2407 de

450 2456 760 2521 Patre,non
792 2450 1048 2506 Pater'de
1076 2448 1173 2504 illo
1205 2448 1357 2503 Deus
1389 2446 1646 2512 est,dicit
1674 2444 1774 2499 illa
1804 2443 2099 2508 omnia,de

444 2546 660 2614 quibus
690 2544 785 2598 isti
821 2542 1182 2597 occasionem
1201 2538 1514 2610 accipiunt,
1540 2538 1799 2591 diversas
1834 2534 2020 2588 Patris
2041 2536 2099 2587 et

443 2634 569 2688 Filii
601 2633 834 2688 credere
860 2647 924 2686 ac
956 2629 1267 2701 praedicare
1299 2634 1558 2682 naturas.
1586 2626 1654 2680 Et
1692 2640 1823 2679 cum
1856 2640 1918 2678 se
1935 2625 2098 2676 tanta

443 2724 557 2777 ista
586 2720 861 2793 voragine
909 2718 1225 2790 impietatis
1265 2717 1639 2787 immergant,
1674 2731 1780 2769 nos
1809 2717 2092 2784 tanquam

446 2811 757 2884 opprobrio
813 2809 943 2865 novi
986 2807 1242 2863 nominis
1280 2805 1705 2862 Homousianos
1750 2805 1975 2857 vocant.
2010 2804 2096 2854 Ita

448 2902 603 2956 enim
636 2917 765 2956 esse
816 2899 990 2954 habet
1018 2896 1312 2951 catholica
1350 2895 1613 2950 veritatis
1652 2891 1997 2963 antiquitas,
2028 2892 2095 2945 ut

445 2991 493 3045 ei
514 3006 718 3045 omnes
747 2986 997 3042 haeretici
1026 2985 1255 3041 diversa
1275 2984 1470 3040 omnia
1500 2983 1962 3054 imponant,cum
1981 2979 2095 3052 ipsi

444 3095 553 3133 sua
592 3076 845 3148 singula,
879 3075 1033 3129 sicut
1060 3074 1130 3128 ab
1162 3071 1438 3127 omnibus
1468 3070 2091 3143 appellantur,obtine-

444 3172 564 3222 ant.
594 3165 791 3222 Ariani
825 3164 1042 3235 quippe
1074 3166 1130 3217 et
1158 3161 1529 3231 Eunomiani,
1551 3176 1665 3215 non
1692 3159 1792 3215 alii
1813 3158 2093 3225 haeretici,

447 3272 554 3311 nos
582 3253 838 3310 vocitant
859 3251 1304 3317 Homousianos,
1329 3250 1465 3322 quia
1496 3254 1697 3304 contra
1715 3264 1915 3304 eorum
1939 3264 2095 3302 erro-

448 3361 569 3399 rem
595 3360 779 3416 grzeco
810 3340 1093 3397 vocabulo
1126 3338 1417 3412 ὁμοούσιον
1465 3338 1832 3394 defendimus
1864 3341 2094 3392 Patrem

448 3439 505 3489 et
534 3432 744 3487 Filium
777 3435 832 3487 et
863 3430 1141 3501 Spiritum
1176 3435 1466 3494 sanctum,
1500 3427 1554 3481 id
1591 3430 1699 3492 est,
1734 3426 1911 3480 unius
1948 3426 2098 3494 ejus-

448 3524 697 3593 demque
727 3518 1088 3588 substantie,
1135 3517 1243 3581 vel,
1278 3522 1341 3571 ut
1379 3515 1707 3588 expressius
1731 3514 1976 3581 dicatur,
2013 3529 2099 3569 es-

447 3613 664 3681 sentiae,
689 3627 815 3681 quae
848 3606 1001 3660 οὐσία
1052 3624 1234 3680 graece
1281 3605 1644 3677 appellatur:
1678 3605 1833 3677 quod
1866 3602 2097 3673 planius

443 3702 675 3766 dicitur,
699 3699 876 3754 unius
906 3697 1288 3769 ejusdemque
1319 3695 1634 3749 naturaeEt
1663 3699 1857 3748 tamen
1882 3692 1931 3747 si
1965 3692 2097 3764 quis

442 3790 689 3845 istorum
722 3789 819 3860 qui
854 3805 961 3843 nos
993 3785 1421 3841 Homousianos
1454 3788 1676 3850 vocant,
1703 3783 1886 3837 ﬁlium
1922 3798 2095 3836 suum

447 3897 562 3935 non
595 3879 763 3949 cujus
809 3878 932 3948 ipse
963 3881 1136 3941 esset,
1170 3876 1269 3930 sed
1303 3874 1542 3929 diversae
1573 3872 1791 3927 diceret
1818 3875 1973 3927 esset
2003 3887 2100 3925 na-

442 3973 608 4035 turae,
642 3965 994 4021 exhaeredari
1035 3980 1096 4019 se
1128 3965 1199 4018 ab
1243 3979 1309 4019 eo
1341 3962 1535 4018 mallet
1576 3961 1731 4017 ﬁlius
1780 3977 1957 4032 quam
1991 3960 2099 4014 hoc

446 4056 664 4129 putari.
726 4057 955 4120 Quanta
1004 4054 1201 4123 itaque
1259 4052 1554 4122 impietate
1618 4050 1716 4106 isti
1787 4054 2136 4119 caecantur,,

450 4145 549 4217 qui
600 4161 734 4200 cum
768 4144 1155 4199 confiteantur
1176 4140 1543 4212 unigenitum
1588 4139 1687 4194 Dei
1722 4139 1953 4203 Filium,
2003 4154 2101 4193 no-

444 4233 578 4289 lunt
638 4234 896 4304 ejusdem
948 4236 1170 4287 naturae
1225 4229 1397 4300 cujus
1453 4229 1622 4283 Pater
1679 4231 1769 4283 est
1816 4227 2099 4296 conﬁteri,

455 4324 554 4379 sed
586 4323 826 4379 diversae
887 4326 1061 4392 atque
1114 4319 1356 4391 imparis
1405 4324 1461 4373 et
1501 4317 1703 4372 multis
1752 4317 1940 4372 modis
2018 4332 2103 4371 re-

449 4413 679 4484 busque
722 4410 1056 4477 dissimilis,
1115 4414 1395 4479 tanquam
1439 4424 1552 4461 non
1603 4407 1673 4461 de
1736 4408 1845 4461 Deo
1905 4412 2100 4475 natus,

448 4502 547 4557 sed
595 4502 666 4556 ab
700 4499 797 4555 illo
856 4500 927 4554 de
979 4497 1161 4554 nihilo
1212 4498 1289 4552 sit
1330 4500 1605 4565 creatus;
1639 4511 1704 4550 ac
1754 4512 1855 4565 per
1892 4495 2000 4550 hoc
2047 4500 2104 4550 et

451 4589 578 4661 ipse
611 4592 879 4644 creatura
908 4588 1001 4653 sit,
1036 4587 1219 4659 gratia
1280 4584 1458 4653 ﬁlius,
1496 4602 1609 4640 non
1663 4589 1874 4638 natura
1903 4584 1930 4638 ‘?
1959 4584 2103 4639 Ecce

446 4678 676 4749 quinos
726 4677 895 4747 quasi
947 4675 1175 4731 macula
1205 4675 1336 4730 novi
1370 4677 1386 4710 ¹
1440 4673 1695 4729 nominis
1750 4677 1957 4728 vocant
1987 4677 2101 4728 Ho-

515 4863 531 4898 ί
569 4864 752 4924 Abest,
784 4863 922 4925 novi,
955 4876 987 4912 a
1015 4864 1139 4912 Mss.

2206 390 2564 460 mousianos,
2600 408 2704 447 nec
2735 408 2795 447 se
2830 393 3007 464 ipsos,
3033 408 3162 447 cum
3190 393 3301 448 ista
3316 393 3592 459 sentiunt,
3618 394 3820 452 intuen-

2200 482 2299 534 tur
2326 479 2586 537 insanos.

2273 569 2503 625 CAPUT
2529 569 2791 627 XXXVII.
2826 601 2895 611 -—-
2924 571 3085 636 Quod
3108 575 3301 626 autem
3335 575 3467 626 ante
3510 572 3697 629 omnia
3731 592 3819 630 sa-

2202 657 2333 713 cula
2349 664 2550 714 natum
2582 660 2835 716 fatentur
2866 659 3098 725 Filium,
3130 661 3420 731 quomodo
3451 678 3563 716 non
3593 663 3698 718 sibi
3728 662 3822 735 ipsi

2203 749 2474 803 contrarii
2507 756 2808 817 suut,eum
2826 755 3028 805 natum
3048 750 3237 806 dicere
3258 756 3391 805 ante
3405 751 3598 806 omnia
3616 754 3821 821 saecula,

2204 837 2372 907 cujus
2407 838 2689 894 nativitati
2725 845 3087 911 anteponunt
3106 838 3325 911 aliquid
3359 840 3670 911 temporis;
3703 859 3825 913 qua-

2206 927 2252 981 si
2282 944 2393 982 non
2418 932 2518 982 aut
2543 931 2754 984 saecula
2775 933 2875 984 aut
2896 928 3242 985 saeculorum
3266 932 3457 1000 partes
3478 946 3827 1004 quaecumque

2205 1015 2324 1069 sint
2344 1020 2654 1088 tempora?

2278 1105 2438 1170 Quod
2464 1123 2595 1162 vero
2627 1106 2768 1163 dicit
2796 1107 3127 1181 Apostolus,
3150 1108 3327 1164 etiam
3352 1108 3411 1162 in
3435 1107 3626 1164 futuro
3643 1109 3829 1167 saeculo

2209 1196 2357 1251 Patri
2385 1197 2589 1253 Filium
2619 1200 2950 1271 subjectum
2974 1200 3362 1267 futurum,ubi
3384 1200 3483 1269 ait,
3504 1201 3643 1255 Tunc
3667 1207 3713 1256 el
3734 1204 3833 1273 ipse

2205 1287 2470 1357 subjectus
2499 1291 2604 1343 erit
2630 1292 2683 1346 ei
2711 1292 2808 1360 qui
2835 1290 2933 1345 illi
2961 1291 3189 1360 subjecit
3214 1292 3399 1346 omnia
3425 1289 3469 1357 (Ι
3494 1289 3611 1344 Cor.
3634 1293 3832 1361 xv,28);

2210 1379 2345 1449 quid
2380 1380 2617 1452 mirum,
2652 1381 3127 1453 quandoquidem
3152 1381 3252 1437 illa
3286 1381 3343 1436 in
3378 1381 3520 1437 Filio
3543 1381 3717 1438 forma
3736 1384 3837 1439 hu-

2212 1488 2383 1525 mana
2407 1488 2687 1527 mansura
2715 1478 2822 1540 est,
2880 1490 2998 1545 qua
3054 1490 3287 1545 semper
3314 1475 3506 1544 major
3536 1477 3623 1529 est
3651 1473 3837 1531 Pater?

2210 1559 2487 1621 Quamvis
2518 1577 2631 1614 non
2656 1561 2963 1627 defuerint,
2998 1562 3098 1632 qui
3120 1560 3280 1616 illam
3311 1564 3456 1617 tunc
3480 1560 3603 1615 Filii
3632 1562 3839 1631 subjec-

2208 1644 2449 1715 tiouem,
2473 1646 2658 1717 ipsius
2693 1648 2963 1703 humanae
2997 1649 3191 1703 formaa
3218 1647 3276 1702 in
3303 1646 3563 1703 divinam
3585 1648 3840 1707 substan-

2209 1734 2350 1789 tiam
2375 1737 2891 1792 commutationem
2916 1737 3355 1809 intelligendam
3382 1737 3841 1808 putaverint,tan-

2212 1840 2389 1894 quam
2412 1824 2517 1879 hoc
2541 1826 2749 1896 cuique
2773 1826 2852 1881 rei
2876 1826 3242 1895 subjiciatur,
3268 1827 3423 1897 quod
3447 1826 3507 1880 in
3538 1842 3662 1881 eam
3690 1827 3844 1883 verlio

2210 1916 2306 1966 tur
2322 1917 2378 1967 et
2403 1918 2680 1969 mutatur.
2720 1915 2827 1969 Sed
2850 1931 2954 1969 nos
2976 1914 3115 1985 quid
3148 1914 3285 1970 hinc
3317 1914 3643 1970 sentiamus
3672 1920 3844 1971 osten-

2212 2002 2428 2067 dimus,
2463 2005 2651 2076 magis
2697 2003 2825 2059 ideo
2857 2004 3073 2060 dixisse
3119 2004 3464 2076 Apostolum
3514 2006 3683 2060 etiam
3724 2010 3846 2060 tunc

2211 2091 2364 2145 Patri
2388 2091 2597 2147 Filium
2622 2093 2951 2163 subjectum
2979 2093 3263 2159 futurum,
3281 2111 3350 2149 ne
3375 2095 3511 2165 quis
3532 2095 3589 2149 in
3612 2111 3675 2151 eo
3698 2098 3845 2167 puta-

2212 2182 2298 2233 ret
2319 2180 2589 2250 spiritum
2620 2187 2677 2235 et
2701 2197 2912 2253 corpus
2954 2180 3279 2237 humanum
3314 2182 3515 2254 aliqua
3540 2182 3848 2239 conversio-

2211 2284 2282 2322 ne
2306 2269 2628 2339 periturum
2656 2287 2668 2325 :
2704 2279 2765 2325 ut
2793 2272 2868 2325 sit
2916 2271 3056 2325 Deus
3087 2272 3294 2337 omnia,
3321 2288 3439 2326 non
3462 2276 3688 2327 tantum
3709 2272 3762 2326 in
3783 2269 3847 2325 il-

2210 2356 2325 2411 lius
2357 2357 2541 2412 forma
2572 2355 2851 2423 hominis,
2891 2359 3014 2425 sed,
3067 2361 3123 2413 in
3156 2360 3432 2429 omnibus,
3462 2364 3526 2414 ut
3557 2360 3626 2415 ad
3658 2360 3850 2414 haben-

2208 2445 2341 2499 dam
2373 2448 2572 2512 vitam,
2608 2452 2665 2501 et
2693 2448 3025 2502 satiandum
3059 2448 3117 2502 in
3151 2448 3321 2504 bonis
3355 2448 3707 2503 desiderium
3730 2464 3847 2503 nos-

2207 2538 2387 2603 trum,
2414 2540 2621 2590 natura
2650 2537 2848 2592 divina
2877 2536 3150 2592 sufﬁciat.
3178 2538 3344 2593 Tunc
3376 2538 3536 2593 enim
3574 2542 3717 2593 Deus
3739 2554 3847 2592 om-

2207 2623 2303 2678 nia
2332 2625 2511 2679 eritin
2537 2626 2832 2693 omnibus,
2868 2643 2999 2681 cum
3041 2632 3246 2699 praeter
3293 2626 3494 2699 ipsum
3520 2626 3662 2682 nihil
3684 2624 3851 2682 omni-

2204 2729 2277 2767 no
2302 2713 2514 2768 habere
2535 2714 2680 2769 velle
2701 2716 3290 2786 cmperimusOmnia
3311 2716 3532 2789 quippe
3552 2718 3675 2789 ipse
3698 2716 3848 2771 nobis

2202 2802 2330 2865 erit,
2363 2804 2596 2873 quando
2627 2803 2753 2873 ipso
2784 2804 3112 2861 sufﬁciente
3154 2805 3298 2860 nihil
3328 2806 3537 2861 deerit.

2273 2892 2502 2948 CAPUT
2522 2892 2819 2949 XXXVIII.
2840 2924 2905 2935 -—
2918 2894 3160 2950 Jussum
3176 2911 3307 2949 vero
3324 2895 3626 2950 obaudissc
3645 2895 3844 2952 Filium

2203 2990 2499 3052 antequam
2521 2984 2792 3055 acciperet
2819 2999 3060 3052 carnem,
3086 2983 3243 3039 unde
3272 2983 3371 3039 isti
3411 2984 3743 3040 existiment
3762 2999 3845 3038 ne-

2206 3070 2344 3125 scio.
2369 3073 2452 3125 An
2485 3071 2741 3141 accipere
2763 3088 2996 3128 carnem
3023 3072 3233 3143 jussus
3262 3079 3448 3138 est,ut
3471 3072 3579 3129 hoc
3601 3073 3847 3128 videatur

2206 3158 2411 3214 fecisse
2424 3160 2815 3231 jussus,quod
2838 3161 2972 3215 fecit
2987 3161 3208 3217 missus
3225 3160 3253 3215 ‘I
3274 3166 3495 3218 Iterum
3521 3178 3655 3234 ergo
3677 3161 3743 3217 ad
3762 3158 3849 3216 illa

2206 3248 2464 3318 redeant,
2498 3265 2623 3320 quae
2673 3249 2944 3320 superius
2976 3250 3274 3322 disputata
3317 3256 3484 3317 sunt,
3517 3255 3572 3307 et
3604 3251 3849 3323 quaerant

2205 3340 2380 3408 atque
2410 3337 2726 3403 inveniant,
2752 3338 2799 3392 si
2834 3344 3098 3410 possunt,
3149 3339 3316 3394 Pater
3347 3341 3524 3396 unico
3545 3340 3728 3396 Verbo
3745 3353 3848 3410 quo

2206 3424 2318 3480 alio
2342 3426 2590 3495 jusserit
2612 3428 2783 3482 verbo
2806 3444 2819 3494 ;
2855 3432 2911 3482 et
2933 3433 3129 3483 utrum
3160 3429 3408 3500 dignum
3444 3430 3622 3485 fuerit
3641 3434 3703 3485 ut
3721 3434 3850 3483 tem-

2206 3516 2389 3588 porali
2413 3518 2674 3588 jubentis
2706 3518 2879 3574 verbo
2900 3519 3155 3574 Verbum
3188 3520 3544 3577 subderetur
3562 3526 3847 3576 aeternum:

2208 3610 2385 3677 atque
2407 3605 2541 3660 hinc
2572 3605 2905 3679 intelligant
2934 3608 3073 3678 quia
3104 3625 3217 3663 non
3248 3625 3385 3665 eum
3436 3610 3626 3666 Patris
3649 3608 3846 3681 jussio,

2206 3699 2489 3765 tanquam
2522 3712 2641 3750 suae
2681 3713 2792 3752 non
2829 3697 3000 3751 fuerit
3034 3698 3359 3767 potestatis,
3392 3699 3486 3754 sed
3516 3701 3849 3770 semetipsum

2204 3786 2536 3850 exinanivit,
2566 3788 2808 3855 [armum
2834 3787 2978 3840 servi
3003 3787 3293 3854 accipiens.
3337 3789 3503 3852 Quod
3538 3794 3727 3843 autem
3758 3786 3848 3841 hu-

2207 3875 2447 3928 miliavit
2465 3876 3025 3945 semetipsum/“actus
3054 3876 3312 3931 obediens
3340 3893 3515 3949 usque
3542 3878 3613 3932 ad
3638 3881 3848 3931 mortem

2208 3963 2477 4033 (Philipp.
2503 3981 2565 4032 ιι,
2596 3964 2649 4032 7,
2679 3964 2754 4034 8),
2788 3964 2913 4035 jam
2939 3964 3141 4035 utique
3171 3972 3475 4037 acceperat
3500 3982 3751 4022 carnem.

2280 4051 2509 4107 CAPUT
2539 4052 2765 4107 XXXIX.
2794 4084 2864 4094 ——-
2886 4053 3149 4109 Arbitror
3178 4072 3269 4110 me
3300 4055 3372 4109 ad
3406 4056 3608 4111 omnia
3639 4070 3851 4125 respon-

2210 4138 2365 4195 disse
2397 4157 2522 4211 quaa
2553 4142 2810 4197 continet
2842 4142 3190 4198 Arianorum
3229 4160 3445 4212 sermo,
3477 4145 3577 4216 qui
3609 4143 3767 4199 nobis
3797 4144 3853 4197 ut

2211 4229 2260 4285 ei
2277 4231 2818 4300 responderemus,a
2835 4230 3186 4301 quibusdam
3207 4233 3491 4290 fratribus
3515 4235 3731 4289 missus
3752 4235 3849 4287 est.

2214 4318 2319 4382 Qui
2355 4322 2418 4372 ut
2449 4322 2644 4389 posset
2673 4317 2882 4389 inspici
2913 4318 2985 4373 ab
3007 4319 3079 4375 iis
3098 4320 3194 4390 qui
3226 4320 3345 4376 haec
3369 4319 3851 4393 legunt,etutrum

2213 4407 2283 4461 ad
2318 4408 2517 4462 omnia
2564 4423 2911 4480 responsum
2963 4408 3135 4463 fuerit
3181 4408 3483 4480 explorare
3514 4410 3848 4474 desiderant,

2212 4494 2349 4550 huic
2377 4512 2511 4550 eum
2536 4502 2746 4551 nostra:
2768 4496 3148 4568 disputationi
3183 4498 3675 4568 praascribendum
3702 4501 3850 4569 puta-

2211 4584 2405 4641 vimus
2429 4603 2442 4649 ;
2465 4590 2529 4640 ut
2548 4585 2710 4657 prius
2759 4584 2990 4657 legatur
3020 4586 3164 4657 ipse,
3201 4603 3267 4642 ac
3297 4588 3511 4644 deinde
3534 4593 3727 4645 nostra
3746 4601 3850 4641 res-

2214 4674 2728 4745 ponsio.Quoniam
2754 4691 2867 4730 non
2901 4674 3117 4746 ubique
3144 4680 3370 4732 textum
3411 4680 3715 4734 verborum
3734 4676 3848 4745 ejus

2213 4763 2713 4835 interposuimus;
2748 4780 2819 4818 ne
2859 4763 3036 4819 nimis
3094 4764 3335 4837 longum
3387 4767 3703 4822 faceremus
3750 4763 3846 4818 hoc

2212 4869 2361 4924 opus
2392 4857 2681 4920 nostrum,
2702 4853 2854 4922 quod
2886 4853 3122 4909 tandem
3155 4854 3269 4910 isto
3300 4856 3415 4910 ﬁne
3435 4855 3842 4911 concludimus.

3107 4990 3835 5018 _

1660 5118 2648 5220 ADMONITIO

1132 5320 1203 5375 IN
1236 5316 1740 5376 COLLATIONEM
1789 5317 1881 5373 ET
1913 5316 2167 5375 LIBROS
2196 5318 2382 5375 DUOS
2409 5316 2699 5374 CONTRA
2730 5316 3185 5375 MAXIMINUM.

512 5452 641 5508 Haec
663 5455 944 5525 opuscula
973 5456 1031 5511 in
1068 5453 1596 5511 Retractationibus
1627 5451 1937 5523 Augustini
1981 5453 2200 5510 frustra
2229 5471 2476 5526 quaeras,
2509 5470 2642 5510 eum
2675 5452 2792 5509 sint
2819 5453 3109 5524 posterius
3140 5455 3423 5524 confecta,
3456 5470 3609 5510 anno
3639 5443 3835 5506 Christi

441 5540 707 5597 videlicet
738 5550 839 5599 aut
859 5547 981 5613 427,
1014 5550 1115 5600 aut
1136 5546 1258 5600 428.
1285 5544 1429 5599 Nam
1453 5540 1849 5614 Segisvultum
1872 5543 2167 5612 comitem,
2187 5561 2221 5599 a
2242 5560 2355 5616 quo
2379 5560 2439 5599 se
2459 5543 2709 5599 missum
2725 5536 3046 5614 Hipponem
3072 5543 3423 5601 Maximinus
3443 5543 3503 5599 in
3520 5536 3834 5599 Collationis

454 5630 868 5701 subsequentis
891 5634 1121 5690 exordio
1145 5631 1705 5705 proﬁtetur,venisse
1725 5629 1784 5686 in
1804 5630 2060 5688 Africam
2083 5637 2287 5691 contra
2308 5631 2667 5688 Bonifacium
2691 5630 2881 5689 Hierio
2902 5635 2959 5687 et
2976 5632 3271 5691 Ardubere
3286 5633 3445 5691 Coss.
3460 5631 3588 5703 ,hoc
3604 5631 3689 5685 est
3703 5638 3837 5683 anno
