4090 6184
311 281 427 344 709
1015 279 1400 342 COLLATIO
1444 278 1608 341 CUM
1653 278 2049 340 MAXIMINO
2093 279 2564 344 ARIANORUM
2611 283 3015 347 EPISCOPO.
3598 290 3723 348 710

306 414 519 470 Christi
549 415 673 480 427,
707 413 911 471 scribit
942 413 1186 484 Prosper
1216 413 1273 467 in
1308 411 1609 467 Chronico.
1646 412 1788 465 lluic
1820 414 2044 482 spectat
2072 412 2369 469 Sermonis
2404 416 2504 469 140
2533 416 2653 487 (qui
2688 416 2826 471 olim
2870 417 3020 472 inter
3048 417 3489 475 Sirmondiancs
3527 422 3611 489 16)
3642 423 3719 477 ti-

306 505 469 560 tulus
513 506 570 559 in
604 506 759 559 hunc
790 505 1031 560 modum
1066 520 1078 556 :
1118 504 1319 557 Contra
1348 502 1617 573 quoddam
1647 502 1852 555 dictum
1883 501 2175 555 Maximini
2212 502 2548 559 Arianorum
2595 508 2852 577 episcopi,
2904 509 2999 577 qui
3035 523 3157 561 cum
3194 507 3497 578 Segisvulto
3526 513 3722 569 comite

306 596 634 649 constitutus
666 595 723 647 in
756 594 942 663 Africa
974 592 1531 662 blasphemabat.0uo
1561 590 1619 646 in
1642 591 1921 645 Sermone
1950 589 2005 643 id
2028 590 2100 644 ab
2122 592 2448 662 Augustino
2462 595 2923 665 reprehenditur,
2953 597 3103 666 quod
3132 596 3505 665 Maximinus,
3530 600 3718 655 domi-

310 683 501 738 nicam
534 681 885 737 sententiam
917 680 1181 748 Joannis,
1214 696 1341 751 cap,
1380 681 1463 742 10.
1494 681 1525 747 ᾖ
1555 680 1646 743 30,
1679 680 1784 748 Ego
1840 684 1893 734 et
1925 682 2094 734 Pater
2123 696 2296 733 unum
2325 697 2533 747 sumus,
2592 683 2663 736 de
2705 683 3073 738 voluntatum
3124 687 3435 741 concordia
3466 689 3720 762 maligne

309 772 726 844 interpretans,
761 771 1152 841 respondebat
1181 769 1339 840 ipsos
1373 768 1546 823 etiam
1579 768 1886 839 Apostolos
1917 786 2100 823 unum
2130 786 2258 823 esse
2289 786 2421 824 cum
2457 770 2621 825 Patre
2652 776 2709 826 et
2742 772 2902 841 Filio,
2934 773 3074 843 quia
3104 774 3389 831 voluntati
3422 777 3609 833 Patris
3662 785 3721 835 et

309 861 435 916 Filii
469 862 891 932 obsequantur.
924 859 1017 914 Sic
1050 858 1146 913 ille
1180 857 1547 929 blasphemat
1578 857 1635 911 in
1670 858 1775 912 hac
1807 857 2143 923 Collatione,
2187 858 2584 930 disputatione
2618 877 2724 914 sua
2756 867 3071 932 postrema,
3106 880 3168 929 ιι,
3202 865 3289 917 22.

382 955 462 1005 De
492 950 697 1005 eadem
728 948 1045 1005 Collatione
1094 947 1394 1002 Possidius
1426 946 1483 1001 in
1516 946 1831 1017 Augustini
1875 946 2025 1017 Vita,
2071 964 2197 1017 cap.
2234 948 2299 1001 17
2334 966 2346 1003 :
2384 949 2520 1003 Cum
2562 952 2807 1019 ipsorum
2851 967 3058 1023 quoque
3106 955 3451 1009 Arianorum
3477 958 3723 1029 episcopo

309 1039 545 1111 quodam
566 1039 873 1094 Maximino
895 1054 1019 1092 cum
1044 1036 1229 1093 Gothis
1260 1037 1331 1092 ad
1354 1039 1600 1107 Africam
1622 1038 2042 1107 veniente,apud
2071 1038 2367 1107 Hipponem
2398 1054 2564 1109 quam
2590 1039 2849 1104 plurimis
2876 1041 3183 1096 volentibus
3213 1047 3371 1114 atque
3399 1048 3725 1114 petentibus,

307 1136 359 1183 et
388 1128 679 1198 praeclaris
710 1126 1043 1198 interpositis
1072 1127 1208 1180 viris
1236 1125 1505 1190 contulit;
1535 1133 1585 1179 et
1616 1124 1746 1195 quid
1774 1126 2008 1194 singuta:
2038 1127 2312 1181 assuerint
2340 1132 2543 1195 partes,
2576 1127 2843 1195 scriptum
2868 1137 2963 1181 est.
3001 1129 3129 1195 Quae
3158 1131 3209 1184 si
3237 1131 3471 1188 studiosi
3486 1124 3733 1205 diligen-i

310 1225 393 1273 ter
424 1218 599 1288 legere
625 1218 962 1282 curaverint,
995 1215 1195 1286 procul
1224 1214 1390 1269 dubio
1412 1213 1773 1285 indagabunt,
1808 1214 1890 1269 vel
1914 1213 2043 1283 quid
2072 1214 2281 1269 callida
2332 1222 2380 1269 et
2402 1216 2778 1270 irationabilis
2810 1215 3036 1272 haeresis
3065 1218 3133 1272 ad
3175 1220 3538 1277 seducendum
3565 1226 3726 1281 etde-

307 1306 623 1377 cipiendum
649 1307 993 1377 proﬁteatur,
1025 1304 1115 1360 vel
1144 1304 1277 1375 quid
1307 1304 1547 1359 Ecclesia
1576 1305 1848 1358 catholica
1877 1304 1947 1358 de
1970 1304 2165 1358 divina
2198 1312 2374 1358 teneat
2402 1308 2452 1358 et
2479 1305 2744 1374 praedicet
2775 1306 3064 1361 Trinitate.
3090 1307 3189 1361 Sed
3208 1312 3463 1379 quoniam
3494 1313 3592 1367 ille
3609 1315 3727 1371 ha?-

308 1397 541 1450 recticus
573 1396 644 1451 de
665 1397 913 1466 Hippone
934 1394 1151 1449 rediens
1180 1393 1255 1448 ad
1271 1392 1681 1462 Carthaginem,
1714 1396 1782 1447 de
1795 1409 1897 1447 sua
1909 1393 2085 1447 multa
2100 1394 2157 1447 in
2171 1409 2233 1447 co
2244 1391 2473 1447 (latione
2486 1394 2815 1463 loquacitate
2826 1397 3090 1450 victorem
3112 1396 3241 1452 dese
3274 1400 3398 1469 ipsa
3424 1402 3728 1458 Collatione

310 1486 595 1539 recessisse
609 1484 863 1554 jactavit,
895 1493 947 1538 et
976 1484 1235 1538 mentitus
1256 1487 1373 1543 est;
1395 1498 1512 1552 qum
1535 1483 1721 1552 utique
1744 1497 1852 1535 non
1873 1482 2039 1550 facile
2058 1498 2092 1536 a
2121 1481 2329 1537 divinae
2351 1482 2487 1549 legis
2510 1484 2721 1552 ignaris
2752 1485 3073 1538 examinari
3088 1489 3140 1539 et
3160 1485 3457 1552 diiudicari
3470 1497 3687 1559 possent
3708 1518 3728 1557 ,-

308 1589 351 1628 a
382 1572 689 1627 venerabili
718 1575 834 1627 viro
865 1572 1168 1642 Augustino
1197 1573 1473 1642 sequentis
1504 1572 1761 1641 temporis
1793 1572 1938 1638 stilo,
1970 1577 2022 1625 et
2064 1570 2227 1625 illius
2260 1572 2423 1625 totius
2451 1570 2774 1627 Collationis
2807 1574 2870 1626 de
2899 1574 3131 1643 singulis
3164 1576 3393 1645 objectis
3422 1587 3473 1633 et
3502 1596 3728 1651 respon-

308 1663 386 1717 sis
423 1664 574 1731 facta
602 1664 679 1716 est
706 1662 1110 1730 recapitulatio,
1141 1668 1192 1715 et
1226 1676 1390 1731 quam
1419 1660 1562 1713 nihil
1591 1658 1692 1714 ille
1723 1660 1942 1729 objectis
1964 1662 2180 1729 referre
2214 1663 2465 1731 potuerit,
2492 1661 2872 1717 nihilominus
2919 1662 3350 1719 demonstratum
3393 1677 3493 1736 est,
3525 1670 3727 1725 additis

310 1751 727 1821 supplementis,
758 1764 884 1820 quae
910 1751 965 1803 in
999 1754 1247 1817 tempore
1304 1749 1632 1803 Collationis
1663 1754 1892 1819 angusto
1918 1759 2119 1804 cuncta
2142 1751 2339 1819 inferri
2370 1758 2422 1804 et
2449 1751 2614 1805 scribi
2641 1753 2874 1806 minime
2914 1754 3228 1823 potuerimt.
3261 1756 3323 1809 In
3358 1758 3506 1812 enim
3535 1768 3728 1828 egerat

310 1840 559 1910 nequitia
591 1838 852 1907 hominis,
886 1847 945 1893 ut
972 1855 1073 1893 sua
1101 1839 1399 1893 novissima
1424 1839 1799 1906 prosecutione
1838 1838 2010 1893 multo
2046 1837 2370 1906 longissima
2399 1843 2569 1894 totum
2598 1839 2738 1909 quod
2776 1850 3115 1897 remanserat
3158 1842 3271 1897 diei
3296 1847 3536 1915 spatium
3565 1863 3727 1903 occu-

314 1937 491 2001 paret.
528 1928 593 1983 Et
626 1928 684 1983 in
708 1927 991 1998 Indiculo,
1025 1944 1151 1999 cap.
1185 1928 1243 1993 5,
1277 1932 1629 1997 resensetur,
1666 1926 1895 1982 Collatia
1925 1944 2050 1981 cum
2082 1928 2317 1983 Maximo
2338 1929 2674 1983 Arianorum
2703 1931 2950 2001 episcOpo
2986 1949 2998 1986 :
3031 1936 3087 1985 et
3116 1932 3413 2005 continuo,
3449 1936 3529 1991 Ad
3557 1953 3726 2007 quem

319 2034 487 2088 supra
517 2017 655 2073 libri
682 2016 807 2073 duo.
842 2016 950 2072 Ubi
984 2016 1289 2072 Possidius
1324 2033 1356 2070 a
1386 2016 1703 2071 Collatione
1735 2016 1994 2088 sejungit
2039 2016 2238 2083 libros,
2272 2018 2371 2089 qui
2405 2017 2463 2071 in
2497 2023 2631 2073 ante
2660 2018 2834 2073 editis
2865 2020 2951 2074 sic
2983 2020 3170 2075 eidem
3205 2022 3571 2081 cohaerebant
3601 2026 3731 2081 Col-

316 2105 537 2173 lationi,
574 2110 637 2161 ut
667 2106 788 2161 haec
818 2105 1045 2178 primus
1076 2105 1241 2173 liber,
1278 2104 1373 2159 alii
1407 2106 1521 2159 duo
1556 2104 1687 2158 libri
1722 2106 2015 2159 secundus
2047 2122 2113 2159 ac
2143 2105 2351 2160 tertius
2381 2104 2647 2176 inscripti
2684 2106 3013 2177 legerentur
3040 2126 3052 2163 :
3088 2125 3203 2179 quo
3236 2126 3427 2167 errore
3450 2115 3734 2171 carebant

311 2201 537 2251 veteres
567 2196 817 2262 codices,
847 2200 972 2250 tum
1005 2195 1212 2262 nostri,
1244 2198 1371 2249 tum
1404 2193 1487 2248 illi
1520 2210 1664 2264 quos
1696 2193 1837 2247 vidit
1866 2194 2021 2248 Beda
2049 2211 2151 2250 seu
2186 2194 2426 2262 Florus;
2460 2194 2839 2250 Collationem
2874 2196 3089 2269 quippe
3120 2204 3317 2269 aperte
3349 2202 3664 2275 distinguit
3692 2221 3727 2259 a

310 2284 483 2340 libris
512 2289 714 2340 contra
743 2284 1147 2351 Maximinum,
1180 2284 1252 2339 ad
1284 2288 1449 2339 Rom.
1483 2300 1611 2354 cap.
1643 2283 1698 2350 8,
1730 2282 2108 2339 Posteriorem
2144 2283 2359 2339 librum
2411 2300 2543 2339 cum
2574 2285 2887 2356 Augustini
2917 2286 3089 2342 laude
3132 2287 3272 2343 citat
3304 2291 3479 2346 etiam
3501 2293 3727 2364 Agatho

314 2389 468 2446 papa
499 2374 559 2429 in
593 2374 813 2446 synodo
843 2375 899 2441 6,
932 2378 1045 2429 act.
1077 2374 1132 2428 4.

888 2634 1044 2765 S.
1135 2633 1952 2765 AURELII
2040 2630 3155 2765 AUGUSTINI

1614 2820 2083 2880 HIPPONENSIS
2123 2821 2438 2880 EPISCOPI

396 2946 1654 3120 COLLATIO
1760 2950 2273 3120 CUM
2397 2950 3669 3125 MAXIMINO

1287 3208 1992 3295 ARIANORUM
2067 3205 2620 3295 EPISCOPO
2649 3199 2765 3293 (α).

1496 2496 3734 2527 _

396 3454 448 3509 1.
483 3452 630 3509 Cum
660 3453 1026 3527 Augustinus
1066 3457 1123 3510 et
1152 3453 1502 3511 Maximinus
1533 3453 1979 3527 Hippone-regio

313 3558 512 3598 unum
546 3542 606 3597 in
658 3540 850 3597 locum
900 3542 1287 3614 covenissent,
1322 3543 1703 3615 praesentibus
1754 3542 1975 3613 multis,

315 3635 449 3687 tam
482 3630 707 3687 clericis
730 3648 905 3703 quam
938 3630 1125 3702 laicis,
1150 3632 1488 3687 Mammas
1515 3632 1692 3686 dixit:
1719 3633 1833 3702 Ego
1861 3646 1976 3684 non

315 3722 401 3777 ob
431 3721 604 3775 istam
638 3737 874 3775 causam
895 3720 951 3775 in
976 3721 1123 3776 hanc
1142 3722 1436 3776 civitatem
1466 3720 1690 3789 adveni,
1720 3725 1781 3775 ut
1804 3719 1978 3775 alter-

315 3812 614 3865 cationem
638 3827 957 3882 proponam
981 3826 1112 3865 cum
1136 3810 1429 3879 Religione
1452 3816 1678 3876 tua,sed
1706 3810 1922 3865 missus
1946 3826 1979 3863 a

315 3899 539 3955 comite
562 3897 912 3971 Segisvulto1
932 3900 1422 3970 contemplatione
1450 3900 1607 3970 pacis
1629 3899 1855 3953 adveni.
1878 3899 1977 3953 Re-

312 4006 461 4044 vera
491 3988 647 4043 enim
673 3987 896 4043 Eraclio
929 3989 1263 4061 presbytero
1295 3988 1522 4043 amicali
1555 3988 1820 4060 pactione
1851 4003 1974 4043 me-

317 4094 460 4135 cum
492 4076 782 4145 tractanti,
818 4094 1165 4150 responsum
1196 4077 1328 4133 dedi
1361 4082 1427 4133 ut
1469 4076 1644 4144 valui,
1674 4077 1749 4132 ita
1782 4083 1977 4132 tamen

316 4168 401 4223 ab
434 4168 561 4239 ipso
594 4172 979 4239 provocatus;
1014 4167 1230 4238 quippe
1261 4167 1321 4222 in
1364 4171 1593 4222 tantum
1624 4166 1860 4234 exarsit,
1912 4170 1977 4221 ut

316 4256 502 4313 etiam
548 4257 859 4312 adventum
910 4261 1079 4311 tuum
1130 4260 1334 4312 contra
1382 4273 1476 4311 me
1520 4260 1873 4328 provocaret.
1908 4256 1977 4310 Et

318 4344 467 4418 quia
496 4346 735 4418 dignata
765 4351 855 4401 est
884 4345 1105 4419 Religio
1136 4348 1241 4401 tua
1270 4345 1381 4400 sibi
1414 4346 1600 4401 facere
1632 4344 1906 4415 injuriam
1931 4345 1974 4413 ²,

316 4435 374 4491 si
398 4434 744 4506 interrogas,
776 4433 837 4490 in
869 4435 1083 4506 quibus
1123 4435 1283 4490 valeo
1327 4450 1674 4505 responsum
1715 4435 1884 4489 dabo.
1917 4433 1975 4488 Si

316 4523 547 4596 aliquid
586 4523 974 4580 rationalibile
1006 4525 1243 4594 dixeris,
1268 4540 1503 4579 necesse
1532 4527 1619 4578 est
1650 4527 1713 4577 ut
1743 4540 1972 4595 sequar.

317 4613 384 4669 Si
421 4613 562 4684 quid
594 4613 750 4669 enim
782 4615 853 4669 de
881 4614 1095 4669 divinis
1124 4613 1442 4685 Scripturis
1475 4611 1973 4684 protuleris,quod

317 4718 638 4758 commune
669 4708 759 4759 est
786 4719 918 4758 cum
956 4704 1251 4765 omnibus,
1284 4717 1521 4757 necesse
1561 4705 1650 4756 est
1679 4706 1743 4755 ut
1774 4702 1974 4757 audia-

316 4807 498 4849 mus:
531 4808 609 4847 ϐω
639 4807 773 4848 vero
820 4809 988 4848 voces
1014 4810 1143 4864 quae
1186 4796 1347 4847 extra
1395 4789 1757 4861 Scripturam
1815 4795 1976 4859 sunt,

317 4880 487 4936 nullo
518 4898 655 4937 casu
687 4898 721 4937 a
749 4881 916 4937 nobis
946 4882 1375 4953 suscipiuntur:
1393 4883 1669 4952 praeterea
1698 4896 1829 4934 cum
1850 4878 1976 4951 ipse

319 4969 613 5026 Dominus
644 4975 879 5027 moneat
917 4986 1024 5027 nos
1067 4976 1125 5027 et
1172 4971 1346 5039 dicat,
1379 4969 1511 5025 Sine
1563 4985 1737 5025 causa
1791 4970 1981 5024 colunt

2090 3469 2193 3524 me,
2225 3455 2473 3510 docentes
2518 3454 2787 3510 mandata
2815 3462 2867 3511 et
2895 3464 3173 3528 praecepta
3202 3457 3490 3513 hominum
3520 3459 3731 3531 (Matth.

2086 3560 2177 3613 xv,
2203 3544 2278 3615 9).

2156 3634 2211 3685 2.
2253 3633 2623 3687 Aucus'rmus
2680 3631 2825 3686 dixit
2856 3648 2869 3687 :
2904 3632 2963 3688 Si
2995 3634 3064 3688 ad
3096 3633 3209 3689 ista
3257 3634 3457 3690 omnia
3495 3652 3733 3707 respon-

2088 3722 2221 3775 dere
2250 3719 2507 3785 voluero,
2538 3721 2594 3773 id
2626 3720 2799 3774 etiam
2825 3737 2929 3792 ego
2964 3737 3132 3793 agere
3154 3722 3410 3791 videbor,
3435 3738 3507 3778 ne
3535 3725 3738 3780 venia-

2086 3813 2182 3863 tur
2213 3809 2285 3863 ad
2320 3825 2579 3863 causam.
2612 3810 2861 3864 Proinde
2894 3815 2958 3864 ut
2982 3809 3094 3865 cito
3125 3827 3370 3881 agamus
3416 3813 3571 3884 quod
3614 3813 3734 3870 ins-

2086 3902 2189 3964 tat,
2223 3898 2314 3952 dic
2338 3896 2481 3952 mihi
2513 3898 2687 3953 fidem
2720 3903 2882 3953 tuam
2913 3901 2984 3954 de
3020 3900 3176 3955 Patre
3199 3909 3253 3955 et
3284 3899 3425 3957 Filio
3447 3907 3503 3957 et
3518 3902 3737 3974 Spiritu

2088 3992 2309 4042 sancto.

2159 4076 2309 4134 Max.
2331 4077 2631 4149 respondit
2654 4093 2666 4131 :
2694 4077 2753 4133 Si
2778 4078 2951 4133 ﬁdem
2966 4095 3155 4134 meam
3179 4078 3438 4152 postulas
3450 4097 3555 4153 ego
3574 4080 3736 4137 illam

2084 4171 2252 4221 teneo
2283 4167 2457 4221 {idem
2489 4183 2615 4238 quae
2664 4166 2948 4222 Arimini1
2996 4185 3029 4223 a
3075 4171 3348 4224 trecentis
3396 4176 3452 4225 et
3497 4170 3739 4241 triginta

2085 4256 2394 4328 episcopis,
2429 4273 2543 4311 non
2575 4255 2767 4311 solum
2798 4258 3080 4329 exposita,
3124 4259 3224 4314 sed
3256 4259 3432 4314 etiam
3480 4259 3739 4317 subscri-

2086 4346 2384 4418 ptionibus
2416 4346 2647 4399 firmata
2678 4350 2785 4400 est.

2155 4435 2209 4490 3.
2240 4436 2385 4489 Auo.
2407 4434 2552 4488 dixit
2572 4433 2728 4489 :Jam
2751 4433 2888 4499 dixi,
2914 4438 2970 4489 et
2999 4434 3107 4490 hoc
3138 4435 3331 4506 ipsum
3357 4440 3573 4507 repeto,
3598 4436 3739 4509 quia

2085 4523 2437 4594 respondere
2461 4522 2697 4578 noluisti
2725 4539 2737 4576 :
2762 4522 2864 4577 Dic
2888 4522 3061 4579 fidem
3093 4528 3256 4579 tuam
3279 4525 3350 4580 de
3373 4525 3539 4580 Patre
3570 4530 3628 4581 et
3654 4526 3737 4581 Fi-

2084 4612 2162 4666 lio
2196 4616 2253 4667 et
2281 4610 2500 4681 Spiritu
2534 4614 2758 4666 sancto.

2158 4701 2307 4755 Max.
2342 4699 2677 4769 respondit:
2702 4699 2845 4754 Cum
2877 4700 3033 4755 enim
3065 4719 3178 4757 non
3210 4703 3520 4759 defecerim
3549 4721 3584 4760 a
3614 4720 3737 4760 res-

2087 4790 2387 4862 ponsione,
2421 4804 2523 4842 cur
2552 4804 2795 4843 accusor
2826 4806 2859 4844 a
2899 4794 2999 4844 tua
3044 4790 3355 4863 Religione,
3405 4793 3575 4864 quasi
3607 4809 3734 4848 res-

2087 4894 2336 4951 ponsum
2369 4893 2483 4932 non
2515 4876 2773 4932 dederim
2788 4877 2816 4931 ‘?

2158 4969 2210 5023 4.
2244 4965 2591 5022 AUG.dixit:
2620 4966 2897 5038 Proptera
2923 4968 3040 5024 dixi
3057 4974 3112 5025 te
3143 4972 3491 5041 respondere
3508 4968 3735 5025 noluis-

1600 5098 1866 5135 ADIOHITIO
1901 5100 1976 5135 PP.
2021 5096 2453 5135 BENBDICTINORUM.

391 5165 739 5217 Collationem
768 5181 889 5218 cum
938 5167 1225 5217 Maximino
1269 5170 1320 5216 et
1348 5165 1513 5215 libros
1542 5171 1728 5215 contra
1756 5166 1931 5228 ipsum
1963 5166 2098 5215 duos
2128 5166 2504 5228 castigavimus
2528 5163 2658 5228 Mss.
2690 5162 2903 5228 duobus
2929 5165 3195 5215 Vaticanis
3224 5171 3275 5215 et
3305 5164 3551 5215 undecim
3574 5164 3733 5214 Galli-

317 5231 491 5297 εδοξε,
517 5230 836 5297 _Sor_booi_co,
865 5226 1961 5297 Fosaatensi,_Arnulpheusi,_Michticlino,
2008 5226 2359 5297 Cisterciensi.
2393 5226 2721 5297 Remigiano,
2774 5227 3095 5297 Cerbeiensi,
3141 5229 3483 5297 Laudunensi
3514 5228 3733 5297 majoris

321 5292 886 5352 Ecclesiae,Parisiensi
909 5293 960 5343 S.
994 5294 1203 5343 Martini
1232 5293 1297 5341 de
1327 5289 1552 5354 campis,
1575 5291 1744 5339 altero
1780 5291 2059 5341 Parisiensi
2089 5290 2288 5354 collegii
2312 5289 2778 5347 Bernardinorum,
2804 5294 2855 5339 et
2870 5291 3168 5341 Tholosano
3187 5291 3389 5340 domini
3420 5290 3484 5340 de
3516 5289 3726 5341 Maron.

476 5390 968 5472 Comparavimus
993 5401 1281 5473 praeterea
1310 5408 1404 5450 eas
1435 5407 1629 5448 omnes
1656 5387 1939 5449 editiones
1969 5390 2138 5452 initio
2170 5392 2341 5451 Retr.
2378 5395 2435 5448 et
2461 5385 2759 5462 Confess.,
2795 5397 2839 5450 t.
2873 5391 2929 5464 1,
2965 5399 3337 5452 memoratas.
3505 5390 3589 5451 M.

388 5509 406 5542 ι
425 5506 486 5554 In
507 5509 630 5570 ante
648 5506 823 5570 editis,
843 5507 1182 5570 Comiteregis
1202 5504 1384 5570 multa:
1401 5505 1461 5553 In
1481 5502 1602 5570 Mss:
1616 5502 1957 5570 quibusdam,

323 5567 525 5620 Comite
544 5568 854 5631 Fegisvulto.
884 5572 943 5620 In
974 5565 1313 5628 aliis'verius,
1342 5566 1538 5631 Comite
1557 5565 1873 5631 ASegisvulto.

390 5634 412 5667 ³
438 5632 523 5683 Sic
551 5628 675 5681 Mss.
705 5631 842 5682 Editi
862 5646 1009 5693 vero,
1041 5632 1171 5705 mihi
1199 5633 1372 5695 facere
1400 5628 1672 5691 injuriam.

2120 5632 2134 5666 ¹
2164 5632 2308 5690 Mss.,
2340 5627 2591 5679 Arimino.

391 5730 469 5797 (a)
496 5730 683 5781 Habita
709 5744 853 5783 anno
881 5732 1071 5784 Christi
1101 5734 1196 5783 n7
1219 5732 1313 5781 aut
1340 5730 1448 5780 428.
1479 5724 1638 5789 Alias,
1658 5725 1858 5778 Contra
1885 5728 2233 5781 Maximinum
2261 5728 2581 5779 Arianorum
2611 5723 2919 5791 episcopum
2954 5727 3089 5781 liber
3116 5730 3339 5795 primus.
