4090 6184
134 5858 311 5997 Ἣ

450 328 558 388 7H

453 476 533 523 se,
569 457 704 528 quia
737 455 874 507 dum
908 469 1012 521 ego
1047 463 1359 519 quaererem
1396 449 1458 498 ut
1499 444 1719 496 diceres
1750 439 1890 495 mihi
1926 439 2099 493 ﬁdem

452 553 613 604 tuam
649 547 717 598 de
754 546 912 598 Patre
948 547 1001 594 et
1034 538 1171 590 Filio
1222 544 1275 589 et
1320 535 1537 604 Spiritu
1585 536 1804 596 sancto,
1849 530 2002 600 quod
2047 535 2103 582 et

452 654 606 692 nunc
640 649 834 706 posco,
870 637 926 684 tu
980 627 1117 682 mihi
1165 643 1274 679 non
1324 622 1519 676 dixisti
1573 622 1741 674 [idem
1787 627 1968 685 tuam,
2000 617 2099 670 sed

451 723 763 781 nominasti
796 721 1161 774 Ariminense
1194 713 1527 767 concilium.
1552 711 1746 763 Fidem
1780 715 1939 762 tuam
1974 706 2099 759 volo

452 831 644 871 nosse.
666 811 802 882 quid
837 809 1057 868 credas,
1090 806 1227 876 quid
1265 802 1484 856 sentias
1508 801 1575 853 de
1602 799 1767 852 Patre
1795 804 1849 850 et
1870 796 2009 849 Filio
2044 800 2100 849 et

447 903 665 975 Spiritu
700 907 920 955 sancto.
955 898 1011 950 Si
1045 893 1323 965 dignaris,
1346 908 1440 946 ore
1467 888 1831 943 tuoaudiam.
1854 885 1977 939 Noli
2007 900 2098 937 me

450 994 682 1048 mittere
712 992 780 1043 ad
815 1005 879 1042 ea
929 985 1163 1054 scripta,
1198 1000 1322 1053 qua:
1376 980 1544 1034 modo
1599 983 1698 1031 aut
1752 994 1864 1046 prie
1921 990 2097 1027 manu

449 1099 563 1137 non
597 1084 756 1145 sunt,
788 1084 888 1131 aut
919 1090 1119 1129 eorum
1170 1070 1512 1125 auctoritate
1566 1084 1677 1120 non
1730 1070 1950 1119 teneor.
1996 1062 2097 1116 Dic

449 1172 587 1244 quid
621 1169 824 1225 credas
858 1167 926 1220 de
960 1165 1124 1218 Patre
1156 1165 1209 1215 et
1242 1159 1380 1213 Filio
1413 1164 1469 1212 et
1499 1157 1715 1227 Spiritu
1751 1158 1972 1208 sancto.

519 1263 665 1321 Max,
702 1254 1002 1328 respondit
1027 1270 1037 1307 :
1066 1253 1188 1306 Non
1223 1251 1292 1304 ad
1327 1246 1725 1302 excusandum
1761 1259 1848 1297 me
1883 1240 2093 1295 Arimi-

448 1350 648 1405 nensis
679 1344 907 1402 concilii
941 1345 1238 1397 decretum
1272 1339 1551 1392 interesse
1576 1333 1749 1395 volui,
1779 1333 1877 1386 sed
1915 1336 1975 1385 ut
2007 1348 2097 1384 os-

443 1440 680 1494 tendam
722 1435 1126 1491 auctoritatem
1162 1435 1423 1491 Patrum,
1463 1425 1555 1496 qui
1591 1423 1913 1479 secundum
1951 1420 2095 1473 divi-

444 1546 549 1585 nas
585 1526 914 1596 Scripturas
940 1523 1109 1575 (idem
1146 1518 1310 1573 nobis
1334 1516 1701 1570 tradiderunt
1732 1511 1890 1564 illam
1916 1525 2093 1580 quam

445 1636 476 1673 a
510 1617 722 1672 divinis
751 1611 1064 1683 Scripturis
1096 1605 1559 1662 didicerunt.Sin
1582 1620 1712 1657 vero
1735 1599 2095 1672 placet;quia

442 1707 600 1762 corde
629 1704 868 1760 creditur
894 1701 960 1755 ad
981 1702 1283 1771 justitiam,
1316 1712 1406 1751 ore
1437 1704 1616 1748 autem
1657 1691 1917 1758 confessio
1940 1690 2000 1757 ﬁt
2025 1687 2095 1742 ad

439 1798 673 1851 salutem
698 1795 869 1866 (Rom.
897 1809 951 1855 x,
982 1792 1065 1855 10)
1088 1807 1103 1842 :
1131 1786 1394 1841 instructi
1428 1783 1638 1838 etenim
1674 1796 1880 1834 sumus
1907 1784 1961 1832 et
1994 1795 2093 1848 pa-

441 1887 547 1940 rati
582 1885 653 1939 ad
688 1880 1156 1952 respondendum
1182 1875 1340 1930 omni
1373 1873 1701 1944 exposcenti
1723 1871 1792 1922 de
1818 1867 1983 1921 nobis
2002 1884 2088 1920 ra-

440 1975 659 2030 tionem
694 1973 763 2026 de
794 1971 905 2024 fide
937 1974 993 2023 et
1024 1983 1124 2038 spe
1158 1982 1281 2036 quis
1319 1965 1376 2017 in
1413 1962 1578 2016 nobis
1610 1965 1698 2014 est
1729 1959 1771 2029 (Ι
1819 1959 1970 2011 Petr.
2006 1972 2089 2020 III,

444 2065 531 2133 15)
559 2079 570 2117 :
601 2068 657 2116 et
698 2065 971 2132 praeterea
1020 2073 1152 2110 cum
1208 2053 1489 2108 Dominus
1540 2050 1663 2119 ipse
1710 2052 1880 2100 Jesus
1913 2045 2088 2112 dicat,

438 2155 551 2223 Qui
578 2168 665 2204 me
693 2151 971 2218 confessus
1024 2146 1192 2217 fuerit
1240 2158 1422 2197 coram
1457 2139 1771 2199 homnibus,
1801 2135 2093 2203 conﬁtebor

437 2255 487 2300 et
517 2261 610 2315 ego
634 2261 756 2298 eum
785 2258 965 2296 coram
986 2244 1150 2292 Patre
1170 2252 1283 2290 meo
1305 2236 1398 2305 qui
1427 2236 1501 2288 est
1537 2235 1594 2285 in
1624 2232 1793 2295 caelis;
1812 2230 1968 2299 etqui
1990 2243 2086 2281 ne-

438 2337 646 2404 gaverit
678 2349 761 2387 me
780 2348 963 2385 coram
982 2330 1291 2391 homnibus,
1313 2325 1527 2395 negabo
1559 2326 1610 2375 et
1645 2337 1736 2389 ego
1760 2337 1883 2374 eum
1904 2335 2091 2372 coram

440 2429 617 2478 Patre
662 2438 779 2476 meo
811 2422 906 2490 qui
944 2422 1001 2472 in
1031 2416 1188 2472 cretis
1220 2424 1296 2469 est
1324 2414 1532 2479 (Matth.
1568 2429 1617 2465 Χ.
1653 2412 1742 2473 32,
1778 2409 1865 2477 23)
1893 2425 1903 2462 :
1931 2407 2087 2461 istud

442 2510 763 2583 periculum
797 2510 1030 2569 timens,
1065 2505 1331 2576 quamvis
1383 2504 1537 2572 leges
1596 2497 1921 2570 imperiales
1974 2513 2086 2550 non

444 2602 667 2671 ignoro,
726 2604 918 2652 tamen
971 2600 1255 2666 praecepto
1304 2590 1619 2645 Salvatoris
1681 2589 1941 2654 edoctus,
1988 2583 2088 2654 qui

445 2689 675 2744 monuit
709 2704 812 2741 nos
851 2691 903 2740 et
938 2684 1102 2747 dixit,
1130 2683 1302 2738 Nolite
1333 2683 1525 2734 timere
1563 2695 1649 2733 eos
1697 2679 1793 2750 qui
1838 2674 2091 2730 occidunt

441 2794 662 2849 corpus,
683 2778 930 2830 animam
948 2783 1131 2828 autem
1153 2788 1261 2825 non
1278 2774 1497 2841 possunt
1518 2769 1765 2823 oceidere
1787 2768 1801 2835 (
1814 2764 1947 2821 Ibid.
1974 2764 2088 2833 28);

445 2867 765 2937 respondeo
797 2864 1137 2919 evidenter:
1172 2860 1352 2914 Credo
1394 2857 1546 2928 quod
1609 2873 1760 2908 unus
1812 2859 1899 2908 est
1942 2859 2089 2907 Deus

444 2956 633 3023 Pater,
666 2954 761 3024 qui
807 2970 839 3007 a
871 2950 1026 3005 nullo
1058 2951 1232 3003 vitam
1278 2946 1530 3017 accepit;
1565 2951 1618 2998 et
1649 2944 1785 3014 quia
1817 2960 1970 2997 unus
2001 2948 2090 2997 est

440 3045 642 3109 Filius,
678 3043 774 3114 qui
818 3042 970 3112 quod
1003 3044 1090 3094 est
1147 3048 1197 3092 et
1230 3038 1379 3107 quod
1415 3035 1572 3099 vivit,
1607 3051 1640 3088 a
1672 3038 1837 3087 Patre
1871 3031 2089 3103 accepit

442 3138 507 3188 ut
536 3137 723 3197 esset;
777 3136 833 3184 et
882 3130 1019 3200 quia
1072 3145 1220 3181 unus
1251 3132 1339 3180 est
1368 3125 1617 3196 Spiritus
1649 3128 1888 3176 sanctus
1923 3138 2086 3190 para-

440 3220 647 3280 cletus,
680 3221 777 3290 qui
805 3226 893 3274 est
925 3217 1285 3271 illuminator
1325 3220 1379 3267 et
1428 3213 1821 3267 sanctificator
1863 3211 2087 3264 anima-

440 3327 571 3365 rum
599 3316 951 3364 nostrarum.
978 3307 1045 3361 Et
1076 3306 1182 3358 hoc.
1215 3305 1283 3357 de
1315 3303 1526 3356 divinis
1549 3300 1843 3371 Sccipuris
1865 3314 2082 3352 assero.

439 3398 720 3469 Sijubcs,
767 3412 1084 3467 prosequor
1140 3392 1519 3447 testimonia:
1557 3389 1604 3445 si
1656 3391 1710 3443 in
1761 3388 1955 3460 aliquo
2004 3403 2087 3442 re-

437 3486 810 3561 prehenderit
845 3484 1063 3555 Religio
1105 3488 1222 3549 tua,
1250 3482 1398 3535 dabo
1432 3496 1778 3551 responsum
1811 3480 1865 3531 in
1902 3478 1992 3531 bis
2024 3476 2083 3530 in

438 3577 651 3649 quibus
686 3573 1264 3649 reprehendi‘videor.

503 3650 558 3704 5.
591 3639 913 3704 Aucfdixit
943 3663 953 3700 :
992 3646 1178 3699 Movet
1211 3659 1322 3706 me,
1355 3643 1506 3712 quod
1560 3641 1637 3694 ita
1679 3639 1923 3710 posuisti
1953 3656 2082 3710 pro-

435 3739 557 3810 prie
611 3738 1065 3791 illuminatorem
1127 3739 1389 3788 nostrum
1452 3730 1732 3802 Spiritum
1768 3733 2078 3796 sanctum;

433 3827 602 3898 quasi
632 3826 899 3882 Christus
955 3840 1067 3877 non
1130 3826 1206 3876 sit
1266 3821 1626 3875 illuminator
1684 3826 1900 3874 noster.
1935 3819 2081 3873 Hinc

433 3917 621 3987 primo
653 3916 757 3970 abs
788 3919 843 3968 te
874 3913 998 3966 volo
1031 3912 1233 3965 audire
1265 3910 1401 3981 quid
1437 3909 1675 3963 sentias.

503 4004 652 4059 MAX.
685 4001 986 4073 respondit
1015 4018 1026 4055 :
1054 4000 1167 4053 Nos
1185 4000 1338 4053 enim
1366 4014 1545 4051 unum
1571 4002 1863 4051 auctorem
1897 3997 2079 4050 Deum

437 4091 664 4147 Patrem
697 4090 1129 4161 cognoscimus,
1154 4105 1187 4141 a
1236 4104 1350 4157 quo
1373 4086 1724 4140 illuminatio
1757 4086 1948 4140 omnis
1981 4101 2082 4155 per

432 4181 652 4253 gradus
688 4178 1004 4233 descendit.
1058 4177 1201 4233 Nam
1235 4174 1487 4245 denique
1517 4179 1572 4227 et
1603 4173 1901 4244 apostolus
1932 4177 2077 4226 Pau-

430 4268 524 4324 lus
558 4270 777 4340 profert
806 4268 876 4322 de
897 4284 957 4321 se
987 4266 1389 4321 testimonium
1428 4265 1482 4316 in
1516 4264 1752 4316 Actibus
1781 4262 2081 4333 Apostolo-

428 4374 583 4423 rum,
615 4358 832 4412 dicens.
867 4357 958 4410 Sic
984 4357 1130 4410 enim
1164 4354 1451 4407 mandavit
1484 4352 1636 4405 nobis
1668 4352 1836 4410 Deus;
1889 4356 1945 4406 et
1990 4351 2078 4406 in-

430 4451 518 4502 ter
549 4453 772 4512 caetera,
813 4447 972 4501 Posui
998 4449 1048 4499 te
1081 4446 1139 4498 in
1171 4444 1351 4496 lumen
1373 4443 1620 4512 gentium
1652 4442 1922 4512 (Act.xm,
1967 4442 2099 4512 47)..

432 4536 486 4589 Si
522 4534 825 4606 Apostolus
859 4535 915 4588 in
950 4533 1171 4587 lumine
1192 4531 1455 4602 gentium
1490 4531 1715 4601 positus
1737 4536 1825 4584 est
1858 4535 1921 4584 ut
1950 4532 2081 4585 doc-

431 4628 542 4689 tor,
567 4630 784 4694 quanto
813 4623 1000 4694 magis
1022 4622 1273 4693 Spiritus
1306 4626 1570 4683 sanctus,
1590 4620 1687 4690 qui
1718 4619 2082 4673 illuminator

432 4718 521 4768 est
536 4711 811 4782 Apostoli;
827 4711 883 4765 in
912 4729 1026 4781 quo
1044 4710 1354 4781 Apostolus
1374 4711 1601 4763 locutus
1632 4714 1739 4772 est,
1756 4709 2078 4764 secundum

434 4802 623 4873 ipsius
657 4800 907 4872 Apostoli
939 4801 1112 4864 dicta,
1139 4800 1276 4869 quia
1310 4816 1472 4853 nemo
1497 4801 1665 4868 potest
1691 4797 1868 4851 dicere
1894 4803 2077 4851 Domi-

434 4908 569 4945 num
587 4893 790 4955 Iesum,
812 4892 921 4943 nisi
944 4892 999 4942 in
1023 4890 1236 4957 Spiritu
1258 4891 1441 4941 sancto
1465 4887 1507 4958 (Ι
1525 4887 1843 4954 Cor.x11,3)?
1872 4885 2079 4955 Utique

432 4979 794 5035 illuminator
821 4984 911 5034 est
937 4978 1192 5049 Spiritus
1224 4982 1481 5041 sanctus,
1516 4974 1864 5029 illuminavit
1896 4976 2077 5044 Apos-

431 5070 638 5125 tolum.
672 5072 779 5124 Sed
812 5069 1066 5139 Spiritus
1115 5071 1353 5120 sanctus
1385 5083 1417 5119 a
1448 5065 1676 5119 Christo
1708 5064 1948 5134 accepit,
1982 5079 2077 5117 se-

429 5161 689 5215 cundum
740 5159 926 5230 ipsius
966 5155 1175 5209 Christi
1226 5154 1828 5217 testiniouium,sicut
1886 5152 1965 5206 ait
2017 5152 2076 5207 in'

429 5249 740 5321 Evangelia
759 5248 1026 5303 Christus
1051 5244 1250 5300 :Mutta
1274 5245 1440 5297 habeo
1460 5244 1603 5296 vobis
1626 5242 1822 5305 dicere,
1846 5241 1938 5296 sed
1970 5257 2076 5296 non

424 5340 652 5408 potestis
671 5348 898 5408 portare
915 5335 1067 5388 modo
1090 5352 1107 5388 :
1128 5350 1251 5387 cum
1272 5335 1456 5385 autem
1484 5332 1692 5384 venerit
1716 5332 1811 5384 itte
1836 5332 2075 5401 Spiritus

427 5428 689 5490 veritatis,
706 5427 908 5495 diriget
931 5441 1017 5477 vos
1042 5425 1099 5476 in
1117 5438 1330 5476 omnem
1354 5421 1652 5475 ceritatem.
1682 5421 1797 5474 Non
1817 5424 1965 5473 enim
1995 5422 2073 5475 lo-

429 5518 622 5584 quetur
637 5532 669 5567 a
687 5516 865 5577 se,serl
880 5528 1230 5583 quaecumque
1241 5529 1269 5563 a
1281 5510 1483 5563 adierit
1506 5510 1833 5578 loquetur,et
1847 5514 2075 5564 ventura

429 5604 787 5656 annuntiabit
824 5603 988 5655 vobis.
1022 5602 1119 5655 Itle
1142 5616 1225 5654 me
1243 5598 1589 5668 ctarzﬁcabit,
1618 5602 1748 5667 quia
1760 5597 1824 5651 de
1845 5613 1958 5651 meo
1981 5614 2070 5652 ac-

431 5690 613 5758 cipiet,
641 5692 692 5741 et
718 5690 1069 5743 annuntiabit
1108 5690 1256 5743 vobis
1306 5690 1481 5757 (Ioan.
1523 5704 1639 5752 xv1,
1675 5687 1884 5751 12-14).
1927 5686 2071 5758 Ergo

435 5776 687 5847 Spiritus
718 5781 957 5831 sanctus
978 5776 1197 5846 accepit
1218 5795 1250 5831 a
1279 5776 1527 5843 Christo,
1560 5776 1886 5832 secundum
1903 5776 2070 5832 testi-

1689 315 1752 369 S.
1799 304 2223 371 AUGUSTINI
2268 304 2624 367 EPISCOPI

3714 306 3817 366 ἨΞ

2211 436 2478 492 monium
2495 435 2729 491 Christi.
2745 436 2882 492 Sine
2897 435 3073 492 dubio
3090 438 3282 490 autem
3299 430 3558 489 Christus
3571 432 3687 507 ipse
3705 452 3820 495 con-

2210 526 2410 581 fitetur
2439 526 2619 598 quod,
2644 527 2902 581 Doctrina
2939 541 3062 580 mea
3100 539 3207 580 non
3232 532 3313 579 est
3331 538 3474 587 mea,
3494 523 3583 578 sed
3614 527 3721 597 ejus
3739 530 3823 599 qui

2206 631 2292 670 me
2317 617 2473 670 misit
2498 616 2682 671 Patris
2700 616 2877 679 (Ioan.
2901 632 3003 679 v11,
3028 614 3117 681 46)
3144 631 3157 668 :
3178 617 3255 677 et,
3276 612 3423 680 Quod
3445 611 3558 667 vidi
3577 622 3625 668 et
3658 615 3826 673 audivi

2204 704 2352 775 apud
2380 709 2605 760 Patrem
2632 721 2839 770 meum,
2872 704 3065 776 loquor
3092 703 3194 775 (Id.
3227 718 3351 768 vm,
3395 700 3505 770 38).
3536 700 3661 757 Sive
3705 720 3823 778 ergo

2205 792 2473 849 Christus
2503 795 2717 851 docens
2744 811 2849 850 nos
2871 792 3193 848 illuminat.
3232 791 3400 846 Pater
3429 788 3713 847 illuminat
3736 794 3823 865 qui

2204 898 2339 937 eum
2370 883 2710 951 destinavit;
2776 883 2897 939 sive
2953 881 3206 954 Spiritus
3258 884 3495 936 sanctus
3535 879 3820 954 illuminat,

2203 969 2559 1027 illuminatio
2585 972 2655 1028 ad
2689 975 2983 1029 auctorem
3018 968 3285 1040 recurrit,
3320 968 3421 1041 qui
3469 973 3557 1024 est
3594 969 3715 1026 fons
3739 970 3826 1027 bo-

2202 1060 2407 1116 nitatis
2432 1076 2444 1116 :
2470 1077 2505 1115 a
2534 1077 2645 1132 quo
2685 1065 3058 1127 consecutus,
3091 1060 3211 1115 sive
3256 1058 3469 1114 beatus
3514 1057 3824 1130 Apostolus,

2201 1148 2324 1205 sive
2352 1148 2529 1207 etiam
2569 1167 2775 1207 omnes
2804 1150 3014 1220 sancti,
3066 1147 3405 1205 illuminant
3446 1146 3677 1219 quidem
3720 1163 3829 1207 cre—

2200 1239 2425 1306 dentes,
2461 1239 2562 1296 sed
2615 1239 2734 1297 haec
2785 1239 3139 1296 illuminatio
3187 1237 3259 1293 ad
3308 1252 3494 1293 unum
3554 1240 3828 1294 auctorem

2200 1327 2466 1383 recurrit.
2495 1328 2564 1384 Et
2591 1345 2660 1385 ea
2689 1328 2760 1384 de
2786 1345 2966 1385 causa
2988 1327 3219 1384 dicebat
3248 1324 3534 1399 propheta
3557 1340 3570 1380 :
3593 1326 3831 1383 Dominus

2197 1416 2539 1474 ittuminatio
2568 1434 2711 1485 mea,
2740 1427 2796 1474 et
2833 1417 2987 1474 salus
3019 1432 3188 1480 mea;
3235 1430 3398 1490 quem
3454 1412 3645 1471 timebo
3671 1415 3831 1487 (Psal.

2196 1521 2352 1572 xxvi,
2386 1505 2478 1578 1)!
3554 1556 3557 1559 η

2267 1595 2321 1649 6.
2350 1597 2496 1653 Avo.
2529 1595 2709 1652 dixit:
2735 1598 2852 1670 Ego
2884 1612 3000 1653 non
3034 1611 3181 1669 nego
3211 1593 3552 1650 illuminare
3571 1592 3832 1666 Spiritum

2198 1687 2470 1740 sanctum
2507 1700 2520 1739 :
2573 1686 2674 1742 sed
2708 1691 2903 1741 utrum
2942 1689 3000 1741 et
3036 1684 3305 1741 Christus
3346 1682 3636 1740 illuminat
3654 1699 3751 1756 per
3777 1698 3835 1741 se

2197 1770 2415 1842 ipsum,
2445 1777 2502 1829 et
2532 1774 2699 1831 Pater
2720 1774 3012 1830 illuminet
3034 1790 3135 1847 per
3163 1790 3226 1831 se
3255 1773 3479 1847 ipsum,
3521 1790 3595 1829 an
3629 1790 3738 1830 non
3777 1772 3838 1829 il-

2195 1858 2487 1918 luminent
2514 1864 2611 1919 isti
2638 1863 2751 1921 nisi
2783 1880 2885 1937 per
2931 1863 3219 1935 Spiritum
3262 1867 3539 1919 sanctum
3571 1878 3586 1919 :
3621 1863 3723 1919 hoc
3751 1878 3832 1920 re-

2196 1950 2408 2022 quisivi
2438 1952 2706 2018 breviter,
2741 1953 2850 2009 hoc
2883 1952 3135 2023 requiro.

2267 2040 2413 2096 Max.
2465 2042 2767 2114 respondit
2797 2058 2811 2098 :
2845 2042 3028 2100 Credo
3079 2058 3193 2098 non
3253 2040 3435 2097 latere
3491 2023 3836 2114 Religionem

2191 2132 2355 2185 tuam
2388 2132 2621 2186 beatum
2652 2131 2870 2188 dixisse
2900 2130 3231 2203 apostolum
3264 2128 3538 2194 Paulum.
3588 2133 3723 2188 Cum
3748 2146 3838 2188 au-

2192 2225 2301 2274 tem
2331 2218 2639 2291 benignitas
2666 2224 2719 2276 et
2746 2220 3065 2277 humanitas
3094 2221 3364 2292 apparuit
3388 2219 3693 2276 Saluatoris
3718 2236 3838 2277 nos-

2191 2308 2268 2363 tri
2296 2308 2391 2363 Dei
2418 2325 2526 2365 non
2555 2326 2626 2366 ea:
2653 2311 2905 2382 aperibus
2923 2310 3166 2383 justitig
3187 2326 3311 2382 qua:
3338 2312 3576 2381 [erimus
3602 2326 3717 2375 nos,
3752 2308 3840 2365 sed

2190 2397 2491 2453 secundum
2509 2414 2669 2453 suam
2694 2399 3130 2456 misericordiam
3149 2400 3324 2455 salvos
3359 2415 3464 2455 nos
3482 2398 3636 2473 fecit,
3656 2415 3751 2471 per
3770 2399 3841 2454 ια-

2190 2501 2414 2541 vacrum
2439 2490 2879 2560 regenerationis
2898 2497 2951 2544 et
2970 2489 3354 2545 renovatiouis
3377 2487 3622 2561 Spiritus
3648 2488 3837 2553 sancti,

2191 2591 2352 2647 quem
2380 2576 2570 2648 e/fudit
2601 2578 2661 2633 in
2689 2593 2786 2634 nos
2809 2578 3047 2648 abunde,
3078 2594 3177 2650 per
3197 2579 3386 2635 Iesum
3419 2579 3697 2635 Christum
3724 2576 3837 2634 Sat-

2189 2667 2429 2721 vatorem
2454 2667 2844 2739 uostrum(Tit.
2878 2684 2964 2734 ιιι,
3002 2668 3145 2736 4ο6).
3193 2667 3537 2725 Secundum
3575 2667 3729 2722 hanc
3757 2680 3839 2721 re-

2192 2752 2390 2827 gulam
2421 2754 2549 2811 dico
2577 2755 2858 2827 Spiritum
2899 2761 3167 2813 sanctum
3198 2762 3257 2813 et
3299 2757 3583 2829 profiteor
3627 2754 3840 2812 illumi-

2193 2848 2454 2899 natorem
2489 2860 2590 2914 per
2620 2844 2831 2901 Filium
2867 2862 2879 2902 :
2914 2849 2980 2901 ut
3007 2850 3142 2902 ante
3164 2845 3391 2902 dictum
3423 2851 3536 2911 est,
3571 2847 3737 2915 Quem
3763 2844 3840 2913 ef-

2189 2931 2336 3004 fudit
2365 2934 2425 2988 in
2444 2949 2544 2989 nos
2573 2933 2809 3003 abunde,
2849 2950 2952 3008 per
2976 2935 3160 2991 Iesum
3203 2934 3485 2991 Christum
3518 2933 3844 2991 Salvatorem

2188 3029 2456 3078 nostrum.
2488 3026 2619 3078 Jam
2651 3023 2785 3079 dedi
2815 3039 3161 3096 responsum
3193 3041 3206 3080 :
3243 3024 3527 3096 quoniam
3563 3023 3683 3080 sive
3709 3020 3846 3078 Pau-

2192 3108 2286 3166 lus
2316 3109 2635 3179 illuminat,
2668 3112 2738 3167 ad
2774 3117 3071 3169 auctorem
3104 3112 3288 3169 Deum
3336 3112 3571 3170 Patrem
3603 3114 3841 3169 recurrit

2190 3196 2315 3256 hac
2360 3199 2744 3269 illuminatio;
2779 3200 2900 3258 sive
2940 3201 3195 3274 Spiritus
3237 3205 3483 3258 sanctus
3532 3201 3840 3267 illuminat,

2190 3288 2262 3342 ad
2320 3294 2619 3345 auctorem
2678 3291 2927 3346 recurrit
2980 3289 3335 3347 illuminatio
3370 3304 3385 3345 :
3421 3289 3544 3348 sive
3587 3289 3844 3348 Christus

2188 3373 2506 3443 illuminat,
2540 3378 2610 3432 ad
2647 3383 2946 3435 auctorem
2971 3379 3219 3435 recurrit
3239 3377 3624 3435 illuminatio.
3653 3378 3721 3435 Et
3741 3378 3842 3434 hoc

2188 3464 2525 3537 magisterio
2555 3466 2767 3522 Christi
2796 3467 3060 3536 edoctus,
3085 3484 3435 3541 prosequor,
3457 3467 3617 3525 sicut
3631 3466 3844 3540 aitipse

2187 3551 2632 3610 Christus:0ves
2661 3570 2803 3613 meae
2828 3572 3005 3612 vocem
3022 3573 3204 3612 meam
3232 3555 3495 3623 audiunt,
3522 3560 3575 3612 et
3602 3572 3843 3627 sequun-

2186 3650 2281 3698 tur
2309 3658 2427 3709 me;
2479 3651 2531 3699 et
2554 3659 2649 3715 ego
2670 3646 2844 3700 vitam
2865 3654 3132 3701 cateruam
3149 3644 3216 3702 do
3236 3646 3335 3712 eis,
3373 3653 3566 3701 etnon
3586 3644 3841 3716 peribunt

2185 3731 2243 3786 in
2273 3740 2559 3802 internum,
2590 3736 2646 3788 et
2692 3748 2803 3789 non
2851 3735 3039 3805 rapiet
3083 3749 3175 3790 eas
3224 3734 3522 3806 quisquam
3566 3733 3634 3790 de
3674 3747 3840 3788 manu

2181 3836 2325 3887 mea,
2349 3823 2515 3877 Pater
2541 3838 2693 3878 meus
2712 3822 2854 3894 quod
2881 3822 3029 3878 dedit
3056 3822 3223 3890 mihi,
3253 3824 3440 3895 majus
3468 3823 3724 3880 omnibus
3742 3828 3837 3888 est,

2182 3913 2233 3966 et
2262 3926 2426 3965 nemo
2453 3915 2627 3982 potest
2648 3927 2849 3982 rapere
2876 3911 3021 3967 illud
3057 3911 3125 3967 de
3150 3928 3325 3967 manu
3367 3914 3563 3968 Patris
3614 3913 3745 3967 mei.
3778 3908 3841 3965 Et

2183 3998 2397 4054 iterum
2426 3998 2509 4054 sic
2539 3998 2620 4055 ait
2645 4017 2658 4055 :
2681 4000 2790 4071 Ego
2820 4005 2874 4055 et
2902 4001 3071 4055 Pater
3119 4016 3297 4055 unum
3324 4016 3523 4056 sumus
3570 4001 3747 4069 (Ioan.
3786 4013 3838 4052 ι.

2180 4084 2400 4153 27-30).
2435 4091 2580 4157 Ergo
2610 4085 2681 4141 ad
2701 4086 3265 4155 defendendasoves,
3295 4087 3367 4143 ad
3394 4086 3840 4153 iiluminandas,

2182 4172 2350 4229 Pater
2377 4178 2435 4229 et
2463 4173 2645 4229 Filius
2676 4191 2862 4231 unum
2894 4180 3038 4232 sunt
3066 4177 3386 4233 concordes
3417 4183 3601 4249 atque
3632 4173 3833 4232 unani-

2182 4277 2305 4317 mes
2335 4263 2661 4318 secundum
2693 4262 2843 4319 hanc
2872 4264 3157 4320 rationem
3203 4282 3384 4338 quam
3418 4265 3667 4335 audisti,
3698 4266 3837 4331 Quo.

2182 4350 2340 4405 niam
2392 4367 2562 4407 nemo
2594 4357 2783 4423 potest
2813 4368 3015 4425 rapere
3061 4352 3132 4410 de
3163 4370 3341 4410 manu
3365 4371 3500 4411 mea
3530 4371 3669 4411 oves
3699 4366 3838 4424 quas

2183 4438 2329 4493 mihi
2361 4439 2521 4494 dedit
2553 4440 2755 4496 Pater:
2781 4441 2961 4497 simili
2982 4442 3155 4500 modo
3188 4459 3292 4499 nec
3315 4443 3387 4499 de
3415 4460 3598 4499 manu
3635 4439 3839 4498 Patris.

2250 4527 2306 4585 7.
2341 4533 2488 4584 Ana.
2524 4528 2701 4584 dixit:
2740 4529 2854 4586 Res
2884 4531 3139 4603 loqueris
3178 4534 3550 4589 necessarias
3581 4530 3835 4605 quidem,

2180 4615 2282 4672 sed
2306 4634 2421 4672 non
2447 4617 2515 4673 ad
2550 4633 2813 4674 causam.
2839 4619 2926 4674 Ad
2951 4620 3475 4693 interrogationem
3505 4638 3699 4678 meam
3726 4634 3836 4675 non

2181 4706 2555 4777 respondisti,
2587 4712 2645 4763 et
2673 4713 2869 4764 tamen
2929 4708 3115 4764 multa
3143 4709 3360 4765 dixisti.
3385 4711 3449 4766 Si
3473 4710 3645 4775 velis.
3677 4708 3837 4765 relic-

2179 4797 2241 4849 ta
2269 4796 2595 4867 quaestione
2620 4812 2747 4868 quae
2779 4796 2932 4853 inter
2959 4813 3064 4854 uos
3094 4797 3357 4867 vertitur,
3376 4799 3630 4855 reddere
3651 4802 3835 4854 totum

2180 4882 2583 4957 Evangelium,
2616 4887 2717 4957 qui
2749 4885 2873 4942 dies
2921 4885 3244 4955 sufﬁciunt,
3280 4892 3572 4957 quantum
3622 4892 3837 4958 tempm

2181 4972 2262 5027 ris
2292 4974 2547 5044 spatium
2599 4975 2994 5032 necessarium
3043 4975 3172 5032 est?
3221 4976 3479 5032 Breviter
3527 4976 3677 5033 mihi
3724 4975 3835 5046 dic,

2180 5060 2456 5132 quoniam
2487 5061 2837 5135 interrogavi
2895 5067 2974 5131 te,
3030 5069 3231 5120 utrum
3289 5064 3595 5122 illuminat
3639 5080 3741 5137 per
3776 5077 3836 5119 se

2180 5148 2374 5222 ipsum
2397 5149 2691 5216 Christus,
2725 5167 2799 5207 an
2832 5168 2946 5207 non
2978 5151 3272 5208 illuminat
3286 5152 3395 5208 nisi
3422 5170 3532 5226 per
3554 5151 3833 5226 Spiritum

2180 5245 2471 5297 sanctum.
2506 5239 2631 5295 Non
2662 5239 2856 5297 solum
2888 5242 2959 5297 ad
3001 5241 3111 5299 hoc
3161 5242 3522 5315 respondere
3574 5241 3834 5309 noluisti,

2179 5327 2279 5383 sed
2314 5326 2363 5383 si
2395 5344 2488 5383 me
2519 5345 2633 5384 non
2666 5328 2818 5385 fallit
2867 5330 3019 5398 quod
3053 5330 3268 5399 audivi,
3321 5330 3518 5402 magis
3557 5331 3833 5405 Spiritum

2178 5422 2447 5473 sanctum
2483 5434 2582 5489 per
2610 5418 2906 5474 Christum
2940 5418 3279 5475 illuminare
3306 5420 3532 5477 dixisti.

2250 5505 2398 5561 Mn.
2432 5506 2730 5580 respondit
2757 5523 2771 5562 :
2796 5507 2923 5563 Non
2960 5508 3125 5564 decet
3146 5510 3205 5565 in
3228 5508 3530 5581 religione,
3563 5515 3835 5582 praeterea

2176 5610 2305 5651 cum
2326 5596 2396 5651 de
2417 5595 2533 5652 Deo
2561 5595 2893 5669 loquamur,
2909 5597 3267 5654 calumniam
3290 5597 3533 5654 inferre.
3552 5599 3671 5672 Ego
3683 5603 3740 5653 et
3756 5611 3833 5653 re-

2175 5701 2459 5757 sponsum
2478 5685 2692 5756 dedi,et
2714 5686 2763 5743 si
2781 5703 2896 5743 non
2919 5687 3223 5744 sufﬁciunt
3238 5704 3370 5761 qua
3387 5684 3829 5756 diximus,addi-

2173 5790 2309 5831 mus
2327 5773 2686 5846 testimonia,
2716 5775 2858 5848 quia
2876 5792 2981 5850 per
3007 5776 3214 5836 Jesum
3242 5775 3551 5836 Christum
3581 5776 3827 5851 Spiritus
