4090 6184
200 345 310 403 717

196 475 492 549 gignendo
516 491 648 530 eum
664 476 1032 548 vitam,dedit
1048 478 1097 533 ei
1114 477 1736 549 vitamJEqualitatem
1752 494 1849 533 au-

194 569 311 621 tem
324 565 583 621 ostendit
602 566 849 621 dicendo
870 584 882 622 :
901 568 1051 623 Sicut
1069 568 1231 623 habet
1245 574 1405 623 Pater
1418 571 1589 624 vitam
1602 570 1665 623 in
1678 584 1846 623 seme—

193 655 815 724 tipso,sicdeditetFilio
832 656 1218 712 vitam/iubere
1242 660 1304 712 in
1346 660 1630 728 semetipso
1668 659 1844 728 (Joan.

192 761 249 814 v,
301 745 414 815 26).
450 744 639 799 Vitam
671 744 730 798 in
760 744 1074 815 semetipso
1122 746 1298 801 habet
1330 746 1529 813 Pater;
1562 746 1849 818 aequalem

192 834 323 888 vitae
346 833 531 888 Patris
562 832 739 888 vitam
772 834 830 888 in
863 850 923 889 se
954 834 1131 889 habet
1158 835 1370 890 Filius:
1404 836 1506 891 sed
1527 842 1720 891 tamen
1755 836 1845 890 Fi-

191 921 309 978 lius
344 940 377 977 a
407 939 467 977 se
496 921 623 994 ipso
654 921 831 977 vitam
862 939 973 977 non
1006 924 1250 995 accepit.
1282 924 1551 995 quianon
1583 941 1615 979 a
1641 941 1702 979 se
1724 925 1849 996 ipso

197 1018 399 1067 natum
436 1017 545 1077 est,
578 1029 611 1065 a
641 1015 810 1065 Patre
841 1018 1014 1066 natus
1047 1017 1157 1068 est.
1191 1012 1493 1084 Gignendo
1521 1014 1699 1078 dedit,
1734 1030 1847 1069 non

196 1101 473 1173 quiajam
496 1107 621 1155 erat
646 1100 825 1155 Filius
843 1101 970 1155 sine
990 1101 1126 1166 vita,
1146 1106 1204 1157 et
1221 1102 1381 1157 dedit
1397 1104 1446 1158 ei
1466 1103 1673 1170 vitam,
1706 1120 1849 1174 quo-

197 1191 370 1246 modo
394 1208 499 1245 nos
523 1196 851 1261 peccatores
880 1192 1010 1245 facti
1032 1208 1239 1247 sumus
1261 1193 1387 1247 sine
1409 1192 1545 1260 vita,
1566 1196 1622 1247 et
1639 1209 1741 1265 per
1760 1192 1850 1248 in-

197 1279 559 1352 dulgentiam
590 1284 647 1334 et
675 1280 924 1351 gratiam
956 1281 1290 1352 accepimus
1320 1282 1496 1337 vitam
1519 1299 1531 1337 :
1554 1281 1649 1337 ille
1673 1282 1850 1339 vitam

196 1368 418 1440 accepit
441 1385 474 1423 a
496 1368 685 1439 Patre,
719 1369 858 1439 quia
887 1369 1002 1424 vita
1034 1375 1207 1425 natus
1233 1376 1323 1425 est
1354 1389 1389 1426 a
1418 1371 1605 1428 Patre.
1640 1374 1718 1426 Ac
1749 1388 1853 1442 per

198 1457 304 1513 hoc
328 1462 388 1512 tu
420 1474 536 1512 non
570 1458 808 1528 potuisti
841 1458 1030 1514 dicere
1054 1459 1389 1529 subjectum
1412 1476 1540 1515 esse
1567 1460 1705 1515 Filio
1728 1460 1853 1533 Spi-

199 1548 373 1602 ritum
408 1552 702 1615 sanctum,
733 1547 843 1603 nisi
878 1548 1016 1619 quia
1046 1548 1363 1619 gemitibus
1394 1549 1724 1621 interpellat
1750 1567 1852 1622 pro

200 1637 387 1693 nobis.
411 1636 656 1691 Videtur
675 1636 830 1692 enim
866 1636 970 1691 tibi
994 1636 1093 1691 illa
1126 1638 1398 1708 perfectio
1433 1638 1761 1694 sanctitatis
1792 1639 1852 1694 in

201 1726 518 1797 gemitibus
537 1741 767 1797 semper
783 1742 931 1795 esse,
971 1742 1076 1781 nec
1116 1727 1405 1797 respirare
1425 1745 1458 1782 a
1479 1728 1779 1799 gemendo.
1807 1726 1851 1783 Ο

202 1820 414 1871 aeterna
429 1814 667 1869 miseria
682 1813 963 1884 lIntellige
978 1814 1414 1882 locutionem,et
1427 1815 1854 1889 blasphemiam

203 1904 605 1960 devitabis.Sic
632 1903 789 1958 enim
813 1904 1034 1958 dictum
1053 1910 1158 1970 est,
1183 1904 1478 1960 Gemitibus
1501 1906 1813 1976 interpellat
1837 1930 1851 1973 ;

210 1999 276 2048 ut
305 1991 782 2065 intelligeremus,
817 1992 1143 2048 Gemitibus
1174 1992 1543 2065 interpellare
1566 2011 1670 2049 nos
1696 1994 1851 2049 facit.

202 2081 386 2137 Adest
416 2081 567 2136 enim
602 2082 794 2148 nobis,
826 2086 884 2136 et
914 2082 1278 2138 infundendo
1297 2083 1642 2139 charitatem
1664 2083 1851 2154 nobis,

200 2171 338 2226 facit
368 2187 474 2225 nos
504 2169 874 2241 interpellare
903 2171 1242 2243 gemitibus.
1276 2174 1533 2244 Denique
1578 2173 1688 2228 alio
1734 2174 1856 2227 loco

200 2276 332 2316 cum
352 2260 496 2314 dicit
512 2259 843 2331 Apostolus,
867 2260 1233 2328 Clamanlem,
1260 2262 1427 2329 Abba,
1449 2263 1613 2317 Pater
1644 2263 1850 2331 (Galat.

199 2368 275 2416 Iv,
302 2350 393 2416 6);
426 2348 540 2403 alio
572 2349 696 2404 loco
730 2350 891 2415 dicit,
924 2351 983 2404 In
1007 2367 1114 2420 quo
1142 2351 1470 2419 clamamus,
1522 2352 1689 2419 Abba,
1743 2354 1853 2407 Pa-

200 2448 279 2494 ter
306 2439 482 2510 (Rom.
516 2455 636 2502 VIII,
674 2439 791 2508 l5):
835 2439 1102 2509 exposuit
1137 2441 1277 2511 quid
1330 2441 1426 2507 sit,
1488 2441 1850 2509 Clamantem,

201 2528 367 2597 Abba,
390 2534 587 2588 Pater;
609 2528 877 2592 dicendo,
900 2532 965 2583 In
996 2545 1101 2598 quo
1131 2530 1451 2584 clamamus.
1502 2532 1579 2584 Ac
1613 2547 1715 2599 per
1743 2530 1853 2586 hoc

202 2618 340 2690 quid
373 2622 483 2685 est,
520 2617 883 2683 Clamantem,
917 2616 1054 2681 nisi,
1086 2617 1337 2673 clamare
1369 2620 1679 2674 facientem
1704 2619 1731 2673 ?
1775 2625 1853 2675 Do

202 2706 540 2778 exemplum
562 2706 873 2761 locutionis
895 2706 993 2777 huj
1007 2712 1301 2762 us.Nonne
1320 2713 1465 2763 Deus
1488 2709 1854 2764 estomnium

202 2797 487 2869 praescius
510 2796 839 2850 futurorum
862 2797 888 2849 ‘?
905 2796 1043 2859 Quis
1070 2796 1177 2851 hoc
1197 2797 1722 2866 negabitinsanus?
1745 2799 1853 2854 Ta-

204 2901 335 2941 men
369 2884 453 2939 ait
505 2883 837 2955 Apostolus,
869 2884 1025 2939 Nunc
1052 2894 1235 2940 autem
1262 2895 1631 2956 cognoscentes
1663 2888 1853 2958 Deum,

204 2974 535 3043 imocogmti
561 2975 713 3029 aDeo
736 2973 949 3042 (Galat.
980 2991 1055 3045 Iv,
1079 2975 1155 3044 9).
1185 2974 1242 3029 Si
1276 2992 1431 3030 nunc
1462 2993 1558 3031 eos
1590 2976 1856 3048 cognovit

201 3068 376 3133 Deus,
412 3081 528 3119 non
561 3080 659 3119 eos
691 3068 945 3133 noverat,
981 3080 1094 3117 non
1126 3062 1395 3135 elegerat,
1419 3082 1532 3120 non
1553 3067 1853 3137 praedesti-

199 3158 446 3210 naverat
475 3158 606 3208 ante
638 3152 839 3207 mundi
872 3151 1365 3208 constitutionem.
1403 3155 1512 3209 Sed
1546 3155 1630 3211 sic
1689 3155 1854 3225 dixit,

195 3245 353 3300 Nunc
373 3247 561 3298 autem
578 3253 951 3312 cognoscentes
976 3246 1171 3309 Deum,
1200 3243 1315 3297 imo
1336 3246 1542 3312 cogniti
1562 3262 1600 3299 a
1623 3246 1727 3300 Deo
1754 3272 1767 3313 ;
1791 3250 1857 3302 ut

194 3330 593 3402 intelligerent
626 3330 809 3385 Deum
839 3330 1119 3385 fecissein
1140 3329 1220 3385 eis
1239 3332 1629 3402 cognitionem
1663 3351 1853 3401 suam,

196 3422 593 3491 Cognoscentes
626 3420 815 3473 Deum.
868 3419 1014 3484 Quid
1060 3424 1167 3486 est,
1217 3420 1599 3491 Cognoscentes
1639 3425 1856 3480 Deum?

194 3511 388 3566 Nolite
419 3509 587 3564 vobis
618 3525 908 3580 arrogare,
930 3506 1107 3563 nolite
1125 3510 1427 3580 superbire
1452 3528 1464 3565 :
1492 3511 1711 3581 Cogniti
1728 3517 1856 3570 estis

198 3618 233 3655 a
265 3602 392 3655 Deo.
430 3599 577 3664 Quid
601 3602 707 3666 est,
740 3600 948 3666 cogniti
976 3600 1111 3652 estis
1140 3600 1297 3653 aDeo
1320 3604 1344 3653 .9
1365 3601 1698 3672 Cognitores
1718 3620 1857 3659 suos

201 3689 364 3745 Deus
375 3704 478 3743 vos
503 3687 668 3741 fecit:
695 3686 846 3741 Deus
871 3685 1030 3740 vobis
1045 3686 1205 3741 dedit
1225 3692 1289 3741 ut
1306 3689 1691 3759 cognoscatis.
1711 3691 1860 3753 Quo-

203 3779 382 3833 modo
404 3781 494 3832 est
516 3775 659 3830 illud
688 3774 944 3831 Domini:
970 3776 1123 3829 Nunc
1171 3778 1413 3846 cognovi,
1446 3777 1588 3832 dicit
1616 3779 1859 3835 Abrahae

205 3864 515 3932 Dominus,
550 3866 703 3920 Nunc
745 3866 971 3932 cognovi
1026 3865 1285 3934 quoniam
1332 3867 1527 3921 timeas
1564 3868 1860 3923 Dominum

205 3954 364 4026 (Gen.
397 3970 537 4019 χχιι,
578 3954 681 4023 12).
717 3953 958 4017 Quando
990 3952 1187 4007 attulit
1204 3952 1390 4008 lilium
1408 3970 1582 4009 suum
1602 3957 1672 4010 ad
1691 3956 1864 4013 holo-

206 4050 484 4099 caustum
500 4040 815 4106 Abraham,
836 4041 975 4096 dicit
997 4041 1046 4097 ei
1073 4048 1244 4111 Deus,
1266 4043 1421 4097 Nunc
1443 4048 1666 4115 cognovi
1684 4048 1710 4098 .9
1730 4047 1863 4118 Ipsa

204 4137 301 4189 est
321 4138 445 4188 tota
465 4132 558 4187 Dei
583 4130 1126 4202 praescicntia‘hunc
1145 4132 1681 4203 cognovit,quando
1695 4136 1859 4204 dixit,

204 4224 364 4279 Nunc
391 4219 670 4290 cognovi?
701 4220 811 4275 Sed
844 4220 989 4292 quid
1020 4224 1127 4288 est,
1159 4221 1315 4275 Nunc
1341 4224 1609 4289 cognovi?
1662 4224 1720 4279 Id
1752 4230 1861 4293 est,

202 4312 374 4366 Nunc
404 4325 753 4382 cognoscere
776 4314 828 4364 te
852 4310 974 4364 feci.
1002 4310 1057 4362 Si
1082 4325 1217 4381 ergo
1242 4310 1346 4365 has
1364 4309 1685 4367 locutiones
1712 4314 1865 4369 sicut

206 4400 402 4455 Libris
432 4398 646 4453 divinis
677 4398 941 4453 eruditus
973 4414 1341 4470 agnosceres,
1362 4400 1432 4454 de
1450 4400 1768 4472 gemitibus
1791 4403 1865 4457 il-

204 4490 289 4545 lis
318 4490 537 4574 quibug
567 4488 790 4543 dictum
821 4493 911 4543 est
940 4487 1256 4558 gemitibus
1285 4487 1655 4560 interpellare
1684 4491 1865 4562 Spiri-

207 4583 507 4648 sanctum,
534 4594 649 4633 non
669 4594 802 4633 eum
836 4577 1054 4632 faceres
1084 4578 1386 4644 miserum,
1412 4578 1559 4641 Quid
1592 4580 1747 4635 enim
1779 4586 1869 4637 est

210 4667 527 4737 aliud,sem
538 4684 639 4739 per
654 4683 1098 4739 gemens,quam
1119 4682 1349 4738 semper
1366 4667 1544 4723 miser
1559 4668 1586 4722 ‘l
1610 4669 1742 4725 Ideo
1762 4688 1867 4727 nos

209 4756 509 4830 geminus,
554 4760 693 4827 quia
739 4756 938 4812 miseri
982 4773 1211 4812 sumus.
1260 4756 1326 4811 Et
1364 4758 1583 4828 gratias
1627 4758 1870 4831 Spiritui

213 4845 589 4917 sancto,quia
606 4846 887 4901 charitate
904 4846 1101 4901 aeterni
1123 4844 1317 4901 saeculi
1336 4846 1473 4901 facit
1490 4864 1595 4902 nos
1616 4864 1867 4920 gemere,

214 4942 459 5007 propter
487 4935 646 5007 quod
677 4935 867 4990 dictus
898 4939 986 4989 est
1014 4951 1273 5007 gemens.
1306 4935 1464 4991 Facit
1496 4954 1603 4992 nos
1620 4936 1873 4995 clamare

212 5028 458 5095 propter
490 5025 646 5095 quod
680 5023 870 5080 dictus
901 5030 990 5079 est
1019 5024 1300 5079 clamans.
1327 5025 1484 5080 Facit
1507 5044 1612 5082 nos
1634 5044 1873 5099 cognos-

210 5126 353 5166 cere
386 5112 583 5177 I)eum,
618 5117 853 5182 propter
882 5112 1034 5183 quod
1068 5112 1291 5166 dictum
1324 5119 1432 5178 est,
1469 5117 1576 5169 Imo
1606 5119 1813 5187 cogniti
1840 5135 1875 5172 a

206 5200 350 5263 Deo,
385 5201 538 5255 Facit
566 5200 860 5255 Abraham
899 5203 1047 5256 Deus
1108 5208 1581 5273 cognoscentem,
1640 5213 1877 5279 propter

211 5287 379 5361 quod
411 5296 466 5345 et
496 5288 663 5357 dixit,
698 5291 854 5345 Nunc
882 5292 1135 5363 cognovi.

294 5415 437 5470 Max.
472 5415 806 5487 respondit:
840 5415 902 5470 In
937 5414 1153 5487 quibus
1203 5432 1309 5471 nos
1368 5417 1768 5488 reprehendis,
1817 5421 1876 5476 in

208 5502 370 5574 ipsis
388 5504 512 5576 ipse
532 5504 836 5575 detegeris.
872 5509 1104 5560 Certum
1137 5508 1227 5559 est
1252 5503 1430 5570 enim,
1458 5510 1513 5559 et
1545 5506 1744 5563 divina
1775 5526 1880 5566 nos

213 5598 425 5648 monet
446 5592 766 5665 Scriptura,
802 5594 957 5666 quod
985 5609 1054 5649 ex
1084 5591 1459 5664 multiloquio
1493 5611 1609 5650 non
1638 5596 1880 5669 effugies

215 5686 563 5755 peccatum;
586 5698 833 5757 parcens
850 5688 1048 5741 autem
1063 5680 1257 5753 labiis,
1294 5683 1531 5755 sapiens
1562 5684 1677 5743 eris
1696 5686 1879 5760 (Prov.

905 344 1289 407 COLLATIO
1334 346 1490 407 CUM
1538 345 1931 407 MAXIMINO
1975 347 2448 411 ARIANORUM
2497 350 2896 412 EPISCOPO.

3487 353 3606 415 718

1950 494 2006 544 x,
2039 480 2148 550 19).
2170 482 2443 545 Quamvis
2475 482 2648 538 etiam
2681 483 2787 539 etsi
2820 499 2919 554 per
2947 486 3135 539 totum
3156 484 3310 540 diem
3348 484 3606 557 quisque

1951 567 2022 622 de
2046 567 2257 624 divinis
2275 570 2591 641 Scripturis
2611 572 2863 643 proferat
2875 572 3230 638 testimonia,
3248 590 3364 629 non
3389 574 3447 629 in
3474 591 3607 629 ver-

1952 656 2297 712 bositateilli
2316 659 2703 731 imputabitur
2719 663 2977 717 revera‘:
3008 664 3162 733 quod
3183 662 3230 717 si
3250 667 3352 717 aut
3380 663 3603 719 littera-

1953 746 2040 801 ria
2053 752 2175 801 arte
2197 764 2362 818 usus,
2383 755 2483 802 aut
2517 750 2921 820 expressione’
2942 751 3185 823 spiritus
3223 751 3315 807 sui
3346 752 3599 824 quisque

1955 836 2265 891 concinnet
2282 838 2456 892 verba
2475 854 2599 909 quae
2618 855 2728 893 non
2750 840 3602 913 continentsanctaeScripturze;

1953 928 2010 978 et
2028 924 2213 980 otiosa
2236 931 2376 980 sunt
2396 931 2453 980 et
2467 928 3018 998 superﬂua.Sufﬁcit
3036 930 3200 1000 mihi,
3221 930 3320 1001 qui
3339 931 3407 985 ad
3430 930 3604 985 istam

1954 1013 2212 1082 regulam
2244 1019 2299 1070 te
2320 1015 2556 1085 adduxi,
2589 1020 2653 1069 ut
2684 1017 3009 1087 profitearis
3040 1020 3194 1089 quod
3225 1020 3389 1074 Pater
3434 1019 3603 1075 Pater

1954 1106 2062 1166 est,
2087 1103 2223 1173 quia
2244 1104 2484 1159 innatus
2504 1105 2754 1176 est,quia
2777 1123 2809 1160 a
2829 1107 3059 1163 nemine
3080 1108 3302 1179 accepit
3319 1108 3493 1163 vitam
3519 1126 3532 1177 ;
3553 1112 3610 1164 et

1954 1191 2094 1262 quia
2126 1192 2301 1248 Filius
2335 1210 2365 1248 a
2398 1193 2564 1249 Patre
2595 1200 2941 1251 consecutus
2992 1201 3082 1251 est
3110 1198 3321 1264 vitam;
3359 1202 3416 1252 et
3463 1197 3604 1269 quia

1952 1280 2207 1351 Spiritus
2221 1287 2455 1337 sanctus
2479 1283 2988 1355 Spiritussanctus
3001 1290 3108 1341 est.
3134 1286 3389 1343 Dicendo
3408 1291 3607 1343 autem

1957 1386 2140 1425 unum
2171 1376 2373 1439 Deum,
2409 1373 2554 1427 bene
2586 1373 2824 1444 quidem
2875 1374 3113 1445 faceres,
3175 1374 3222 1430 si
3280 1376 3608 1432 conﬁtendo

1956 1476 2141 1514 unum
2172 1459 2377 1527 Deum,
2412 1478 2526 1516 non
2543 1460 2770 1517 Patrem
2790 1466 2847 1517 et
2870 1462 3081 1517 Filium
3100 1468 3157 1518 et
3175 1462 3456 1535 Spiritum
3478 1483 3608 1521 san-

1956 1554 2117 1603 ctum
2149 1566 2333 1604 unum
2368 1550 2588 1606 diceres
2622 1555 2821 1606 Deum:
2859 1556 3058 1607 contra
3082 1561 3239 1607 luam
3256 1554 3606 1611 sententiam

1955 1638 2217 1693 veniens.
2249 1640 2295 1692 A
2326 1638 2493 1694 nobis
2522 1657 2677 1695 unus
2709 1640 2919 1695 colitur
2948 1645 3119 1711 Deus,
3153 1641 3412 1710 innatus,
3456 1644 3605 1700 infe-

1958 1732 2107 1795 ctus,
2141 1726 2477 1797 invisibilis,
2514 1728 2611 1799 qui
2646 1730 2715 1784 ad
2748 1728 3009 1785 humana
3037 1730 3307 1802 contagia
3326 1736 3383 1786 et
3407 1732 3478 1787 ad
3497 1732 3609 1787 hu-

1959 1832 2194 1870 manam
2228 1832 2462 1873 carnem
2495 1834 2609 1872 non
2643 1818 2961 1873 descendit.
3008 1818 3110 1873 Est
3171 1824 3364 1875 autem
3424 1824 3479 1876 et
3526 1820 3612 1875 Fi-

1959 1904 2074 1959 lius
2097 1907 2421 1960 secundum
2437 1906 2925 1977 Apostolum,non
2947 1907 3217 1978 pusillus,
3238 1910 3336 1964 sed
3360 1926 3611 1982 magnus

1958 1994 2140 2048 Deus:
2171 1994 2323 2049 sicut
2345 1996 2425 2049 ait
2455 1996 2659 2050 beatus
2692 1995 2930 2061 Paulus,
2964 1998 3353 2068 Exspectantcs
3400 1999 3610 2055 beatam

1958 2100 2106 2153 spem
2136 2092 2186 2138 et
2211 2084 2504 2139 adventum
2531 2086 2721 2152 gloriae
2750 2087 2942 2155 magni
2967 2087 3068 2140 Dei
3095 2090 3143 2141 et
3175 2086 3481 2142 Salvatoris
3508 2095 3608 2144 no-

1957 2174 2063 2226 stri
2089 2175 2215 2228 Jesu
2248 2173 2454 2228 Christi
2484 2175 2603 2244 (Tit.
2641 2192 2701 2240 II,
2738 2174 2845 2245 13).
2873 2177 2987 2229 Iste
3010 2175 3166 2229 enim
3192 2193 3440 2248 magnus
3460 2182 3609 2233 Deus

1957 2261 2226 2317 Christus
2256 2262 2416 2329 dicit,
2451 2264 2603 2334 quod
2636 2264 2868 2318 ascendo
2889 2265 2962 2318 ad
2986 2268 3201 2319 Patrem
3222 2282 3401 2320 meum
3422 2271 3474 2321 et
3499 2268 3606 2322 Pa-

1959 2360 2094 2406 trem
2130 2360 2390 2421 vestrum,
2424 2353 2590 2406 Deum
2620 2369 2804 2407 meum
2835 2357 2885 2407 et
2927 2355 3097 2408 Deum
3144 2358 3380 2410 vestrum
3427 2356 3605 2427 (Joan.

1958 2442 2190 2509 xx,i7).
2226 2441 2304 2495 De
2362 2458 2469 2495 sua
2521 2441 2677 2496 enim
2736 2443 3099 2511 subjectione
3158 2461 3341 2498 unum
3402 2445 3610 2501 statuit

1961 2530 2162 2585 Deum.
2194 2531 2305 2585 Iste
2337 2534 2425 2584 est
2454 2546 2590 2600 ergo
2624 2547 2776 2585 unus
2810 2535 2983 2595 Deus,
3044 2536 3109 2585 ut
3159 2533 3281 2603 jam
3343 2533 3607 2589 recitavi-

1962 2636 2094 2673 mus
2124 2618 2497 2687 testimoniis,
2531 2636 2706 2690 quem
2737 2619 3003 2675 Christus
3022 2625 3076 2675 et
3095 2621 3349 2691 Spiritus
3372 2628 3608 2679 sanctus

1961 2707 2227 2772 adorant,
2260 2710 2316 2761 et
2345 2706 2535 2761 omnis
2565 2712 2833 2761 creatura
2861 2714 3175 2762 veneratur
3205 2714 3260 2763 et
3289 2709 3463 2764 colit:
3501 2710 3609 2766 hac

1962 2795 2183 2851 ratione
2214 2811 2397 2849 unum
2430 2794 2790 2866 proﬁtemur.
2823 2794 2949 2850 Non
2984 2800 3182 2850 tamen
3217 2798 3371 2868 quod
3431 2816 3607 2870 copu-

1960 2884 2097 2940 latio
2128 2884 2215 2939 vel
2246 2884 2549 2955 permistio
2582 2883 2708 2938 Filii
2740 2901 2875 2939 cum
2909 2886 3094 2953 Patre,
3142 2890 3243 2940 aut
3306 2886 3397 2942 vel
3457 2892 3610 2943 certe

1961 2973 2212 3045 Spiritus
2239 2972 2425 3028 sancti
2459 2989 2591 3027 cum
2643 2972 2785 3027 Filio
2814 2972 2901 3029 vel
2959 2990 3091 3028 cum
3148 2974 3333 3042 Patre,
3394 2976 3610 3033 faciant

1961 3079 2145 3118 unum
2176 3066 2372 3117 Deum.
2406 3060 2517 3115 Sed
2550 3061 2688 3132 quia
2718 3060 2815 3116 ille
2845 3060 3006 3117 solus
3029 3079 3183 3118 unus
3206 3065 3498 3134 perfectus
3519 3071 3611 3122 est

1960 3153 2135 3217 Deus,
2157 3150 2276 3222 qui,
2299 3154 2362 3205 ut
2378 3151 2502 3221 ipse
2520 3155 2864 3221 prosecutus
2881 3168 2964 3216 es,
2986 3152 3164 3207 vitam
3188 3170 3221 3207 a
3242 3154 3473 3210 nemine
3508 3171 3609 3211 ac-

1960 3242 2131 3313 cepit,
2165 3241 2265 3311 qui
2298 3238 2440 3294 Filio
2472 3240 2633 3295 dedit
2663 3257 2770 3295 suo
2795 3240 3058 3313 exemplo
3093 3242 3303 3298 habere
3333 3244 3509 3298 vitam
3542 3244 3602 3299 in

1962 3331 2305 3401 semetipso;
2329 3327 2634 3399 copulatos
2657 3328 2890 3399 quidem
2906 3329 3226 3385 dicimusin
3247 3331 3529 3387 charitate
3551 3338 3609 3388 et

1960 3421 2017 3475 in
2043 3418 2505 3475 concordia.Jam
2534 3422 2597 3472 ut
2618 3419 2889 3489 superius
2909 3419 3272 3474 reddidimus
3294 3421 3605 3489 rationem,

1963 3508 2209 3563 alterum
2235 3523 2364 3562 esse
2396 3510 2644 3575 Patrem,
2664 3511 2719 3561 et
2736 3523 2849 3561 non
2871 3508 3063 3577 ipsum
3091 3507 3323 3573 Filium,
3347 3508 3471 3580 ipse
3492 3527 3608 3565 non

1964 3596 2205 3651 instruit
2224 3595 2505 3663 Salvator,
2532 3594 2805 3649 dicendo:
2831 3594 3000 3663 Siego
3015 3598 3389 3651 testimonium
3405 3599 3525 3653 dico
3543 3598 3612 3654 de

1963 3703 2070 3750 me,
2091 3686 2463 3742 testimonium
2481 3700 2664 3738 meum
2683 3700 2793 3738 non
2811 3688 2890 3739 est
2908 3700 3093 3739 verum
3107 3701 3127 3745 ;
3148 3686 3294 3741 alius
3317 3695 3394 3741 est
3416 3689 3511 3758 qui
3531 3692 3614 3744 te-

1965 3776 2231 3845 stiﬁcatur
2250 3773 2313 3828 de
2332 3788 2437 3827 me.
2462 3773 2529 3827 Et
2552 3788 2623 3826 ne
2658 3775 3105 3844 praesumptorio
3134 3773 3344 3846 spiritu
3367 3777 3608 3846 quidam

1968 3861 2422 3936 putarent,quod
2438 3866 2537 3915 aut
2561 3861 2632 3916 de
2651 3861 2877 3917 Joanne
2900 3860 3159 3933 Baptista
3180 3863 3608 3932 dixeritalium,

1970 3958 2072 4008 aut
2103 3954 2245 4007 forte
2267 3952 2336 4006 de
2360 3951 2523 4005 Petro
2548 3948 2809 4022 apostolo
2829 3950 2918 4005 vel
2942 3950 3147 4019 Paulo;
3173 3952 3297 4024 ipse
3333 3970 3613 4024 prosecu—

1969 4048 2064 4097 tus
2096 4047 2217 4096 est:
2248 4041 2349 4096 Vos
2376 4040 2612 4094 misistis
2666 4039 2736 4093 ad
2786 4041 3069 4104 Joannem,
3127 4046 3180 4095 et
3233 4044 3614 4098 testi-monium

1970 4131 2208 4187 reddidit
2231 4130 2469 4185 veritati.
2481 4130 2584 4200 Ego
2604 4136 2788 4184 autem
2802 4131 3178 4185 testimonium
3188 4132 3261 4186 ab
3275 4131 3497 4189 homine
3509 4148 3619 4189 non

1970 4222 2216 4291 accipio:
2238 4219 2327 4275 sed
2357 4219 2474 4274 hac
2502 4220 2641 4281 dico,
2674 4221 2735 4272 ut
2760 4235 2851 4273 vos
2877 4220 3192 4274 salvemini.
3240 4221 3357 4285 Ille,
3407 4220 3619 4292 inquit,

1974 4313 2202 4367 lucerna
2220 4311 2330 4380 fuit
2348 4308 2546 4363 ardens
2574 4315 2624 4362 et
2653 4309 2875 4373 lucens;
2902 4324 2991 4363 vos
3020 4317 3204 4363 autem
3253 4310 3502 4364 voluistis
3548 4311 3626 4367 ad

1973 4402 2164 4455 horam
2186 4398 2467 4454 exsultare
2488 4398 2547 4451 in
2573 4398 2783 4451 lumine
2801 4399 3060 4468 ejus.Ego
3080 4401 3260 4453 autem
3283 4398 3450 4453 habeo
3467 4401 3624 4455 testi-

1972 4491 2220 4546 monium
2240 4488 2419 4557 majus
2440 4488 2669 4541 Joanne.
2696 4486 2875 4557 Opera
2895 4503 3014 4557 qua:
3031 4487 3188 4542 dedit
3206 4487 3348 4542 mihi
3368 4489 3532 4543 Pater
3563 4498 3623 4545 ut

1970 4580 2261 4653 perﬁciam
2281 4593 2365 4641 ea,
2388 4578 2506 4647 ipsa
2528 4591 2692 4646 opera
2712 4591 2833 4646 quae
2854 4591 2950 4644 ego
2969 4577 3141 4645 lucio,
3167 4578 3536 4648 testiﬁcantur
3561 4577 3627 4633 de

1976 4686 2085 4734 me,
2108 4669 2240 4740 quia
2261 4668 2427 4720 Pater
2445 4680 2532 4720 me
2546 4665 2719 4719 misit.
2741 4666 2803 4719 Et
2818 4666 2915 4736 qui
2936 4666 3087 4719 misit
3100 4682 3185 4721 me
3210 4671 3390 4736 Pater,
3414 4667 3534 4739 ipse
3552 4676 3631 4724 te-

1976 4758 2253 4829 stiﬁcatur
2272 4755 2337 4811 de
2357 4771 2442 4809 me
2469 4754 2565 4823 (Id.
2590 4771 2646 4823 ν,
2679 4754 2741 4807 31
2778 4754 2889 4826 37).
2921 4754 3062 4818 Quis
3107 4760 3229 4811 tam
3262 4756 3482 4814 stultus
3523 4761 3613 4813 est

1980 4853 2045 4904 ut
2076 4864 2189 4902 non
2222 4844 2510 4916 intelligat
2549 4843 2826 4914 quoniam
2848 4842 2999 4899 alius
3017 4844 3632 4901 dealiotestimonium

1984 4933 2303 5010 perhibuit,
2332 4933 2499 4988 Pater
2527 4933 2597 4987 de
2621 4931 2787 5002 Filio,
2807 4933 2902 5004 qui
2924 4934 3123 5005 utique
3150 4940 3206 4990 et
3231 4936 3493 4991 dicebat:
3526 4938 3638 4990 Hic

1983 5031 2060 5083 est
2081 5027 2164 5080 Fit
2172 5027 2255 5079 ins
2277 5039 2428 5078 meus
2449 5022 2700 5089 dilectus,
2726 5024 2785 5077 in
2805 5040 2914 5094 quo
2934 5024 3065 5080 bene
3086 5024 3390 5095 complacui
3416 5040 3437 5085 ;
3458 5025 3637 5095 ipsum

1984 5115 2177 5171 audite
2198 5112 2419 5184 (Matth.
2445 5128 2606 5181 xvm,
2625 5111 2728 5183 5)?
2749 5111 3036 5167 Dilectum
3063 5112 3271 5183 lego,et
3288 5112 3459 5167 credo
3482 5111 3637 5182 quod

1987 5206 2156 5261 Pater
2175 5208 2264 5258 est
2286 5202 2383 5274 qui
2410 5200 2621 5272 diligit,
2655 5206 2713 5257 et
2729 5200 2910 5257 Filius
2935 5201 3033 5271 qui
3054 5200 3338 5272 diligitur.
3364 5199 3639 5271 Unigeni-

1986 5300 2112 5350 tum
2147 5292 2319 5348 audio
2352 5290 2670 5356 Christum,
2704 5294 2761 5344 et
2792 5307 2905 5345 non
2941 5289 3144 5344 dubito
3176 5289 3315 5360 quia
3356 5305 3509 5344 unus
3569 5289 3641 5345 ab

1987 5401 2105 5439 uno
2136 5385 2227 5437 est
2256 5379 2508 5452 genitus.
2544 5378 3004 5446 Primogenitum
3042 5376 3251 5433 Paulus
3281 5376 3515 5445 clamat,
3552 5378 3642 5434 di-

1991 5488 2160 5529 cens:
2193 5470 2335 5539 Quid
2365 5471 2639 5539 estimago
2656 5471 2748 5524 Dei
2760 5468 3491 5538 invisibilis,primogenitus
3504 5469 3641 5524 uni-

2058 5636 2075 5668 ί
2110 5629 2359 5681 Nonnulli
2392 5630 2536 5686 Msa.
2568 5642 2649 5677 res
2676 5642 2815 5678 vera.

2057 5696 2079 5732 ³
2106 5696 2252 5756 Lov.,
2281 5691 2615 5757 expositione.
