4090 6184
168 362 268 423 721

170 509 288 549 esse
327 493 568 556 naturai,
600 495 777 562 negat
813 506 1013 546 verum
1048 489 1256 546 ﬁlium.
1292 490 1587 545 Habemus
1614 494 1808 545 autem

168 582 526 651 Scripuram:
555 579 614 635 Ut
645 581 820 634 simus
857 582 913 635 in
936 597 1061 636 vero
1087 581 1229 635 Filio
1260 582 1374 652 ejus
1402 582 1527 636 Jesu
1561 580 1769 634 Christo
1793 597 1805 647 ;

164 675 268 744 ipse
287 679 363 725 est
382 671 524 724 Deus
546 685 704 724 verus
734 675 783 725 et
805 672 915 724 vita
943 673 1155 726 aeterna
1177 671 1220 737 (Ι
1243 672 1403 725 Joan.
1422 687 1475 737 ν,
1495 670 1605 740 20).
1624 671 1810 734 Quare

163 776 312 816 verus
331 760 504 814 Deus?
526 759 670 824 Quia
688 759 968 814 verusDei
989 759 1255 814 Filius.Si
1279 759 1433 814 enim
1460 757 1810 813 animalibus

163 849 314 905 dedit
337 854 399 902 ut
427 864 537 901 non
563 853 843 918 generent
862 848 972 902 nisi
991 849 1144 919 quod
1160 854 1316 912 sunt;
1337 848 1508 902 homo
1533 847 1808 902 hominen

161 943 413 1010 generat,
435 936 596 991 canis
620 942 918 1000 canem,et
943 941 1097 991 Deus
1119 937 1298 991 Deum
1323 953 1436 990 non
1465 940 1728 1007 generat?
1751 935 1808 990 Si

161 1043 287 1098 ergo
319 1026 587 1095 ejusdem
613 1042 677 1080 su
690 1025 955 1080 bstantim
977 1031 1084 1092 est,
1110 1042 1288 1095 quare
1311 1025 1458 1080 dicis
1481 1025 1810 1079 minorem?

160 1118 236 1171 An
276 1115 442 1179 forte,
469 1112 608 1185 quia
631 1113 805 1168 homo
839 1119 1006 1185 pater
1038 1115 1276 1185 quando
1326 1119 1562 1184 generat
1597 1113 1806 1180 tilium,

160 1202 257 1259 etsi
290 1202 466 1256 homo
491 1201 787 1256 hominem
813 1207 1073 1271 generat,
1099 1207 1292 1256 tamen
1321 1204 1500 1271 major
1522 1203 1808 1256 minorem

160 1290 846 1365 generatPExspectemus
872 1307 1008 1362 ergo
1034 1295 1095 1344 ut
1119 1295 1341 1345 crescat
1365 1290 1649 1358 Christus,
1673 1304 1812 1362 quo‘

159 1381 321 1436 modo
345 1382 614 1433 crescunt
641 1377 910 1433 homines
953 1395 1098 1449 quos
1129 1384 1410 1451 generant
1431 1378 1721 1433 homines.
1751 1378 1808 1434 Si

159 1475 341 1524 autem
365 1467 635 1524 Christus
659 1483 727 1522 ex
751 1484 866 1539 quo
882 1472 1054 1522 natus
1071 1468 1340 1538 est,quod
1365 1485 1477 1522 non
1501 1472 1589 1523 est
1608 1485 1640 1522 a
1660 1473 1808 1523 tem-

158 1573 306 1629 pore,
342 1557 443 1610 sed
468 1557 541 1610 ab
571 1555 912 1622 aeternitate,
951 1557 1106 1627 quod
1139 1561 1228 1611 est
1258 1556 1364 1610 hoc
1396 1561 1503 1626 est,
1523 1560 1580 1612 et
1611 1562 1807 1612 tamen

158 1645 340 1700 minor
359 1648 449 1698 est
471 1661 486 1712 ;
517 1643 722 1698 melior
752 1648 841 1699 est
864 1644 1127 1699 humana
1149 1645 1404 1699 conditio
1436 1661 1448 1699 :
1476 1645 1614 1716 quia
1634 1645 1808 1702 homo

157 1732 235 1788 vel
288 1748 551 1788 crescere
583 1737 792 1803 potest,
845 1737 902 1788 et
952 1733 1268 1803 aliquando
1307 1733 1502 1789 venire
1536 1734 1708 1790 habet
1737 1735 1805 1788 ad

157 1825 368 1876 atatem
398 1822 584 1892 patris
628 1821 740 1891 sui,
769 1821 841 1876 ad
884 1822 1062 1877 robur
1103 1823 1290 1894 patris
1337 1822 1461 1889 sui;
1515 1822 1630 1891 ille,
1665 1840 1810 1877 nun“

158 1927 324 1982 quam
358 1911 652 1982 quomodo
685 1927 858 1965 verus
889 1909 1048 1965 ﬁlius
1075 1911 1151 1983 (a)
1173 1910 1413 1982 ?Usque
1446 1912 1586 1966 adeo
1611 1917 1806 1966 autem

159 1999 360 2056 Filium
395 1998 770 2071 agnoscimus
807 2004 995 2054 Deum
1031 2017 1335 2071 magnum,
1370 2005 1432 2055 ut
1462 2001 1616 2055 Patri
1651 2001 1806 2056 dica-

160 2103 286 2142 mus
320 2087 621 2159 aaqualem.
660 2089 862 2160 Itaque
883 2089 1008 2144 sine
1039 2105 1215 2143 causa
1244 2089 1432 2150 nobis,
1457 2090 1611 2160 quod
1643 2089 1808 2144 valde

165 2179 518 2250 proﬁtemur,
550 2179 905 2234 testimoniis
937 2183 993 2233 et
1024 2178 1396 2250 multiloquio
1429 2181 1672 2252 probare
1704 2198 1806 2236 vo-

158 2267 330 2323 luisti.
381 2267 534 2323 Dicit
578 2272 798 2332 autem,
843 2269 1014 2322 Deum
1064 2285 1246 2324 meum
1277 2277 1326 2323 et
1355 2271 1525 2324 Deum
1572 2278 1807 2325 vestrum

157 2358 327 2428 (Joan.
361 2374 454 2422 xx,
500 2357 612 2428 17);
656 2357 964 2412 attendens
1010 2357 1257 2413 formam
1310 2358 1544 2414 honinis
1599 2359 1655 2414 in
1690 2376 1807 2431 qua

156 2450 284 2501 erat.
320 2445 601 2500 Caeterum
633 2449 916 2516 quantum
951 2445 1156 2501 attinet
1206 2448 1276 2501 ad
1307 2446 1447 2503 illud
1474 2450 1627 2519 quod
1662 2449 1808 2504 dixit

151 2533 422 2604 Joannes,
454 2535 514 2588 In
556 2536 835 2606 principio
873 2539 994 2590 erat
1045 2536 1298 2604 Verbum,
1333 2546 1382 2592 et
1419 2539 1642 2593 Verbum
1690 2542 1806 2593 erat

151 2624 284 2694 apud
315 2625 514 2689 Deum,
550 2630 599 2680 et
658 2627 794 2681 Deus
825 2632 940 2682 erat
975 2627 1224 2682 Verbum
1253 2628 1353 2695 (Id.
1389 2646 1428 2695 ι,
1465 2630 1534 2698 1);
1569 2646 1683 2684 non
1717 2633 1806 2685 est

153 2713 306 2768 Pater
342 2714 445 2768 Dei
484 2715 654 2782 Deus,
690 2715 790 2769 sed
820 2715 974 2770 Deus
1003 2721 1091 2771 est
1119 2717 1354 2784 Christi,
1384 2717 1520 2789 quia
1537 2719 1804 2774 Christus

150 2801 332 2857 iactus
365 2807 455 2857 est
489 2801 684 2858 homo.
719 2802 882 2858 Unde
910 2809 965 2859 et
997 2804 1121 2874 ipse
1153 2805 1292 2858 dicit
1321 2805 1378 2859 in
1413 2805 1806 2869 Psalmis,cur

148 2890 220 2944 illi
276 2893 360 2946 sit
404 2895 576 2947 Pater
631 2893 819 2946 Deus:
874 2893 947 2946 De
998 2901 1182 2948 ventre
1229 2895 1425 2948 matris
1483 2909 1621 2951 mea?
1671 2896 1804 2949 Deus

148 2998 288 3036 meus
317 2996 377 3035 es
410 2986 471 3036 tu
493 2983 662 3054 (Psat.
697 3000 812 3053 χχι,
845 2984 954 3051 11).
1001 2984 1242 3048 Quando
1300 2985 1442 3040 dicit
1489 2986 1559 3040 de
1607 2990 1804 3041 ventre

149 3071 346 3126 matris
377 3070 491 3125 sibi
523 3070 690 3125 illum
718 3087 845 3126 esse
892 3072 1076 3127 Deum
1128 3073 1385 3128 ostendit
1415 3078 1648 3145 propter
1697 3073 1804 3128 hoc

147 3176 260 3216 esse
319 3164 508 3216 Deum
567 3160 796 3215 Patrem
861 3161 1002 3226 tilio,
1032 3161 1168 3232 quia
1231 3162 1402 3217 homo
1464 3167 1552 3218 est
1599 3162 1803 3230 Filius,

146 3250 465 3305 secundum
543 3250 696 3321 quod
774 3251 944 3305 Pater
1004 3252 1189 3321 major
1254 3255 1342 3305 est
1402 3250 1581 3306 Filio.
1641 3250 1804 3308 Unde

146 3337 291 3392 dicit.
357 3338 524 3392 Deum
568 3354 752 3394 meum
795 3341 846 3392 et
891 3339 1062 3393 Deum
1114 3348 1371 3394 vestrum.
1431 3340 1568 3395 Inde
1613 3345 1700 3395 est
1747 3345 1804 3396 et

145 3425 233 3481 illa
287 3427 584 3498 subjectio
661 3443 838 3498 quam
915 3444 1030 3483 non
1101 3429 1386 3484 debemus
1454 3429 1653 3483 mirari
1712 3446 1802 3484 se-

144 3515 400 3570 cundum
461 3514 759 3571 hominem
805 3517 1091 3571 redditam
1150 3517 1344 3584 Patri,
1406 3519 1661 3588 quando,
1723 3519 1798 3573 si-

145 3609 230 3658 cut
249 3604 567 3686 .scriptum
602 3608 708 3669 est,
770 3604 944 3660 etiam
981 3606 1321 3677 parentibus
1361 3608 1633 3662 sudditus
1678 3612 1802 3663 erat

144 3691 276 3761 (Luc.
315 3708 384 3760 11,
416 3693 511 3762 51)
542 3709 554 3747 :
588 3697 645 3748 et
674 3693 744 3748 de
775 3692 873 3748 illo
907 3693 1188 3765 scriptum
1222 3699 1328 3761 est,
1364 3697 1800 3751 Minorastieum

141 3783 292 3850 paulo
327 3783 518 3836 minus
549 3785 616 3837 ab
639 3783 863 3850 Angelis
889 3783 1066 3854 (Psat.
1100 3785 1310 3854 v1n,6).
1345 3784 1565 3838 Vellem
1602 3790 1796 3840 autem

144 3869 241 3926 hoc
287 3873 469 3927 etiam
521 3872 819 3944 aliquibus
868 3873 1271 3944 Sripturarum
1320 3875 1671 3931 testimoniis
1702 3878 1800 3932 do-

144 3975 290 4016 ceres
345 3978 471 4027 nos,
535 3961 634 4016 ubi
679 3961 910 4034 legatur
945 3962 1173 4017 adorari
1211 3966 1440 4018 Patrem
1495 3981 1526 4018 a
1576 3965 1794 4036 Spiritu

143 4063 360 4105 sancto.
394 4051 440 4104 A
475 4049 620 4105 Filio
645 4055 840 4105 autem
876 4050 1112 4121 accipio,
1148 4052 1374 4106 etiamsi
1401 4069 1512 4106 non
1539 4055 1796 4124 proferas

141 4138 498 4204 testimonia,
534 4138 808 4210 quoniam
844 4139 1018 4194 homo
1051 4140 1255 4194 adorat
1285 4141 1499 4195 Deum‘
1540 4159 1552 4195 :
1587 4142 1795 4198 admit-

141 4224 274 4280 titur
301 4227 476 4282 facile
530 4228 854 4282 secundum
908 4227 1207 4285 hominem
1251 4229 1492 4295 dictum,
1527 4232 1794 4302 quamvis

142 4330 238 4370 nec
267 4315 380 4371 hoc
406 4315 589 4387 legas.
642 4317 862 4372 Tamen
909 4317 1239 4388 specialiter
1283 4319 1352 4374 de
1395 4324 1450 4374 te
1498 4319 1683 4392 exigo,
1729 4325 1792 4377 ut

143 4402 445 4458 adoratum
482 4403 710 4459 Patrem
739 4421 771 4458 a
803 4404 1021 4476 Spiritu
1057 4411 1262 4460 sancto
1293 4405 1452 4478 legas
1473 4408 1664 4478 nobis,
1690 4414 1791 4464 aut

141 4506 564 4548 commemores
597 4493 1000 4548 testimonium
1035 4494 1296 4550 divinum
1334 4513 1346 4550 :
1384 4499 1446 4549 ut
1478 4496 1525 4550 si
1557 4496 1789 4554 invene-

141 4580 232 4650 ris,
269 4584 664 4653 respondeam
704 4583 996 4653 quomodo
1031 4582 1084 4637 id
1138 4583 1321 4654 accipi
1371 4584 1597 4650 debeat,
1637 4585 1790 4641 sicut

141 4667 202 4722 de
232 4669 556 4741 gemitibus
604 4671 1031 4741 Scripturarum
1073 4670 1317 4726 solemni
1349 4671 1641 4727 locutione
1665 4691 1789 4728 res-

138 4759 331 4827 pondi.
369 4760 532 4826 Quod
565 4766 759 4815 autem
793 4761 962 4830 dicis,
995 4761 1146 4830 quod
1182 4777 1284 4833 per
1334 4760 1491 4815 illam
1552 4763 1786 4834 c0pula-

139 4847 353 4903 tionem
387 4849 742 4904 ineffabilem
776 4867 890 4906 non
936 4851 1014 4906 sit
1045 4867 1199 4906 unus
1230 4850 1383 4906 Deus
1427 4852 1590 4907 Pater
1619 4857 1676 4908 et
1704 4853 1790 4907 Fi-

135 4933 246 4992 lius
277 4943 339 4992 et
368 4938 622 5009 Spiritus
654 4943 928 5006 sanctus;
964 4939 1050 4993 vis
1081 4957 1252 4995 nosse
1273 4946 1580 5011 quamtum
1600 4943 1789 4998 valeat

140 5021 248 5079 ista
281 5025 576 5097 capulatio
597 5026 624 5080 ?
652 5027 777 5082 Non
810 5044 878 5083 ex
907 5027 1298 5084 locutionibus
1331 5031 1566 5094 nostris,
1599 5032 1699 5085 sed
1720 5049 1786 5086 cx

134 5111 349 5168 divinis
393 5114 643 5185 eloquiis
685 5120 838 5171 certe
887 5116 1262 5172 manifestum
1313 5121 1401 5173 est
1448 5118 1606 5173 aliud
1659 5136 1786 5175 csse

136 5201 410 5272 spiritum
441 5203 722 5274 hominis,
757 5204 915 5260 aliud
966 5222 1091 5261 esse
1126 5205 1399 5278 spiritum
1433 5207 1779 5281 Dominum;

131 5292 281 5347 unde
315 5292 552 5361 dicitur,
583 5294 845 5350 Dominus
892 5296 1120 5366 spiritus
1152 5297 1262 5351 est’
1291 5296 1357 5368 (ll
1393 5296 1511 5353 Cor.
1561 5316 1644 5368 in,
1672 5299 1780 5371 17),

130 5377 180 5434 id
214 5387 327 5452 est,
368 5383 504 5456 quia
535 5400 746 5457 corpus
775 5401 889 5440 non
921 5390 1008 5440 est
1040 5401 1052 5442 :
1088 5390 1144 5443 et
1173 5390 1370 5442 tamen
1412 5387 1492 5442 ait
1533 5391 1782 5462 Aposto-

192 5522 208 5584 ς
238 5517 490 5584 Siciliae.
523 5518 590 5567 At
609 5518 1030 5584 editi,_quoniam
1053 5521 1132 5569 hic
1159 5521 1347 5570 adorat
1382 5523 1560 5573 Deum.

184 5583 206 5617 ³
234 5580 647 5647 EditiSpirstum
682 5581 775 5647 Dei
793 5580 812 5630 Ξ
829 5583 960 5630 unde
984 5584 1174 5632 dicitur
1204 5585 1339 5634 Deus
1358 5585 1584 5647 Spiritus
1605 5590 1693 5636 est.
1718 5589 1780 5638 At

129 5644 244 5710 tiu.
273 5641 536 5710 Spiritum
571 5644 840 5710 Dominum
862 5659 974 5710 ;Aac
1003 5647 1245 5704 subinde,
1279 5641 1414 5698 unde
1444 5649 1633 5699 dicitur
1661 5652 1779 5710 (sci-

129 5705 249 5774 licet
273 5705 328 5774 ιε
364 5707 478 5756 Cor.
512 5720 626 5774 cap.
649 5705 1000 5774 3.)_Dominus
1028 5710 1252 5774 Spiritus
1280 5713 1371 5762 est.

181 5772 262 5836 (a)
294 5770 470 5824 Serm.
501 5773 608 5832 139.
639 5783 696 5824 ιι.
726 5772 773 5833 3,
805 5774 935 5824 tom.
967 5775 1014 5825 5.

855 358 1241 420 COLLATIO
1285 358 1447 422 CUM
1495 359 1896 422 MAYIMINO
1942 359 2416 424 ARIANORUM
2466 361 2867 424 EPISCOPO.

3447 364 3563 421 ’722

1914 491 2027 556 lus,
2064 491 2170 558 Qui
2197 492 2442 546 adlimret
2464 493 2760 562 meretrici,
2794 509 2967 548 unum
2988 508 3181 564 corpus
3207 497 3320 555 est;
3350 494 3561 564 quiau-

1913 585 2021 636 tem
2049 583 2271 638 adlicere
2303 585 2533 638 Domino
2555 602 2697 639 unus
2739 586 2966 656 spiritus
3008 589 3087 639 est
3117 585 3157 654 (Ι
3213 585 3329 639 Cor.
3364 602 3439 648 v1,
3474 585 3558 650 16,

1917 671 2023 741 17).
2060 671 2118 726 Si
2169 689 2303 743 ergo
2358 673 2467 728 ista
2511 674 2766 728 adhmsio
2815 674 3176 728 diversarum
3219 678 3559 727 naturarum

1915 760 2155 832 Spiritus
2205 761 2365 831 (quia
2415 762 2570 816 aliud
2621 767 2708 817 est
2754 762 3029 831 hominis,
3067 762 3222 817 aliud
3275 763 3397 832 Dei)
3431 763 3563 816 fecit

1915 866 2099 903 unum
2134 849 2437 920 spiritum;
2472 867 2585 904 non
2618 851 2704 905 vis
2737 857 2799 904 ut
2829 855 3056 905 tantum
3090 851 3382 905 adhaereat
3407 851 3559 905 Patri

1916 937 2118 1004 Filius,
2153 944 2217 993 ut
2247 940 2322 993 sit
2354 957 2505 993 unus
2538 941 2726 994 Deus?
2755 944 2872 995 Hoc
2896 940 3088 1010 accipe
3118 940 3292 994 etiam
3326 941 3395 994 de
3432 941 3560 1010 Spi-

1915 1026 2026 1080 ritu
2061 1033 2283 1091 sancto,
2316 1028 2414 1099 qui
2458 1029 2608 1083 Deus
2641 1034 2746 1083 est.
2794 1028 3076 1082 Caeterum
3109 1029 3156 1082 si
3190 1030 3342 1083 Deus
3374 1031 3557 1099 Spiri-

1915 1120 2012 1169 tus
2035 1121 2271 1170 sanctus
2296 1133 2407 1171 non
2432 1117 2906 1188 esset,templum
2932 1118 3129 1187 utique
3155 1135 3266 1172 non
3292 1118 3416 1188 ipso
3442 1137 3556 1173 non

1914 1204 2170 1259 haberet.
2195 1207 2487 1276 Scriptum
2536 1212 2626 1260 est
2673 1207 2887 1276 quippe
2920 1205 2976 1258 in
3008 1205 3302 1275 Apostolo,
3335 1208 3560 1262 Nescitis

1911 1295 2041 1364 quia
2069 1295 2328 1364 templum
2359 1296 2460 1349 Dei
2487 1296 2637 1360 estis,
2671 1297 2718 1348 et
2740 1294 2979 1364 Spiritus
3008 1295 3106 1348 Dei
3136 1295 3354 1350 habitat
3377 1298 3435 1349 in
3467 1312 3558 1351 vo-

1913 1382 1994 1436 bis
2025 1382 2065 1454 (Ι
2099 1381 2216 1437 Cor.
2266 1400 2348 1448 Ill,
2384 1385 2506 1454 16)?
2530 1385 2596 1437 Et
2643 1383 2853 1438 iterum
2898 1385 3125 1438 Nescitis
3163 1386 3294 1456 quia
3335 1401 3560 1455 corpora

1912 1480 2085 1526 vestra
2112 1473 2374 1543 templum
2405 1475 2459 1527 in
2495 1473 2644 1528 vobis
2672 1482 2752 1528 est
2782 1472 3023 1542 Spiritus
3051 1474 3246 1538 sancti,
3276 1490 3433 1545 quem
3460 1475 3557 1528 ha-

1914 1561 2050 1615 betis
2082 1579 2115 1615 a
2145 1563 2251 1617 Deo
2281 1563 2388 1632 (Id.
2423 1561 2660 1632 v1,19)?
2693 1562 2893 1615 Nonne
2943 1563 2990 1615 si
3036 1560 3322 1631 templum
3380 1562 3552 1616 alicui

1911 1655 2112 1705 sancto
2143 1650 2346 1721 angelo
2378 1649 2862 1705 excellentissimo
2893 1650 2960 1704 de
2993 1649 3166 1720 lignis
3189 1649 3553 1721 etlapidibus

1911 1739 2253 1805 faceremus,
2284 1739 2795 1793 anathemaremur
2824 1755 2857 1793 a
2885 1737 3122 1792 veritate
3152 1738 3365 1793 Christi
3398 1743 3453 1793 et
3484 1741 3554 1794 ab

1912 1826 2166 1881 Ecclesia
2199 1827 2293 1881 Dei
2323 1844 2334 1894 ;
2372 1826 2645 1897 quoniam
2681 1830 2959 1881 creatura
2989 1825 3395 1882 exhiberemus
3426 1845 3552 1884 eam

1911 1917 2420 1986 servitutem,quaa
2451 1914 2550 1970 uni
2583 1920 2811 1970 tantum
2846 1915 3091 1970 debetur
3119 1915 3233 1970 Deo
3254 1915 3280 1969 ?
3325 1917 3372 1970 si
3421 1934 3556 1988 ergo

1910 2003 2170 2074 sacrilegi
2229 2020 2491 2058 essemus
2543 2004 2801 2058 faciendo
2851 2003 3136 2074 templum
3206 2004 3560 2076 cuicumque

1910 2097 2205 2159 creaturae,
2261 2093 2553 2164 quomodo
2607 2108 2722 2147 non
2765 2097 2853 2146 est
2880 2091 3034 2146 Deus
3078 2108 3248 2146 verus
3298 2093 3389 2147 cui
3442 2111 3556 2150 non

1908 2180 2191 2252 templum
2243 2181 2509 2246 facimus,
2543 2182 2640 2236 sed
2669 2197 2774 2236 nos
2823 2181 2935 2252 ipsi
2981 2179 3267 2251 templum
3301 2199 3507 2236 sumus
3530 2183 3558 2236 ?

1911 2271 2210 2336 Quomodo
2241 2275 2437 2325 autem
2469 2271 2679 2325 dixerit
2709 2269 2994 2335 Christus,
3030 2269 3182 2324 Sicut
3214 2270 3372 2324 habet
3392 2272 3556 2326 Pater

1909 2361 2077 2414 vitam
2101 2361 2159 2413 in
2189 2361 2478 2430 semetipso
2499 2362 2582 2414 sic
2602 2359 2746 2414 dedit
2769 2359 2911 2414 Filio
2943 2358 3143 2413 habere
3173 2361 3346 2412 vitam
3380 2361 3437 2412 in
3470 2376 3554 2415 se-

1907 2451 2138 2519 metipso
2193 2450 2369 2519 (Joan.
2401 2465 2454 2518 v,
2495 2450 2607 2515 26),
2661 2447 2932 2519 superius
2969 2448 3262 2518 respondi.
3309 2450 3553 2504 Concor-

1911 2537 2007 2591 dia
2038 2542 2234 2592 autem
2263 2543 2318 2592 et
2347 2537 2647 2606 charitate,
2674 2538 2812 2606 quia
2833 2537 3007 2591 dicis1
3041 2537 3257 2592 factum
3285 2538 3463 2593 fuisse
3489 2542 3552 2593 ut

1909 2643 2094 2681 unum
2122 2626 2240 2682 sint
2269 2630 2438 2680 Pater
2463 2632 2517 2681 et
2550 2626 2760 2694 Filius;
2794 2627 3028 2696 quando
3061 2626 3204 2680 mihi
3238 2627 3550 2696 protuleris

1909 2714 2130 2769 dictum
2164 2731 2292 2769 esse
2322 2715 2473 2786 quod
2494 2729 2676 2768 unum
2698 2713 2814 2769 sint
2837 2731 2960 2784 quae
2986 2714 3104 2768 sint
3124 2715 3361 2769 diversae
3381 2716 3553 2772 subs-

1907 2803 2123 2874 tantias,
2145 2808 2283 2857 tunc
2302 2803 2562 2874 cogitabo
2578 2804 2717 2874 quid
2740 2803 2979 2857 debeam
3005 2804 3374 2874 respondere.
3394 2804 3553 2876 Legi-

1910 2909 2043 2947 mus
2062 2892 2237 2960 enim,
2266 2893 2370 2960 Qui
2382 2893 2771 2963 plantatetqui
2783 2895 3108 2962 rigatunum
3121 2895 3247 2947 sint.
3270 2893 3314 2964 (Ι
3333 2896 3546 2966 Camn,

1907 2984 1962 3050 8)
1981 2999 1992 3036 :
2010 2982 2109 3035 sed
2143 2981 2345 3036 ambos
2378 2981 2644 3035 homines
2658 2981 3439 3052 erantejusdemsubstantim
3463 2983 3551 3038 fu-

1909 3075 2092 3136 erant,
2130 3087 2244 3124 non
2278 3070 2536 3126 diversas.
2573 3073 2716 3125 Item
2763 3069 3013 3141 legimus
3044 3070 3169 3140 ipso
3201 3070 3427 3126 Christo
3460 3071 3552 3124 di-

1907 3164 2092 3224 cente,
2131 3161 2191 3216 Ut
2221 3161 2330 3213 sint
2361 3176 2557 3222 unum,
2580 3161 2720 3214 sicut
2742 3168 2793 3213 et
2826 3176 2921 3214 nos
2952 3175 3120 3213 unum
3155 3176 3343 3214 sumus
3371 3160 3548 3230 (Joan.

1906 3249 2178 3316 xvn.11).
2213 3247 2334 3302 Non
2367 3248 2528 3318 dixit,
2562 3248 2633 3303 Ut
2661 3248 2772 3319 ipsi
2806 3253 2861 3303 et
2891 3265 2995 3303 nos
3032 3249 3168 3303 :sed
3206 3250 3268 3305 Ut
3297 3250 3402 3319 ipsi
3442 3252 3555 3306 sint

1906 3357 2098 3405 unum,
2135 3339 2190 3392 in
2225 3345 2434 3393 natura
2472 3357 2580 3395 sua
2623 3345 2679 3394 et
2738 3339 3068 3395 substantia
3120 3357 3246 3406 sua,
3279 3341 3552 3396 concordi

1906 3428 2234 3499 aequalitate
2265 3429 2519 3499 quodam
2555 3430 2726 3483 modo
2759 3429 2904 3483 uniti
2935 3434 3110 3498 atque
3149 3429 3378 3483 conﬂati
3407 3447 3419 3494 ;
3468 3430 3550 3484 si-

1905 3522 2002 3572 cut
2034 3521 2203 3572 Pater
2232 3522 2287 3571 et
2317 3516 2492 3572 Filius
2524 3521 2580 3572 et
2610 3517 2858 3588 Spiritus
2891 3522 3128 3571 sanctus
3177 3534 3383 3584 unum,
3417 3534 3548 3588 pro-

1905 3610 2034 3677 pter
2062 3606 2424 3660 individuam
2474 3607 2855 3676 eamdemque
2903 3611 3195 3660 naturam.
3243 3605 3414 3659 Aliud
3465 3610 3550 3661 est

1903 3695 2080 3764 enim,
2115 3711 2297 3748 unum
2333 3695 2530 3760 sunt';
2565 3693 2736 3761 alius,
2787 3711 2940 3748 unus
2972 3698 3078 3748 est.
3133 3695 3374 3757 Quando
3406 3694 3546 3748 dici-

1900 3788 2015 3846 tur,
2049 3783 2237 3837 Unum
2268 3788 2436 3850 sunt;
2473 3783 2579 3837 etsi
2613 3799 2727 3837 non
2759 3782 2990 3837 dicatur
3034 3782 3173 3852 quid
3218 3799 3420 3852 unum,
3459 3784 3544 3838 in-

1901 3871 2194 3943 telligetur
2225 3889 2339 3926 una
2363 3871 2711 3926 substantia.
2739 3872 2979 3937 Quando
3007 3871 3240 3932 dicitur,
3277 3871 3436 3926 Unus
3459 3877 3547 3927 est

1900 3961 1972 4015 de
2002 3960 2228 4014 duabus
2269 3961 2630 4030 diversisque
2658 3960 3028 4028 substantiis,
3074 3976 3308 4015 necesse
3353 3966 3440 4015 est
3483 3966 3545 4016 ut

1901 4054 2158 4120 queratu
2171 4066 2196 4101 r
2215 4048 2350 4119 quid
2367 4065 2539 4102 unus.
2563 4047 3206 4120 Verbi,gratia,diversa
3218 4050 3544 4105 substantia

1898 4142 1986 4193 est
2040 4137 2237 4193 anima
2278 4143 2334 4192 et
2382 4154 2616 4208 corpus,
2642 4142 2836 4192 tamen
2861 4154 3015 4192 unus
3065 4137 3278 4192 homo:
3315 4138 3544 4194 diversa

1898 4227 2229 4284 substantia
2279 4232 2366 4282 est
2414 4227 2657 4297 spiritus
2712 4226 2970 4281 hominis
3019 4232 3076 4281 et
3125 4227 3368 4297 spiritus
3416 4228 3537 4297 Dei,

1895 4319 2089 4371 tamen
2114 4333 2248 4372 cum
2285 4317 2515 4371 Domino
2537 4315 2802 4381 adhaeret,
2834 4333 2976 4371 unus
3004 4317 3234 4388 spiritus
3255 4321 3330 4370 est
3350 4317 3395 4387 (Ι
3413 4321 3535 4373 Cor.

1895 4422 1969 4472 vx,
2006 4407 2093 4475 17)
2129 4423 2141 4459 :
2176 4405 2416 4468 addidit,
2440 4407 2692 4472 spiritus;
2721 4422 2832 4460 non
2848 4404 3014 4475 dixit,
3038 4404 3230 4460 Unum
3255 4410 3408 4460 sunt.
3434 4407 3536 4462 Ubi

1895 4499 2088 4548 autem
2113 4493 2342 4564 dicitur,
2369 4492 2557 4548 Unum
2586 4498 2743 4562 sunt,
2764 4510 2880 4548 una
2898 4494 3228 4548 substantia
3253 4493 3539 4566 significa-

1894 4587 2009 4652 tur,
2032 4583 2184 4654 quod
2207 4600 2307 4638 vos
2347 4600 2462 4637 non
2500 4583 2697 4648 vultis,
2739 4587 2794 4638 et
2823 4583 3051 4638 audetis
3100 4583 3289 4638 dicere
3335 4601 3538 4639 verum

1895 4671 2191 4727 Christum
2225 4671 2322 4726 Dei
2350 4670 2551 4726 Filium
2578 4689 2678 4728 vos
2709 4672 2992 4726 contiteri.
3027 4671 3150 4726 Non
3183 4676 3376 4727 autem
3411 4672 3540 4729 ideo

1896 4763 2082 4831 major
2094 4764 2180 4816 est
2198 4765 2387 4827 Pater,
2402 4761 2539 4831 quia
2560 4761 2960 4816 testimonium
2985 4760 3208 4816 dicitde
3223 4761 3538 4817 Filio.Nam

1896 4856 1950 4906 et
1972 4850 2268 4920 Prophetas
2303 4851 2725 4922 perhibuerunt
2755 4850 2894 4905 Filio
2916 4851 3342 4906 testimonium.
3374 4851 3536 4905 Alius

1894 4942 1981 4992 est
2007 4938 2241 5008 quidem
2267 4939 2365 5010 qui
2397 4940 2663 5011 perhibet
2692 4940 3284 5010 testimonium,alius
3298 4940 3390 4993 cui
3415 4957 3540 5010 per-

1893 5026 2151 5081 hibetur:
2171 5028 2309 5098 quia
2330 5033 2497 5083 Pater
2524 5029 2692 5083 Pater
2721 5034 2829 5095 est,
2855 5028 3035 5083 Filius
3064 5028 3241 5083 Filius
3277 5032 3386 5083 est.
3409 5029 3534 5082 Non

1892 5117 2030 5187 quia
2045 5133 2227 5170 unum
2247 5134 2359 5171 non
2376 5122 2643 5186 sunt,aut
2658 5135 2810 5173 unus
2829 5120 2976 5173 Deus
2993 5135 3107 5172 non
3127 5121 3284 5185 sunt,
3302 5117 3533 5188 quando

1890 5204 2244 5261 cohaerentes
2259 5211 2432 5278 atque
2449 5208 2742 5278 conjuncti
2767 5213 2921 5278 sunt,
2942 5207 3094 5277 quod
3123 5221 3354 5276 semper
3373 5209 3530 5260 sunt.

1888 5292 1979 5347 Sic
2007 5298 2199 5348 autem
2222 5293 2365 5349 dicis
2390 5294 2526 5349 hinc
2557 5295 2705 5350 inter
2735 5300 2956 5366 patrem
2989 5298 3044 5347 et
3078 5291 3284 5346 Filium
3301 5308 3427 5346 esse
3445 5292 3531 5346 di-

1886 5382 2391 5455 versitatem,quia
2407 5384 2576 5439 Pater
2589 5384 2774 5454 diligit
2795 5389 2849 5438 et
2873 5381 3052 5438 Filius
3075 5381 3532 5453 diligitur;quasi

1888 5487 2101 5544 negare
2133 5473 2372 5544 possitis
2394 5475 2546 5545 quod
2571 5473 2751 5528 Filius
2774 5472 2976 5543 diligat
2999 5471 3246 5525 Patrem.
3279 5469 3337 5524 Si
3359 5472 3531 5527 ambo

1887 5578 1947 5617 se
1980 5562 2268 5617 invincem
2295 5563 2565 5633 diligunt;
2591 5579 2694 5616 cur
2715 5561 2933 5629 negatis
2966 5577 3062 5616 eos
3081 5560 3256 5616 unius
3279 5577 3405 5617 esse
3430 5578 3529 5616 na-

1885 5651 2067 5706 tura?
2098 5651 2256 5714 Quod
2277 5651 2395 5706 dixi
2418 5651 2486 5706 de
2514 5655 2680 5706 Patre
2703 5651 2854 5705 unde
2876 5650 3066 5706 dictus
3085 5651 3161 5705 sit
3181 5650 3532 5724 major,quia

1951 5780 1968 5842 ἓ
2001 5776 2292 5842 §ola_9dito
2322 5778 2470 5842 ξιρνορ
2502 5789 2603 5842 qua
2634 5775 2776 5842 dicit:

1950 5839 1972 5877 ⁸
2001 5840 2094 5890 Hic
2126 5839 2250 5890 Mss.
2283 5836 2583 5900 adduntfet
2617 5836 2767 5890 aliud
2792 5854 2946 5891 unum
2975 5855 3169 5892 sumus.
