2045 3092
257 183 318 214 723

264 249 383 285 propter
396 246 520 275 formam
535 246 610 274 servi
626 246 738 274 dictum
764 249 824 280 est;
844 246 900 274 hoc
924 246 988 274 dico
1008 249 1037 274 et
1052 246 1089 273 de

266 290 620 327 invisibilitate,quoniam
632 290 755 319 visibilis
770 291 861 319 Filius
876 293 993 327 propter
1007 299 1086 318 eam-

263 337 330 364 dem
346 336 470 364 formam
479 335 552 364 servi
561 335 656 364 dictus
667 338 722 363 est.
730 337 881 368 Caeterum,
891 338 1034 371 quantum
1047 337 1086 362 at-

263 381 338 409 tinet
351 381 386 408 ad
399 381 493 416 ipsam
509 380 638 408 divinam
650 380 858 414 substantiam,
871 380 915 407 vel
926 379 1029 417 Patris,
1041 379 1085 407 vel

262 424 389 458 Filii,vel
400 424 524 461 Spiritus
536 425 628 452 sancti
640 424 772 452 omnimo
783 427 829 452 est
839 424 1004 452 invisibilis.
1012 424 1084 451 Nam

263 469 383 506 quando
398 477 429 496 se
440 469 572 505 patribus
584 468 721 497 divinitas
734 469 915 502 ostendebat,
927 477 979 505 per
988 468 1086 504 subje-

262 515 340 542 ctam
351 516 513 542 creaturam
530 522 562 541 se
576 513 753 541 invisibilem
768 513 997 542 demonstrabat.
1013 513 1086 540 Nam

265 566 318 595 per
334 558 429 594 ipsam
445 566 527 586 suam
535 560 669 585 naturam
679 567 771 593 usque
782 558 853 585 adeo
865 557 1021 585 invisibilis
1032 559 1088 590 est,

269 605 303 631 ut
318 603 380 639 ipse
388 603 503 638 Moyses
514 603 538 630 ei
556 610 687 638 cumquo
705 602 775 630 facie
791 602 824 629 ad
839 602 941 629 faciem
952 601 1090 637 loqueba-

265 649 324 680 tur,
338 647 446 674 diceret
459 656 465 674 :
482 647 513 674 Si
528 648 625 674 inveni
638 648 758 682 gratiam
772 649 836 674 ante
850 651 884 680 te,
901 646 1009 673 ostende
1019 646 1091 673 mihi

267 693 441 727 temetipsum
455 693 600 727 mani/este
614 691 709 726 (Exod.
726 700 825 725 xxxm,
844 692 887 725 11,
900 691 953 726 13).
969 690 1091 718 Volebat

268 737 345 764 enim
359 744 426 763 eum
443 735 549 768 videre,
566 736 643 763 sicut
658 736 771 763 videtur
786 736 862 763 Deus
876 735 968 763 oculis
984 735 1090 762 cordis.

269 781 348 808 Beati
353 780 398 808 eni
404 788 431 807 m
439 781 541 807 mundo
547 781 701 815 corde,quia
709 780 762 815 ipsi
768 781 851 807 Deum
858 780 1090 813 videbunt(Matlh.

267 834 294 859 v,
313 826 351 860 8).
368 825 413 852 Sic
438 824 551 852 volebat
565 825 662 852 videre
677 827 787 860 Moyses
804 833 871 852 eum
897 824 942 852 cui
966 824 1091 858 dicebat,

271 870 383 898 Ostende
392 869 463 896 mihi
477 871 649 904 temetipsum
664 870 807 904 mani/este
820 878 825 897 :
837 871 913 897 sicut
926 872 954 896 et
965 868 1094 896 invisibi-

272 914 312 941 lia
327 914 386 948 Dei,
405 922 455 949 per
479 922 512 941 ea
532 922 592 949 qua:
611 915 685 941 facta
705 917 783 949 sunt,
802 914 1033 949 conspiciuntur.
1049 913 1094 940 Sic

272 959 349 986 enim
367 959 406 985 ait
417 958 573 994 Apostolus
587 966 592 985 :
606 958 760 985 lnvz‘sibitia
769 960 843 986 enim
854 960 922 994 ejus,
934 966 981 993 per
993 966 1024 985 ea
1035 965 1096 992 qua:

272 1004 348 1038 facta
358 1007 431 1036 sunt,
443 1002 584 1030 intellecta
595 1004 812 1038 conspiciuntur,
820 1003 985 1038 sempiterna
994 1009 1097 1037 quoque

273 1049 359 1075 virtus
373 1048 431 1083 ejus
443 1056 475 1074 ac
488 1047 620 1074 divinitas
629 1048 715 1082 (Rom.
727 1056 746 1080 ι,
755 1048 810 1082 20).
828 1047 897 1074 Ecce
910 1046 1096 1082 intelligendo

276 1091 495 1127 conspiciuntur
510 1091 668 1119 invisibilia
679 1091 738 1124 Dei,
746 1094 774 1119 et
780 1094 878 1118 tamen
890 1091 1097 1118 invisibiliadi-

273 1139 390 1164 cuntur.
407 1136 441 1163 Et
456 1136 554 1163 omnia
574 1144 625 1171 per
640 1136 736 1171 ipsum
763 1137 838 1163 facta
859 1138 928 1163 sunt
951 1135 1098 1163 Christum

272 1181 362 1217 (Ioan.
375 1189 393 1214 1,
404 1181 442 1215 3),
459 1182 486 1207 et
501 1180 627 1208 visibilis
641 1182 670 1208 et
684 1180 851 1213 invisibilia,
864 1182 892 1207 et
907 1180 969 1215 ipse
984 1188 1001 1207 a
1016 1179 1099 1207 nobis

274 1225 351 1253 credi
369 1224 492 1252 visibilis
504 1224 614 1260 potest?
624 1225 696 1252 Hinc
706 1224 792 1252 etiam
805 1224 878 1252 dicis
890 1225 924 1252 de
940 1226 1023 1251 Patre
1035 1227 1100 1251 tan-

275 1273 338 1297 tum
349 1269 471 1304 intelligi
483 1270 587 1296 debere
597 1269 673 1304 quod
686 1269 726 1296 ait
737 1269 903 1304 Apostolus,
916 1269 973 1296 Soli
982 1270 1101 1304 sapienti

274 1315 328 1342 Deo
341 1314 427 1349 (Rom.
440 1322 486 1341 xvr
500 1314 556 1346 27).
565 1314 638 1349 Ergo
651 1313 730 1341 solus
741 1317 786 1340 est
797 1313 963 1341 PaterDeus
975 1314 1100 1349 sapiens,

274 1360 303 1386 et
319 1367 375 1386 non
388 1361 432 1385 est
448 1358 564 1393 sapiens
579 1358 643 1394 ipsa
656 1358 953 1394 DeiSapientia,quod
963 1361 1006 1386 est
1021 1358 1102 1386 Chri-

275 1406 358 1435 stus;
375 1404 409 1430 de
425 1411 482 1438 quo
498 1403 538 1430 ait
555 1402 713 1438 Apostolus
730 1411 736 1429 :
755 1403 893 1430 Christum
909 1404 957 1430 Dei
975 1404 1103 1430 Virtutem

275 1449 302 1475 et
318 1448 364 1474 Dei
378 1447 549 1482 Sapientiam
564 1447 587 1481 (Ι
604 1447 664 1474 Cor.
678 1455 697 1479 ι,
712 1447 774 1481 24)]
793 1447 931 1482 Superest
952 1451 983 1474 ut
999 1447 1103 1474 dicatis

278 1492 359 1527 (quid
371 1492 450 1519 enim
463 1499 520 1518 non
534 1491 679 1526 audetis?)
694 1490 881 1526 insipientem
899 1499 962 1519 esse
983 1492 1103 1527 Sapien-

279 1536 350 1562 tiam
361 1535 467 1562 Dei.Sic
479 1538 576 1562 autem
589 1535 661 1562 dicis
672 1535 786 1562 Patrem
805 1535 955 1570 infectum,
968 1536 1052 1571 quasi
1059 1536 1104 1563 Fi-

278 1579 336 1607 lius
357 1580 451 1607 factus
473 1579 520 1612 sit,
538 1587 589 1615 per
611 1587 697 1615 quem
715 1579 791 1607 facta
811 1582 880 1607 sunt
905 1580 1010 1607 omnia.
1029 1580 1106 1608 Scito

282 1624 390 1652 factum
409 1632 473 1652 esse
498 1623 614 1656 Filium,
639 1624 689 1651 sed
714 1624 743 1651 in
769 1624 863 1652 forma
887 1625 971 1652 servi.
987 1625 1061 1652 Nam
1077 1626 1106 1652 in

281 1669 375 1697 forma
390 1668 440 1696 Dei
456 1676 551 1704 usque
566 1668 637 1696 adeo
653 1676 710 1696 non
726 1671 770 1696 est
784 1668 890 1702 factus,
906 1671 938 1696 ut
958 1677 1009 1705 per
1025 1669 1107 1697 illum

279 1714 359 1741 facta
376 1714 437 1742 sint
449 1713 558 1741 omnia.
575 1713 605 1741 Si
625 1713 703 1741 enim
727 1713 789 1749 ipse
805 1713 899 1741 factus
914 1715 967 1747 est,
986 1722 1043 1741 non
1059 1722 1110 1750 per

282 1758 368 1786 illum
386 1758 447 1786 sint
463 1758 561 1786 omnia
578 1758 663 1785 facta.
680 1757 730 1785 sed
739 1760 851 1786 caetera.
863 1758 925 1785 Non
936 1758 1035 1794 itaque
1045 1759 1109 1786 dico

282 1803 388 1831 Filium
401 1803 580 1839 ingenitum;
603 1803 653 1829 sed
676 1802 788 1830 Patrem
809 1802 982 1838 genitorem,
1005 1803 1110 1830 Filium

286 1850 428 1885 genitum.
436 1849 496 1875 Hoc
506 1849 604 1874 tamen
615 1847 716 1883 genuit
723 1847 807 1874 Pater
818 1847 896 1882 quod
908 1850 952 1875 est
964 1855 970 1874 :
983 1847 1111 1883 alioquin

287 1902 344 1920 non
360 1895 404 1920 est
414 1900 500 1920 verus
519 1892 619 1925 Filius,
635 1891 659 1919 si
675 1890 752 1927 quod
770 1894 814 1919 est
829 1894 922 1925 Pater,
937 1901 994 1919 non
1012 1895 1056 1919 cst
1069 1892 1113 1919 Fi-

288 1937 366 1970 lius;
383 1937 460 1964 sicut
475 1937 510 1963 de
525 1936 667 1972 partubus
682 1935 854 1963 animalium
871 1945 959 1972 supra
971 1936 1113 1964 diximus:

289 1982 358 2018 quia
373 1981 431 2009 veri
444 1981 495 2008 filii
509 1981 563 2008 hoc
574 1982 642 2007 sunt
650 1988 700 2016 per
708 1980 905 2008 substantiam
916 1981 994 2016 quod
1012 1989 1114 2017 paren-

291 2028 345 2053 tes.
363 2025 436 2057 Quid
453 2026 496 2052 est
512 2026 609 2052 autem
622 2025 699 2060 quod
716 2025 822 2060 poscis,
843 2027 875 2052 ut
894 2026 1046 2053 ostendam
1063 2025 1116 2053 tibi

291 2069 433 2105 aqualem
449 2069 525 2096 Patri
541 2069 681 2104 Spiritum
697 2072 831 2096 sanctum
841 2078 915 2105 esse,
931 2070 1015 2105 quasi
1032 2073 1062 2098 tu
1073 2079 1118 2098 os-

291 2114 420 2142 tenderis
444 2115 558 2141 Patrem
580 2114 720 2149 majorem
737 2122 800 2141 esse
817 2114 926 2149 Spiritu
944 2117 1062 2149 sancto;
1079 2115 1117 2143 si-

292 2161 340 2188 cut
353 2158 473 2196 potuisti
485 2158 637 2186 ostendere
648 2158 683 2185 de
697 2158 778 2193 Filio,
793 2161 912 2194 propter
923 2159 1045 2187 formam
1058 2168 1118 2188 ser-

292 2204 339 2232 vi?
353 2203 470 2232 Scimus
485 2203 562 2231 enim
579 2202 761 2230 dictumesse
771 2203 883 2230 Patrem
896 2203 966 2231 Filio
979 2204 1119 2239 majorem

294 2257 357 2277 esse
370 2249 440 2284 quia
453 2248 482 2275 in
500 2248 593 2275 forma
607 2247 681 2275 servi
697 2251 758 2275 erat
772 2250 801 2276 et
819 2247 923 2282 Filius;
935 2250 964 2275 et
979 2248 1075 2276 adhuc
1090 2248 1120 2276 in

296 2294 389 2322 forma
406 2294 450 2321 est
464 2292 595 2320 humana
610 2291 711 2326 Filius,
727 2300 814 2328 quam
825 2292 929 2320 levavit
944 2292 972 2320 in
989 2292 1095 2321 caelum
1113 2302 1119 2321 :

298 2340 450 2374 propterea
464 2337 575 2364 dictum
592 2339 636 2364 est
650 2337 686 2364 de
700 2336 749 2364 illo
762 2337 838 2373 quod
858 2339 887 2364 et
906 2346 983 2365 nunc
997 2338 1123 2374 interpel-

299 2383 338 2410 lat
350 2391 402 2418 pro
417 2382 497 2409 nobis
511 2381 598 2416 (Rom.
615 2389 675 2415 vm,
698 2382 754 2416 34).
773 2382 806 2408 Et
817 2382 997 2418 sempiterna
1013 2383 1069 2410 erit
1092 2383 1122 2410 in

298 2435 389 2463 regno
405 2426 466 2453 haec
482 2426 583 2453 eadem
601 2425 694 2454 forma
709 2425 884 2454 immortalis
897 2435 903 2454 :
917 2429 1035 2462 propter
1045 2427 1123 2463 quod

298 2471 409 2499 dictum
430 2473 486 2504 est,
508 2470 578 2497 Tune
599 2472 623 2498 et
640 2471 695 2506 ipse
715 2471 803 2498 Filius
817 2471 954 2503 subiectus
968 2472 1022 2499 erit
1035 2473 1063 2499 ei
1076 2474 1126 2507 qui

299 2517 344 2544 illi
357 2516 472 2552 subjecit
497 2515 589 2542 omnia
609 2516 632 2551 (Ι
646 2516 707 2544 Cor.
724 2524 770 2550 xv,
786 2516 840 2546 28).
860 2515 932 2543 Nam
958 2515 992 2543 de
1015 2515 1124 2551 Spiritu

299 2563 400 2589 sancto
415 2560 464 2596 qui
481 2559 593 2587 nullam
609 2559 738 2596 suscepit
752 2561 915 2588 creaturam
931 2559 967 2587 ad
984 2559 1124 2588 unitatem

299 2613 428 2643 personas
443 2612 514 2638 suis,
531 2604 665 2640 quamvis
679 2611 710 2631 se
725 2612 776 2640 per
789 2604 950 2640 subjeclam
961 2607 1125 2633 creaturam

299 2650 454 2679 visibililer
467 2651 496 2676 et
509 2648 582 2684 ipse,
599 2647 658 2676 sive
674 2656 725 2684 per
738 2648 880 2676 columbae
907 2649 1044 2685 speciem,
1066 2650 1126 2678 sive

300 2703 352 2731 per
367 2694 484 2730 linguas
500 2693 600 2728 igneas
617 2692 654 2719 sit
665 2692 849 2720 demontrare
858 2693 997 2729 dignatus
1011 2693 1125 2728 (Matth.

301 2747 344 2774 ιιι,
361 2739 404 2772 16,
418 2740 445 2765 et
463 2737 520 2764 Act.
536 2745 566 2771 ιι,
583 2736 624 2772 3),
646 2744 796 2772 nunquam
814 2737 911 2765 dictus
926 2739 971 2765 est
985 2746 1018 2766 eo
1034 2739 1128 2774 major

303 2783 401 2815 Pater;
418 2789 570 2816 nunquam
586 2780 687 2809 dictus
700 2784 744 2808 est
767 2781 893 2817 Spiritus
918 2785 1037 2810 sanctus
1057 2783 1126 2811 ado-

305 2833 386 2854 rasse
401 2825 515 2852 Patrem
528 2833 681 2860 nunquam
691 2824 788 2854 dictus
804 2828 849 2854 est
861 2826 958 2854 minor
966 2826 1060 2855 Patre.
1069 2827 1126 2856 Sed

307 2869 380 2898 dicis
394 2869 430 2896 de
444 2867 525 2902 Filio,
541 2868 571 2896 Si
584 2869 698 2905 aequalis
716 2871 793 2906 esset,
809 2871 903 2907 utique
922 2871 986 2899 tatis
1000 2880 1010 2900 .·
1026 2872 1055 2900 id
1071 2874 1125 2907 est,

878 182 909 212 S.
932 180 1147 213 AUGUSTINI
1168 180 1347 212 EPISCOPI

1885 186 1936 217 ἹἋ

1144 247 1176 273 ut
1189 246 1258 282 quia
1270 255 1328 275 non
1349 249 1393 274 est
1407 246 1566 283 ingenitus,
1581 255 1639 274 non
1653 245 1785 274 videatur
1802 247 1870 278 talis.
1883 250 1936 279 Pos-

1141 299 1187 318 ses
1206 290 1300 319 dicere
1315 299 1372 319 non
1389 300 1452 319 esse
1468 291 1615 319 hominem
1636 299 1723 327 quem
1738 293 1834 327 genuit
1851 295 1937 331 Adam,

1142 335 1212 370 quia
1227 335 1289 371 ipse
1304 336 1396 363 Adam
1409 344 1465 363 non
1486 339 1531 363 est
1545 335 1671 371 genitus,
1688 335 1738 363 sed
1754 336 1841 364 factus
1853 346 1868 365 a
1880 338 1935 367 Deo.

1141 379 1170 406 Si
1186 382 1283 407 autem
1300 380 1396 415 potuit
1409 380 1502 408 Adam
1517 381 1608 414 esse‘,
1624 382 1652 408 et
1673 388 1731 407 non
1749 388 1810 408 esse
1832 382 1937 418 genitusE

1142 425 1171 450 et
1185 425 1283 451 tamen
1308 424 1363 452 hoc
1381 432 1519 460 generare
1533 424 1609 460 quod
1630 426 1693 451 erat
1706 424 1776 459 ipse,
1792 433 1844 452 non
1867 425 1903 454 vis
1913 429 1940 454 ut

1143 468 1271 503 potuerit
1286 468 1362 496 Deus
1377 469 1467 497 Deum
1483 468 1622 505 aqualem
1643 467 1721 495 sibi?
1746 470 1816 496 Puto
1839 477 1881 497 me
1896 470 1941 497 tibi

1144 512 1178 540 ad
1196 513 1297 540 omnia
1310 513 1507 548 respondisse.
1518 513 1574 541 Sed
1590 513 1614 540 si
1631 521 1688 540 non
1708 512 1751 540 vis
1761 520 1822 541 esse
1835 513 1944 550 discipu-

1146 557 1200 592 lus,
1218 557 1277 584 noli
1294 565 1358 584 esse
1373 557 1575 592 multiloquus.

1181 602 1206 629 1.
1225 602 1300 628 Max.
1314 602 1387 629 dixit
1401 610 1407 630 :
1425 601 1564 637 Loqueris
1580 601 1663 636 quasi
1678 601 1785 628 auxilio
1800 601 1946 638 principum

1146 646 1288 679 munitus,
1298 645 1370 673 nihil
1383 646 1543 673 secundum
1552 646 1687 673 timorem
1697 646 1864 682 Dei.Longas
1874 646 1947 674 horas

1146 690 1296 722 suistinui,
1316 690 1476 725 exposuisti
1500 692 1533 717 ut
1547 690 1600 717 tibi
1616 690 1710 717 visum
1731 692 1786 717 est.
1806 690 1949 727 Responde-

1148 743 1215 762 mus
1230 734 1287 762 Deo
1304 734 1460 762 auxiliante
1476 735 1510 761 ad
1524 734 1632 762 omnia.
1649 734 1705 762 Nec
1725 734 1803 762 enim
1819 735 1890 763 nudo
1904 743 1952 763 ser-

1149 787 1244 813 mone,
1257 779 1306 806 sed
1314 779 1490 806 testimoniis
1503 778 1668 806 divinarum
1680 779 1889 815 Scripturarum
1899 787 1952 807 mu-

1148 823 1213 850 niti.
1229 824 1354 850 Tantum
1371 823 1447 850 sicut
1461 832 1514 850 nos
1530 823 1671 859 patientes
1685 824 1798 851 fuimus
1813 827 1954 860 exponents

1149 870 1200 894 tua
1228 867 1384 903 Religione,
1401 871 1429 895 et
1444 868 1505 903 ipse
1520 876 1585 895 cum
1607 868 1666 895 tuis
1682 867 1850 903 patientiam
1861 876 1956 896 accom‘

1151 912 1248 945 moda,
1267 914 1298 938 ut
1323 912 1358 939 ad
1381 912 1514 947 singulos
1537 914 1603 939 tuos
1618 920 1771 940 sermones
1793 913 1890 940 demus
1905 920 1955 940 res-

1151 965 1287 992 ponsum,
1304 957 1381 984 sicut
1395 960 1423 984 et
1437 957 1500 992 ipse
1514 957 1549 983 ad
1566 959 1681 984 nostros
1705 956 1879 993 respondisti
1891 957 1955 992 quod

1152 1001 1205 1029 tibi
1221 1002 1340 1037 placuit.

1187 1047 1214 1074 2.
1233 1045 1290 1073 Nos
1305 1045 1453 1074 Christum
1470 1045 1594 1073 colimus
1603 1050 1633 1073 ut
1642 1046 1733 1073 Deum
1754 1046 1848 1074 omnis
1862 1047 1957 1074 creatu-

1153 1097 1201 1116 re.
1217 1089 1289 1116 Nam
1305 1089 1354 1124 qui
1377 1089 1515 1116 adoretur
1530 1092 1557 1117 et
1581 1089 1696 1121 colitur,
1720 1098 1781 1117 non
1799 1092 1906 1117 tantum
1929 1089 1958 1116 ab

1154 1134 1306 1161 hominum
1323 1136 1426 1161 natura
1441 1142 1540 1161 verum
1556 1134 1645 1161 etiam
1660 1136 1689 1161 et
1708 1134 1745 1161 ab
1764 1134 1894 1162 omnibus
1906 1133 1959 1160 Vir-

1155 1179 1267 1206 tutibus
1283 1178 1461 1212 caelestibus,
1478 1178 1546 1206 audi
1570 1178 1745 1206 clamantem
1773 1179 1885 1207 beatum
1901 1177 1959 1205 Pau-

1156 1223 1304 1250 lumzlloe
1318 1223 1393 1250 enim
1409 1224 1506 1250 sentite
1531 1224 1561 1250 in
1586 1224 1661 1251 vobis
1684 1223 1758 1259 quod
1778 1224 1803 1251 et
1826 1224 1854 1250 in
1872 1222 1961 1250 Christo

1155 1268 1218 1295 Iesu
1233 1277 1241 1295 :
1257 1269 1305 1303 qui
1321 1276 1382 1295 cum
1399 1269 1429 1294 in
1443 1269 1534 1302 forma
1544 1268 1595 1294 Dei
1609 1269 1686 1303 esset,
1698 1275 1758 1294 non
1773 1268 1897 1303 rapinam
1905 1266 1963 1294 arbi-

1156 1317 1245 1340 tratus
1260 1316 1298 1339 est
1311 1320 1366 1339 esse
1379 1319 1408 1338 se
1417 1320 1511 1347 parem
1524 1312 1574 1338 Deo
1584 1321 1596 1343 ,-
1608 1311 1655 1339 sed
1669 1313 1843 1347 semetipsum
1856 1311 1965 1339 exinani.

1156 1361 1206 1389 vit,
1223 1360 1341 1392 formam
1356 1357 1429 1384 servi
1451 1357 1598 1391 accipiens,
1611 1357 1641 1382 in
1655 1356 1869 1384 similitudinem
1888 1355 1963 1383 homi-

1157 1410 1223 1429 num
1243 1403 1342 1436 factus,
1357 1402 1382 1428 et
1397 1401 1493 1428 habitu
1512 1401 1638 1428 inventus
1662 1405 1692 1428 ut
1716 1400 1964 1429 homozhumiliaoit

1158 1447 1339 1482 semetipsum,
1357 1447 1448 1481 factus
1461 1445 1589 1473 obediens
1610 1453 1696 1480 usque
1711 1446 1758 1473 ad
1773 1449 1891 1479 mortem,
1903 1451 1964 1471 mor-

1159 1495 1213 1519 tem
1228 1493 1317 1518 antem
1332 1491 1430 1517 crucis.
1448 1491 1562 1525 Propter
1581 1491 1651 1525 quod
1675 1494 1700 1517 et
1714 1490 1787 1517 Deus
1800 1497 1860 1517 eum
1872 1495 1965 1524 supere-

1158 1536 1286 1569 zaltavit,
1302 1537 1328 1562 et
1342 1535 1453 1562 donavit
1478 1536 1504 1562 ei
1525 1543 1637 1562 nomem
1654 1533 1725 1570 quod
1752 1536 1791 1562 est
1808 1541 1886 1570 super
1902 1538 1966 1561 omne

1160 1588 1270 1608 nomen.
1288 1579 1364 1606 lllud
1388 1579 1489 1614 utique
1504 1579 1579 1614 quod
1598 1581 1628 1606 tu
1654 1578 1683 1606 in
1700 1578 1765 1606 tuis
1781 1576 1969 1615 prosecutioni-

1161 1625 1227 1657 bus,
1244 1624 1339 1651 sciens
1354 1623 1431 1658 quod
1449 1623 1622 1659 professioni
1639 1625 1696 1650 tuae
1710 1625 1778 1650 erat
1801 1621 1969 1653 contrarium,

1162 1668 1387 1696 subducendum
1405 1667 1526 1704 putasti,
1544 1667 1639 1695 sciens
1654 1667 1724 1703 quia
1743 1666 1834 1695 lectio
1845 1669 1871 1695 te
1883 1672 1971 1702 argue-

1163 1717 1216 1742 ret.
1234 1714 1305 1741 Nam
1323 1713 1399 1749 quod
1417 1722 1503 1741 omne
1517 1721 1592 1749 genu
1606 1713 1741 1740 ﬂectatur
1756 1712 1880 1747 Christo,
1889 1711 1972 1746 utique

1165 1759 1206 1787 sic
1223 1758 1408 1793 prosequitur
1426 1758 1488 1793 ipse
1504 1756 1622 1790 Paulus,
1639 1765 1706 1784 cum
1723 1756 1859 1789 dixisset,
1874 1755 1975 1784 Donavit

1165 1803 1209 1831 illi
1221 1811 1319 1830 nomen
1334 1802 1409 1837 quod
1420 1806 1459 1829 est
1473 1810 1558 1837 super
1577 1809 1656 1829 omne
1669 1809 1773 1829 nomen
1785 1810 1792 1829 :
1805 1800 1938 1837 sequitur,
1952 1799 1976 1826 Ut

1166 1850 1194 1876 in
1211 1849 1323 1875 nomine
1333 1847 1393 1875 Iesu
1405 1854 1484 1874 omne
1493 1854 1564 1881 genu
1574 1847 1713 1881 ﬂectatur,
1724 1846 1886 1879 caelestium,
1894 1846 1975 1872 terre:-

1167 1893 1262 1925 trium,
1277 1894 1303 1919 et
1318 1892 1508 1926 infernorum;
1522 1893 1547 1918 et
1561 1891 1652 1918 omnis
1669 1890 1751 1926 lingu.
1761 1891 1918 1926 conﬁteatur
1924 1887 1976 1924 quid

1169 1937 1298 1964 Dominus
1312 1937 1388 1964 Iesus
1399 1935 1522 1963 Christus
1542 1935 1572 1962 in
1591 1934 1683 1971 gloria
1707 1936 1750 1963 est
1765 1935 1815 1963 Dei
1823 1931 1977 1969 Patris(Phl'-

1170 1982 1236 2017 (ipp.
1252 1990 1282 2013 ιι,
1298 1981 1383 2016 5-11).
1413 1980 1540 2007 Dicenda
1566 1979 1656 2013 enim,
1687 1980 1721 2007 Ut
1751 1980 1781 2007 in
1805 1979 1912 2008 nomine
1927 1976 1976 2004 Iesu

1171 2034 1249 2054 omne
1268 2034 1340 2060 genu
1351 2025 1487 2059 ﬂectatur,
1497 2025 1655 2059 caelestium,
1667 2024 1855 2055 terrestrium,
1869 2025 1895 2050 et
1907 2020 1978 2056 infcr-

1170 2078 1286 2100 norum;
1299 2069 1436 2096 universa
1451 2068 1604 2096 conclusit.
1621 2067 1700 2095 Nihil
1715 2070 1762 2096 est
1776 2068 1806 2095 in
1830 2066 1899 2094 caelo
1915 2062 1977 2100 quod

1172 2123 1230 2142 non
1247 2122 1320 2150 gcnu
1338 2113 1434 2141 ﬂectat
1458 2112 1572 2140 Christo
1590 2121 1596 2140 :
1613 2111 1687 2140 nihil
1703 2111 1848 2140 remansit
1868 2111 1899 2139 in
1917 2110 1981 2138 tam

1174 2159 1251 2195 quod
1265 2166 1322 2185 non
1335 2166 1409 2194 genu
1426 2157 1524 2185 ﬂectat
1537 2156 1666 2184 Christo:
1679 2156 1754 2184 nihil
1764 2157 1794 2184 in
1806 2155 1905 2184 inferis
1917 2151 1980 2190 quod

1173 2212 1231 2231 non
1256 2211 1332 2239 genu
1348 2202 1445 2230 ﬂectat
1465 2201 1590 2229 Christo.
1605 2201 1638 2228 Et
1650 2201 1704 2228 hoc
1720 2201 1808 2229 Pater
1825 2200 1852 2229 ei
1870 2195 1981 2228 ἀοιιιθὶια

1174 2248 1301 2276 Possunt
1316 2246 1394 2275 enim
1411 2246 1534 2283 probare
1548 2245 1596 2281 qui
1619 2245 1729 2281 legunt,
1745 2245 1772 2274 si
1788 2253 1824 2274 ex
1844 2251 1908 2274 mea
1927 2248 1983 2271 auo-

1174 2292 1290 2320 toritate
1305 2291 1347 2321 vel
1363 2300 1396 2320 ex
1411 2290 1607 2326 multiloquio,
1624 2292 1656 2318 ut
1679 2298 1814 2324 accusas,
1828 2289 1902 2318 hanc
1915 2292 1983 2324 pros-

1176 2338 1322 2366 cutionem
1340 2336 1404 2369 feci,
1421 2338 1472 2364 aut
1487 2338 1562 2363 certe
1587 2335 1623 2362 de
1646 2335 1822 2363 auctoritate
1835 2333 1984 2362 divinarum

1176 2383 1393 2418 Scripturarum
1411 2379 1581 2416 respondeo.

1211 2426 1238 2453 3.
1251 2425 1329 2453 Dicis
1339 2424 1480 2460 Spiritum
1489 2425 1624 2452 sanctum
1635 2423 1712 2460 quod
1724 2421 1848 2460 aqualis
1863 2421 1901 2450 sit
1913 2418 1985 2449 Pilia-

1177 2471 1219 2498 Da
1229 2468 1407 2502 testimonia,
1419 2468 1468 2496 ubi
1485 2469 1623 2497 aduratur
1634 2467 1762 2504 Spiritus
1771 2467 1902 2500 sanctus,
1911 2462 1956 2492 ubi
1964 2460 1986 2489 ei

1178 2514 1308 2543 coelestia
1327 2517 1356 2541 et
1365 2513 1515 2541 terrestria
1534 2515 1562 2541 et
1575 2513 1690 2540 interna
1704 2520 1782 2549 genu
1799 2510 1924 2539 ﬂectant.
1938 2506 1988 2549 N9!

1178 2559 1267 2592 enim,
1286 2558 1364 2594 quod
1386 2558 1554 2586 adorandus
1567 2557 1606 2585 sit
1615 2557 1692 2585 Deus
1707 2548 1804 2589 Pater,
1818 2555 1902 2584 beato
1910 2548 1988 2593 Ριιιιο

1179 2603 1311 2640 apostolo
1322 2602 1467 2631 clamante
1482 2601 1655 2630 didicimus:
1667 2601 1817 2637 Propterea
1828 2600 1991 2636 πωωσαιια

1179 2657 1242 2677 mea
1256 2648 1291 2676 ad
1307 2650 1418 2675 Patrem
1439 2647 1550 2674 Domini
1569 2646 1658 2674 nostri
1677 2645 1740 2674 Iesu
1893 2649 1928 2677 ﬂ,
1945 2645 1991 2676 9W

1179 2694 1267 2722 omnis
1276 2692 1434 2728 paternitar
1442 2692 1471 2719 in
1479 2691 1554 2719 castis
1560 2690 1622 2719 etin
1633 2694 1708 2718 terra
1721 2684 1990 2725 nominata-(Wo

1181 2747 1224 2772 ιιι,
1250 2738 1293 2771 ti,
1310 2737 1364 2772 15).
1390 2735 1570 2764 Auctoritate
1591 2737 1761 2763 sanctorum
1784 2732 1990 2772 Scriptum

1181 2771 1336 2811 adoremus
1345 2771 1461 2809 Patrem
1471 2788 1477 2808 ε
1486 2787 1567 2816 aeque
1582 2781 1618 2808 ab
1633 2778 1706 2816 ipsis
1720 2775 1830 2820 divinis

1179 2827 1328 2859 instructi,
1341 2824 1465 2854 colimus
1477 2826 1506 2852 et
1519 2813 1678 2853 adoramus
1693 2822 1786 2852 Donni
1799 2813 1990 2853 (Μὴ-,ει

1213 2877 1220 2894 ι
1237 2875 1326 2905 Abest,
1341 2880 1402 2905 em,
1415 2874 1450 2900 ab
1463 2873 1506 2899 Br.
1554 2872 1590 2898 M.
1743 2883 1746 2885 ·
1767 2866 1817 2889 ³⁸⁸
1848 2871 1863 2885 τ
1876 2865 1908 2881 ¹’”’
1930 2867 1951 2885 ⁸⁸
