4090 6184
332 356 451 417 737

327 496 463 548 tura
492 489 666 541 suaet
691 485 1143 543 substantiasua
1160 488 1431 544 concordi
1467 487 1817 560 enqualitate1
1843 504 1980 560 quo-

332 575 468 631 dam
503 575 675 630 modo
710 574 859 631 uniti
901 580 1073 647 atque
1112 576 1346 632 conflati
1373 592 1387 633 :
1410 581 1467 632 et
1495 577 1668 633 Pater
1696 576 1879 632 Filius
1928 581 1986 633 et

332 663 588 735 Spiritus
600 668 1050 730 sanctus,unum
1068 664 1675 737 propterindividuam
1688 666 1983 722 eamdem-

335 767 446 824 que
467 755 759 807 naturam.
781 752 978 807 Recito
996 751 1327 822 lectionem,
1362 771 1538 825 quam
1570 754 1827 828 legentes
1849 771 1982 827 pos-

336 844 475 896 sunt
502 840 749 912 probare
771 840 912 912 quid
938 840 1207 898 Christus
1237 843 1464 899 dixerit.
1498 844 1593 900 Sic
1624 845 1779 900 enim
1812 842 1893 898 ait
1924 843 1983 899 in

337 929 670 1001 Evangelio,
692 929 921 986 Patrem
936 947 1110 987 suum
1124 948 1299 988 orans
1313 949 1416 1004 pro
1439 933 1747 1006 discipulis
1764 950 1776 987 :
1793 938 1985 1001 Pater,

333 1023 424 1090 [ac
461 1019 587 1075 illos
607 1035 798 1086 unum,
830 1021 972 1075 sicut
991 1024 1043 1076 et
1071 1037 1173 1077 nos
1200 1037 1372 1077 unum
1387 1039 1580 1078 sumus
1606 1041 1625 1079 :
1645 1024 1784 1079 sicut
1803 1038 1896 1094 ego
1925 1022 1986 1077 in

335 1115 449 1164 teet
480 1112 540 1163 tu
559 1109 619 1162 in
646 1124 755 1177 me,
775 1116 837 1164 ut
865 1111 918 1164 et
936 1109 1029 1164 illi
1046 1111 1107 1165 in
1135 1111 1291 1167 nobis
1312 1128 1484 1167 unum
1508 1113 1659 1174 sint;
1694 1114 1752 1167 ut
1788 1127 1985 1183 cogno-

335 1206 450 1254 scat
465 1197 554 1252 hic
567 1196 805 1253 mundus
822 1199 1084 1270 quoniam
1102 1204 1165 1255 tu
1178 1215 1265 1256 me
1280 1200 1502 1271 misisti,
1525 1209 1575 1257 et
1586 1200 1837 1257 dilexisti
1856 1200 1989 1257 illos

334 1287 1384 1359 sicutmedilexzsti(loan.xv11,21-23).
1409 1291 1572 1356 Quod
1596 1290 1745 1364 lego,
1772 1291 1941 1347 credo
1969 1307 1983 1347 :

337 1375 666 1433 dilectionis
698 1376 832 1432 fecit
854 1377 1233 1446 mentionem,
1256 1383 1313 1434 et
1342 1396 1457 1435 non
1480 1379 1985 1436 substantiae.Cer-

336 1470 465 1522 tum
498 1470 587 1522 est
608 1470 801 1522 autem
824 1465 1021 1538 ipsum
1044 1466 1401 1524 Salvatorem
1423 1468 1660 1536 dixisse,
1696 1470 1800 1537 Qui
1828 1469 1987 1525 audit

335 1554 601 1611 mandata
622 1558 824 1626 mea,et
844 1555 1172 1622 custoditea,
1196 1557 1293 1612 ille
1310 1566 1391 1613 est
1413 1559 1508 1628 qui
1530 1558 1727 1630 diligit
1742 1574 1849 1614 me.
1883 1558 1991 1627 Qui

335 1649 523 1701 autem
542 1644 724 1716 diligit
745 1661 846 1715 me,
868 1643 1134 1717 diligetur
1152 1663 1186 1701 a
1216 1647 1381 1703 Patre
1407 1662 1544 1713 meo,
1578 1651 1628 1702 et
1638 1663 1733 1716 ego
1751 1648 1988 1719 diligam

336 1734 499 1790 illum
514 1751 537 1796 ;
566 1737 615 1789 et
644 1734 948 1801 veniemus,
979 1738 1031 1789 et
1046 1736 1387 1791 mansionem
1410 1736 1564 1808 apud
1584 1752 1709 1792 cum
1722 1737 1988 1808 faciemus

335 1823 438 1893 (Id.
461 1840 577 1889 x1v,
599 1823 813 1890 24-23).
859 1822 917 1879 Si
949 1823 1105 1878 enim
1144 1827 1307 1879 tanta
1338 1824 1436 1880 illa
1458 1824 1790 1880 sublimitas
1815 1830 1987 1896 atque

336 1914 619 1984 majestas
650 1911 1086 1982 Patris,necnon
1110 1913 1287 1968 etiam
1307 1913 1454 1980 Filii,
1471 1913 1627 1969 intra
1648 1931 1826 1970 unam
1849 1912 1984 1969 aedi-

336 2001 528 2058 culam
563 2001 778 2057 mentis
804 2004 1013 2057 nostrae
1052 2002 1363 2073 recipitur;
1406 2007 1626 2074 quanto
1659 2002 1847 2076 magis
1873 2003 1986 2058 uti-

337 2108 473 2163 que,
498 2090 683 2147 Filius
715 2094 938 2146 certum
961 2094 1050 2145 est
1070 2094 1128 2146 et
1151 2089 1276 2146 sine
1292 2091 1469 2146 dubio
1490 2092 1642 2162 quod
1665 2092 1776 2147 erit
1793 2091 1851 2146 in
1880 2091 1985 2146 Pa-

335 2184 423 2236 tre
437 2180 465 2235 ?
488 2181 780 2235 Itatamen
796 2184 861 2234 ut
876 2178 1149 2245 Filius,ut
1168 2178 1363 2235 aliusa
1380 2180 1575 2236 Patre:
1592 2180 1693 2251 qui
1722 2180 1982 2252 quidem,

336 2269 539 2342 utipse
555 2267 1116 2341 exposuisti9,unum
1140 2274 1283 2325 sunt
1302 2269 1471 2326 Pater
1486 2275 1542 2326 et
1560 2270 1760 2337 Filius;
1778 2286 1891 2325 non
1905 2274 1987 2324 ta-

340 2377 471 2416 men
496 2377 652 2416 unus
676 2378 689 2416 :
716 2376 898 2415 unum
926 2361 997 2415 ad
1025 2361 1394 2416 concordiam
1422 2362 1691 2433 pertinet,
1728 2378 1881 2416 unus
1911 2360 1983 2415 ad

338 2467 652 2507 numerum
677 2450 1272 2521 singularitatis.Nam
1294 2456 1352 2506 et
1364 2451 1526 2506 Pauli
1550 2450 1699 2505 beati
1726 2450 1987 2505 testimo-

340 2541 503 2596 nium
539 2539 1019 2612 protulisti,quod
1046 2538 1247 2595 libenti
1262 2540 1458 2597 animo
1482 2540 1887 2613 suscepimus:
1911 2540 1985 2595 si-

340 2630 577 2702 quidem
600 2629 836 2684 ﬁrmum
868 2645 1055 2701 genus
1086 2636 1176 2685 est
1220 2630 1502 2700 veritatis,
1540 2630 1696 2701 quod
1736 2630 1808 2685 ab
1838 2628 1985 2700 ipsis

337 2719 513 2776 etiam
561 2717 1097 2774 contradicentibus
1138 2718 1445 2790 promitur.
1494 2717 1768 2775 Recitasti
1826 2717 1983 2773 enim

341 2806 584 2863 Paulum
621 2807 859 2872 dixisse,
900 2808 1006 2878 Ego
1053 2809 1320 2878 ptantavi,
1377 2808 1571 2877 Apollo
1614 2807 1846 2878 rigavit;
1892 2805 1985 2861 sed

344 2902 481 2952 Deus
511 2898 903 2952 incrementum
934 2896 1098 2952 dedit.
1132 2898 1320 2967 Itaque
1349 2912 1523 2967 neque
1549 2898 1645 2967 qui
1673 2896 1730 2967 pl
1750 2903 1889 2951 mtat
1905 2898 1984 2950 est

338 2986 570 3057 aliquid,
598 3001 780 3057 neque
822 2985 920 3056 qui
958 2987 1141 3054 rigat,-
1169 2986 1264 3040 sed
1310 2986 1404 3057 qui
1456 2987 1861 3041 incrementum
1888 2985 1984 3040 dat

337 3076 497 3130 Deus.
533 3076 642 3143 Qui
692 3075 909 3146 plantat
956 3078 1136 3130 autem
1179 3079 1232 3130 et
1280 3076 1377 3146 qui
1420 3076 1569 3145 rigat
1614 3091 1789 3130 unum
1815 3078 1983 3138 sunt;

335 3166 719 3235 unusquisque
739 3167 923 3218 autem
938 3179 1097 3217 suam
1117 3162 1416 3219 mercedem
1431 3165 1661 3234 accipiet
1685 3164 1985 3219 secundum

333 3271 496 3309 suum
527 3254 766 3308 laborem
796 3252 839 3323 (Ι
864 3251 1478 3322 Cor.11|,6-8).Adverte
1507 3252 1705 3323 igitur,
1751 3254 1890 3324 quia
1912 3252 1982 3306 li-

336 3346 430 3399 cet
458 3358 645 3398 unum
677 3340 793 3396 sint
811 3340 1136 3406 concordia,
1163 3345 1418 3396 attamen
1439 3343 1813 3413 unusquisque
1826 3358 1985 3397 suam

334 3431 637 3487 mercedem
666 3431 893 3501 accipiet
936 3430 1235 3485 secundum
1261 3447 1426 3485 suum
1455 3432 1716 3487 laborem.
1757 3436 1984 3487 Intuere

337 3537 475 3593 ergo
506 3525 563 3575 et
588 3519 729 3575 illud
763 3519 916 3591 quod
953 3519 1231 3574 Dominus
1261 3520 1360 3587 ait,
1386 3521 1491 3590 Ego
1519 3525 1574 3576 et
1602 3523 1767 3577 Pater
1808 3536 1983 3576 unum

336 3626 526 3665 sumus
574 3613 757 3678 (Joan.
804 3626 860 3674 κ,
893 3609 985 3679 30)
1018 3624 1033 3663 :
1068 3608 1221 3680 quod
1254 3617 1409 3664 certa
1457 3609 1567 3665 ﬁde
1599 3627 1633 3665 a
1664 3610 1834 3665 nobis
1864 3626 1982 3666 cre-

338 3700 500 3754 ditur
520 3702 579 3754 et
611 3698 950 3769 suscipitur.
983 3696 1089 3761 Qui
1120 3697 1282 3763 dicit,
1328 3699 1464 3769 Ego;
1494 3697 1678 3754 Filius
1714 3704 1804 3754 est
1834 3715 1847 3753 :
1884 3699 1985 3770 qui

330 3792 497 3864 dicit,
528 3794 579 3847 et
610 3798 804 3859 Pater;
830 3790 1079 3847 alterum
1111 3790 1336 3846 Patrem
1369 3792 1643 3847 ostendit.
1679 3793 1855 3849 Unum
1871 3792 1981 3861 ait;

332 3900 476 3947 non,
508 3899 682 3937 unus.
708 3881 933 3953 Saepius
964 3881 1184 3936 dictum
1215 3886 1303 3937 est
1332 3882 1472 3953 quia
1503 3899 1689 3938 unum
1738 3884 1809 3938 ad
1840 3899 1985 3939 con-

331 3970 596 4026 cordiam
630 3970 894 4043 pertinet.
929 3971 1230 4036 Quomodo
1264 3986 1377 4025 non
1398 3987 1582 4026 unum
1616 3971 1784 4028 Pater
1811 3976 1869 4027 et
1898 3972 1983 4027 Fi-

330 4059 471 4129 lius,
506 4076 638 4115 cum
682 4060 917 4131 quando
967 4059 1182 4114 clamat
1229 4058 1429 4128 Filius,
1464 4061 1572 4131 Ego
1619 4076 1745 4132 quae
1769 4062 1983 4133 placita

327 4153 461 4204 sunt
490 4149 649 4204 Patri
674 4150 822 4219 facio
863 4163 1078 4220 semper
1110 4148 1211 4219 (Id.
1245 4164 1369 4215 vm,
1397 4149 1519 4220 29)?
1546 4151 1710 4205 Tunc
1741 4151 1981 4206 demum

329 4254 450 4293 non
484 4242 636 4293 esset
666 4255 849 4294 unum
875 4254 1009 4293 cum
1042 4238 1226 4305 Patre,
1261 4238 1310 4293 si
1341 4239 1631 4295 contraria
1650 4239 1804 4295 Patri
1836 4240 1983 4297 face-

330 4329 422 4383 ret
452 4325 786 4398 aliquando.
837 4327 931 4382 Sic
979 4330 1173 4381 autem
1232 4331 1291 4382 et
1334 4327 1593 4399 Apostoli
1626 4344 1810 4384 unum
1842 4332 1983 4385 sunt

330 4431 467 4470 cum
502 4415 667 4470 Patre
695 4420 751 4470 et
781 4413 947 4485 Filio,
978 4413 1038 4469 in
1069 4430 1135 4470 eo
1167 4414 1321 4485 quod
1353 4412 1413 4468 in
1448 4415 1724 4470 omnibus
1764 4416 1837 4470 ad
1879 4432 1977 4473 vo—

328 4503 617 4560 luntatem
654 4504 752 4559 Dei
802 4503 988 4559 Patris
1038 4501 1439 4574 respicientes,
1472 4503 1546 4557 ad
1590 4503 1979 4561 imitationem

329 4595 463 4652 Ρὶιὶἰ
493 4595 713 4652 subditi
745 4595 845 4651 uni
866 4595 980 4651 Deo
1011 4593 1161 4650 Patri
1208 4598 1266 4649 et
1311 4594 1425 4665 ipsi
1464 4594 1842 4651 inveniuntur
1869 4597 1977 4669 (a).

330 4685 400 4742 Et
424 4702 538 4742 non
585 4691 814 4743 tantum
849 4702 950 4758 pro
986 4683 1280 4757 Apostolis
1327 4683 1578 4757 legimus
1625 4684 1979 4743 Salvatorem

328 4795 551 4844 orasse,
583 4783 649 4833 ut
672 4795 856 4835 unum
887 4778 1026 4845 sint,
1061 4777 1163 4832 sed
1194 4775 1370 4833 etiam
1402 4793 1506 4848 pro
1538 4777 1847 4834 creditoris
1876 4795 1981 4852 per

326 4869 571 4927 verbum
616 4868 874 4937 illorum,
925 4866 1121 4923 dicens
1154 4884 1167 4923 :
1202 4866 1323 4922 Non
1352 4867 1529 4923 solum
1556 4884 1655 4939 pro
1696 4868 1782 4924 his
1811 4885 1978 4941 rogo;

327 4959 427 5014 sed
455 4962 508 5015 et
527 4975 627 5032 pro
658 4958 951 5015 credituris
976 4971 1080 5029 per
1134 4956 1353 5013 verbum
1401 4957 1631 5012 illorum
1658 4959 1720 5012 in
1771 4974 1859 5013 me
1877 4963 1978 5015 :ut

326 5060 520 5102 omnes
553 5063 727 5101 unum
756 5048 897 5113 sint,
928 5048 1072 5101 sicut
1100 5052 1159 5099 tu
1193 5050 1359 5100 Pater
1388 5047 1449 5100 in
1476 5062 1583 5113 me,
1616 5053 1670 5102 et
1697 5062 1792 5117 ego
1814 5050 1871 5102 in
1902 5055 1974 5116 te,

326 5143 390 5189 ut
416 5143 467 5191 et
495 5136 586 5191 illi
614 5137 675 5191 in
704 5136 866 5190 nobis
896 5151 1072 5189 unum
1089 5135 1224 5195 sint;
1263 5142 1325 5188 ut
1365 5139 1649 5204 cognoscat
1695 5134 1785 5191 hic
1811 5153 1973 5193 mun-

326 5222 433 5279 dus
461 5226 595 5296 quia
622 5233 683 5281 tu
697 5242 784 5282 me
795 5225 1077 5292 misisti,et
1096 5223 1351 5302 diteaisli
1369 5224 1496 5280 illos
1514 5226 1654 5280 sicut
1669 5241 1755 5281 me
1774 5226 1973 5282 dilexi-

324 5318 421 5372 sti.
463 5317 802 5374 Dilectionis
843 5317 1000 5384 fecit,
1043 5320 1110 5372 ut
1155 5316 1434 5382 diximus,
1483 5319 1873 5387 mentionem,
1918 5324 1977 5378 et

326 5420 447 5461 non
478 5405 821 5463 divinitatis.
855 5404 996 5472 Quis
1039 5408 1236 5461 autem
1274 5402 1509 5476 ignorat
1550 5408 1703 5477 quod
1738 5406 1972 5476 Paulus,

392 5505 409 5539 ί
446 5504 661 5568 Aliquot
690 5505 840 5565 Msa,
859 5502 1145 5565 concordia,
1173 5501 1488 5567 aequalitate.
1504 5503 1747 5566 Quidam,
1771 5520 1974 5557 concor-

312 5566 418 5632 diae
434 5582 525 5632 3g
532 5566 764 5632 utilitate.

387 5630 412 5664 ³
434 5627 519 5697 Er;
558 5630 726 5697 Lugd.
776 5633 850 5697 et_
874 5630 1053 5697 Lov.,_
1066 5627 1205 5697 quod
1249 5627 1454 5694 quidem
1484 5631 1779 5694 exposuisti.
1816 5633 1971 5697 Ven.,

355 5644 519 5741 “231-.
558 5644 726 5741 ξιᾶιεα.
776 5644 1099 5744 et_1t.ov.,Mq

315 5705 352 5755 ᾳ
388 5755 457 5811 (a)
484 5706 616 5811 “de
959 5726 1104 5808 Iern;

388 5755 457 5817 (a)
484 5755 616 5811 Vide
644 5755 927 5822 Ligustini
959 5768 1117 5808 serm.
1149 5756 1257 5819 uo,
1287 5766 1343 5807 n.
1373 5755 1421 5817 ι,
1450 5758 1577 5808 tom.
1608 5759 1658 5809 5.

1039 356 1419 418 COLLA'I‘IO
1463 357 1624 420 CUM
1674 357 2071 420 MAXIMINO
2114 361 2591 424 ARIANORUM
2634 362 3033 426 EPlSCOPO.

3620 365 3742 426 738

2089 489 2306 548 Paulus
2333 497 2447 561 est;
2483 498 2541 550 et
2566 493 2794 567 Apollo,
2818 495 3023 567 Apollo
3054 499 3179 552 est:
3214 511 3348 551 cum
3382 496 3617 567 quando
3650 498 3739 552 di-

2090 582 2185 634 cat
2228 580 2353 652 ipse
2392 582 2633 651 Paulus,
2680 584 2813 639 Plus
2860 584 3113 639 omnibus
3145 585 3261 640 illis
3303 585 3592 654 laboravi;
3628 603 3741 642 non

2089 684 2188 737 ego
2245 674 2449 739 autem,
2481 673 2573 727 sed
2602 674 2787 743 gratia
2835 673 2936 728 Dei
2960 689 3172 729 mecum
3217 674 3262 744 (Ι
3314 675 3441 742 Cor,
3482 690 3574 741 xv,
3610 674 3740 739 10)?

2089 757 2235 813 Nam
2269 759 2369 831 qui
2400 758 2531 831 plus
2553 759 2799 828 laborat,
2832 761 2962 833 plus
2993 762 3384 833 consequitur.
3430 766 3735 819 Verumta-

2091 862 2225 902 men
2256 864 2441 904 unum
2488 854 2646 916 sunt,
2680 850 2740 904 in
2772 866 3085 917 consensu,
3118 850 3177 905 in
3227 851 3645 923 convenientia,
3677 851 3737 908 in

2090 935 2437 1005 dilectione;
2470 938 2703 1009 quando
2734 939 2789 993 id
2825 939 3046 994 faciunt
3076 940 3231 1011 quod
3268 942 3415 997 Deus
3441 941 3583 997 vult.

2160 1026 2249 1081 23.
2286 1026 2440 1083 Dicis
2470 1028 2623 1098 quod
2674 1044 2829 1083 unus
2859 1032 2949 1083 est
3001 1030 3171 1084 Deus.
3216 1035 3449 1097 Astrue,
3483 1029 3534 1086 si
3576 1031 3744 1088 Pater

2089 1119 2147 1170 et
2178 1114 2359 1171 Filius
2405 1116 2661 1188 Spiritus
2692 1122 2930 1173 sanctus
2962 1134 3115 1173 unus
3146 1122 3236 1174 est
3265 1118 3439 1189 Deus,
3473 1136 3544 1175 an
3577 1119 3740 1177 solus

2089 1204 2259 1259 Pater
2278 1221 2432 1261 unus
2463 1205 2617 1261 Deus
2640 1205 2924 1262 dicendus
2945 1211 3057 1274 est,
3079 1208 3247 1278 cujus
3280 1206 3454 1264 Filius
3475 1208 3743 1266 Christus

2090 1298 2289 1349 noster
2316 1298 2405 1350 est
2434 1294 2607 1350 Deus.
2640 1294 2883 1350 Judaico
2916 1311 3076 1350 more
3106 1295 3359 1352 hortaris
3411 1314 3519 1354 nos
3558 1298 3741 1371 proti-

2091 1383 2202 1438 teri
2231 1400 2415 1438 unum
2449 1383 2634 1440 Deum
2654 1383 2681 1439 ‘I
2710 1384 2802 1438 'An
2834 1384 2905 1439 de
2955 1384 3317 1455 subjectione
3348 1385 3476 1441 Filii
3522 1388 3738 1457 potius,

2092 1472 2417 1527 secundum
2453 1473 2604 1542 quod
2635 1472 2809 1527 habet
2852 1472 2999 1528 ﬁdes
3022 1472 3370 1544 Christiana,
3413 1477 3743 1533 ostenditur

2093 1577 2247 1616 unus
2281 1577 2408 1617 esse
2442 1566 2612 1628 Deus,
2637 1562 2807 1633 cujus
2839 1561 2993 1617 illius
3025 1566 3222 1618 noster
3252 1568 3341 1619 est
3366 1563 3629 1631 Deus,ut
3650 1565 3737 1621 di-

2092 1648 2324 1704 ximus?
2352 1649 2497 1705 Nam
2536 1651 2673 1721 quia
2702 1650 2870 1706 Pater
2890 1656 2945 1706 et
2975 1651 3156 1706 Filius
3190 1669 3301 1707 non
3332 1658 3421 1709 est
3451 1671 3620 1725 unus,
3652 1654 3741 1711 vel

2088 1736 2268 1793 Paulo
2297 1740 2465 1793 crede
2496 1740 2729 1805 dicenti,
2760 1740 2908 1811 quod
2942 1757 3044 1811 per
3070 1740 3332 1811 singulas
3365 1743 3479 1797 fere
3512 1742 3743 1814 Episto-

2091 1825 2178 1881 las
2209 1827 2569 1898 pronuntiat,
2605 1829 2805 1883 dicens
2841 1846 2853 1883 :
2885 1831 3082 1884 Gratia
3112 1830 3262 1885 vobis
3304 1846 3375 1885 ex
3418 1846 3534 1902 pax
3562 1848 3595 1885 a
3629 1836 3741 1887 Deo

2088 1920 2259 1972 Patre
2280 1925 2462 1972 nostro
2493 1922 2547 1971 et
2577 1919 2809 1973 Domino
2837 1919 2967 1974 Jesu
2997 1918 3210 1974 Christo
3233 1919 3406 1989 (Rom.
3428 1937 3465 1990 1,
3489 1920 3589 1982 7,-1
3615 1920 3737 1976 Cor.

2089 2006 2202 2071 1,3;
2238 2005 2283 2061 II
2313 2006 2437 2062 Cor.
2474 2024 2514 2072 1,
2542 2006 2599 2067 2;
2630 2006 2809 2061 Galat.
2843 2022 2881 2073 1,
2913 2008 2966 2077 3,
2998 2011 3048 2063 et
3078 2008 3268 2078 Ephes.
3323 2025 3361 2073 1,
3401 2011 3479 2077 2).
3532 2009 3739 2065 Adhuc

2088 2099 2284 2149 autem
2319 2112 2332 2150 :
2377 2095 2522 2150 Unus
2575 2099 2723 2150 Deus-
2754 2096 2935 2162 Pater,
2966 2113 3039 2150 ea:
3066 2112 3169 2166 quo
3214 2099 3421 2161 omnia,
3469 2101 3522 2152 et
3542 2114 3639 2153 nos
3678 2098 3738 2153 in

2087 2185 2223 2255 ipso;
2244 2187 2294 2239 et
2322 2201 2466 2239 unus
2493 2185 2757 2239 Dominus
2775 2186 2927 2240 Jesus
2951 2184 3223 2249 Christus,
3229 2202 3331 2255 per
3350 2203 3509 2256 quem
3527 2189 3735 2255 omnia,

2085 2277 2136 2328 et
2160 2289 2257 2328 nos
2287 2274 2347 2327 in
2372 2274 2505 2345 ipso‘
2538 2274 2583 2344 (ἰ
2617 2274 2739 2329 Cor.
2769 2289 2891 2342 VIII,
2922 2274 2999 2341 6).
3038 2273 3149 2328 Iste
3200 2277 3290 2330 est
3330 2275 3431 2345 qui
3477 2291 3511 2330 a
3566 2275 3736 2331 nobis

2087 2362 2436 2419 Christianis
2487 2379 2640 2417 unus
2693 2368 2841 2417 Deus
2896 2362 3275 2433 praedicatur,
3338 2378 3512 2433 quem
3558 2362 3739 2419 Filius

2088 2468 2271 2507 unum
2332 2451 2675 2523 pronuntiat
2724 2452 2964 2515 bonum,
3026 2451 3277 2506 dicens:
3327 2452 3489 2507 Nemo
3546 2453 3737 2522 bonus,

2084 2542 2199 2595 nisi
2225 2558 2369 2595 unus
2388 2546 2529 2596 Deus
2559 2542 2752 2612 (Marc.
2776 2558 2830 2609 x,
2862 2541 2971 2611 48).
2999 2540 3123 2595 Non
3147 2541 3299 2611 quod
3327 2540 3594 2596 Christus
3617 2558 3733 2596 non

2086 2633 2163 2685 sit
2194 2632 2429 2686 bonus:
2464 2630 2587 2701 ipse
2641 2630 2800 2686 enim
2855 2631 2954 2696 ait,
3006 2630 3113 2699 Ego
3159 2645 3282 2684 sum
3333 2634 3520 2701 pastor
3562 2630 3732 2685 bonus

2086 2718 2269 2790 (Joan.
2300 2736 2355 2790 κ,
2390 2719 2498 2791 11).
2533 2719 2656 2775 Non
2715 2719 2870 2791 quod
2903 2719 3157 2790 Spiritus
3215 2723 3453 2774 sanctus
3504 2735 3619 2773 non
3654 2718 3732 2775 sit

2087 2808 2273 2863 bonus
2307 2823 2320 2862 :
2355 2807 2493 2863 audi
2527 2807 2869 2879 prOphetam
2918 2808 3292 2873 clamantem,
3327 2805 3567 2877 Spiritus
3605 2816 3730 2862 tuus

2087 2897 2257 2951 bonus
2283 2896 2505 2952 deducet
2533 2912 2620 2952 me
2646 2897 2705 2951 in
2754 2898 2901 2951 viam
2946 2899 3149 2951 rectam
3192 2896 3365 2966 (Psal.
3415 2912 3583 2967 cxcu,
3618 2897 3726 2969 10).

2087 2986 2237 3041 Audi
2269 2990 2463 3041 autem
2497 2985 2690 3040 adhuc
2730 2983 3046 3040 Salvatoris
3092 2983 3496 3040 testimonium
3527 2985 3726 3040 dicen-

2084 3075 2183 3140 tis,
2219 3077 2397 3130 Bonus
2420 3076 2575 3130 homo
2605 3074 2670 3129 de
2698 3074 2952 3129 thesauro
2994 3072 3173 3129 cordis
3223 3076 3312 3128 sui
3352 3076 3565 3145 profert
3592 3074 3731 3131 bona

2085 3166 2236 3233 (Luc.
2264 3182 2343 3231 v1,
2375 3165 2485 3235 45).
2522 3163 2755 3221 Necnon
2785 3164 2958 3219 etiam
2991 3168 3047 3217 et
3075 3162 3267 3218 omnis
3314 3168 3579 3218 creatura
3630 3164 3728 3220 Dei

2086 3254 2240 3310 bona
2269 3254 2456 3309 valde.
2510 3253 2568 3309 Si
2601 3257 2868 3309 creatura
2918 3252 3090 3321 bona,
3124 3252 3173 3307 si
3224 3252 3395 3307 homo
3436 3254 3644 3321 bonus,
3677 3252 3727 3309 si

2085 3342 2338 3415 Spiritus
2368 3347 2610 3399 sanctus
2639 3342 2850 3406 bonus,
2872 3340 2923 3398 si
2952 3339 3222 3395 Christus
3245 3340 3453 3408 bonus,
3488 3356 3727 3412 quema-

2086 3433 2369 3487 dmodum
2401 3448 2555 3487 unus
2601 3430 2790 3485 bonus
2843 3428 3257 3500 requirendum
3288 3433 3396 3485 est.
3430 3428 3577 3492 Quia
3615 3429 3728 3485 uti-

2087 3537 2199 3591 que
2229 3520 2313 3575 sic
2342 3519 2424 3576 ait
2452 3518 2731 3586 Salvator,
2761 3522 2934 3575 Nemo
2966 3519 3154 3588 bonus,
3194 3518 3307 3572 nisi
3354 3534 3496 3572 unus
3547 3524 3689 3574 Deus
3708 3535 3728 3574 :

2086 3626 2152 3664 eo
2176 3610 2332 3681 quod
2364 3608 2487 3679 ipse
2516 3612 2606 3663 est
2636 3608 2764 3663 fons
2786 3605 3080 3670 bonitatis,
3103 3604 3201 3676 qui
3225 3605 3375 3674 quod
3400 3610 3490 3661 est
3515 3605 3728 3677 bonus,

2087 3715 2120 3753 a
2150 3698 2381 3753 nemine
2410 3696 2651 3768 accepit.
2678 3696 2824 3753 Nam
2857 3698 2913 3749 et
2933 3693 3197 3749 Christus
3220 3694 3370 3763 quod
3399 3697 3487 3749 est
3515 3693 3726 3764 bonus,

2086 3803 2121 3842 a
2151 3803 2256 3843 suo
2297 3785 2558 3859 genitore
2588 3788 2677 3840 est
2708 3788 2773 3839 ut
2800 3784 2876 3840 sit
2897 3784 3108 3849 bonus;
3141 3788 3198 3837 et
3242 3782 3436 3838 omnis
3465 3788 3731 3839 creatura

2086 3876 2187 3932 Dei
2218 3876 2389 3942 bona,
2425 3891 2527 3948 per
2548 3873 2847 3930 Christum
2878 3872 3101 3944 accepit
3130 3875 3194 3927 ut
3224 3876 3380 3927 esset
3410 3871 3581 3929 bona.
3616 3873 3729 3930 Sed

2085 3965 2207 4022 sive
2235 3964 2437 4031 Filius,
2469 3964 2591 4019 sive
2640 3963 2741 4033 qui
2796 3978 2898 4034 per
2946 3960 3114 4016 illum
3157 3967 3296 4017 sunt
3342 3960 3501 4029 facti,
3532 3962 3603 4017 de
3632 3960 3731 4016 illo

2087 4072 2203 4111 uno
2234 4056 2391 4109 fonte
2420 4051 2698 4109 bonitatis
2745 4050 3154 4122 unusquisque
3197 4051 3522 4105 secundum
3569 4065 3733 4106 men-

2086 4160 2287 4200 suram
2319 4142 2452 4198 ﬁdei
2484 4160 2603 4197 suae
2632 4144 3080 4212 assumpserunt
3108 4144 3174 4195 ut
3202 4145 3399 4196 essent
3429 4139 3585 4195 boni.
3624 4140 3732 4196 Pa-

2084 4239 2173 4289 ter
2201 4237 2393 4289 autem
2427 4248 2600 4297 unus,
2634 4231 2789 4302 quod
2822 4238 2907 4285 est
2938 4230 3147 4298 bonus,
3181 4244 3214 4284 a
3236 4228 3467 4284 nemine
3487 4227 3731 4299 accepit.

2084 4323 2153 4378 Et
2182 4322 2312 4378 ideo
2341 4321 2422 4377 ait
2451 4320 2737 4391 Christus,
2769 4319 2932 4375 Nemo
2951 4327 3029 4375 est
3053 4319 3243 4383 bonus,
3283 4319 3399 4373 nisi
3438 4334 3605 4374 unus.
3639 4316 3733 4373 Sic

2085 4428 2220 4484 ergo
2252 4427 2406 4467 unus
2431 4414 2521 4465 est
2548 4409 2722 4480 Deus,
2757 4407 2894 4479 quia
2925 4424 3077 4464 unus
3117 4411 3208 4463 est
3230 4405 3729 4478 ineomparabilis,
3756 4452 3764 4458 .

2084 4502 2225 4573 quia
2254 4517 2408 4556 unus
2437 4503 2527 4556 est
2552 4499 2901 4565 immensus,
2934 4502 2998 4551 ut
3019 4497 3146 4567 jam
3179 4512 3390 4552 sumus
3412 4496 3727 4568 prosecuti.

2153 4590 2243 4644 24.
2286 4589 2411 4644 Non
2445 4593 2805 4660 denegamus
2839 4586 2995 4658 quod
3035 4584 3214 4641 Filius
3240 4584 3448 4658 diligat
3478 4584 3731 4654 Patrem,

2082 4695 2216 4735 cum
2238 4678 2473 4750 quando
2496 4682 2554 4733 et
2575 4675 2858 4748 scriptum
2876 4674 3164 4747 legimus:
3194 4676 3257 4733 Ut
3286 4676 3425 4731 sciat
3451 4674 3541 4730 hic
3568 4690 3733 4730 mun-

2082 4768 2182 4824 dus
2202 4769 2335 4840 quia
2362 4766 2529 4837 diligo
2547 4768 2787 4834 Patrem,
2811 4769 2861 4822 et
2890 4767 3033 4822 sicut
3063 4764 3393 4821 mandatum
3420 4763 3562 4819 mihi
3586 4763 3734 4820 dedit

2082 4860 2265 4928 Pater,
2298 4859 2378 4913 sic
2396 4857 2543 4927 facio
2568 4856 2748 4928 (Joan.
2770 4872 2884 4919 xw,
2907 4855 3021 4924 31).
3045 4853 3285 4910 Constat
3312 4852 3521 4908 Filium
3554 4856 3613 4908 et
3642 4851 3729 4906 di-

2081 4947 2182 5020 ligi
2205 4950 2261 5003 et
2282 4944 2614 5018 diligere,et
2641 4944 2985 4999 mandatum
3009 4942 3215 5013 Patris,
3250 4944 3315 4997 ut
3344 4941 3469 5012 ipse
3497 4938 3726 5008 asserit,

2079 5035 2342 5107 implere.
2372 5035 2443 5089 Et
2474 5033 2604 5088 ideo
2654 5048 2837 5088 unum
2889 5036 3047 5099 sunt,
3082 5030 3407 5087 secundum
3439 5029 3591 5100 quod
3625 5028 3727 5096 ait,

2081 5130 2194 5194 Ego
2221 5129 2270 5179 et
2290 5124 2457 5179 Pater
2485 5138 2659 5177 unum
2686 5137 2872 5177 sumus
2893 5119 2993 5193 (Id.
3018 5138 3073 5189 x,
3098 5120 3209 5190 30).
3234 5118 3379 5173 Nam
3405 5118 3463 5171 in
3485 5133 3552 5173 eo
3573 5116 3729 5189 quod

2079 5214 2244 5279 dicit,
2269 5214 2375 5281 Qui
2402 5227 2489 5267 me
2515 5210 2672 5277 vidit,
2689 5210 2827 5266 vidit
2857 5215 2907 5266 et
2935 5211 3154 5267 Patrem
3183 5208 3415 5280 (Id.xv1,
3442 5206 3540 5279 9);
3572 5210 3731 5263 certa

2079 5304 2193 5359 ﬁde
2226 5302 2583 5357 credendum
2615 5304 2704 5357 est
2728 5300 2868 5372 quia
2898 5302 2997 5371 qui
3044 5298 3200 5353 videt
3231 5295 3469 5365 Filium,
3502 5312 3606 5368 per
3636 5296 3728 5352 Fi-

2079 5392 2226 5448 lium
2257 5391 2413 5447 videt
2442 5395 2498 5446 et
2528 5388 2803 5460 intelligit
2833 5388 3085 5444 Patrem.

2146 5486 2237 5541 25.
2262 5487 2505 5556 Propter
2516 5482 2763 5539 formam
2784 5479 3244 5550 servi.majorem
3268 5476 3495 5533 Patrem
3510 5476 3729 5548 profes-

2138 5631 2155 5665 1
2194 5628 2349 5685 Editi,
2376 5640 2469 5691 per
2495 5625 2693 5691 ipsum.
2717 5626 2782 5674 At
2813 5624 2957 5691 usa,
2998 5622 3053 5670 in
3100 5621 3209 5691 ipso
3235 5636 3256 5691 _:
3282 5624 3336 5671 et
3364 5620 3441 5691 sic
3478 5619 3727 5691 locum__a

2074 5683 2362 5744 Maximino
2376 5683 2571 5738 ‘minus
2594 5690 2734 5737 recte
2761 5685 3025 5750 prolatum
3048 5683 3200 5737 notat
3219 5683 3552 5749 Augustinus
3577 5685 3635 5736 in
3662 5685 3726 5737 li-

2073 5756 2170 5807 bro
2202 5755 2248 5816 2,
2281 5766 2395 5817 cap.
2427 5753 2505 5811 23,
2534 5762 2592 5800 n.
2621 5750 2668 5801 3.
