2047 3094
33 61 122 91 Ἆξηᾌ
142 64 146 66 ·
172 60 247 75 Ἰνννέ
280 60 311 87 "-

7 179 32 221 ,3
42 171 110 225 ’
191 178 250 209 ’139

191 251 244 272 sus
258 252 288 271 es
304 252 311 272 :
327 243 404 279 quod

8 290 51 325 liv
75 296 81 316 .'
181 288 306 317 vSeimus
322 287 397 315 ~:nim

9 340 12 362 ι
190 332 277 361 etiam
289 341 356 360 cum
369 334 404 359 At

7 370 69 418 ἳ-
189 377 220 404 in
234 376 356 412 gloriam
370 379 404 403 De

189 421 331 456 majorem
356 420 404 448 Pat

0 1440 19 1456 ν
30 1440 48 1475 ζ.

32 1490 42 1512 Ἴ

33 1522 39 1530 ,
44 1521 49 1525 .

35 1666 45 1678 ,:

31 1901 36 1909 .

0 1444 42 2060 ἔ

21 2007 30 2017 1
35 1985 43 2012 ‘f‘

20 2099 46 2130 ἓ.

29 2198 50 2224 ἔκ

19 2234 41 2259 ,ι’-

24 2273 50 2307 ,Διί

24 2311 42 2330 ,κ

11 2363 24 2382 ri
30 2347 37 2352 .

25 2386 38 2401 ι

17 2434 45 2461 ᾖ.

14 2479 38 2510 ,ξ
46 2502 50 2505 ,

22 2535 27 2544 ι
40 2543 43 2546 .

9 2586 45 2615 .‘f:

15 2641 35 2659 ,τ’
43 2642 47 2648 ’

16 2750 41 2782 ιζ

0 3033 39 3080 E-s

191 251 244 272 sus
258 252 288 271 es
304 252 311 272 :
327 243 404 279 quod
420 243 491 270 mihi
514 242 636 270 nimium
663 241 787 270 stultum
811 249 875 270 esse
888 241 1013 269 videtur.

181 288 306 317 'Seimus
322 287 409 321 ~:nim,
427 287 503 322 quod
517 289 545 314 et
555 286 618 322 ipse
629 286 824 322 prolulisti,in
833 286 927 314 forma
938 285 1014 314 servi

190 332 277 361 etiam
289 341 356 360 cum
369 331 487 366 Angelis
503 332 642 359 minorem
660 331 841 358 factum.Nec
852 331 929 358 enim
943 331 1014 358 satis

189 377 220 404 in
234 376 356 412 gloriam
370 376 417 403 Dei
433 376 583 412 professus
599 377 653 408 es',
678 375 727 410 qui
745 375 781 402 ad
797 375 922 403 formam
938 375 1011 403 servi

189 421 331 456 majorem
356 420 469 448 Patrem
493 420 648 456 proﬁteris,
665 420 708 447 Ad
738 420 861 447 formam
886 419 962 447 servi
985 421 1015 446 et

189 465 293 502 Angeli
313 465 438 500 majores
451 468 528 492 sunt.
546 465 603 492 Nec
618 464 696 492 enim
712 465 747 492 ad
764 464 818 492 hoc
830 464 907 492 venit
915 463 1011 491 Chris-

189 510 251 544 tus,
267 512 298 537 ut
309 517 362 537 nos
376 510 535 537 instrueret
550 510 628 545 quod
643 509 680 536 ad
697 509 819 536 formam
837 508 911 536 servi
921 509 1015 543 major

189 556 235 582 est
247 555 332 582 Pater
348 563 355 582 :
371 554 427 582 Sed
444 554 507 582 ideo
524 554 638 582 Veritas
649 554 684 581 ad
701 562 754 581 nos
765 554 852 587 venit,
866 556 898 581 ut
914 553 1014 589 utique

187 599 305 627 doceret
334 607 397 635 nos,
427 601 515 634 atque
536 599 702 630 instrueret,
724 599 800 634 quod
832 598 915 625 Pater
942 596 1014 626 Filio

185 644 282 679 major
295 645 349 679 est,
361 645 389 671 et
405 643 459 676 hoc
474 643 545 671 Filio
571 643 621 679 qui
645 651 768 677 magnus
791 644 835 670 est
851 645 936 670 Deus.
954 642 1012 670 Nos

184 687 263 715 enim
278 688 320 716 sic
335 687 535 724 glorificamus
552 687 677 720 Patrem,
698 689 730 714 ut
746 695 850 723 magno
867 687 924 714 Deo
951 695 1012 714 ma-

180 732 277 767 jorem
291 732 374 760 illum
391 733 590 768 proﬁteamur,
610 734 640 759 ut
655 731 714 759 alto
736 731 938 759 sublimiorem
961 739 1012 759 an-

185 777 367 805 nuntiemus.
379 778 421 804 An
437 785 503 804 vero
519 777 573 804 iste
589 779 633 804 est
647 776 765 804 debitus
790 776 884 803 honor
900 776 961 809 Dei,
980 777 1012 803 ut

185 821 280 849 forma
296 821 393 849 servili
409 822 502 857 major
513 821 551 848 sit
567 821 659 855 Pater,
670 823 702 848 tu
719 821 837 848 videris.

221 866 266 893 26.
279 866 358 893 Dicis
373 866 450 901 quod
466 874 497 894 se
514 866 652 893 divinitas
674 866 807 901 patribus
824 864 971 893 ostendit:
984 866 1012 892 et

185 910 273 946 paulo
289 912 355 938 ante
371 912 542 946 prosecutus
558 919 598 944 es,
615 911 693 946 quod
711 910 811 945 utique
827 910 965 937 divinitas
974 910 1013 937 sit

183 954 349 983 invisibilis.
362 955 495 983 Ostendit
505 963 535 983 se
548 963 628 989 sane,
639 964 695 982 non
711 955 805 988 Pater,
816 954 865 988 qui
881 953 1013 982 invisibi-

183 999 221 1027 lis
235 1002 299 1026 est:
313 1008 347 1027 ne
363 1000 387 1027 si
403 999 537 1027 dicamus
551 1000 665 1027 Patrem
682 999 778 1027 visum
794 999 894 1026 fuisse.
918 1002 1011 1034 Apos-

182 1043 277 1071 tolum
302 1044 460 1072 reddamus
483 1044 665 1077 mendacem,
690 1044 740 1080 qui
766 1044 816 1078 ait,
838 1044 924 1077 Quem
939 1043 1010 1070 vidit

185 1087 331 1116 hominum
344 1096 436 1120 nemo,
461 1096 547 1123 neque
568 1089 660 1116 videre
674 1092 760 1124 potest
775 1088 797 1123 (Ι
820 1088 887 1115 Tim.
900 1096 937 1121 v1,
955 1087 1009 1123 16).

185 1131 219 1160 ιιι
233 1140 291 1160 non
298 1132 394 1161 solum
403 1133 569 1160 invenimur
581 1133 659 1161 Novo
671 1133 1009 1164 resistereTestamento,

183 1184 286 1204 verum
302 1177 390 1204 etiam
406 1180 434 1204 et
450 1177 544 1205 Veteri
561 1177 622 1213 pari
643 1178 729 1205 modo
745 1176 882 1205 contrarii
897 1176 1009 1203 inveni-

184 1229 261 1249 mur.
279 1222 408 1257 Denique
432 1222 474 1249 sic
503 1222 544 1249 ait
572 1222 684 1258 Moyses
697 1230 702 1249 :
715 1222 774 1249 Non
792 1223 876 1257 potest
896 1221 1009 1256 quisque

181 1265 267 1294 Deum
281 1266 374 1293 videre
386 1267 412 1293 et
434 1266 524 1293 vivere
539 1266 635 1301 (Exod.
648 1275 748 1299 XXXIII,
763 1267 819 1300 20).
848 1266 913 1301 Ipse
937 1273 1008 1293 sane

182 1310 295 1346 Moyses
311 1310 466 1346 descripsit
487 1311 515 1338 in
538 1310 612 1339 libro
628 1311 873 1346 Geneseos,quod
899 1311 935 1337 ab
958 1309 1007 1337 illo

180 1355 276 1390 primo
292 1354 410 1382 homine
425 1355 516 1383 Adam
538 1363 631 1391 usque
648 1357 682 1383 ad
713 1355 809 1391 ipsam
830 1354 1005 1382 incarnatio-

182 1407 248 1427 nem
265 1407 378 1435 semper
392 1399 483 1427 Filius
505 1400 585 1428 visus
610 1402 662 1428 est.
690 1401 763 1428 Nam
788 1399 812 1427 si
838 1400 1006 1427 testimonia

181 1443 298 1479 quaeris,
316 1443 417 1479 utique
440 1444 529 1472 habes
552 1445 680 1480 positum
703 1445 817 1472 Patrem
836 1445 871 1471 ad
898 1444 1004 1472 Filium

180 1487 326 1516 dicentem
338 1497 344 1516 :
361 1489 503 1516 Faciamus
515 1490 654 1516 hominem
669 1490 708 1517 ad
722 1491 872 1523 imaginem
885 1491 912 1517 et
925 1489 1003 1516 simt-

181 1532 326 1560 titudinem
340 1535 471 1560 nostram.
488 1533 624 1568 Sequitur
636 1542 642 1561 :
654 1535 685 1561 Et
697 1535 762 1568 fecit
783 1535 851 1562 Deus
867 1534 1004 1561 hominem

178 1576 256 1611 (Gen.
275 1584 296 1609 l,
311 1577 356 1610 26,
367 1578 424 1612 27).
441 1578 510 1610 Quis
527 1578 627 1613 utique
642 1578 722 1610 Deus,
745 1578 800 1605 nisi
817 1578 929 1606 Filius?
945 1579 1003 1607 Hoc

181 1621 283 1657 utique
297 1624 325 1648 et
340 1624 370 1648 tu
386 1621 415 1648 in
433 1622 490 1649 tuis
507 1623 679 1649 tractatibus
695 1623 865 1658 exposuisti.
886 1623 943 1650 Iste
958 1631 1002 1651 er-

180 1674 216 1701 go
233 1665 324 1692 Filius
340 1665 389 1701 qui
405 1669 450 1694 est
472 1666 613 1702 propheta
628 1667 673 1695 sui
689 1667 839 1702 genitoris,
855 1668 904 1702 qui
919 1670 946 1695 et
959 1668 1002 1695 di-

180 1710 273 1743 cebat,
290 1710 348 1738 Non
363 1715 400 1738 est
421 1713 521 1738 bonum
535 1712 624 1739 solum
638 1720 695 1739 esse
715 1712 851 1739 hominem
867 1713 1002 1747 faciamus

180 1754 208 1782 ei
222 1754 399 1790 adjutorium
413 1756 560 1783 secundum
584 1764 612 1784 se
626 1756 676 1791 (Μ.
694 1765 726 1789 ιι,
748 1757 810 1791 t8):
834 1756 888 1784 iste
914 1756 1002 1785 Filius

179 1799 249 1826 Adae
264 1801 308 1827 est
322 1800 413 1834 visus,
431 1801 592 1828 secundum
610 1801 687 1836 quod
705 1801 829 1836 legimus
843 1801 935 1828 Adam
958 1801 1001 1828 dio

178 1845 302 1877 contem,
320 1844 410 1871 Vocem
427 1849 502 1872 tuam
517 1845 612 1872 audivi
625 1846 793 1873 ambulantis
816 1847 845 1872 in
861 1845 1000 1881 paradiso,

177 1891 204 1915 et
218 1888 345 1916 abscondi
358 1897 402 1916 me
416 1890 482 1924 quia
498 1889 587 1917 nudus
600 1898 686 1917 eram.
705 1890 797 1918 Habes
808 1890 908 1925 utique
923 1891 1000 1925 quod

175 1931 253 1960 Deus
268 1932 341 1959 dixit
356 1933 392 1966 ei,
410 1934 448 1960 Et
462 1935 522 1969 quis
534 1934 585 1961 tibi
599 1935 731 1962 indicavit
746 1936 812 1970 quia
821 1935 913 1962 nudus
927 1943 998 1968 eras,

172 1976 231 2004 nisi
244 1976 278 2003 de
294 1977 369 2010 ligno
383 1977 416 2004 dc
431 1986 481 2013 quo
493 1986 681 2014 praceperam
698 1980 750 2006 tibi
761 1988 795 2006 ne
809 1979 998 2013 mandat-ares,

177 2028 212 2048 ea:
225 2028 256 2048 eo
270 2021 443 2049 manducaui
457 2022 506 2057 (Id.
523 2031 564 2055 ιιι,
582 2024 625 2055 10,
640 2023 699 2058 tl)?
715 2023 765 2050 Hic
781 2024 856 2051 Deus
871 2026 900 2051 et
914 2024 1001 2051 Abra-

176 2064 219 2091 hte
237 2064 316 2092 visus
330 2067 375 2093 est
389 2065 438 2101 (Id.
457 2074 536 2098 xvm,
554 2067 580 2102 1)
599 2070 646 2094 :et
670 2068 739 2102 quia
756 2068 845 2095 Filius
860 2069 940 2095 visus
955 2071 1000 2096 est

174 2108 308 2144 Abrahae,
332 2110 356 2136 si
382 2110 425 2137 vis
452 2111 577 2144 credere,
609 2111 708 2147 utique
737 2112 800 2147 ipse
829 2112 999 2148 unigenitus

175 2152 254 2181 Deus
274 2154 303 2181 in
324 2157 424 2182 sancto
451 2155 607 2183 affirmavit
637 2156 801 2192 Evangelia.
817 2157 917 2184 dicens
933 2158 997 2185 sic:

174 2198 313 2226 Abraham
326 2203 406 2234 pater
418 2202 505 2227 vester
514 2201 648 2228 exultavit
658 2205 687 2228 ut
700 2201 802 2228 videret
812 2202 888 2229 diem
898 2210 998 2235 meum,

173 2244 201 2270 et
215 2243 294 2276 vidit,
309 2248 336 2271 et
359 2245 469 2278 gavisus
492 2246 530 2272 est
558 2245 645 2281 (Joan.
668 2253 728 2279 vni,
747 2245 803 2281 56).
833 2245 884 2273 Hic
912 2247 999 2274 etiam

173 2286 264 2314 Filius
280 2295 297 2315 θ.
311 2287 402 2315 Jacob
415 2289 495 2316 visus
511 2294 563 2323 est,
577 2289 625 2325 qui
643 2290 672 2317 iu
682 2289 776 2325 ﬁgura
790 2298 849 2325 qua
860 2292 922 2317 erat
931 2298 999 2318 ven-

172 2333 271 2365 turus,
287 2331 316 2359 id
332 2335 384 2365 est,
402 2333 540 2365 hominis.
562 2337 628 2362 ante
650 2334 868 2370 prmmeditatus
890 2335 998 2363 colluc-

173 2377 253 2404 tasse
275 2384 342 2404 cum
365 2377 454 2405 Jacob
470 2378 751 2406 iuvenitur.Undeet
764 2379 853 2407 Jacob
865 2379 996 2408 dicebat:

177 2420 240 2449 Vidi
252 2421 399 2449 Dominum
413 2423 486 2457 faeie
500 2423 537 2450 ad
546 2424 655 2458 faciem,
671 2428 696 2451 et
710 2424 786 2451 salva
796 2425 869 2459 facta
883 2429 922 2452 est
935 2425 999 2452 ani-

174 2473 225 2493 ma
237 2473 314 2494 mea.
331 2465 365 2493 Et
375 2465 430 2493 loci
441 2466 535 2502 ipsius
544 2467 717 2495 vocabulum
730 2474 932 2504 nuncupatum
944 2472 997 2503 est,

173 2509 244 2538 Vitio
256 2510 316 2538 Dei.
337 2510 395 2538 Hoc
421 2511 519 2546 ipsum
545 2512 696 2540 afﬁrmans
723 2513 823 2548 utique
846 2513 930 2546 Deus,
948 2514 997 2549 qui

169 2553 201 2583 in
217 2555 466 2591 praemeditatione
480 2556 694 2584 colluctabatur
708 2565 775 2584 cum
794 2557 895 2591 Jacob,
920 2559 997 2593 quod

169 2598 199 2626 in
208 2599 345 2635 passione
360 2600 469 2628 Christi
484 2601 636 2637 impletum
653 2602 796 2629 videmus.
810 2602 857 2629 Ait
870 2603 948 2630 enim
961 2603 997 2631 ad

167 2642 265 2679 ipsum
281 2645 379 2678 Jacob,
395 2646 458 2673 Jam
474 2654 529 2674 non
554 2647 700 2674 vobabitur
719 2655 825 2674 nontam
850 2651 925 2675 tuum
949 2648 996 2676 Ja-

169 2688 227 2722 σοι),
243 2689 288 2716 sed
302 2690 389 2718 Israel
404 2692 459 2718 erit
475 2699 572 2719 nomen
596 2695 674 2719 tuum
689 2691 765 2727 (Gen.
781 2700 870 2725 xxxu,
891 2693 995 2729 23-30),

169 2730 225 2760 hoc
237 2734 291 2766 est,
309 2735 400 2762 Homo
417 2735 517 2764 videns
533 2738 631 2764 Deum.
648 2736 730 2764 Hunc
743 2738 771 2764 et
786 2736 816 2764 in
831 2736 909 2765 Novo
929 2737 996 2765 Tes-

169 2777 299 2805 tamento
313 2779 408 2807 visum
429 2780 598 2816 probamus.
615 2781 654 2809 De
683 2781 737 2809 hoc
759 2781 889 2818 Apostoli
917 2781 994 2810 dice-

203 2845 211 2864 l
224 2843 302 2877 Apud
314 2844 359 2870 Er.
373 2844 457 2877 Lugd.
473 2846 547 2878 Veu.,
557 2849 690 2880 provectus
703 2855 739 2874 es.
787 2849 825 2874 Μ.

805 175 836 206 S.
860 175 1073 207 AUGUSTINI
1096 174 1274 206 EPISCOPI

1069 241 1140 269 bant
1152 249 1159 268 :
1169 243 1202 269 Et
1209 240 1327 268 vidimus
1332 241 1452 276 gloriam
1458 240 1527 277 ejus,
1537 240 1652 277 gloriam
1661 243 1736 277 quasi
1742 244 1864 279 ustgcniti

1067 293 1085 312 a
1095 286 1178 314 Patre
1192 287 1287 320 (Joan.
1303 294 1323 318 ι,
1335 286 1389 321 tit).
1407 285 1549 313 Caeterum
1575 285 1609 319 si,
1625 288 1656 314 ut
1677 287 1736 322 ipse
1756 289 1862 324 conaris,

1068 330 1152 358 Pater
1160 330 1241 358 visus
1252 339 1315 358 esse
1328 333 1485 363 asseratur,
1498 330 1652 358 mandaces
1662 334 1727 359 sunt
1735 333 1805 369 apud
1811 335 1862 362 vosl

1068 382 1171 402 omnes
1183 376 1348 410 Scriptura.
1366 375 1437 403 Nam
1455 375 1582 410 denique
1592 374 1758 404 invisibilem
1769 377 1864 406 Patrem

1069 418 1178 447 Paulus
1193 419 1331 454 praedicat
1341 419 1365 454 (Ι
1377 420 1488 452 Τιήι.νι,
1502 419 1557 454 16),
1570 421 1599 446 et
1609 419 1742 448 Dominus
1752 420 1779 448 in
1792 421 1867 449 Evan-

1067 463 1143 499 gelio
1158 463 1286 492 afﬁrmat
1299 464 1474 500 (Joan.i,18).
1484 464 1596 500 Sepius
1608 471 1659 491 nos
1673 466 1865 501 accusas,un

1068 508 1209 536 audenter
1219 511 1306 543 atque
1313 509 1524 544 praesumenter
1534 516 1568 535 ea
1579 516 1641 544 quae
1651 516 1706 536 non
1713 509 1867 538 suntdiceu-

1067 552 1105 580 da
1114 562 1130 580 ιι
1141 553 1225 580 nobis
1236 553 1381 587 dicantur,
1393 553 1470 588 quod
1481 552 1600 588 quidem
1609 552 1639 580 in
1651 553 1764 581 arbitrio
1777 554 1826 582 erit
1837 553 1869 582 le-

1067 597 1200 633 gentium
1213 598 1344 633 probare.
1362 598 1420 625 Nec
1431 597 1509 625 enim
1525 597 1566 625 sic
1581 597 1736 633 loquimur,
1745 600 1776 626 ut
1793 598 1870 627 alicu-

1064 642 1114 677 jus
1130 642 1246 670 laudem
1264 650 1480 678 consequamur
1491 642 1518 676 2;
1540 641 1590 669 sed
1606 641 1703 670 studio
1722 642 1871 679 colligenda

1067 685 1268 718 fraternitatis,
1280 695 1342 722 quas
1353 686 1507 714 nobiscum
1518 686 1574 714 eet8
1585 688 1652 714 :aut
1671 686 1706 714 ob
1717 695 1800 722 quam
1811 687 1873 715 forte

1066 732 1095 759 et
1108 731 1171 766 ipse
1184 739 1337 767 provocare
1348 740 1401 759 nos
1411 731 1549 767 dignatus
1562 739 1604 765 es,
1614 734 1647 759 ut
1658 739 1820 767 responsum
1831 732 1872 761 de-

1067 778 1180 810 mus,ut
1192 776 1219 803 in
1240 776 1323 804 nobis
1334 776 1376 803 illi
1387 776 1516 804 denotati
1534 776 1576 804 sic
1586 778 1643 804 tute
1654 775 1838 810 consentiant,
1846 777 1875 804 ut

1066 820 1199 855 dixerim,
1213 821 1396 856 professioni,
1410 828 1528 848 necesse
1540 821 1595 848 fuit
1608 829 1655 848 me
1676 822 1786 855 propter
1799 819 1874 849 timo-

1066 873 1126 892 rem
1142 865 1191 892 Dei
1203 866 1272 893 dare
1287 866 1341 893 tibi
1356 865 1697 901 responsum.Siquidem
1709 873 1763 893 non
1772 867 1873 893 tantum

1065 909 1161 937 verbis
1174 918 1219 937 me
1242 910 1353 937 nudare
1369 913 1492 937 conatus
1507 918 1538 937 es
1553 918 1569 937 a
1583 909 1758 946 discipulatu
1769 917 1874 945 eorum;

1065 962 1164 982 verum
1172 955 1259 982 etiam
1275 957 1304 982 et
1314 957 1471 982 tractatum
1484 957 1568 982 tuum
1581 955 1697 985 dedisti.
1707 955 1742 982 ad
1752 955 1823 990 quod
1834 963 1877 983 nec

1063 1005 1144 1026 cesse
1159 1001 1204 1026 est
1220 1008 1266 1027 me
1281 1000 1457 1035 respondere
1482 1007 1516 1026 ea
1539 1007 1603 1035 quae
1633 999 1669 1026 de
1691 998 1877 1027 invisibilitste

1065 1044 1273 1079 omnipotentis
1289 1044 1338 1071 Dei
1352 1046 1525 1079 prosecutus
1540 1052 1617 1071 sum.
1628 1043 1721 1071 Etiam
1730 1044 1833 1079 etipse,
1847 1043 1877 1070 li-

1064 1090 1109 1115 cet
1125 1088 1181 1115 alio
1199 1089 1370 1124 proposito‘,
1381 1092 1509 1116 attamen
1525 1088 1587 1116 tuis
1612 1088 1707 1116 verbis
1725 1087 1878 1122 afﬁrmasti,

1063 1133 1140 1168 quod
1157 1133 1283 1168 Spiritus
1298 1135 1418 1161 sanctus
1435 1133 1463 1160 iu
1480 1133 1576 1168 specie
1590 1133 1732 1160 columbae
1748 1132 1786 1160 sit
1798 1132 1878 1165 visus,

1063 1185 1175 1203 necnon
1192 1177 1221 1204 in
1238 1177 1333 1213 specie
1350 1177 1426 1213 ignis
1441 1178 1552 1211 (Matth.
1570 1185 1611 1210 ιιι,
1630 1177 1673 1210 16,
1690 1182 1716 1205 et
1729 1177 1785 1204 Art.
1796 1176 1878 1211 11,3):

1061 1221 1151 1249 Filius
1165 1230 1246 1257 sane,
1258 1223 1288 1249 in
1305 1223 1398 1250 forma
1408 1222 1555 1250 hominis:
1573 1223 1661 1250 Pater
1676 1225 1877 1257 autem,ueque

1061 1265 1090 1293 in
1107 1267 1202 1302 specie
1213 1267 1365 1301 columbae,
1377 1275 1430 1295 nec
1441 1267 1470 1295 in
1482 1267 1577 1295 forms.
1593 1267 1743 1301 hominis;
1759 1274 1809 1294 uec
1830 1265 1877 1294 sli~

1061 1311 1177 1345 quando
1188 1312 1274 1339 vertit
1285 1320 1316 1339 se
1332 1311 1360 1338 in
1379 1312 1497 1346 formas,
1515 1311 1565 1339 sed
1583 1320 1637 1339 nec
1655 1311 1809 1347 aliquando
1819 1318 1875 1338 ver-

1059 1357 1152 1383 tetur:
1170 1356 1205 1383 de
1221 1364 1279 1392 quo
1302 1356 1443 1391 scriptum
1460 1359 1515 1389 est,
1541 1357 1599 1391 Ego
1623 1364 1686 1384 sum
1706 1356 1753 1392 qui
1771 1363 1839 1390 sum,
1853 1356 1876 1382 et

1059 1408 1113 1427 non
1128 1409 1188 1427 sum
1203 1404 1324 1429 mutatus
1335 1401 1432 1435 (Exod.
1449 1409 1491 1433 Ill,
1505 1401 1538 1428 14
1553 1403 1579 1428 et
1589 1400 1709 1429 Malach.
1728 1409 1770 1435 In,
1784 1401 1821 1434 6).
1838 1399 1876 1427 Fi-

1058 1443 1116 1473 lius
1131 1453 1201 1473 sane
1215 1445 1245 1473 in
1262 1446 1355 1473 forma
1370 1445 1419 1473 Dei
1435 1445 1579 1473 constitue
1591 1446 1668 1480 jam,
1684 1447 1716 1473 ut
1732 1445 1794 1480 ipse
1814 1451 1872 1480 pro-

1057 1488 1161 1521 tulisti,
1191 1489 1314 1517 formam
1337 1490 1412 1517 servi
1437 1490 1558 1525 accepit,
1590 1489 1670 1525 quod
1697 1497 1754 1517 non
1779 1488 1876 1516 Pater:

1057 1533 1183 1569 Spiritus
1204 1542 1285 1569 eaque
1305 1536 1425 1561 sanctus
1442 1534 1571 1568 suscepit
1586 1534 1718 1570 speciem
1729 1532 1875 1561 columba.

1056 1586 1145 1613 quam
1170 1586 1226 1605 non
1250 1579 1377 1614 suscepit
1400 1578 1580 1606 Pater.Scito
1604 1585 1687 1614 ergo,
1713 1578 1782 1614 quia
1805 1584 1877 1605 unus

1056 1627 1100 1650 est
1116 1622 1280 1658 invisibilis,
1305 1632 1381 1651 unus
1404 1624 1491 1651 etiam
1522 1623 1699 1659 incapabilis
1724 1627 1810 1658 atque
1827 1621 1876 1650 im-

1056 1675 1186 1695 mensus.
1204 1668 1259 1695 Oro
1279 1670 1307 1695 et
1336 1670 1402 1703 opto
1432 1667 1593 1703 discipulus
1619 1676 1687 1695 esse
1717 1667 1879 1695 divinarum

1055 1712 1273 1748 Scripturarum
1285 1720 1291 1740 :
1305 1721 1372 1740 nam
1388 1715 1417 1740 et
1433 1712 1567 1747 superius
1583 1713 1673 1740 credo
1696 1713 1819 1740 retinere
1833 1711 1879 1739 Re-

1055 1756 1193 1791 ligionem
1209 1760 1301 1788 tuam,
1318 1757 1395 1792 quod
1422 1757 1463 1784 sic
1483 1756 1549 1784 dedi
1562 1764 1753 1792 responsum.
1768 1755 1837 1792 quis
1857 1755 1880 1783 ei

1055 1800 1210 1835 protuleris
1225 1802 1301 1836 quod
1322 1801 1405 1828 Pater
1424 1804 1453 1828 et
1463 1800 1554 1828 Filius
1574 1803 1604 1828 et
1613 1800 1746 1837 Spiritus
1767 1802 1879 1828 sanctus

1054 1853 1145 1872 unum
1160 1845 1287 1873 habeant
1298 1845 1447 1879 virtutem,
1465 1853 1553 1873 unam
1570 1845 1878 1878 substantiam,unsm

1055 1889 1202 1925 deitatem,
1219 1898 1307 1917 uuam
1324 1890 1519 1925 maiestatem,
1535 1898 1623 1917 unam
1638 1890 1782 1926 gloriam;
1798 1889 1822 1917 si
1841 1888 1879 1916 sf-

1055 1933 1213 1962 ﬁrmaveris
1228 1935 1264 1961 de
1279 1934 1384 1962 divinis
1394 1934 1559 1969 Scripturis,
1572 1934 1597 1961 si
1614 1934 1727 1962 alicubi
1744 1933 1879 1970 scriptam

1052 1978 1205 2006 lectionem
1221 1979 1387 2014 protuleris,
1408 1987 1461 2006 nos
1478 1978 1645 2006 divinarum
1664 1979 1879 2015 Scriptursrum

1053 2026 1189 2058 optamus
1200 2023 1473 2058 inveniridiscipuli.

1087 2067 1262 2094 Maximinus
1278 2067 1431 2103 episcopus
1448 2067 1646 2103 subscripsi‘.

1088 2114 1122 2138 Et
1137 2114 1202 2146 post
1216 2111 1400 2139 collationem
1418 2112 1607 2148 praesentium
1624 2112 1816 2148 Augustinus
1830 2111 1883 2138 ista

1053 2156 1189 2183 dictavit:
1203 2155 1317 2183 Auxilio
1331 2156 1496 2191 principum
1505 2157 1657 2184 munitum
1670 2156 1807 2193 meloqui
1817 2155 1884 2184 dixi-

1052 2200 1100 2233 sti,
1117 2209 1173 2228 non
1193 2201 1355 2228 secundum
1381 2201 1515 2229 timorem
1543 2201 1680 2229 Dei:sed
1706 2200 1882 2231 hominibus,

1052 2245 1159 2279 quibus
1174 2245 1261 2272 donat
1274 2245 1349 2272 Deus
1366 2245 1557 2277 intellectum,
1574 2246 1650 2273 satis
1672 2247 1800 2282 apparet
1822 2243 1883 2281 quis

1051 2289 1189 2325 loquatur
1203 2290 1364 2317 secundum
1379 2289 1515 2317 timorem
1538 2290 1604 2324 Dei;
1617 2293 1724 2318 utrum
1747 2290 1799 2327 qui
1819 2289 1882 2317 obe-

1052 2333 1165 2361 dienter
1179 2333 1262 2361 audit
1276 2334 1432 2361 Dominum
1446 2333 1602 2368 dicentem,
1619 2335 1709 2367 Audi,
1724 2334 1825 2365 Israel;
1837 2333 1883 2362 Do-

1051 2379 1144 2406 minus
1167 2379 1237 2406 Deus
1260 2380 1335 2413 tuus,
1357 2378 1486 2406 Dominus
1507 2387 1579 2407 unus
1603 2381 1646 2407 est
1671 2380 1767 2416 (Deut.
1784 2387 1823 2413 vr,
1839 2377 1883 2413 4);

1052 2423 1129 2459 quod
1144 2431 1197 2451 nos
1211 2425 1240 2451 et
1263 2423 1499 2458 obtemperanter
1524 2423 1678 2458 audimus,
1706 2426 1738 2452 et
1763 2422 1884 2452 ﬁdeliter

1052 2468 1312 2503 prrdicamuszan
1326 2467 1375 2495 ille
1399 2468 1449 2503 qui
1470 2467 1524 2495 hoc
1547 2467 1590 2496 sic
1614 2469 1725 2497 audire
1741 2477 1800 2496 non
1815 2466 1884 2500 vult,

1051 2515 1084 2540 ut
1098 2513 1171 2540 duos
1187 2512 1321 2540 dominos
1341 2512 1415 2540 duos
1435 2513 1504 2540 deos
1517 2520 1581 2541 esse
1601 2514 1785 2548 contendat;
1801 2514 1886 2548 atque

1051 2557 1091 2584 ita
1115 2556 1327 2584 iutroduceudo
1339 2557 1412 2584 duos
1427 2557 1496 2585 deos
1525 2559 1554 2585 et
1577 2557 1654 2586 duos
1672 2558 1825 2590 dominos,
1841 2564 1886 2584 os-

1050 2601 1151 2629 tendat
1166 2610 1196 2629 se
1212 2609 1269 2628 non
1287 2601 1389 2629 timere
1405 2610 1497 2629 unum
1526 2601 1690 2630 Dominum
1723 2603 1815 2630 Deum
1844 2599 1885 2628 di-

1050 2649 1175 2679 centem,
1205 2645 1286 2680 Audi,
1317 2646 1405 2675 Israel
1428 2655 1439 2675 :
1465 2647 1597 2675 Dominus
1619 2648 1699 2676 Deus
1728 2652 1808 2681 tuus,
1833 2646 1887 2674 D0-

1081 2727 1089 2744 ι
1106 2725 1183 2755 Editi,
1199 2726 1269 2756 apud
1281 2733 1336 2751 nos.

1080 2757 1175 2791 ξΜεειυ
1185 2759 1210 2781 ut
1217 2765 1241 2791 ει
1252 2758 1301 2782 tuis
1316 2757 1418 2791 Iaudem
1432 2765 1627 2791 consequamur.

1080 2789 1090 2821 ξ
1105 2790 1164 2814 Am.
1176 2791 1206 2821 ret
1215 2789 1269 2819 Er.,
1284 2796 1339 2821 qua
1353 2790 1481 2815 uobiscum
1497 2789 1544 2816 est.

1079 2820 1090 2856 ξ
1105 2820 1183 2856 έρυὰ
1197 2821 1262 2856 ζεφγ.
1276 2820 1320 2856 hic
1333 2821 1458 2856 additum
1466 2824 1533 2856 erat,
1547 2824 1701 2856 occupatus.

1079 2852 1090 2870 ³
1103 2851 1165 2878 Sola
1178 2852 1259 2878 editio
1274 2852 1346 2884 Lov.,
1360 2851 1520 2887 subscripsit.

1516 86 1650 121 ν-,εξ
1691 86 1772 119 ’γέν
1814 111 1830 122 _,

1806 159 1858 211 in
1947 187 1951 190 ν
