4094 6188
498 378 3825 416 M

1225 515 1346 613 S.
1436 513 2089 612 AUBELII

2227 513 2670 616 AUGU
2695 513 3164 613 STINI

1728 695 2243 756 HlPPONENSlS
2301 695 2650 756 EPlSCUPl

2045 835 2332 892 CONTRA

607 985 2069 1153 MAXIMINUM
2203 986 3730 1156 HfEltETlCUM

1333 1239 2172 1328 ARIANORUM
2262 1240 3048 1329 EPISCOPUM

1843 1399 2098 1474 LIBRI
2173 1399 2364 1474 DUO
2404 1399 2505 1471 (α).

1560 1623 2009 1718 LIBER
2113 1622 2809 1718 PRIMUS“).

828 1792 1069 1842 Ostendit
1102 1793 1448 1857 Augustinus,
1482 1807 1544 1842 ea
1574 1807 1693 1856 quae
1725 1793 1780 1842 in
1813 1793 2109 1843 Collatione
2139 1794 2252 1857 ipse
2285 1793 2435 1853 dixit,
2466 1792 2816 1843 Maximinum
2848 1806 2955 1842 non
2986 1793 3224 1856 potuisse
3259 1790 3521 1843 refellere.

542 1989 947 2060 Disputatione
969 1990 1263 2046 Maximini
1292 1991 1634 2047 Arianorum
1657 1991 1930 2063 episcopi,
1948 1993 2116 2064 cujus

467 2077 796 2150 prolixitatc
826 2081 1084 2151 spatium
1117 2080 1250 2146 diei,
1284 2097 1398 2152 quo
1432 2087 1744 2153 praesentes
1784 2081 2115 2137 confereba-

465 2169 1420 2242 mus,absumpsit,responsionem
1455 2170 1710 2226 debitam
1746 2171 2016 2239 reddens,
2041 2172 2112 2225 ad

463 2255 659 2326 ipsum
711 2255 869 2328 loqui
920 2259 1122 2329 utique
1153 2259 1381 2315 debeo:
1417 2260 1537 2316 sive
1583 2260 1773 2315 adhuc
1823 2260 2114 2316 existimet

460 2344 977 2400 contradicendum
1023 2363 1150 2402 esse
1181 2363 1316 2402 cum
1350 2348 1570 2419 legerit,
1606 2348 1724 2403 sive
1773 2348 2018 2404 Domino
2050 2349 2109 2403 in

459 2434 587 2500 ejus
618 2433 789 2487 corde
820 2434 1166 2490 mirabiliter
1196 2442 1472 2506 operante
1503 2437 1886 2492 manifestata:
1921 2441 1936 2473 ¹
1971 2454 2107 2492 con-

459 2520 672 2575 sentiat
702 2521 950 2577 veritati.
989 2525 1135 2589 Quid
1179 2523 1285 2579 tibi
1318 2523 1506 2579 visum
1540 2529 1646 2595 est,
1683 2526 1856 2581 homo
1889 2527 2105 2595 ariane,

455 2614 575 2663 tam
609 2610 791 2664 multa
821 2611 1030 2679 dicere,
1064 2618 1119 2667 et
1153 2630 1252 2684 pro
1285 2631 1462 2670 causa
1491 2631 1618 2685 quaa
1653 2616 1804 2670 inter
1853 2633 1957 2671 nos
1989 2617 2105 2687 agi-

453 2702 550 2753 tur
580 2698 724 2753 nihil
756 2700 964 2770 dicere,
1007 2703 1173 2772 quasi
1226 2703 1333 2758 hoc
1386 2705 1462 2758 sit
1510 2705 1860 2776 respondere
1911 2722 2104 2776 posse,

453 2788 605 2857 quod
640 2793 729 2843 est
753 2793 941 2844 tacere
974 2807 1088 2845 non
1121 2808 1291 2862 posse
1312 2793 1339 2846 ‘?
1369 2793 1536 2847 Prius
1569 2794 1763 2865 itaque
1794 2794 2101 2849 ostendam

452 2876 707 2934 refellere
738 2884 790 2932 te
822 2897 933 2934 non
961 2881 1220 2950 potuisse
1243 2899 1370 2952 quae
1402 2882 1522 2936 dixi
1543 2899 1555 2938 :
1576 2883 2100 2954 deinde,quantum

454 2967 847 3022 necessarium
868 2968 1289 3041 videbitur,ego
1313 2970 1570 3026 refellam
1591 2971 1857 3042 quieipse
1881 2971 2097 3027 dixisti.

521 3055 752 3111 CAPUT
792 3057 1089 3112 PRIMUM.
1123 3089 1190 3098 -—
1221 3059 1295 3114 De
1341 3059 1548 3114 duobus
1597 3061 1722 3115 diis.
1759 3061 1837 3115 De
1869 3061 2097 3118 duobus

450 3143 563 3198 diis
596 3160 722 3213 qua:
757 3145 877 3214 ipse
926 3146 1143 3212 dixisti,
1171 3163 1276 3219 ego
1309 3153 1460 3203 certe
1504 3151 1860 3220 respondens
1905 3150 2096 3206 verbis

450 3232 693 3302 tuis,ubi
725 3233 857 3288 aisti
892 3251 926 3288 a
954 3235 1115 3290 vobis
1148 3253 1331 3291 unum
1362 3242 1540 3292 Deum
1574 3237 1684 3294 coli
1712 3254 1724 3292 :
1761 3239 2096 3311 Consequens

450 3326 545 3390 est,
582 3323 843 3393 inquam,
877 3328 938 3378 ut
974 3333 1069 3378 aut
1109 3341 1214 3380 non
1266 3327 1459 3382 colatis
1512 3327 1807 3397 Christum,
1841 3337 1936 3384 aut
1983 3345 2090 3385 non

448 3427 616 3466 unum
666 3413 836 3468 Deum
863 3414 1076 3480 colatis,
1110 3414 1204 3469 sed
1249 3414 1403 3472 duos.
1445 3417 1530 3470 Ad
1583 3417 1689 3472 hoc
1744 3423 1803 3473 tu
1854 3435 2090 3490 respon-

445 3499 579 3556 dere
609 3506 870 3568 conatus,
901 3500 1153 3558 multum
1185 3503 1421 3574 quidem
1454 3505 1684 3561 locutus
1715 3523 1797 3576 es,
1825 3524 2088 3564 asserens

445 3590 599 3660 quod
630 3596 687 3645 et
715 3591 1008 3646 Christum
1066 3592 1250 3648 Deum
1283 3593 1488 3650 colatis
1521 3613 1534 3650 :
1565 3596 1665 3650 sed
1711 3597 1858 3652 duos
1889 3597 2028 3652 deos
2056 3614 2088 3652 a

442 3679 604 3733 vobis
635 3678 742 3734 coli
775 3682 1040 3752 quamvis
1072 3698 1186 3736 non
1220 3682 1740 3755 negaveris,tamen
1759 3702 1872 3740 non
1905 3703 2086 3741 ausus

444 3783 504 3821 es
535 3769 1075 3825 confiteri.Sensisti
1109 3771 1438 3837 enim,duos
1469 3789 1592 3828 esse
1623 3775 1761 3829 deos
1791 3775 2083 3842 colendos,

441 3855 795 3912 christianas
827 3875 996 3913 aures
1024 3860 1170 3914 ferre
1202 3877 1314 3915 non
1350 3879 1538 3930 posse.
1576 3862 1618 3917 Ο
1647 3880 1818 3932 quam
1847 3864 1917 3917 de
1948 3881 2086 3935 pro-

436 3942 592 3996 ximo
623 3947 677 3996 te
711 3944 1049 4016 corrigeres,
1085 3947 1132 4002 si
1166 3947 1402 4003 timeres
1451 3950 1680 4004 credere
1712 3951 1861 4020 quod
1895 3951 2085 4007 dicere

440 4028 686 4084 timuisti
718 4031 729 4084 l
764 4031 906 4086 Cum
939 4033 1093 4089 enim
1126 4034 1372 4091 clamet'
1401 4039 1736 4108 Apostolus,
1765 4039 1936 4096 Corde
1965 4056 2084 4096 cre-

439 4117 592 4172 ditur
620 4120 688 4174 ad
719 4122 1010 4190 justitiam,
1044 4140 1134 4179 ore
1163 4128 1424 4195 confessio
1454 4127 1516 4196 ﬁt
1545 4127 1615 4181 ad
1651 4130 1880 4183 salutem
1910 4130 2082 4200 (Rom.

439 4223 495 4272 x,
530 4208 657 4280 40);
692 4209 742 4264 si
775 4211 845 4264 ad
871 4212 1165 4281 justitiam
1219 4221 1389 4285 putas
1423 4216 1710 4286 pertinere
1763 4218 1914 4288 quod
1961 4235 2084 4274 cre-

440 4297 551 4363 dis,
584 4315 689 4352 cur
719 4299 826 4354 hoc
857 4301 928 4354 ad
961 4300 1206 4356 salutem
1240 4303 1416 4358 etiam
1450 4321 1546 4359 ore
1577 4322 1690 4360 non
1741 4307 2034 4362 confiteris
2056 4307 2083 4362 ?

436 4385 491 4438 Si
527 4392 719 4442 autem
753 4390 900 4444 duos
931 4391 1067 4445 deos
1099 4391 1370 4447 colendos
1403 4393 1474 4447 ad
1509 4393 1757 4449 salutem
1811 4413 1923 4451 non
1952 4412 2080 4466 per-

435 4474 582 4528 tinet
610 4478 893 4545 coniiteri,
915 4479 1040 4535 sine
1071 4481 1246 4536 dubio
1278 4498 1381 4536 nec
1413 4483 1482 4537 ad
1507 4483 1801 4552 justitiam
1836 4486 2081 4555 pertinet

435 4565 686 4619 credere.
722 4567 828 4630 Qui
878 4584 1012 4639 ergo
1064 4587 1177 4625 non
1221 4569 1308 4625 vis
1356 4571 1456 4626 tali
1505 4572 1867 4627 confessione
1914 4589 2076 4628 reum

433 4653 615 4708 teneri
656 4671 719 4709 os
772 4661 963 4722 tuum,
998 4676 1176 4728 quare
1227 4661 1476 4715 mundas
1508 4678 1542 4716 a
1590 4661 1689 4716 tali
1738 4662 2077 4719 credulitate

433 4758 532 4797 cor
561 4747 772 4799 tuum?
803 4745 954 4800 Tene
986 4763 1117 4801 cum
1159 4748 1453 4804 Catholica
1483 4751 1655 4804 iidem
1689 4757 1927 4817 rectam,
1961 4768 2075 4807 non

429 4835 485 4885 te
517 4833 734 4903 pudeat
764 4836 1070 4891 emendare
1121 4853 1471 4908 perversam.
1504 4843 1654 4894 'l‘ene
1683 4856 1817 4894 cum
1867 4839 2074 4896 Catho-

427 4919 557 4991 lica,
582 4922 806 4978 Patrem
839 4924 1074 4994 quidem
1108 4943 1222 4981 non
1255 4944 1380 4981 esse
1412 4927 1510 4998 qui
1550 4927 1726 4982 Filius
1756 4933 1863 4997 est,
1897 4933 1953 4982 et
1983 4929 2074 4983 Fi-

425 5010 570 5066 lium
604 5029 719 5067 non
776 5030 904 5068 esse
935 5015 1033 5085 qui
1085 5015 1255 5070 Pater
1292 5021 1416 5082 est;
1450 5021 1507 5071 et
1553 5017 1736 5071 Deum
1787 5034 1913 5073 esse
1961 5023 2069 5074 Pa-

423 5101 785 5169 trem,Deum
813 5119 941 5158 esse
971 5103 1628 5160 Filiumzverumtamen
1661 5107 1862 5162 ambos
1893 5107 2070 5163 simul

420 5205 536 5244 non
573 5192 720 5248 duos
751 5194 888 5248 deos
920 5210 1066 5260 esse,
1100 5195 1199 5248 sed
1234 5210 1438 5248 unum.
1474 5194 1588 5249 Isto
1621 5196 1790 5250 modo
1821 5195 1942 5251 solo
1975 5197 2072 5254 fiet

422 5284 486 5332 ut
515 5285 571 5334 et
601 5285 832 5338 Patrem
867 5284 1022 5338 colas
1052 5290 1108 5339 et
1136 5283 1369 5350 Filium,
1399 5300 1502 5338 nec
1531 5289 1724 5339 tamen
1757 5285 1903 5341 duos
1929 5287 2068 5342 deos

421 5382 549 5424 esse
598 5372 874 5429 colendos
923 5373 1102 5443 dicas,
1136 5374 1236 5430 sed
1290 5391 1492 5442 unum,
1528 5391 1599 5429 ne
1654 5380 1814 5430 reatu
1860 5374 2068 5447 impie-

483 5495 497 5562 ξ
531 5494 614 5562 ξπ.
648 5497 812 5562 Lugd.
845 5499 975 5548 Ven.
1008 5504 1060 5550 et
1089 5502 1233 5559 Lov.,
1266 5499 1569 5562 manifesta.
1686 5499 1753 5549 M.

480 5560 501 5591 ²
531 5557 614 5606 Er.
646 5557 809 5622 Lugd.
842 5563 969 5611 Ven.
1000 5565 1120 5612 Lov.
1159 5557 1366 5613 clamat.
1407 5557 1415 5562 ⁷
1466 5563 1532 5612 Μ.

478 5641 556 5766 (αξ
586 5639 774 5711 scripti
807 5645 1013 5694 circiter
1040 5661 1238 5697 annum
1269 5648 1378 5698 428.

478 5702 523 5765 Lb
573 5701 734 5765 Alias,
765 5714 1051 5758 secundus.

473 5701 543 5765 (ὁ)
573 5701 734 5765 Alias,
765 5714 1051 5758 secundus.

2228 1991 2366 2047 tatis
2396 1995 2497 2047 tua
2528 1991 2887 2048 conscientia
2915 1995 3367 2062 compungatur,
3397 1988 3622 2059 quando
3660 2003 3842 2043 sonue-

2227 2081 2346 2136 rint
2378 2081 2436 2135 in
2465 2082 2708 2136 auribus
2741 2081 2859 2136 tuis
2890 2081 3043 2135 dicla
3072 2080 3288 2144 divina,
3321 2078 3456 2150 quia
3485 2076 3676 2134 Nullus
3703 2078 3839 2142 Deus,

2223 2171 2338 2225 nisi
2365 2187 2508 2225 unus
2536 2170 2582 2241 (Ι
2618 2171 2738 2226 Cor.
2772 2188 2895 2239 vui,
2929 2171 2982 2241 4)
3009 2187 3022 2237 ;
3054 2173 3129 2229 et.
3165 2169 3319 2224 Audi
3361 2168 3567 2227 Israel;
3603 2167 3842 2221 Dominus

2222 2260 2360 2314 Deus
2389 2264 2534 2323 tuus,
2566 2261 2829 2315 Dominus
2859 2275 3002 2314 unus
3031 2264 3112 2314 est
3141 2275 3160 2312 :
3193 2263 3248 2314 et
3280 2258 3514 2330 quando
3545 2255 3722 2321 audis,
3751 2255 3841 2308 Do-

2219 2350 2435 2403 minum
2469 2354 2647 2404 Deum
2679 2353 2831 2403 tuum
2861 2349 3112 2403 adorabis
3139 2357 3189 2402 et
3210 2347 3301 2402 illi
3327 2345 3440 2402 soli
3467 2347 3659 2400 servies
3684 2344 3838 2414 (Deut.

2217 2454 2295 2503 vr,
2329 2439 2380 2507 4,
2417 2439 2542 2506 13);
2577 2455 2819 2493 securus
2853 2437 3186 2509 possis,non
3221 2435 3329 2492 soli
3367 2436 3537 2503 Patri,
3563 2434 3656 2488 sed
3688 2433 3838 2487 etiam

2219 2527 2360 2582 Filio
2391 2543 2460 2583 ea
2490 2545 2616 2598 quas
2648 2527 2747 2582 uni
2781 2527 2896 2582 Deo
2929 2527 3173 2582 debetur
3203 2525 3484 2581 servitute
3516 2522 3839 2578 servire.Me-

2217 2620 2411 2672 mento
2443 2632 2578 2687 ergo
2629 2622 2683 2671 te
2716 2633 2828 2670 non
2879 2615 3252 2686 respondisse
3287 2615 3358 2670 ad
3397 2612 3541 2668 illud
3573 2611 3718 2683 quod
3749 2610 3840 2665 ob-

2205 2707 2484 2777 jeceram,
2517 2722 2631 2760 non
2662 2722 2696 2760 a
2725 2705 2888 2760 vobis
2919 2703 3027 2759 coli
3073 2722 3255 2759 unum
3309 2704 3515 2765 Deum,
3549 2701 3644 2756 sed
3689 2700 3838 2754 duos.

2283 2794 2510 2850 CAPUT
2538 2794 2606 2849 II.
2642 2825 2708 2834 —
2743 2799 2819 2849 De
2844 2793 3100 2847 humanis
3121 2793 3422 2860 contagiis.
3449 2788 3707 2844 Secundo
3734 2787 3838 2841 loco

2211 2883 2301 2954 egi
2333 2888 2522 2938 tecum
2572 2883 2642 2937 de
2671 2882 2861 2937 verbis
2903 2881 3040 2950 tuis,
3076 2881 3170 2935 ubi
3227 2880 3484 2947 dixeras,
3539 2880 3702 2933 Deum
3750 2879 3838 2930 Pa-

2206 2975 2351 3026 trem
2395 2971 2468 3027 ad
2516 2977 2768 3026 humana
2813 2986 2924 3025 non
2973 2969 3314 3026 descendisse
3361 2969 3647 3039 contagia;
3690 2963 3836 3035 quasi

2207 3059 2476 3115 Christus
2507 3059 2607 3115 illa
2637 3061 2694 3114 in
2741 3076 2914 3115 carne
2944 3075 3256 3131 perpessus
3306 3057 3385 3114 sit
3415 3074 3427 3111 :
3463 3062 3520 3112 et
3557 3051 3832 3121 admonui,

2205 3151 2495 3220 quomodo
2526 3150 2859 3221 contagium
2891 3147 3133 3219 intelligi
3165 3145 3494 3212 soleat,non
3523 3145 3716 3216 utique
3737 3141 3834 3197 nisi

2204 3239 2263 3294 in
2294 3238 2490 3310 aliquo
2537 3240 2695 3302 vitio,
2730 3256 2764 3294 a
2795 3238 3010 3309 quibus
3055 3237 3337 3292 omnibus
3386 3236 3706 3290 immunem
3749 3246 3834 3285 no-

2202 3327 2392 3383 vimus
2419 3328 2734 3382 Christum.
2759 3331 2872 3382 Nec
2904 3327 2974 3381 ad
3007 3326 3114 3381 hoc
3147 3326 3474 3396 quidquam
3510 3321 3836 3394 respondere

2201 3417 2834 3488 potuisti.Testimonia
2863 3415 3077 3487 quippe
3108 3415 3464 3486 divina,quae
3496 3414 3598 3467 abs
3623 3417 3676 3466 te
3704 3425 3838 3465 com-

2200 3511 2520 3561 memorata
2551 3511 2710 3571 sunt,
2744 3504 2888 3560 nihil
2920 3510 2976 3560 te
3024 3505 3302 3575 adjuvare
3352 3506 3702 3575 potuerunt:
3737 3513 3834 3553 non

2197 3595 2352 3650 enim
2385 3596 2468 3650 eis
2501 3597 2741 3667 probare
2783 3593 3018 3666 potuiin
3053 3593 3312 3649 humano
3363 3592 3658 3647 Christum
3705 3592 3834 3644 atta-

2198 3685 2487 3740 minatum
2521 3700 2651 3740 esse
2679 3683 2965 3754 contagio.
2995 3682 3158 3746 Quod
3201 3683 3362 3738 enim
3399 3679 3731 3754 Apostolum
3761 3674 3834 3729 di-

2196 3773 2350 3828 xisse
2382 3789 2828 3839 commemoras,
2863 3775 3133 3840 Quoniam
3163 3772 3419 3828 Christus
3459 3787 3584 3826 cum
3611 3769 3836 3840 peccator

2195 3878 2303 3918 non
2330 3871 2483 3932 esset,
2512 3871 2789 3934 peccatum
2811 3878 2910 3934 pro
2942 3862 3096 3916 nobis
3121 3862 3251 3930 fecit
3278 3878 3297 3915 :
3333 3859 3464 3932 lege
3495 3854 3832 3929 diligentius,

2197 3957 2255 4006 et
2289 3968 2358 4007 ne
2389 3952 2536 4006 forte
2581 3953 2928 4008 mendosum
2961 3948 3278 4006 incurreris
3325 3949 3609 4015 codicem,
3642 3950 3737 4001 aut
3763 3943 3833 3998 la-

2196 4041 2357 4096 tinus
2389 4041 2674 4111 interpres
2716 4039 3009 4106 erraverit,
3061 4055 3317 4110 graecum
3375 4038 3600 4109 inspice
3629 4052 3642 4102 ;
3673 4039 3728 4088 et
3757 4031 3831 4085 in-

2195 4130 2390 4185 venies
2423 4147 2537 4184 non
2567 4130 2862 4184 Christum
2911 4145 3013 4200 pro
3055 4127 3222 4184 nobis
3266 4129 3476 4183 fecisse
3526 4127 3831 4198 peccatum,

2195 4220 2295 4274 sed
2353 4238 2388 4274 a
2441 4219 2610 4273 Patre
2668 4222 2778 4273 Deo
2837 4217 3033 4288 ipsum
3091 4215 3394 4272 Christum
3450 4216 3667 4271 factum
3717 4222 3831 4265 esse

2194 4313 2520 4379 peccatum,
2553 4307 2611 4360 id
2643 4306 3112 4371 est,sacriﬁcium
3146 4323 3248 4376 pro
3280 4310 3545 4377 peccato.
3579 4303 3674 4357 Ait
3695 4297 3834 4355 enim

2193 4396 2506 4468 Apostolus
2545 4414 2556 4451 :
2593 4397 2942 4452 Obsecramus
2968 4412 3069 4466 pro
3119 4396 3354 4461 Christo,
3411 4386 3835 4448 reronciliamini

2191 4486 2295 4541 Deo
2330 4489 2344 4520 ¹
2374 4502 2386 4539 :
2420 4502 2543 4540 eum
2573 4487 2669 4556 qui
2701 4501 2808 4540 non
2839 4492 3063 4540 noverat
3089 4487 3398 4556 peccatum,
3419 4499 3522 4555 pro
3552 4481 3701 4536 nobis
3723 4491 3830 4548 pec-

2189 4579 2371 4629 catum
2399 4576 2528 4646 fecit
2562 4575 2630 4645 (Il
2662 4577 2785 4629 Cor.
2819 4590 2871 4639 v,
2902 4574 2993 4637 20,
3041 4574 3154 4644 2t).
3208 4573 3334 4629 Non
3387 4589 3528 4644 ergo
3563 4571 3692 4625 fecit
3721 4567 3828 4636 ipse

2189 4670 2514 4734 peccatum,
2535 4663 2634 4718 sed
2666 4679 2800 4718 eum
2839 4664 2987 4718 Deus
3021 4679 3120 4733 pro
3153 4662 3320 4717 nobis
3356 4665 3666 4733 peccatum
3691 4653 3831 4719 fecit,

2187 4752 2296 4807 hoc
2325 4758 2432 4820 est,
2467 4757 2531 4806 ut
2561 4752 2700 4820 dixi,
2734 4751 3087 4807 sacriﬁcium
3121 4768 3222 4822 pro
3272 4756 3537 4822 peccato.
3573 4748 3632 4803 Si
3685 4744 3824 4800 enim

2185 4842 2405 4897 recolas
2435 4841 2521 4896 vel
2554 4840 2794 4912 relegas,
2828 4841 3126 4896 inveniens
3158 4841 3216 4894 in
3248 4839 3421 4895 libris
3455 4836 3679 4894 Veteris
3699 4833 3824 4888 Tes-

2182 4931 2425 4985 tamenti
2477 4935 2709 5001 peccata
2759 4928 3036 5001 appellari
3070 4928 3359 4984 sacriﬁcia
3411 4945 3518 5000 pro
3566 4920 3820 4998 peccatis.

2181 5018 2511 5074 Similitudo
2538 5019 2716 5074 etiam
2747 5019 2938 5073 carnis
2972 5018 3274 5090 peccati,in
3304 5033 3428 5088 qua
3443 5015 3600 5071 venit
3616 5014 3684 5068 ad
3709 5025 3824 5074 nos,

2181 5107 2338 5162 dicta
2367 5112 2455 5163 est
2481 5115 2537 5163 et
2568 5108 2696 5179 ipsa
2729 5113 3060 5179 peccatum:
3083 5105 3618 5176 Misit,inquit,Deus
3637 5101 3824 5156 Filium

2180 5213 2341 5252 suum
2375 5200 2430 5252 in
2462 5197 2830 5253 similitudine
2856 5199 3044 5252 carnis
3071 5198 3297 5267 peccati,
3318 5205 3371 5250 et
3399 5195 3469 5249 de
3497 5193 3708 5266 peccato
3735 5187 3824 5242 da-

2179 5288 2399 5342 mnavit
2426 5297 2707 5357 peccatum
2739 5289 2798 5342 in
2831 5301 2994 5342 carne
3023 5287 3196 5357 (Rom.
3230 5285 3418 5354 v1u,3)
3454 5300 3467 5339 :
3496 5283 3606 5338 hoc
3639 5276 3822 5373 est,

2179 5375 2564 5431 similitudine
2584 5377 2777 5432 carnis
2789 5375 3164 5448 peccatique
3179 5375 3367 5447 ipsius
3385 5366 3824 5444 erat,damnavit

2241 5505 2258 5538 ί
2294 5504 2412 5553 Am.
2442 5502 2527 5552 Er.
2559 5507 2610 5552 et
2640 5503 2782 5552 Mss..
2813 5500 3136 5552 reconciliari
3164 5501 3284 5550 Deo.
