4090 6184
270 368 396 430 757

273 502 439 556 retur
456 497 828 555 columbavel
858 499 1098 555 ﬂamma
1129 499 1200 554 ad
1233 498 1631 554 substantiam
1660 499 1945 570 pertinere

272 589 532 662 Spiritus
554 588 741 643 sancti
756 587 842 643 vel
863 588 1018 659 quod
1037 605 1098 643 se
1124 588 1184 642 in
1207 588 1329 643 hac
1347 587 1787 643 visibiliatanta
1822 605 1942 643 ma-

266 679 508 753 jestatis
539 683 750 733 natura
782 676 1147 746 converterit,
1175 682 1277 733 aut
1299 678 1357 732 in
1381 677 1665 732 unitatem
1686 693 1942 749 persona

279 784 400 824 sua
429 768 542 823 ista
565 766 1222 838 susceperit,nunquam
1255 770 1457 838 postea
1486 765 1570 821 sic
1599 767 1945 838 apparuisse

279 856 499 930 legitur
526 855 774 928 Spiritus
818 860 1077 911 sanctus.
1112 855 1383 911 Christus
1432 859 1649 920 autem,
1683 854 1783 926 qui
1831 856 1943 910 hu—

276 962 517 1002 manam
541 962 654 1000 non
689 945 758 999 ad
786 944 991 999 horam
1025 944 1281 1016 sumpsit
1313 944 1665 1016 effigiem,in
1694 960 1806 1015 quo
1839 942 1941 999 ho-

282 1034 547 1091 minibus
578 1037 903 1106 appareret,
936 1050 1000 1089 ac
1048 1033 1256 1089 deinde
1308 1032 1407 1087 illa
1438 1033 1660 1105 species
1692 1032 1944 1103 prateri-

273 1128 394 1190 ret;
429 1124 530 1179 sed
577 1123 636 1177 in
669 1121 952 1177 unitatem
983 1138 1242 1194 persona
1284 1138 1424 1189 sua,
1469 1125 1737 1176 manente
1785 1120 1931 1176 invi-

278 1211 440 1269 sibili
472 1212 569 1267 Dei
587 1211 819 1279 forma‘,
836 1211 1059 1283 accepit
1074 1209 1361 1266 visibilem
1385 1210 1642 1265 hominis
1660 1210 1929 1279 formam;

278 1318 399 1358 non
429 1300 621 1356 solum
656 1304 832 1355 natus
858 1304 947 1356 est
978 1300 1037 1355 in
1069 1316 1137 1355 ea
1157 1300 1227 1355 de
1248 1299 1485 1355 homine
1508 1303 1712 1367 matre,
1728 1315 1929 1355 verum

278 1390 455 1446 etiam
490 1388 668 1444 crevit
696 1388 756 1443 in
786 1404 875 1456 ea,
913 1392 969 1443 et
1000 1388 1393 1456 manducavit,
1426 1392 1482 1442 et
1511 1388 1679 1459 bibit,
1707 1391 1764 1442 et
1792 1387 1931 1443 dor-

280 1478 450 1534 mivit
470 1477 527 1533 in
559 1495 648 1546 ea,
680 1482 737 1533 et
768 1478 998 1533 occisus
1028 1482 1115 1533 est
1145 1477 1203 1532 in
1233 1494 1319 1544 ea,
1345 1485 1398 1532 et
1422 1476 1733 1532 resurrexit
1757 1476 1816 1531 in
1839 1492 1927 1544 ea,

278 1572 338 1624 et
382 1568 643 1624 ascendit
670 1566 730 1622 in
764 1566 998 1637 coelum,
1030 1572 1087 1622 et
1114 1567 1275 1623 sedet
1305 1568 1376 1622 ad
1418 1565 1930 1622 dexteramPatris

276 1656 340 1713 in
364 1672 453 1724 ea,
474 1657 542 1712 ad
560 1656 915 1728 judicandos
944 1657 1106 1711 vivos
1125 1661 1182 1711 et
1211 1661 1474 1711 mortuos
1522 1661 1611 1711 est
1648 1660 1931 1711 venturus

275 1745 341 1801 in
363 1746 583 1813 ea,etin
602 1761 778 1818 regno
797 1746 978 1815 suo,ei
997 1745 1093 1816 qui
1112 1745 1209 1801 ille
1229 1745 1824 1815 subjecitomnia,erit
1838 1761 1933 1800 su-

278 1836 509 1907 bjectus
530 1836 586 1891 in
602 1850 688 1890 ea.
712 1835 843 1890 Hac
854 1839 915 1889 tu
933 1835 990 1889 in
1007 1851 1135 1890 mea
1149 1834 1794 1907 responsionelbreviter
1808 1833 1928 1889 dic-

280 1928 364 1991 ta,
394 1942 520 1996 qua
552 1941 707 1979 nunc
726 1923 1236 1995 aliquantolatius,
1258 1922 1423 1979 utvel
1455 1923 1927 1995 sicintelligeres,

288 2012 886 2086 explicavi,attendere
903 2016 960 2068 et
972 2012 1337 2069 considerare
1352 2012 1586 2067 noluisti
1596 2011 1848 2082 ,irruens
1869 2012 1928 2066 in

280 2108 503 2159 tantam
535 2102 985 2175 blasphemiam,
1019 2107 1083 2157 ut
1130 2106 1399 2157 naturam
1447 2102 1702 2159 divinam
1745 2100 1842 2157 Dei
1874 2103 1932 2157 et

275 2191 535 2263 Spiritus
563 2192 751 2247 sancti
783 2189 1242 2259 convertibilem,
1266 2190 1410 2262 proh
1434 2190 1623 2245 nefas!
1656 2194 1715 2245 et
1736 2194 1927 2245 muta-

280 2280 459 2336 bilem
508 2281 752 2336 diceres.
795 2281 918 2336 Tua
973 2296 1227 2350 namque
1264 2279 1377 2334 ista
1423 2284 1564 2335 sunt
1592 2279 1926 2347 verbazEa,

280 2370 505 2440 inquis,
536 2386 654 2442 qua
683 2369 748 2424 de
785 2368 1177 2425 invisibilitate
1201 2369 1626 2439 omnipotentis’
1674 2369 1774 2423 Dei
1798 2384 1931 2440 pro-

278 2463 493 2514 secutus
520 2475 660 2526 sum,
693 2460 861 2513 etiam
888 2467 939 2513 et
968 2460 1107 2529 ipse,
1140 2459 1266 2513 licet
1296 2458 1406 2512 alio
1442 2457 1736 2529 proposito,
1788 2460 1931 2511 atta-

274 2564 404 2603 men
436 2550 545 2603 tuis
573 2549 753 2603 verbis
771 2547 1088 2618 afﬁrmasti,
1138 2546 1279 2617 quod
1316 2546 1553 2617 Spiritus
1598 2550 1820 2601 sanctus
1872 2547 1933 2600 in

277 2638 462 2709 specie
489 2636 761 2693 columbae
788 2638 861 2691 sit
887 2638 1058 2701 visus,
1087 2651 1297 2690 necnon
1342 2644 1393 2690 et
1438 2637 1498 2690 in
1524 2637 1701 2705 specie
1737 2636 1885 2703 ignis
1915 2651 1937 2687 :

280 2726 460 2780 Filius
486 2740 643 2792 sane,
676 2726 741 2780 in
767 2727 948 2796 forma
976 2725 1215 2780 nominis
1245 2741 1264 2779 :
1300 2727 1462 2779 Pater
1512 2726 1713 2787 autem,
1765 2738 1936 2795 neque

279 2815 345 2870 in
371 2816 548 2886 specie
576 2814 865 2880 columbae,
893 2829 996 2869 nec
1035 2815 1096 2868 in
1140 2815 1321 2883 forma
1368 2812 1651 2875 hominis;
1701 2828 1797 2867 nec
1827 2813 1934 2867 ali-

277 2904 498 2978 quando
528 2905 691 2959 vertit
709 2919 765 2959 se
778 2904 836 2958 in
856 2902 1186 2973 formas,sed
1206 2918 1308 2957 nec
1329 2901 1635 2972 aliquando
1657 2905 1897 2957 vertetur
1915 2918 1934 2956 :

278 2994 349 3051 de
372 3010 477 3065 quo
508 2993 773 3063 scriptum
799 3000 896 3058 est,
922 3015 950 3042 ‹‹
980 2992 1088 3063 Ego
1116 3008 1241 3046 sum
1274 2992 1370 3063 qui
1398 3006 1545 3056 sum,
1577 2994 1627 3044 et
1645 3012 1671 3039 ‹‹
1690 3006 1802 3045 non
1820 3006 1939 3045 sum

275 3092 547 3140 mutatus.
577 3105 605 3132 »
641 3082 857 3137 Deinde
889 3080 1253 3153 adjungis,et
1284 3079 1434 3135 dicis
1470 3096 1482 3134 :
1519 3080 1692 3134 Filius
1722 3096 1858 3135 sane
1879 3082 1937 3135 in

276 3177 463 3247 forma
482 3175 582 3229 Dei
611 3174 937 3229 constitutus
959 3172 1084 3243 jam
1111 3180 1174 3226 ut
1216 3172 1331 3241 ipse
1370 3170 1672 3240 protulisti,
1702 3172 1941 3241 formam

276 3266 429 3321 servi
456 3263 686 3330 accepit,
718 3260 857 3334 quod
880 3276 989 3315 non
1026 3261 1193 3315 Pater
1224 3275 1237 3313 :
1274 3259 1512 3330 Spiritus
1544 3275 1692 3329 aque
1722 3263 1942 3314 sanctus

280 3354 522 3424 suscepit
561 3352 795 3422 speciem
836 3350 1122 3416 columbae,
1150 3364 1320 3419 quam
1356 3364 1466 3403 non
1492 3350 1727 3419 suscepit
1759 3350 1938 3420 Pater.

280 3444 428 3500 Scito
465 3457 611 3513 ergo,
662 3438 881 3510 inquis,
924 3440 1056 3510 quia
1101 3454 1245 3492 unus
1293 3445 1371 3492 est
1420 3436 1750 3503 invisibilis,
1797 3454 1942 3493 unus

281 3534 457 3588 etiam
514 3529 846 3601 incapabilis
894 3535 1056 3599 atque
1106 3528 1429 3582 immensus.
1484 3527 1613 3581 Hac
1652 3527 1938 3598 numquid

281 3621 533 3685 diceres,
564 3618 610 3674 si
646 3617 967 3673 secundum
999 3616 1297 3686 spiritum,
1323 3631 1435 3669 non
1471 3615 1792 3670 secundum
1818 3631 1940 3671 car-

281 3726 443 3775 nem,
477 3723 680 3780 posses
710 3706 966 3778 cogitare
995 3704 1135 3775 quid
1168 3703 1392 3759 diceres
1415 3703 1442 3757 ?
1472 3703 1655 3758 Homo
1677 3720 1739 3759 es
1760 3704 1939 3770 enim,

284 3800 386 3871 qui
422 3797 569 3869 legis
598 3797 657 3851 in
688 3794 1007 3866 Scripturis
1040 3792 1279 3861 sanctis,
1313 3793 1421 3861 Ego
1473 3809 1598 3847 sum
1645 3794 1743 3863 qui
1795 3809 1939 3862 sum,

283 3897 336 3945 et
388 3903 505 3942 non
548 3902 672 3940 sum
715 3886 955 3939 mutatus
1002 3882 1194 3953 (Exod.
1243 3898 1328 3948 ιιι,
1380 3881 1468 3944 14,
1516 3885 1569 3937 et
1603 3881 1831 3938 Malach.
1859 3900 1941 3949 ιιι,

280 3977 357 4049 6).
392 3976 466 4031 Et
514 3990 649 4029 cum
679 3972 855 4028 verba
885 3971 1000 4027 ista
1035 3969 1175 4037 sint,
1209 3985 1325 4025 non
1366 3968 1557 4024 Patris
1605 3968 1809 4035 solius,
1844 3971 1944 4026 sed

282 4064 477 4135 ipsius
495 4059 821 4128 Trinitatis,
864 4076 992 4132 qua
1025 4075 1180 4114 unus
1206 4062 1297 4114 est
1325 4057 1516 4118 Deus:
1566 4061 1627 4113 tu
1674 4073 1741 4114 ea
1796 4060 1946 4116 Patri

356 4190 371 4222 ¹
399 4187 572 4237 Editio
628 4186 783 4248 Lov.,
806 4183 898 4234 sed
924 4183 1121 4234 unitate
1145 4197 1374 4248 person:
1399 4187 1653 4245 manente,
1676 4183 1947 4234 invisibilis

290 4250 390 4301 Dei
416 4252 593 4314 formg
618 4247 827 4314 accepit.

352 4314 375 4349 ⁸
407 4309 525 4364 λιιι.
556 4312 641 4362 Er.
674 4309 742 4361 et‘
767 4311 917 4372 Msa,
945 4309 1322 4359 omnitenentis.

1634 368 1873 429 LIBER
1915 367 2353 431 SECUNDUS.

3585 358 3706 425 758

2054 499 2398 555 tantumodo
2415 498 2700 569 tribuens,
2717 495 2929 554 Filium
2942 494 3285 553 mutabilem
3309 493 3523 551 credisl
3560 493 3704 550 Uni-

2053 587 2315 658 genitum
2370 603 2471 659 per
2522 604 2696 659 quem
2738 588 2884 642 facta
2934 595 3071 641 sunt
3117 584 3314 640 omnia
3355 582 3698 638 mutabilem

2056 676 2283 731 credis:
2307 693 2441 731 eum
2475 677 2545 731 de
2576 692 2690 747 quo
2722 676 2863 731 dicit
2892 674 3291 748 Evangelium.
3326 674 3383 729 In
3424 674 3701 745 principio

2052 768 2173 820 erat
2210 766 2456 833 Verbum,
2494 770 2550 821 et
2584 766 2811 821 Verbum
2856 773 2976 821 erat
3030 765 3184 836 apud
3225 765 3417 829 Deum,
3468 766 3521 817 et
3562 763 3702 817 Deus

2052 858 2173 909 erat
2208 854 2475 917 Verbum;
2507 860 2581 921 et,
2617 855 2812 910 Omnia
2843 872 2944 926 per
2973 856 3157 925 ipsum
3183 856 3331 924 facta
3360 857 3489 907 sunt
3519 852 3700 921 (Joan.

2054 962 2092 1016 ι,
2135 953 2179 1011 l,
2209 945 2283 1015 3),
2316 943 2658 999 mutabilem
2682 944 2907 999 credisl
2943 944 3090 1009 Quid
3117 945 3241 1013 jam
3265 943 3453 997 dicam
3478 942 3546 996 de
3567 940 3698 1012 Spi-

2053 1032 2167 1087 ritu
2201 1037 2424 1102 sancto,
2458 1033 2691 1103 quando
2726 1030 2893 1086 illum
2928 1048 3100 1103 quem
3145 1046 3346 1086 verum
3377 1028 3563 1083 ﬁlium
3596 1027 3696 1083 Dei

2059 1125 2114 1177 et
2143 1138 2343 1177 verum
2368 1121 2662 1177 confiteris
2683 1127 2885 1190 Deum,
2918 1121 3259 1176 mutabilem
3292 1118 3515 1174 credis?
3534 1117 3695 1181 Quod

2062 1211 2265 1281 utique
2310 1227 2423 1266 non
2455 1211 2739 1278 crederes,
2773 1210 2821 1266 si
2854 1212 3101 1266 formam
3131 1208 3277 1265 servi
3311 1225 3342 1263 a
3376 1209 3563 1263 forma
3602 1205 3700 1261 Dei

2060 1315 2188 1355 esse
2228 1305 2581 1371 susceptam,
2610 1317 2724 1355 non
2758 1300 3004 1355 formam
3046 1300 3145 1355 Dei
3176 1299 3236 1353 in
3267 1299 3516 1353 formam
3549 1296 3698 1351 servi

2058 1403 2188 1444 esse
2218 1392 2525 1455 mutatam,
2551 1394 2832 1460 tanquam
2857 1386 3178 1444 catholicus
3190 1388 3547 1451 crederesget
3569 1385 3701 1442 visi-

2056 1477 2194 1534 bilis
2241 1478 2477 1533 homine
2526 1481 2850 1549 assumpto,
2903 1476 3299 1549 permansisse
3340 1476 3697 1533 invisibilem

2052 1566 2381 1634 Deum,non
2407 1567 2843 1638 carnaliter,sed
2859 1566 3239 1637 spiritualiter
3259 1566 3568 1637 cogitares;
3594 1581 3700 1621 nec

2053 1658 2455 1712 contendendo
2472 1656 2897 1723 diffideres,sed
2914 1655 3290 1728 intelligendo
3303 1655 3697 1725 conspiceres:

2053 1750 2110 1799 et
2131 1745 2415 1816 Spiritum
2437 1749 2706 1801 sanctum
2742 1744 3019 1801 invisibili
3045 1762 3155 1800 sua
3176 1750 3445 1801 manente
3467 1750 3698 1815 natura,

2052 1833 2212 1889 nullo
2236 1835 2407 1890 modo
2432 1834 2492 1889 in
2522 1834 2673 1906 ignis
2696 1834 3087 1890 autcolumba
3110 1834 3362 1905 speciem
3382 1838 3607 1889 mutata
3619 1837 3698 1889 at-

2047 1939 2159 1994 que
2182 1940 2481 1991 conversa,
2517 1940 2618 1995 per
2639 1924 2965 1994 subjectam
2988 1913 3312 1979 creaturam
3328 1925 3694 1996 apparuisse,

2047 2011 2389 2068 sicutvoluit
2408 2011 3454 2085 visibiliter(Act.n,3,etMatth.111,t6),
3471 2017 3535 2067 tu
3567 2029 3697 2085 pos-

2045 2118 2139 2158 ses
2161 2101 2529 2157 considerare
2551 2100 2816 2156 fideliter.
2849 2100 3139 2158 Memento
3156 2106 3485 2168 tamen,nec
3511 2102 3695 2172 majo-

2050 2206 2173 2245 rem
2192 2195 2420 2246 Patrem
2450 2190 2671 2262 Spiritu
2694 2194 3029 2259 sancto,nec
3047 2191 3351 2246 adoratum
3369 2192 3592 2247 Patrem
3619 2190 3693 2246 ab

2050 2278 2270 2351 Spiritu
2297 2285 2518 2350 sancto,
2555 2280 2687 2335 ullis
2717 2278 2928 2335 divinis
2966 2279 3318 2335 testimoniis
3340 2288 3538 2336 contra
3559 2296 3693 2352 pro-

2048 2368 2396 2440 positionem
2428 2385 2619 2425 meam
2650 2374 2703 2425 te
2725 2370 3130 2425 demonstrare
3162 2369 3444 2441 potuisse.

2119 2457 2348 2513 CAPUT
2377 2459 2496 2513 XX.
2524 2490 2590 2498 —
2608 2460 2750 2514 Licet
2762 2460 3039 2529 ingenitus
3054 2460 3235 2528 Pater,
3257 2460 3492 2531 aequalis
3515 2463 3701 2515 tamen

2045 2548 2245 2604 Filius.
2266 2547 2559 2618 Vigesimo
2580 2546 3010 2620 loco,quoniam
3026 2549 3253 2604 dixeras
3270 2550 3341 2605 de
3354 2549 3706 2621 Filio,aequa-

2051 2636 2122 2691 lis
2140 2637 2321 2704 Patri,
2346 2639 2534 2708 utique
2551 2638 2679 2691 talis
2701 2657 2719 2691 :
2740 2640 2791 2692 si
2806 2639 2956 2703 talis,
2978 2639 3164 2710 utique
3180 2640 3438 2707 innatus,-
3463 2656 3567 2711 ego
3590 2656 3708 2695 res-

2050 2726 2314 2797 pondens
2336 2725 2441 2781 tibi
2471 2743 2483 2779 :
2510 2726 2620 2781 Sed
2644 2725 2812 2793 dicis,
2836 2726 3097 2797 inquam,
3131 2728 3202 2783 de
3227 2726 3391 2794 Filio,
3425 2728 3486 2783 Si
3519 2744 3705 2800 aequa-

2051 2814 2140 2881 lis,
2172 2815 2363 2886 utique
2383 2815 2533 2877 talis;
2560 2814 2618 2869 id
2643 2818 2752 2883 est,
2790 2817 2851 2869 ut
2882 2815 3013 2887 quia
3036 2831 3149 2871 non
3170 2824 3245 2871 est
3271 2818 3572 2885 ingenitus,
3596 2831 3707 2872 non

2047 2902 2302 2958 videatur
2321 2904 2467 2958 talis.
2501 2908 2690 2959 Posses
2707 2902 2948 2959 dicerere
2987 2920 3097 2959 non
3119 2920 3232 2960 esse
3250 2905 3528 2961 hominem
3546 2921 3707 2977 quem

2049 2993 2241 3062 genuit
2258 2992 2586 3063 Adam,quia
2610 2994 2723 3063 ipse
2748 2993 2935 3048 Adam
2953 3009 3063 3049 non
3093 3002 3171 3048 est
3201 2994 3445 3066 genitus,
3469 2994 3560 3049 sed
3584 2996 3705 3064 fac-

2050 3087 2138 3137 tus
2166 3099 2206 3136 a.
2234 3082 2362 3137 Deo.
2382 3081 2442 3137 Si
2462 3084 2639 3136 autem
2660 3084 2835 3153 potuit
2855 3081 3025 3138 Adam
3059 3090 3234 3138 etnon
3254 3099 3364 3139 esse
3392 3086 3633 3154 genitus,
3655 3091 3708 3140 et

2052 3179 2236 3227 tamen
2265 3172 2366 3226 hoc
2385 3187 2649 3240 generare
2668 3172 2808 3242 quod
2840 3176 2959 3227 erat
2981 3174 3114 3243 ipse;
3144 3188 3254 3228 non
3284 3175 3442 3229 visat
3470 3174 3710 3245 potuerit

2052 3265 2199 3316 Deus
2228 3262 2397 3316 Deum
2416 3261 2685 3332 aequalem
2700 3262 2841 3316 sibi?
2859 3261 2943 3316 Ad
2966 3260 3087 3316 hac
3119 3278 3233 3317 non
3267 3263 3448 3318 miror
3476 3262 3707 3319 nullum

2052 3350 2423 3405 teinvenisse
2464 3366 2807 3421 responsum
2852 3366 2865 3404 :
2901 3351 3002 3405 sed
3036 3349 3208 3421 plane
3245 3351 3418 3407 laudo
3449 3368 3555 3408 nec
3586 3369 3709 3408 res-

2055 3440 2310 3511 pondere
2332 3445 2827 3511 conatum.Atque
2846 3441 3067 3494 utinam
3084 3440 3193 3495 hoc
3211 3440 3427 3512 ubique
3451 3442 3705 3498 fecisses!

2058 3544 2348 3598 nusquam
2385 3529 2541 3583 enim
2594 3528 2649 3582 in
2701 3529 3076 3585 sermonibus
3105 3529 3322 3584 nostris
3382 3530 3523 3600 quid
3555 3534 3710 3585 recte

2059 3618 2438 3688 responderes
2456 3617 2713 3671 invenire
2736 3617 3278 3688 potuisti,ettamen
3302 3620 3466 3689 pene’
3492 3618 3711 3690 ubique

2058 3712 2247 3762 tacere
2279 3705 2536 3761 noluisti.
2572 3706 2683 3760 Sed
2706 3722 2837 3760 cum
2863 3706 2921 3759 in
2958 3705 3089 3761 aliis
3111 3710 3231 3762 tam
3256 3706 3440 3762 multa
3467 3708 3705 3777 dixeris,

2057 3810 2244 3851 causa
2268 3811 2392 3866 qua
2416 3795 2568 3849 inter
2588 3811 2693 3849 nos
2727 3793 2922 3865 agitur
2952 3811 3065 3849 non
3099 3795 3443 3861 necessaria,
3469 3801 3524 3851 et
3552 3802 3708 3851 tem-

2055 3899 2166 3955 pus
2180 3883 2473 3954 loquendo
2487 3882 3272 3955 consumpserisggratiatibi
3290 3884 3525 3961 agenda
3544 3889 3703 3953 sunt,

2058 3972 2156 4027 ubi
2188 3972 2471 4028 nonnulla
2510 3973 2591 4027 sic
2634 3972 2831 4028 vidisti
2880 3977 2935 4027 te
2996 3973 3249 4028 refutare
3278 3990 3393 4029 non
3415 3988 3607 4045 posse,
3644 3978 3709 4030 ut

2058 4077 2126 4118 ea
2156 4061 2360 4118 malles
2392 4068 2625 4118 summo
2648 4060 2878 4118 silentio
2909 4060 3221 4133 praterire.

2121 4312 2138 4346 ί
2162 4310 2317 4375 Apud
2346 4311 2491 4371 Lov.,
2513 4308 2683 4375 plene.

1377 4489 1795 4581 LIBER
1856 4490 2025 4584 SE
2032 4491 2107 4585 C
2125 4493 2392 4585 UND
2412 4493 2568 4587 US
2585 4491 2655 4552 (α)

384 4633 732 4687 Reﬁ’elluntur
760 4630 1065 4696 singillatim
1096 4642 1218 4695 qua
1248 4629 1307 4703 in
1336 4628 1622 4703 Qpllatione
1652 4631 1970 4703 maximinus
2011 4633 2491 4703 dixit‘ultimasua
2517 4634 2900 4703 disputatione,
2930 4634 3083 4698 cujus
3111 4635 3488 4698 disputationis
3515 4650 3626 4686 sua

1169 4693 1481 4756 prolixitate
1510 4694 1872 4756 respondendi
1902 4698 2115 4759 tempus
2144 4697 2276 4747 tunc
2303 4697 2499 4760 eripuit
2525 4693 2843 4761 Augustino.

1777 4791 2183 4807 ἣ

368 4860 693 4915 ΡιυειεΑτιο.
716 4884 785 4896 -—
813 4854 925 4910 Res
944 4854 1070 4924 jam
1111 4852 1374 4925 postulat
1410 4857 1475 4907 ut
1507 4853 1567 4908 in
1595 4869 1661 4909 eo
1688 4854 1839 4925 quod
1863 4871 1950 4910 re-

297 4949 523 5021 liquum
544 4956 652 5012 est,
685 4942 1008 5016 opitulante
1028 4942 1297 5010 Domino,
1318 4942 1593 5014 impleam
1616 4942 1954 5015 promissio-

300 5054 434 5095 nem
466 5050 680 5093 meam.
714 5034 777 5088 ln
809 5031 1001 5104 operis
1034 5031 1251 5103 quippe
1281 5030 1461 5103 hujus
1482 5032 1739 5101 exordio,
1764 5033 1951 5100 Prius,

301 5129 568 5200 inquam,
610 5121 893 5180 ostendam
923 5121 1178 5189 refellere
1211 5123 1261 5174 te
1304 5136 1415 5175 non
1439 5124 1685 5192 potuisse
1713 5137 1832 5192 quae
1861 5122 1952 5177 di-

295 5213 637 5278 xi:deinde,
670 5215 938 5283 quantum
967 5211 1341 5265 necessarium
1372 5210 1665 5281 videbitur,
1699 5211 1953 5282 refellam

297 5320 425 5379 quae
460 5307 578 5377 ipse
630 5302 843 5357 dixisti.
895 5298 1042 5365 Quia
1089 5314 1247 5370 ergo,
1294 5298 1449 5354 sicut
1494 5300 1806 5370 adjuvante
1834 5300 1949 5356 Deo

297 5394 483 5468 potui,
518 5390 746 5448 ostendi
798 5406 867 5445 ea
914 5404 1040 5460 qua
1082 5388 1202 5442 dixi
1233 5404 1346 5443 non
1404 5393 1462 5443 te
1492 5390 1750 5461 potuisse
1780 5389 1948 5445 refel-

300 5504 438 5554 ere;
471 5487 748 5558 superest
784 5485 850 5537 ut
878 5497 947 5537 ea
977 5497 1105 5552 qua
1136 5479 1354 5548 dixisti,
1403 5495 1508 5552 ego
1552 5481 1833 5551 refellam,
1869 5480 1947 5537 si-

298 5583 402 5634 cut
426 5579 543 5635 Deo
573 5577 888 5646 adjuvante
931 5576 1192 5643 potuero.
1239 5569 1464 5625 Priores
1521 5572 1944 5642 itaque'prose-

297 5668 562 5724 cutiones
608 5669 762 5731 tuas,
808 5660 1026 5733 quibus
1069 5658 1342 5715 continuo
1392 5660 1618 5715 reddidi
1676 5676 1834 5716 meas
1884 5660 1943 5715 in

370 5852 441 5920 (α)
468 5851 631 5919 Alias,
659 5847 888 5908 Tertius-

2062 4856 2172 4912 hac
2205 4857 2601 4930 disputatione
2633 4874 2758 4927 quae
2791 4874 2947 4915 nunc
2976 4875 3009 4914 a
3049 4875 3142 4915 me
3172 4863 3414 4931 sucepta
3451 4852 3561 4929 est,
3594 4876 3711 4917 non

2062 4948 2386 5003 retractabo
2420 4964 2433 5002 :
2467 4946 2628 5002 illam
2658 4964 2792 5003 vero
2824 4947 3094 5004 ultimam
3135 4954 3255 5003 tam
3299 4949 3607 5020 prolixam,
3648 4952 3713 5005 ut

2064 5034 2208 5089 mihi
2239 5036 2332 5092 die
2364 5035 2464 5090 illo
2490 5037 2743 5108 spatium
2770 5037 3168 5109 responsionis
3190 5039 3460 5107 auferret,
3493 5036 3575 5092 ita
3617 5054 3711 5093 re-

2063 5125 2368 5197 darguam,
2401 5125 2452 5180 si
2484 5124 2732 5181 voluerit
2771 5125 2870 5197 qui
2920 5142 3026 5181 nos
3058 5126 3205 5197 regit
3254 5130 3316 5180 ut
3372 5125 3712 5197 acquiescas

2062 5213 2270 5268 lumini
2304 5214 2582 5283 veritatis,
2613 5214 2663 5270 si
2694 5215 3085 5271 contentionis
3112 5215 3381 5270 tenebras
3413 5232 3527 5270 non
3552 5232 3713 5272 ama-

2060 5302 2230 5358 veris.
2269 5303 2330 5359 In
2364 5303 2573 5375 primis
2606 5320 2741 5376 ergo
2772 5304 3073 5376 superﬂua
3132 5308 3235 5359 tua
3281 5304 3585 5359 detraham
3616 5321 3713 5361 ne-

2061 5390 2316 5445 cessitati
2342 5391 2744 5463 responsionis
2772 5408 2931 5447 mea.
2959 5394 3144 5446 Causa
3180 5391 3393 5463 quippe
3424 5391 3575 5448 inter
3607 5410 3715 5451 nos

2060 5479 2274 5551 agitur,
2299 5484 2496 5536 utrum
2523 5486 2693 5536 Pater
2712 5484 2766 5535 et
2799 5479 2977 5535 Filius
3000 5483 3055 5534 et
3074 5479 3327 5549 Spiritus
3358 5486 3597 5537 sanctus
3619 5482 3709 5538 di-

2059 5585 2256 5636 versa,
2277 5574 2338 5625 ut
2362 5587 2462 5625 vos
2489 5569 2781 5634 dicitis,an
2806 5567 3092 5640 potius,ut
3110 5585 3215 5623 nos
3243 5568 3703 5637 dicimus,unius

2056 5657 2175 5713 sint
2195 5659 2578 5729 ejusdemque
2600 5657 2968 5726 substantia,
2992 5672 3261 5730 unusque
3282 5658 3437 5717 Deus
3467 5660 3545 5715 sit
3573 5660 3702 5732 ipsa

2055 5747 2345 5804 Trinitas:
2373 5763 2506 5803 cum
2528 5747 2828 5804 conveniat
2858 5746 3011 5805 inter
3038 5763 3145 5805 nos
3166 5752 3397 5806 Patrem
3419 5766 3536 5806 non
3568 5766 3696 5808 esse

2052 5838 2151 5911 qui
2182 5839 2272 5897 est
2298 5835 2504 5907 Filius,
2533 5851 2639 5896 nec
2692 5835 2905 5898 Filium
2940 5852 3071 5899 esse
3106 5837 3209 5911 qui
3253 5841 3343 5898 est
3369 5837 3557 5909 Pater,
3589 5852 3695 5896 nec
