2047 3094
240 237 354 263 Patrem
371 244 435 263 esse
450 235 492 263 vel
509 235 614 262 Filium
642 235 691 271 qui
718 235 846 271 Spiritus
866 236 985 263 sanctus
1005 235 1059 262 est.

239 280 363 316 Quiquid
381 280 470 316 igitur
493 281 574 308 tanta
597 281 652 308 tuae
673 280 885 316 prosecutionis
897 278 1061 316 prolixitate

239 324 348 357 dixisti,
367 324 444 352 unde
459 325 627 352 ostenderes
643 324 733 352 alium
749 333 813 352 esse
828 325 954 357 Patrem,
973 323 1064 351 alium

238 377 302 397 esse
318 369 435 401 Filium,
452 368 541 397 alium
559 377 623 397 esse
637 369 777 404 Spiritum
796 371 928 397 sanctum
942 377 949 402 ;
969 376 1063 404 quan-

238 414 274 442 do
291 414 443 442 nobiscum
461 414 557 450 agitis,
574 414 757 450 superﬂuum
782 422 902 450 prorsus
927 421 991 441 esse
1014 421 1061 440 co-

239 467 364 496 gnosce:
381 461 410 487 et
428 459 452 486 si
469 460 523 487 tibi
545 459 732 495 expugnandi
759 459 939 487 occurrerint
962 457 1062 486 Sabel-

239 504 320 538 liani,
338 504 368 531 in
386 512 435 532 eos
449 504 506 532 ista
521 504 606 532 nobis
621 504 762 540 vobisque
771 503 948 537 communia,
965 503 989 530 si
1001 502 1062 538 pla-

239 551 302 583 cet,
332 557 413 576 arma
441 551 583 577 converte.
613 549 705 576 Multa
730 548 816 576 etiam
840 547 956 575 locutus
972 555 1014 581 es,
1030 549 1063 575 ut

239 593 377 630 probares
405 601 545 629 magnum
572 593 663 621 Deum
684 601 748 621 esse
777 592 934 620 Dominum
960 592 1060 620 Jesum

238 638 386 666 Christum
404 646 411 666 :
427 637 482 665 hoc
498 637 565 673 quid
583 638 618 665 ad
634 646 698 671 nos,
722 646 789 665 cum
805 637 860 665 hoc
880 637 1013 664 dicamus
1035 638 1063 664 et

237 682 311 711 nos?
326 682 438 710 Laudes
454 690 571 718 quoque
587 682 713 718 Spiritus
722 682 814 709 sancti
827 689 950 717 magnas
965 688 1061 709 veras-

238 735 295 763 que
323 726 425 754 fudisti
443 735 449 754 :
468 727 517 754 sed
540 735 593 754 nos
619 735 668 754 eas
692 734 797 762 augere
820 733 987 762 possumus,
1003 733 1062 753 non

237 779 345 808 negare
362 779 368 798 :
386 779 443 799 non
463 770 564 806 itaque
579 779 653 807 opus
667 772 730 798 erat
753 772 785 798 ut
809 778 858 798 eas
882 772 984 797 contra
1008 778 1062 798 nos

237 816 363 850 diceres,
385 824 458 851 quas
488 815 613 843 dicimus
641 816 753 843 tecum.
784 814 933 842 Christum
962 815 1062 842 sedere

238 861 274 889 ad
312 861 459 889 dexteram
485 860 592 894 Patris,
609 867 706 887 nonne
734 859 843 895 pariter
865 859 1061 887 conﬁtemur?

239 905 320 938 Quod
334 907 430 932 tamen
452 904 629 932 testimoniis
645 904 811 931 divinorum
827 904 1007 939 eloquiorum
1019 904 1060 931 sic

238 950 361 986 probare
382 948 510 983 voluisti,
533 951 673 984 tanquam
696 948 725 975 id
749 948 855 976 alicubi
875 955 1059 984 negaremus.

237 993 387 1022 Christum
404 994 433 1021 in
449 1001 536 1021 carne
548 993 672 1025 venisse,
690 993 807 1029 utrique
826 992 961 1021 novimus
977 995 1005 1020 et
1016 994 1060 1020 te-

237 1046 341 1066 nemus
350 1045 357 1066 :
365 1037 407 1066 sic
418 1037 576 1065 adhibuisti
588 1039 619 1064 ut
627 1038 680 1065 hoc
691 1038 809 1065 doceres
820 1037 919 1065 divina
928 1038 1060 1065 testimo-

236 1083 294 1118 nia,
318 1085 458 1119 tanquam
483 1090 690 1118 repugnemus.
719 1083 782 1110 Haec
797 1084 826 1110 et
840 1081 899 1109 alia
918 1090 982 1118 quae
998 1082 1059 1110 suis

236 1127 387 1155 ostendam
395 1126 509 1160 locis,in
520 1127 628 1162 quibus
641 1135 760 1163 operam
772 1135 982 1162 supervacuam
991 1135 1060 1155 con-

233 1171 349 1207 trivisti,
367 1173 398 1199 ut
411 1180 508 1199 moras
527 1173 667 1206 nectet-es,
680 1173 857 1207 tempusque
872 1172 1058 1207 produceres,

233 1216 491 1244 commemorando
511 1215 654 1252 attingere
676 1216 778 1250 debeo,
802 1224 861 1243 non
886 1216 1060 1252 redarguere

234 1260 423 1296 disputando.
797 1268 804 1272 '

270 1304 385 1333 CAPUT
408 1304 566 1332 PRIMUM.
583 1320 618 1325 —
629 1304 706 1333 Dicis
722 1313 769 1332 me
782 1304 889 1333 auxilio
902 1305 1061 1341 principum

232 1351 381 1383 munitum,
405 1357 459 1377 non
484 1349 559 1385 loqui
575 1350 733 1378 secundum
753 1349 883 1377 timorem
899 1350 949 1377 Dei
956 1357 967 1380 ;
991 1357 1059 1377 cum

232 1395 309 1423 scias
324 1394 410 1422 nobis
425 1402 489 1422 esse
505 1396 682 1430 praeceptum
704 1402 786 1422 orare
809 1402 860 1430 pro
883 1394 1011 1430 regibus,
1029 1397 1060 1422 ut

232 1439 263 1466 in
280 1439 458 1475 agnitionem
474 1439 591 1466 veniant
606 1439 735 1467 veritatis
751 1439 830 1475 (Tim.
842 1439 909 1473 11,2,
918 1439 963 1475 4):
981 1439 1059 1474 quod

232 1484 262 1511 in
278 1483 457 1519 quibusdam
472 1491 536 1512 esse
550 1483 717 1519 impletum,
734 1491 787 1511 nos
799 1484 857 1511 Deo
870 1484 986 1519 agimus
997 1492 1059 1519 gra-

232 1527 298 1561 tias,
312 1536 362 1555 vos
374 1527 487 1555 doletis.
504 1528 596 1556 Verba
612 1530 710 1555 autem
732 1530 833 1555 nostra
848 1530 924 1555 recte
948 1528 1058 1555 intelli-

231 1572 367 1608 gentibus
388 1571 530 1607 indicant,
556 1572 623 1608 quis
648 1574 782 1600 nostrum
799 1572 937 1608 loquatur
952 1580 1058 1600 secun-

231 1616 302 1644 dum
312 1614 447 1643 timorem
466 1615 513 1644 Dei
531 1624 538 1643 :
556 1618 655 1643 utrum
665 1616 714 1652 qui
731 1617 773 1644 sic
784 1616 882 1644 laudat
899 1617 988 1644 Deum
1003 1617 1057 1644 Pa-

229 1662 315 1695 trem,
332 1662 364 1688 ut
380 1661 415 1688 ad
432 1661 497 1696 ejus
512 1660 628 1688 laudem
645 1662 761 1695 referat,
786 1662 863 1697 quod
880 1661 935 1689 sibi
952 1661 1057 1689 Filium

230 1705 377 1741 generavit
392 1704 550 1741 aequalem;
567 1713 604 1733 an
620 1705 671 1741 qui
687 1705 728 1733 sic
744 1705 906 1741 genitorem
918 1705 1057 1734 dehones-

229 1751 273 1777 tat
288 1751 317 1777 et
331 1749 475 1785 genitum,
492 1752 524 1777 ut
539 1751 568 1777 et
582 1749 664 1777 illum
688 1749 767 1777 dicat
789 1757 847 1777 non
869 1750 1001 1786 potuisse
1016 1751 1058 1787 gi-

229 1801 318 1830 gnere
345 1801 396 1830 per
418 1793 517 1822 omnia
543 1793 589 1822 sui
616 1793 741 1821 similem
767 1794 879 1827 filium,
908 1796 938 1822 et
965 1794 1056 1822 istum

232 1839 309 1867 dicat
323 1847 381 1867 non
397 1839 589 1875 degenerasse
603 1839 663 1874 jam
680 1841 793 1872 natum,
814 1839 865 1866 sed
882 1839 1056 1875 degenerem

232 1885 345 1911 natum.

268 1927 385 1955 CAPUT
400 1928 434 1955 II.
450 1943 485 1948 —-
499 1927 576 1956 Dicis
597 1935 642 1956 vos
662 1927 803 1956 Christum
822 1927 914 1956 coiere
928 1931 958 1956 ut
973 1928 1056 1956 Deum

231 1973 322 2001 omnis
349 1974 502 2006 creaturae,
522 1973 567 2000 cui
586 1973 707 2008 ﬂectitur
721 1980 800 2000 omne
812 1980 894 2008 genu,
903 1974 1056 2001 caelestium

232 2018 402 2045 terrestrium
415 2021 441 2045 et
453 2018 625 2052 infernarum
640 2026 649 2044 :
672 2025 759 2053 quem
775 2019 873 2045 tamen
897 2018 952 2045 Deo
978 2018 1055 2046 Patri

230 2069 294 2089 esse
310 2070 368 2089 non
379 2061 467 2089 vultis
478 2061 631 2097 aequalem,
643 2062 713 2097 quia
724 2062 774 2089 hoc
788 2063 873 2089 Pater
887 2062 913 2089 ei
927 2061 1054 2090 donavit:

231 2106 271 2134 ait
280 2106 360 2134 enim
372 2106 539 2142 Apostolus,
556 2107 671 2142 Propter
683 2106 753 2142 quod
764 2108 789 2134 et
800 2106 869 2134 Deus
879 2114 941 2134 eum
950 2108 1054 2135 exalta-

228 2152 278 2187 vit,
295 2153 319 2179 et
335 2150 447 2179 donavit
464 2152 491 2178 ei
506 2159 603 2179 nomen
615 2150 685 2187 quod
700 2154 738 2179 est
752 2158 839 2185 super
849 2159 929 2179 omne
942 2159 1052 2186 nomen,

228 2198 259 2224 ut
283 2196 312 2223 in
340 2196 451 2224 nomine
464 2196 527 2224 Jesu
554 2203 633 2223 omne
650 2204 722 2230 genu
742 2195 882 2233 ﬂectatur,
913 2197 965 2224 etc.
996 2196 1053 2224 Nec

229 2240 359 2276 quaeritis
382 2240 428 2268 cui
453 2240 624 2275 donaverit;
655 2243 753 2268 utrum
781 2240 903 2274 homini,
920 2249 958 2268 an
984 2243 1051 2269 Deo.

229 2284 397 2318 Quomodo‘
413 2284 491 2312 enim
508 2285 668 2319 donaverit,
685 2285 834 2313 evidenter
851 2288 981 2321 apparet.
997 2286 1052 2314 Hu-

227 2329 345 2363 mtluvit,
363 2329 467 2364 inquit,
483 2331 657 2366 semetipsum
671 2338 757 2366 usque
772 2329 806 2358 ad
831 2333 957 2366 mortem,
974 2339 1052 2359 mor-

226 2374 280 2402 tem
293 2375 387 2401 autem
399 2374 499 2402 crucis.
517 2377 631 2411 Propter
645 2374 715 2410 quod
736 2377 763 2403 et
783 2375 853 2403 Deus
867 2383 930 2402 eum
945 2376 1051 2403 exalta-

225 2420 274 2453 vit,
290 2421 316 2447 et
331 2418 442 2447 donavit
455 2419 482 2446 ei
495 2427 596 2447 nomen
609 2419 682 2455 quod
699 2420 740 2447 est
762 2427 845 2455 super
860 2427 940 2448 omne
954 2428 1053 2448 nomen

225 2463 363 2500 (Philipp.
388 2472 419 2497 ιι,
444 2463 472 2499 8,
495 2464 534 2500 9).
559 2464 588 2491 Si
613 2471 681 2500 ergo
711 2465 865 2500 propterea
893 2464 1011 2493 donavit
1025 2465 1051 2493 ei

225 2517 329 2537 nomen
346 2508 423 2544 quod
440 2510 484 2536 est
499 2517 587 2544 super
612 2516 698 2536 omne
724 2516 841 2543 nomen,
862 2508 931 2545 quia
957 2509 1051 2539 factus

224 2554 268 2581 est
282 2552 423 2581 obediens
438 2560 530 2588 usque
554 2552 589 2580 ad
616 2554 739 2580 mortem
761 2553 875 2587 crucis;
906 2554 1049 2590 numquid

225 2600 383 2634 antequam
413 2597 468 2625 hoc
496 2596 589 2632 ﬁeret,
619 2605 676 2624 non
700 2598 762 2624 erat
786 2596 865 2625 altus
886 2597 938 2626 Dei
959 2598 1049 2627 Filius

224 2641 311 2678 Deus,
329 2642 378 2670 Dei
393 2641 534 2675 Verbum,
557 2641 634 2669 Deus
655 2641 730 2677 apud
749 2643 857 2675 Deum;
877 2643 927 2670 sed
952 2644 1049 2679 posts-

224 2694 332 2722 aquam
354 2689 471 2723 propter
495 2686 549 2714 hoc
574 2685 719 2714 exaltatus
743 2689 788 2714 est
812 2686 881 2722 quia
895 2687 989 2715 factus
1005 2689 1049 2716 est

223 2730 361 2759 obediens
371 2740 465 2766 usque
481 2730 516 2758 ad
539 2733 662 2759 mortem
683 2731 789 2767 crucis,
802 2735 872 2759 tunc
888 2732 974 2768 ccepit
985 2740 1049 2761 esse

222 2773 301 2802 altus
314 2774 365 2802 Dei
378 2775 585 2808 Filius,unicus
598 2775 754 2809 Dei,Deus,
763 2777 833 2803 tunc
844 2777 930 2812 coepit
941 2776 1048 2805 habere

221 2825 328 2847 nomen
340 2820 416 2854 quod
431 2822 475 2848 est
486 2828 574 2856 super
586 2829 672 2849 omne
684 2829 789 2849 nomen
799 2820 813 2848 ?
825 2821 895 2854 Quis
906 2820 961 2849 hoc
974 2821 1046 2849 insi-

251 2912 260 2930 ¹
276 2910 307 2936 In
322 2912 394 2946 Msa,
409 2911 528 2945 Quando.

1820 45 1871 63 χ’(
1890 44 1953 57 θ’τέ

241 170 301 200 759
486 169 644 200 CONTRA
665 168 898 200 MAXI'MINUM
919 167 1153 198 ARIA‘NORUM
1177 166 1410 204 EPISGOPUM,
1434 167 1468 199 ὃ.
1489 166 1700 199 AUGUSTINI
1858 175 1908 207 mo

1116 232 1317 269 pientissimus
1336 233 1465 261 dixerit?
1480 233 1539 261 Hoc
1550 233 1592 261 illi
1607 242 1673 270 ergo
1687 235 1817 265 donatum
1835 242 1872 268 est
1883 244 1910 269 ut

1116 277 1240 312 homini,
1252 278 1415 305 secundum
1431 286 1519 314 quem
1533 278 1625 307 Filius
1640 279 1728 308 factus
1738 283 1779 309 est
1792 282 1909 313 obedienc

1117 330 1210 358 usque
1226 322 1261 349 ad
1279 324 1401 350 mortem
1422 322 1529 356 crucis,
1549 323 1626 358 quod
1643 323 1704 358 jam
1717 324 1834 354 habebat
1846 328 1908 357 idem

1116 366 1179 402 ipse
1195 366 1245 394 Dei
1258 366 1359 402 Filius,
1372 367 1446 395 Deus
1462 367 1498 395 de
1510 367 1568 395 Deo
1584 369 1670 395 natus
1684 369 1805 404 aequalis.

1151 410 1266 439 CAPUT
1282 411 1331 439 III.
1345 427 1379 431 —
1391 411 1500 447 Objicis
1514 412 1595 445 mihi,
1607 412 1681 448 quod
1693 413 1781 441 dicam
1792 415 1911 450 Spiritum

1115 458 1250 484 sanctum
1264 456 1405 493 aequalem
1422 465 1486 485 esse
1497 457 1579 485 Filio.
1591 458 1659 485 Dico
1670 457 1759 493 plane.
1772 460 1909 498 Da,inquis,

1115 502 1272 529 testimonia
1289 502 1340 529 ubi
1361 502 1496 530 aduratur
1514 502 1635 538 Spiritus
1648 505 1764 531 sanctus.
1779 504 1814 533 Ut
1833 506 1911 542 video,

1114 545 1183 574 hinc
1197 554 1265 574 eum
1277 547 1321 574 vis
1336 547 1451 575 ostendi
1465 546 1607 583 aequalem
1619 547 1739 579 Christo.
1754 549 1778 577 si
1793 550 1911 579 adoretur

1115 593 1147 618 ut
1165 590 1308 619 Christus.
1331 591 1397 619 Jam
1425 599 1493 628 ergo
1523 592 1660 620 confitere
1686 592 1825 621 Christum
1850 594 1914 624 Patri

1115 635 1359 671 aequalem,quem
1369 638 1400 663 tu
1412 636 1475 672 ipse
1484 636 1597 664 adorari
1613 637 1757 665 confiteris
1767 640 1797 665 ut
1805 640 1912 675 Patrem,

1115 679 1221 712 Quales
1237 682 1334 708 autem
1350 679 1485 708 homines
1501 680 1566 716 esti,
1583 689 1671 716 quam
1687 681 1819 717 religiosae
1833 682 1914 711 humi-

1113 723 1216 757 litatis,
1234 724 1285 760 qui
1306 724 1449 761 Spiritum
1467 727 1602 753 sanctum
1620 726 1738 753 adorare
1761 735 1814 754 non
1827 727 1913 761 vultis,

1113 776 1180 796 cum
1196 768 1310 805 legatis,
1327 769 1429 797 Littera
1443 769 1553 805 occidit,
1570 769 1690 806 Spiritus
1703 775 1790 798 autem
1810 772 1914 806 vivificat

1112 815 1150 848 (ΙΙ
1166 814 1228 841 Cor.
1246 822 1288 848 nr,
1303 813 1351 849 6)?
1374 814 1437 842 Non
1453 814 1542 843 vultis
1558 823 1626 851 ergo
1644 815 1771 850 adorare,
1793 823 1871 851 quem
1883 816 1916 843 vi-

1112 858 1229 886 vificare
1243 858 1358 886 animas
1373 867 1432 887 non
1448 860 1561 895 negatis
1578 868 1584 887 :
1602 868 1670 887 cum
1686 862 1765 896 pater
1789 860 1914 888 Abraham

1113 903 1246 932 homines
1265 904 1441 938 adoraverit,
1466 905 1536 940 quia
1560 907 1764 933 concesserunt
1783 906 1808 933 ei
1829 913 1916 933 monu-

1112 950 1255 983 mentum,
1272 948 1322 976 ubi
1348 951 1468 984 poneret
1490 951 1611 977 mortuas
1636 958 1739 986 corpus
1762 950 1862 978 uxoris.
1877 949 1915 978 Sic

1112 992 1190 1020 enim
1207 993 1348 1029 scriptum
1365 996 1410 1021 est
1427 1002 1432 1022 :
1453 995 1533 1022 Venit
1548 996 1640 1022 autem
1655 994 1789 1022 Abraham
1804 995 1917 1030 plangere

1111 1037 1210 1065 Suram
1228 1042 1255 1066 et
1269 1038 1372 1073 lugere.
1384 1040 1421 1066 Et
1430 1040 1552 1067 surrexit
1570 1039 1708 1067 Abraham
1721 1040 1755 1067 de
1767 1047 1845 1075 supra
1853 1046 1915 1067 mor-

1112 1084 1167 1110 tem
1188 1083 1259 1118 ejus,
1282 1087 1308 1110 et
1333 1083 1406 1111 dixit
1420 1083 1488 1119 ﬁliis
1502 1084 1572 1111 Heth
1586 1094 1596 1111 .-
1614 1085 1777 1120 Peregrinus
1791 1085 1815 1111 et
1828 1084 1918 1111 advena

1110 1134 1173 1154 sum
1188 1135 1234 1163 ego
1249 1128 1396 1155 vobiscmm
1404 1138 1414 1161 ;
1434 1128 1497 1156 date
1511 1136 1576 1162 ergo
1591 1128 1664 1156 mihi
1674 1129 1862 1164 possessionem
1873 1135 1918 1155 nm-

1110 1172 1247 1207 numenti,
1264 1172 1314 1200 ubi
1323 1173 1456 1207 sepeliam
1470 1176 1611 1201 mortuum
1620 1181 1721 1202 meum.
1735 1172 1920 1209 Responderunt

1111 1220 1202 1244 autem
1229 1217 1285 1251 ﬁlii
1311 1217 1381 1245 Heth
1401 1217 1436 1245 ad
1456 1217 1604 1250 Abraham,
1631 1218 1750 1246 dicentes
1764 1226 1773 1244 :
1788 1217 1858 1245 Absit
1871 1217 1918 1247 hoc.

1114 1260 1241 1295 domine;
1257 1261 1326 1289 audi
1339 1270 1414 1289 nunc
1428 1266 1453 1290 et
1468 1270 1517 1290 nos
1534 1270 1540 1289 :
1557 1270 1607 1290 rex
1621 1271 1639 1290 a
1653 1263 1707 1290 Deo
1723 1266 1752 1290 tu
1765 1270 1792 1290 es
1805 1262 1834 1289 in
1846 1261 1920 1292 nobis;

1111 1305 1142 1332 in
1155 1305 1246 1333 electis
1260 1307 1450 1334 monumentis
1466 1308 1567 1335 nostris
1581 1308 1667 1343 sepeli
1680 1309 1816 1335 mortuum
1829 1309 1917 1333 tuum:

1110 1358 1191 1378 nemo
1211 1351 1288 1378 enim
1306 1355 1429 1378 nostrum
1447 1352 1573 1387 prohibet
1594 1356 1621 1380 te
1645 1360 1663 1380 a
1676 1353 1843 1379 monumento
1868 1357 1918 1382 suo,

1110 1397 1141 1422 ut
1155 1395 1273 1431 sepelias
1287 1400 1428 1424 mortuum
1443 1400 1521 1424 tuum
1535 1396 1584 1424 ibi.
1608 1399 1730 1432 Surgens
1744 1398 1829 1424 autem
1844 1395 1919 1423 Abra-

1110 1439 1173 1467 ham
1189 1440 1316 1468 adoravit
1335 1441 1442 1476 plebem
1455 1441 1578 1477 ﬁliorum
1598 1442 1666 1469 Heth
1680 1441 1756 1477 (Gen.
1771 1449 1847 1474 xxm,
1861 1439 1918 1474 2-7).

1110 1485 1145 1512 Et
1158 1493 1208 1512 vos
1222 1485 1365 1520 Spiritum
1386 1487 1522 1513 sanctum
1538 1494 1597 1513 non
1618 1485 1787 1522 permittitis
1809 1483 1918 1516 adorari,

1110 1531 1143 1556 ut
1155 1529 1211 1565 ipsi
1227 1529 1277 1557 Dei
1293 1530 1393 1565 gratias
1410 1530 1586 1558 remanentis
1601 1530 1725 1567 iugratil
1743 1531 1807 1565 Sed,
1822 1530 1866 1565 Da,
1881 1528 1919 1555 in-

1109 1573 1187 1609 quis,
1204 1575 1362 1603 testimonia
1376 1575 1426 1602 ubi
1437 1574 1575 1603 aduratur
1588 1576 1837 1611 Spiritussanctus:
1848 1572 1919 1609 quasi

1110 1626 1166 1646 non
1182 1626 1217 1646 ex
1231 1618 1268 1646 iis
1290 1627 1354 1654 quae
1369 1618 1503 1654 legimus,
1521 1619 1619 1655 aliqua
1640 1621 1726 1648 etiam
1742 1627 1806 1655 qua:
1817 1626 1869 1645 non
1882 1616 1918 1644 le-

1108 1662 1217 1698 gimus,
1234 1662 1445 1699 intelligamus.
1461 1664 1515 1691 Sed
1538 1672 1574 1692 ne
1597 1672 1728 1700 quaerere
1751 1663 1840 1691 multa
1853 1669 1919 1689 com-

1109 1705 1212 1741 pellar,
1229 1708 1260 1733 tu
1276 1706 1316 1734 ibi
1333 1706 1429 1743 legisti
1443 1707 1559 1735 Patrem
1584 1707 1678 1736 Deum
1705 1707 1862 1744 ingenitum
1881 1703 1918 1732 vel

1108 1749 1265 1778 innatum?
1281 1752 1315 1779 Et
1330 1753 1427 1779 tamen
1444 1760 1545 1780 verum
1567 1754 1620 1780 est.
1639 1753 1721 1787 Quod
1742 1760 1807 1780 vero
1822 1750 1920 1786 aliquo-

1107 1794 1162 1822 ties
1185 1795 1295 1829 dixisti,
1311 1795 1401 1823 etiam
1416 1795 1488 1823 Filio
1514 1803 1579 1824 esse
1598 1794 1854 1832 incomparabilem
1876 1794 1919 1821 Pa-

1107 1840 1197 1874 trem,
1211 1847 1264 1867 uec
1276 1840 1348 1876 legis
1364 1848 1417 1868 nec
1425 1848 1526 1869 verum
1542 1843 1595 1869 est.
1605 1841 1633 1868 Si
1649 1843 1749 1869 autem
1765 1840 1917 1876 religionem

1107 1892 1166 1920 qua
1181 1884 1286 1913 colitur
1301 1885 1389 1920 Deus,
1407 1885 1484 1913 sicut
1498 1885 1620 1922 dignum
1636 1888 1681 1914 est
1691 1886 1841 1922 cogitares,
1856 1882 1920 1911 mul-

1106 1931 1135 1957 to
1152 1928 1220 1965 plus
1236 1938 1300 1957 esse
1323 1938 1456 1958 cerneres
1472 1930 1550 1966 quod
1570 1930 1660 1959 habet
1675 1930 1803 1967 Spiritus
1818 1930 1921 1957 sanctus

1106 1973 1261 2009 templum,
1278 1983 1368 2011 quam
1389 1975 1414 2003 si
1435 1983 1502 2003 eum
1522 1975 1634 2011 legeres
1651 1976 1817 2004 adoratum.
1834 1974 1865 2001 Et
1878 1972 1920 2000 ho-

1107 2018 1202 2047 mines
1217 2019 1307 2053 enim,
1324 2020 1402 2047 sicut
1423 2028 1513 2056 supra
1528 2020 1624 2054 docui,
1641 2029 1659 2048 a
1675 2019 1785 2048 sanctis
1801 2017 1920 2047 novimus

1107 2062 1244 2091 adoratas
1261 2072 1267 2091 :
1284 2063 1428 2100 templum
1444 2072 1510 2092 vero
1527 2072 1585 2092 non
1602 2067 1647 2092 est
1662 2065 1771 2093 factum
1788 2064 1822 2091 ab
1837 2059 1920 2089 homi-

1105 2107 1202 2141 nibus,
1219 2107 1276 2135 nisi
1298 2110 1348 2135 aut
1364 2116 1430 2136 vero
1446 2108 1515 2144 Deo,
1531 2108 1606 2137 sicut
1623 2109 1761 2138 Salomon
1779 2107 1856 2140 fecit;
1879 2105 1920 2132 aui

1104 2151 1146 2179 eis
1162 2151 1210 2187 qui
1227 2160 1278 2187 pro
1294 2151 1350 2180 diis
1367 2153 1521 2187 habentur,
1544 2153 1622 2181 sicut
1638 2156 1742 2190 gentes
1766 2160 1826 2188 qua:
1849 2150 1918 2186 igno-

1104 2198 1170 2224 rant
1185 2198 1286 2224 Deum.
1313 2197 1441 2234 Spiritus
1463 2201 1562 2226 autem
1579 2201 1713 2233 sanctus,
1738 2206 1804 2226 cum
1826 2201 1918 2231 magno

1103 2240 1213 2269 honore
1228 2241 1264 2269 de
1283 2242 1337 2270 Deo
1354 2242 1466 2270 dictum
1482 2245 1536 2277 est,
1553 2251 1608 2271 non
1633 2245 1663 2271 in
1679 2242 1845 2279 manu/actis
1858 2242 1917 2268 tem-

1101 2286 1156 2322 plis
1171 2286 1275 2314 habitat
1285 2287 1352 2322 (Act.
1368 2295 1438 2321 xvn,
1455 2287 1511 2323 24),
1528 2288 1578 2316 sed
1595 2296 1703 2324 corpus
1717 2289 1846 2315 nostrum
1857 2287 1918 2312 tem-

1103 2330 1185 2367 plum
1201 2333 1245 2359 est
1260 2331 1388 2368 Spiritus
1404 2332 1508 2360 sancti.
1525 2332 1560 2359 Et
1569 2341 1605 2360 ne
1620 2341 1744 2369 corpora
1753 2333 1848 2360 nostra
1858 2336 1915 2357 con-

1101 2376 1227 2411 temnas,
1249 2376 1382 2404 membra
1407 2378 1477 2404 sunt
1496 2376 1604 2405 Christi
1629 2377 1653 2413 (Ι
1670 2377 1731 2405 Cor.
1753 2385 1791 2411 x1,
1816 2372 1916 2408 19,15).

1102 2420 1201 2453 Qualis
1214 2427 1281 2455 ergo
1298 2422 1384 2455 Deus,
1394 2420 1442 2447 cui
1457 2420 1601 2456 templum
1608 2420 1780 2453 aediﬁcatur,
1792 2419 1819 2447 et
1828 2416 1914 2449 aDeo,

1102 2466 1132 2492 et
1147 2464 1182 2492 de
1198 2463 1339 2492 membris
1357 2463 1431 2492 Dei?

1137 2507 1251 2536 CAPUT
1268 2508 1443 2536 lV.—-Dicis
1458 2507 1598 2537 Christum
1617 2517 1676 2537 esse
1685 2509 1717 2537 in
1742 2508 1851 2536 dextera
1864 2503 1915 2537 Dei,

1100 2555 1128 2580 et
1142 2553 1319 2589 interpellare
1342 2561 1396 2588 pro
1413 2553 1492 2581 nobis
1517 2554 1605 2587 (Rom.
1624 2561 1689 2589 vm,
1709 2553 1766 2588 34).
1783 2550 1859 2585 Quod
1873 2554 1917 2577 cur

1101 2597 1187 2626 nobis
1214 2597 1330 2632 objicis,
1349 2597 1374 2625 si
1398 2605 1466 2625 eum
1491 2606 1547 2625 non
1574 2598 1669 2626 solum
1694 2598 1798 2632 Deum,
1823 2600 1914 2623 verum

1103 2641 1191 2669 etiam
1208 2641 1355 2669 hominem
1371 2641 1507 2678 agnoscis
1517 2642 1532 2670 ?
1546 2642 1617 2675 Quid
1631 2644 1658 2670 te
1683 2642 1774 2677 igitur
1789 2639 1912 2675 adjuvat.

1100 2686 1178 2722 quod
1195 2686 1295 2714 sedere
1318 2685 1354 2713 ad
1370 2686 1520 2714 dexteram
1543 2686 1636 2714 Patris
1659 2686 1776 2714 assidue
1799 2679 1914 2720 legitur?

1099 2729 1173 2763 Quid
1188 2730 1283 2766 nobis,
1301 2738 1358 2758 non
1379 2731 1497 2766 quidem
1512 2730 1649 2759 inanibus
1671 2728 1851 2763 testimoniis,
1867 2725 1911 2754 sed

1099 2777 1197 2803 tamen
1213 2775 1350 2810 inaniter,
1367 2776 1488 2812 probare
1505 2776 1605 2803 niteris
1622 2776 1697 2811 quod
1717 2776 1847 2802 fatemur.

1133 2819 1248 2848 CAPUT
1262 2819 1295 2847 V.
1311 2834 1347 2842 -—
1362 2820 1440 2848 Dicis
1463 2829 1504 2847 vos
1523 2820 1657 2855 Spiritum
1678 2824 1799 2847 sanctum
1815 2822 1908 2851 compe-

1097 2866 1185 2894 tenter
1198 2864 1333 2893 honorare
1343 2868 1374 2893 ut
1386 2865 1562 2899 doctorem,ut
1572 2865 1772 2898 ducatorem,ut
1781 2861 1908 2891 illumina-

1097 2912 1192 2945 torem,
1203 2912 1235 2939 ut
1245 2909 1490 2946 sanctiﬁcatorem;
1513 2909 1651 2940 Christum
1665 2908 1761 2944 cum,
1773 2911 1802 2938 ut
1812 2908 1906 2937 αἀιω-
