4094 6188
261 334 385 396 765

261 467 392 524 solo
426 467 612 535 Patre,
645 470 701 523 et
731 484 846 523 non
876 468 947 524 de
976 468 1105 540 ipsa
1134 467 1417 525 Trinitate
1449 467 1525 524 sit
1554 468 1923 523 dictum.Vos

262 561 467 613 autem
499 573 632 612 cum
664 558 951 629 quaeritur
980 575 1013 611 a
1061 558 1245 624 vobis,
1306 575 1479 628 quem
1513 558 1766 613 credatis
1798 573 1927 612 esse

260 646 341 701 de
372 662 486 717 quo
520 646 803 717 scriptum
837 651 946 716 est,
983 648 1244 701 Dominus
1295 648 1437 701 Deus
1485 655 1629 715 tuus,
1663 647 1925 701 Dominus

260 751 412 790 unus
441 738 517 789 est
536 753 559 799 ;
588 735 977 805 respoudetis,
1004 734 1156 790 Deus
1178 737 1343 791 Pater
1372 740 1479 790 est.
1509 736 1767 805 Itemque
1791 752 1923 789 cum

274 823 563 896 quaeritur
591 824 661 878 de
688 840 803 894 quo
834 825 1076 879 Domino
1107 830 1219 879 Deo
1252 824 1474 879 dictum
1508 825 1602 891 sit,
1636 825 1929 879 Dominum

277 916 450 969 Deum
479 918 638 967 tuum
667 913 952 979 adorabis,
976 918 1023 968 et
1056 914 1147 968 illi
1173 914 1279 967 soli
1305 914 1507 968 servies
1527 929 1548 973 ;
1580 929 1785 967 rursus
1809 928 1927 966 res-

280 1002 574 1074 pondetis,
606 1003 679 1056 De
714 1003 824 1057 Deo
858 1002 1044 1059 Patre.
1065 1003 1228 1058 Tunc
1258 1003 1422 1058 vobis
1453 1002 1704 1057 dicitur:
1732 1001 1790 1055 Si
1816 1006 1926 1056 Do-

266 1091 470 1145 minus
492 1089 643 1145 Deus
674 1095 874 1145 noster
903 1091 1185 1146 Dominus
1217 1107 1377 1146 unus
1406 1095 1577 1156 est,et
1601 1094 1772 1145 Pater
1801 1093 1924 1156 est;

266 1196 452 1251 quare
480 1196 581 1234 vos
613 1179 805 1234 facitis
840 1179 987 1234 duos
1013 1180 1285 1235 dominos
1317 1180 1729 1248 deos,dicendo
1751 1179 1926 1234 etiam

265 1268 565 1324 Christum
598 1284 721 1323 esse
750 1268 1064 1324 Dominum
1094 1269 1274 1324 Deum
1298 1269 1325 1323 ?
1358 1269 1498 1325 Item
1529 1269 1576 1324 si
1619 1273 1790 1323 Pater
1819 1272 1927 1333 est,

268 1356 368 1413 cui
401 1357 502 1412 uni
530 1357 775 1412 Domino
810 1357 924 1412 Deo
957 1374 1022 1413 ac
1054 1357 1163 1413 soli
1214 1356 1585 1413 serviendum
1618 1360 1746 1426 est;
1783 1372 1927 1428 quo-

269 1446 449 1501 modo
489 1446 907 1518 obtemperetis
953 1446 1090 1501 huic
1141 1451 1453 1518 praecepto,
1500 1446 1599 1517 qui
1643 1451 1927 1517 tanquam

270 1534 520 1590 Domino
549 1534 663 1591 Deo
696 1535 929 1590 servitis
969 1539 1027 1590 et
1072 1534 1304 1590 Christo
1326 1536 1353 1590 ?
1387 1535 1585 1605 Neque
1636 1533 1793 1589 enim
1847 1531 1929 1586 illi

271 1623 386 1679 soli
411 1624 608 1691 servit,
643 1624 741 1695 qui
774 1624 953 1679 servit
982 1628 1037 1679 et
1068 1623 1223 1678 huic.
1262 1624 1597 1680 Secundum
1628 1623 1803 1677 fidem
1825 1639 1929 1676 au-

270 1717 393 1768 tem
438 1718 680 1783 rectam,
716 1713 1055 1784 quicunque
1106 1713 1296 1784 ipsam
1350 1712 1699 1767 Trinitatem
1743 1726 1929 1765 unum

274 1802 592 1857 Dominum
624 1802 808 1857 Deum
844 1818 970 1857 esse
1002 1806 1269 1857 nostrum
1303 1800 1639 1867 didicimus,
1676 1799 1929 1871 profecto

277 1908 411 1947 cum
451 1892 502 1946 ei
543 1890 651 1946 soli
696 1906 764 1945 ea
794 1907 920 1962 qua:
975 1895 1083 1946 Deo
1134 1891 1381 1945 debetur
1449 1890 1725 1945 servitute
1801 1905 1927 1943 ser-

280 1981 491 2050 vimus,
552 1979 794 2035 Domino
882 1980 998 2035 Deo
1084 1977 1192 2035 soli
1250 1996 1356 2034 nos
1416 1979 1632 2035 servire
1687 1977 1933 2035 conﬁdi-

293 2084 446 2123 mus.

355 2157 410 2211 2.
440 2157 600 2227 Ergo,
634 2156 852 2229 inquis,
886 2162 1031 2212 Deus
1079 2159 1246 2212 Pater
1286 2174 1418 2228 pars
1470 2161 1547 2211 est
1588 2158 1708 2211 Dei.
1740 2156 1927 2211 Absit.

282 2247 428 2302 Tres
459 2245 616 2302 enim
657 2262 917 2317 personae
972 2250 1111 2302 sunt
1140 2246 1312 2301 Pater
1341 2250 1397 2301 et
1446 2245 1627 2301 Filius
1666 2250 1722 2301 et
1748 2245 1931 2317 Spiri-

278 2339 379 2390 tus
410 2339 683 2391 sanctus:
709 2338 765 2391 et
793 2335 851 2390 hi
884 2338 1003 2391 tresl
1023 2335 1162 2407 quia
1188 2335 1364 2389 unius
1395 2334 1737 2390 substantias
1768 2338 1927 2400 sunt,

279 2440 464 2479 unum
500 2428 722 2495 sunt,et
748 2441 983 2480 summe
1005 2441 1187 2479 unum
1211 2428 1369 2487 sunt,
1393 2424 1489 2478 ubi
1516 2423 1679 2478 nulla
1700 2432 1930 2478 natura-

278 2529 434 2579 rum,
468 2512 630 2567 nulla
657 2517 747 2568 est
779 2513 1089 2568 diversitas
1110 2512 1573 2568 voluntatum.Si
1605 2517 1801 2567 autem
1826 2529 1926 2566 na-

280 2605 415 2657 tura
448 2619 634 2657 unum
668 2607 882 2670 essent,
916 2607 973 2657 et
1004 2602 1385 2658 consensione
1416 2618 1531 2657 non
1562 2606 1778 2667 essent,
1811 2618 1927 2656 non

284 2707 518 2747 summe
536 2708 718 2746 unum
742 2696 958 2748 essent:
984 2692 1034 2747 si
1049 2708 1181 2746 vero
1203 2696 1413 2746 natura
1426 2691 1689 2762 dispares
1709 2694 1924 2759 essent,

281 2797 469 2836 unum
504 2798 618 2836 non
650 2786 864 2836 essent.
900 2782 968 2835 Hi
1000 2797 1136 2853 ergo
1166 2781 1407 2849 tres,qui
1434 2797 1619 2834 unum
1643 2783 1783 2835 sunt
1799 2796 1927 2851 pro-

278 2874 409 2941 pter
438 2870 795 2925 ineffabilem
829 2870 1300 2941 conjunctionem
1332 2867 1928 2940 deitatis,quaineifa-

279 2958 475 3013 biliter
497 2959 1032 3031 copulantur,unus
1055 2959 1210 3014 Deus
1227 2958 1515 3014 est.Porro
1546 2964 1739 3013 autem
1762 2958 1924 3011 Chri-

278 3052 410 3102 stus
445 3065 563 3102 una
597 3064 844 3119 persona
884 3054 973 3104 est
1008 3049 1252 3120 gemina:
1292 3047 1659 3112 substantias,
1688 3046 1827 3118 quia
1869 3050 1927 3102 et

278 3140 433 3190 Deus
456 3141 514 3190 et
544 3136 719 3192 homo
748 3141 859 3192 est.
885 3137 1001 3194 Nec
1030 3142 1226 3191 tamen
1250 3136 1403 3192 Deus
1436 3153 1570 3206 pars
1603 3136 1777 3206 hujus
1800 3151 1923 3206 per-

276 3241 433 3280 sona:
466 3225 580 3279 dici
610 3230 803 3296 potest
853 3242 866 3279 :
920 3225 1177 3295 alioquin
1212 3224 1391 3281 Filius
1432 3225 1531 3280 Dei
1579 3230 1727 3280 Deus
1755 3229 1921 3280 ante-

274 3330 456 3385 quam
487 3314 810 3386 susciperet
850 3314 1098 3369 formam
1131 3314 1302 3383 servi,
1350 3331 1466 3369 non
1496 3317 1622 3369 erat
1650 3318 1831 3381 totus,
1866 3317 1924 3369 et

274 3403 457 3459 crevit
487 3419 617 3459 cum
649 3402 823 3458 homo
856 3403 1145 3459 divinitati
1192 3404 1321 3473 ejus
1369 3403 1633 3459 accessit.
1677 3403 1838 3466 Quod
1872 3402 1923 3458 si

289 3507 408 3546 una
434 3508 685 3563 persona
716 3492 1141 3548 absurdissime
1169 3491 1553 3563 dicitur,quia
1573 3508 1704 3562 pars
1727 3492 1809 3547 rei
1832 3492 1921 3546 ul-

280 3579 399 3635 lius
439 3597 568 3637 esse
603 3597 734 3653 Anon
784 3586 977 3653 potest
1024 3581 1219 3647 Deus;
1282 3587 1501 3652 quanto
1554 3581 1743 3652 magis
1783 3598 1920 3652 pars

274 3669 580 3725 Trinitatis
600 3648 738 3725 base
769 3687 883 3725 non
916 3674 1125 3741 potest,
1158 3669 1496 3740 quicunque
1542 3686 1696 3724 unus
1728 3669 1786 3723 in
1816 3669 1920 3723 tri-

273 3758 387 3813 bus
408 3758 434 3812 ?
464 3758 678 3815 Deinde
708 3759 809 3813 ubi
845 3759 927 3814 ait
955 3759 1291 3831 Apostolus,
1330 3761 1438 3827 Qui
1467 3758 1705 3813 adhaeret
1732 3759 1921 3813 Domi-

272 3864 367 3917 no,
392 3865 535 3903 unus
563 3850 795 3920 spiritus
824 3857 937 3917 est;
973 3850 1018 3920 (Ι
1045 3852 1267 3920 Cor.x1,
1290 3850 1410 3918 17);
1444 3848 1709 3920 nunquid
1746 3848 1920 3917 hujus

275 3938 453 3992 unius
473 3955 607 4009 pars
630 3942 719 3993 est
740 3937 1063 3994 Dominus?
1086 3939 1142 3994 Si
1175 3939 1329 3993 enim
1365 3938 1470 3993 hoc
1500 3936 1919 4008 dicimus,quid

273 4027 432 4082 aliud
486 4027 676 4082 dicere
723 4027 1238 4098 deprehendimur,
1273 4028 1387 4082 nisi
1434 4028 1588 4099 quod
1639 4031 1924 4098 augeatur

273 4116 607 4172 adherente
638 4116 959 4183 homine,et
989 4117 1291 4172 recedente
1320 4116 1622 4171 minuatur
1642 4116 1669 4170 ‘I
1699 4118 1763 4170 In
1796 4115 1921 4171 Tri-

270 4205 455 4260 nitate
499 4206 677 4277 igitur
707 4222 834 4278 quae
881 4206 1035 4261 Deus
1083 4210 1190 4277 est,
1224 4210 1281 4261 et
1323 4206 1491 4261 Pater
1519 4205 1673 4260 Deus
1726 4209 1835 4268 est,
1866 4209 1923 4259 et

274 4293 458 4350 Filius
492 4295 641 4350 Deus
671 4300 778 4359 est,
802 4298 859 4350 et
887 4294 1141 4365 Spiritus
1166 4299 1404 4350 sanctus
1434 4294 1589 4349 Deus
1618 4299 1727 4360 est,
1755 4297 1812 4348 et
1843 4293 1920 4348 si-

270 4383 398 4438 mul
431 4382 490 4437 hi
523 4388 642 4439 tres
672 4400 828 4439 unus
858 4384 1046 4439 Deus:
1072 4400 1177 4439 nec
1211 4383 1387 4454 hujus
1416 4383 1721 4438 Trinitatis
1752 4383 1923 4437 tertia

270 4488 410 4543 pars
442 4476 533 4528 est
564 4489 741 4539 unus,
772 4489 879 4528 nec
910 4474 1099 4543 major
1128 4489 1264 4544 pars
1295 4472 1411 4527 duo
1441 4488 1615 4550 quam
1649 4488 1804 4527 unus
1834 4474 1922 4527 est

271 4561 353 4616 ibi
383 4579 397 4629 ;
427 4578 532 4617 nec
563 4562 757 4632 majus
788 4560 1012 4634 aliquid
1046 4566 1185 4616 sunt
1214 4578 1417 4616 omnes
1449 4577 1625 4632 quam
1658 4559 1875 4632 singuli
1902 4576 1915 4616 :

270 4650 417 4722 quia
447 4650 795 4723 spiritualis,
827 4667 941 4706 non
968 4649 1285 4722 corporalis
1318 4653 1405 4705 est
1434 4649 1920 4722 magnitudo.Qui

270 4742 477 4812 potesf
499 4756 723 4812 capere,
777 4739 967 4812 capiat
1012 4740 1221 4811 (Matth.
1255 4756 1370 4807 xxx,
1422 4740 1510 4811 12)
1543 4754 1556 4793 :
1593 4739 1691 4810 qui
1724 4743 1920 4794 autem

271 4846 394 4884 non
428 4832 638 4900 potest,
673 4828 891 4899 credat,
918 4833 974 4884 et
998 4833 1121 4884 oret
1150 4828 1382 4900 utquod
1406 4828 1590 4883 credit
1610 4827 1916 4899 intelligat.

271 4918 488 4973 Verum
522 4921 606 4973 est
636 4916 793 4971 enim
826 4918 981 4988 quod
1015 4917 1229 4972 dicitur
1260 4933 1362 4989 per
1406 4916 1768 4987 prophetam,
1800 4917 1921 4971 Nisi

266 5006 652 5073 credideritis,
680 5020 793 5060 non
824 5006 1146 5076 intelligetis
1176 5007 1324 5078 (Isai.
1354 5022 1453 5073 vn,
1485 5005 1562 5076 9).

339 5096 396 5151 3.
424 5096 512 5150 Tu
544 5111 755 5166 nempe
784 5094 1002 5161 dixisti,
1026 5111 1200 5150 unum
1230 5097 1401 5151 Deum
1427 5111 1538 5150 non
1565 5109 1637 5150 ea:
1660 5094 1920 5165 partibus

261 5201 384 5242 esse
410 5185 781 5256 compositum.
815 5185 883 5239 Et
913 5184 1050 5255 quia
1081 5184 1151 5239 de
1196 5184 1364 5239 Patre
1394 5184 1503 5239 hoc
1530 5183 1618 5238 vis
1650 5181 1917 5254 intelligi,

256 5277 388 5341 Ille,
419 5273 641 5345 inquis,
693 5273 836 5345 quod
864 5276 962 5342 est,
992 5275 1167 5329 virtus
1213 5282 1291 5327 est
1338 5274 1610 5342 ingenita,
1659 5272 1916 5343 simplex.

260 5366 333 5421 Et
365 5369 562 5418 tamen
595 5363 655 5417 in
687 5361 796 5417 hac
829 5361 1079 5432 simplici
1114 5362 1327 5416 virtute
1357 5377 1534 5431 quam
1557 5359 1746 5414 multa
1766 5376 1918 5415 com-

262 5451 706 5517 memoraveris,
730 5450 878 5518 vide,
904 5450 1051 5505 Nam
1083 5451 1387 5522 superiora
1415 5449 1589 5503 verba
1616 5454 1717 5503 tua
1739 5454 1913 5503 sunt:

260 5545 407 5600 Deus
439 5542 608 5597 Deum
654 5541 864 5612 genuit,
902 5541 1170 5596 Dominus
1206 5540 1505 5595 Dominum
1555 5540 1762 5609 genuit,
1804 5541 1919 5594 Rex

260 5638 471 5705 Regem
490 5632 702 5703 genuit,
727 5630 953 5686 Creator
974 5630 1282 5685 Creatorem
1301 5629 1507 5700 genuit,
1517 5627 1688 5684 bonus
1720 5626 1917 5682 bonum

254 5723 479 5797 genuit,
508 5722 733 5793 sapiens
761 5721 1066 5793 sapientem
1081 5723 1293 5793 genuit,
1311 5718 1542 5777 clemens
1570 5717 1912 5790 clementem,

1613 335 1847 395 LIBER
1891 334 2329 399 SECUNDUS.

3557 334 3675 393 766

2027 473 2220 539 potens
2244 475 2537 540 potentem.
2574 470 2689 525 Cur
2708 485 2844 542 ergo
2876 468 2935 523 in
2966 469 3178 523 virtute
3209 465 3487 539 simplici,
3519 466 3672 537 quod

2026 562 2117 613 est
2147 558 2320 627 Deus,
2355 576 2469 614 non
2502 559 2750 615 timuisti
2780 563 2865 613 tot
2894 573 3355 613 commemorare
3392 554 3675 609 virtutes?

2029 646 2101 702 Ut
2130 647 2285 702 enim
2318 649 2588 702 omittam
2623 654 2875 720 quatuor
2905 664 3050 719 quas
3084 646 3206 701 loco
3239 644 3539 716 superiore
3567 662 3672 715 po-

2030 736 2223 800 suisti,
2256 741 2311 791 et
2340 736 2485 791 alias
2518 742 2769 807 quatuor
2801 737 3015 802 dicam,
3051 752 3196 807 quas
3229 734 3531 789 enuntiare
3562 734 3679 788 usi-

2028 826 2167 880 tatis
2188 825 2530 880 nominibus
2554 826 2888 896 possimus;
2924 824 3212 896 numquid
3247 823 3476 879 bonitas
3507 826 3563 876 et
3593 839 3680 877 sa-

2028 914 2247 985 pientia
2277 920 2333 969 et
2363 914 2669 970 clementia
2710 919 2767 969 et
2819 915 3077 985 potentia
3106 918 3299 984 partes
3332 918 3469 967 sunt
3500 912 3676 966 unius

2026 1002 2281 1073 virtutis,
2315 1020 2490 1075 quam
2536 1003 2864 1073 simplicem
2898 1020 3024 1059 esse
3056 1002 3299 1057 dixisti?
3346 1002 3406 1056 Si
3438 1000 3673 1071 dixeris,

2030 1093 2228 1147 Partes
2259 1098 2399 1148 sunt
2424 1110 2438 1159 ;
2468 1091 2715 1163 simplex
2746 1108 2881 1163 ergo
2912 1092 3098 1147 virtus
3124 1108 3192 1145 ex
3217 1091 3475 1161 partibus
3505 1106 3676 1145 cons-

2030 1184 2137 1250 tat,
2197 1186 2254 1235 et
2310 1181 2561 1253 simplex
2629 1181 2744 1236 ista
2802 1182 2985 1236 virtus
3041 1185 3096 1235 te
3154 1180 3467 1235 deﬁniente
3522 1196 3679 1235 unus

2029 1273 2118 1325 est
2152 1272 2320 1325 Deus.
2355 1270 2546 1325 Unum
2581 1286 2717 1341 ergo
2750 1271 2933 1325 Deum
2964 1286 3031 1324 ex
3083 1268 3352 1340 partibus
3383 1267 3677 1340 composi-

2031 1362 2157 1413 tum
2189 1376 2313 1415 esse
2343 1360 2538 1415 dicis?
2582 1360 2707 1414 Non
2759 1359 2907 1428 dico,
2952 1358 3165 1427 inquis.
3219 1357 3343 1411 Non
3374 1360 3512 1411 sunt
3540 1372 3676 1428 ergo

2033 1453 2228 1520 partes
2260 1466 2272 1504 :
2308 1454 2365 1503 et
2394 1454 2587 1504 tamen
2621 1454 2873 1519 quatuor
2923 1452 3080 1513 sunt,
3114 1451 3173 1500 et
3205 1462 3322 1501 una
3349 1446 3535 1500 virtus
3565 1449 3672 1515 est,

2033 1538 2355 1608 eademque
2388 1536 2634 1609 simplex
2663 1540 2769 1593 est.
2792 1536 2848 1590 Si
2880 1552 3016 1606 ergo
3049 1536 3107 1589 in
3140 1552 3256 1588 una
3280 1534 3461 1589 Patris
3485 1550 3677 1606 perso—

2033 1642 2127 1695 na,
2157 1630 2214 1680 et
2248 1626 2414 1697 plura
2445 1626 2690 1691 invenis,
2716 1630 2772 1680 et
2801 1629 2993 1697 partes
3019 1641 3132 1678 non
3164 1622 3425 1689 invenis;
3458 1626 3675 1693 quanto

2034 1712 2220 1782 magis
2253 1713 2418 1767 Pater
2464 1718 2520 1768 et
2551 1713 2735 1767 Filius
2773 1717 2829 1768 et
2856 1712 3111 1784 Spiritus
3144 1715 3385 1765 sanctus
3417 1715 3473 1765 et
3504 1726 3677 1781 prop-

2032 1804 2121 1856 ter
2152 1801 2512 1857 individuam
2542 1802 2817 1856 deitatem
2852 1818 3006 1855 unus
3038 1800 3190 1855 Deus
3221 1804 3327 1861 est,
3364 1804 3421 1853 et
3446 1803 3681 1869 propter

2036 1890 2502 1961 uniuscujusque
2535 1890 2946 1961 proprietatem
2980 1895 3100 1944 tres
3142 1904 3401 1960 personae
3433 1892 3592 1957 sunt,
3625 1892 3682 1941 et

2038 1986 2269 2051 propter
2300 1978 2667 2049 singulorum
2702 1979 3116 2050 perfectionem
3152 1981 3345 2048 partes
3374 1976 3549 2029 unius
3581 1974 3676 2029 Dei

2033 2083 2147 2122 non
2178 2072 2318 2121 sunt
2338 2067 2365 2120 ‘2
2396 2067 2587 2121 Virtus
2610 2071 2697 2122 est
2726 2066 3101 2135 Pater,virtus
3128 2063 3523 2131 Filius,virtus
3548 2063 3675 2134 Spi-

2033 2156 2182 2210 ritus
2213 2160 2473 2211 sanctus.
2500 2159 2617 2211 Hoc
2640 2172 2837 2210 verum
2872 2155 3020 2209 dicis
3047 2172 3059 2209 :
3086 2154 3187 2208 sed
3215 2153 3371 2223 quod
3401 2152 3677 2207 virtutem

2033 2244 2104 2299 de
2124 2246 2340 2300 virtute
2367 2245 2711 2317 genitam,et
2729 2244 3007 2298 virtutem
3032 2243 3101 2298 de
3120 2242 3332 2296 virtute
3362 2241 3677 2312 proceden-

2034 2337 2149 2387 tem
2183 2350 2297 2389 non
2328 2335 2415 2389 vis
2448 2335 2713 2389 eamdem
2748 2333 2961 2388 habere
2994 2336 3286 2396 naturam,
3320 2330 3428 2409 hoc
3462 2328 3678 2384 falsum

2033 2422 2316 2488 dicis,hoc
2349 2427 2553 2477 contra
2584 2422 2758 2476 fidem
2790 2426 3009 2476 rectam
3040 2425 3097 2474 et
3126 2418 3467 2475 catholicam
3505 2416 3672 2472 dicis.

2103 2510 2333 2566 CAPUT
2363 2512 2455 2567 XI.
2491 2543 2557 2551 —
2589 2512 2764 2566 Redis
2797 2515 2862 2565 ut
2893 2526 3120 2581 quaeras
3165 2526 3199 2564 a
3239 2525 3352 2574 me,
3384 2508 3677 2578 quomodo

2031 2598 2108 2654 sit
2136 2599 2445 2655 invisibilis
2478 2600 2680 2664 Filius,
2706 2601 2859 2655 unde
2883 2601 3009 2669 jam
3042 2598 3156 2652 dixi
3192 2596 3484 2668 superius,
3519 2597 3675 2667 quod

2029 2688 2220 2744 visum
2252 2695 2341 2743 est
2360 2688 2693 2745 dicendum.
2729 2689 2837 2743 Sed
2870 2692 2919 2742 si
2948 2689 3010 2743 ob
3042 2686 3572 2757 hoc,inquis,Filius
3592 2687 3676 2739 in-

2028 2779 2267 2833 visibilis
2291 2795 2325 2831 α
2347 2788 2395 2833 te
2412 2781 2902 2845 pronuntiatur,eo
2924 2776 3064 2848 quod
3080 2776 3252 2831 oculis
3272 2776 3529 2830 humanis
3548 2789 3675 2828 con-

2030 2868 2290 2936 templari
2316 2883 2427 2923 non
2451 2870 2652 2939 possit;
2680 2884 2781 2922 cur
2799 2883 2910 2921 non
2938 2875 2990 2920 et
3010 2866 3242 2921 cmlestes
3274 2865 3499 2919 virtutes
3516 2864 3672 2933 pari-

2029 2959 2112 3010 ter
2139 2956 2445 3011 invisibiles
2471 2958 2818 3027 pronuntias,
2852 2954 3065 3026 quando
3110 2970 3206 3008 nec
3234 2955 3371 3024 ipsae
3400 2952 3673 3008 obtutibus

2028 3044 2288 3099 humanis
2318 3044 2499 3099 videri
2526 3053 2748 3115 possunt
2773 3048 2797 3097 .9
2831 3045 2914 3098 lta
2944 3043 3053 3097 hoc
3083 3041 3249 3113 dicis,
3284 3041 3455 3113 quasi
3488 3042 3676 3113 possit

2027 3134 2099 3189 ab
2131 3133 2368 3188 homine
2399 3133 2813 3205 comprehendi
2851 3132 2984 3203 quis
3015 3131 3111 3186 ille
3160 3132 3240 3186 sit
3291 3130 3522 3193 modus,
3556 3148 3672 3203 quo

2024 3222 2289 3277 caelestes
2331 3227 2471 3278 sunt
2501 3222 2855 3289 invisibiles;
2889 3227 2993 3276 aut
3039 3222 3106 3275 ad
3155 3220 3264 3275 hoc
3294 3220 3671 3292 quaerendum

2024 3327 2151 3367 esse
2180 3312 2495 3366 debeamus
2526 3310 2755 3379 intenti,
2788 3310 3017 3365 dicente
3039 3309 3357 3381 Scriptura,
3384 3311 3590 3364 Alliora
3621 3313 3673 3364 te

2022 3418 2094 3456 ne
2114 3404 2396 3472 quaesieris
2418 3400 2978 3473 (Eccli.m,23).0uod
3008 3405 3361 3471 praeceptum
3393 3398 3517 3470 ipse
3540 3414 3674 3453 con-

2024 3493 2501 3554 temnens,ausus
2525 3506 2585 3545 es
2608 3489 2793 3544 dicere
2817 3487 3087 3559 angelum
3111 3486 3287 3540 videri
3323 3488 3395 3540 ab
3426 3485 3668 3540 archan-

2023 3577 2169 3649 gelo,
2205 3578 2617 3650 archangelum
2661 3578 2731 3632 ab
2764 3575 2968 3649 angelo
3000 3592 3113 3629 non
3144 3574 3346 3628 videri.
3381 3574 3533 3628 Satis
3565 3574 3664 3641 sit,

2024 3668 2177 3738 quod
2209 3666 2437 3722 ostendi
2472 3683 2580 3721 non
2638 3682 2766 3721 esse
2797 3680 3159 3735 consequens
3194 3668 3255 3717 ut
3286 3663 3415 3717 ideo
3465 3662 3669 3717 creda-

2024 3773 2157 3811 mus
2186 3756 2243 3811 in
2280 3757 2464 3811 forma
2495 3756 2592 3810 Dei
2627 3754 2911 3810 visibilem
2947 3754 3177 3820 Filium,
3202 3752 3339 3823 quia
3371 3751 3660 3821 scriptum

2024 3851 2132 3913 est,
2162 3846 2441 3901 Invisibili
2470 3846 2576 3900 soli
2606 3847 2709 3901 Deo
2739 3846 2782 3916 (Ι
2817 3845 2950 3898 Tim.
2973 3861 3012 3909 ι,
3038 3844 3147 3915 17).
3175 3841 3335 3904 Quod
3368 3846 3430 3894 tu
3463 3840 3532 3894 de
3564 3839 3668 3894 Pa-

2024 3940 2111 3990 tre
2143 3934 2226 3989 sic
2272 3939 2328 3989 te
2361 3935 2619 4006 accipere
2649 3932 3117 4001 demonstrabas,
3165 3936 3441 4000 tanquam
3491 3927 3668 3982 Filius

2024 4023 2338 4081 invisibilis
2370 4040 2484 4079 non
2517 4024 2614 4092 sit,
2646 4040 2777 4077 cum
2821 4038 2956 4077 eum
3006 4027 3061 4074 et
3094 4017 3473 4074 invisibilium
3509 4034 3669 4073 crea-

2023 4118 2206 4168 torem
2248 4112 2545 4184 Scriptura
2592 4117 2858 4167 testetur.
2910 4114 3324 4165 Verumtamen
3376 4112 3560 4163 restat
3608 4110 3672 4161 ut

2024 4200 2205 4271 dicas,
2239 4201 2421 4255 Ambo
2454 4201 2689 4272 quidem
2726 4198 3045 4254 invisibiles
3078 4202 3237 4261 sunt,
3267 4197 3321 4251 id
3354 4200 3461 4264 est,
3477 4200 3533 4250 et
3567 4194 3669 4249 Pa-

2023 4292 2112 4344 ter
2139 4299 2193 4345 et
2226 4289 2431 4353 Filius,
2456 4289 2552 4344 sed
2589 4289 2753 4342 Pater
2780 4285 3127 4341 invisibilior
3157 4288 3282 4339 est:
3317 4299 3383 4337 ac
3415 4283 3495 4337 sic
3525 4282 3667 4336 dan-

2023 4379 2097 4433 do
2127 4378 2343 4448 aliquid
2376 4379 2527 4432 Patri
2562 4377 2714 4447 quod
2746 4393 2862 4430 non
2900 4375 2977 4429 sit
3019 4372 3166 4441 Filii,
3202 4371 3541 4427 mendacem
3574 4370 3670 4425 fa—

2023 4467 2145 4523 cias
2175 4469 2448 4521 eumdem
2483 4466 2691 4520 Filium
2734 4464 3043 4527 dicentem,
3080 4461 3284 4516 Omnia
3315 4475 3440 4532 quae
3471 4461 3656 4526 Pater,

2022 4573 2145 4612 mea
2174 4566 2301 4611 sunt
2332 4558 2507 4626 (Joan.
2544 4571 2657 4619 xv1,
2689 4554 2797 4621 15).

2095 4646 2325 4702 CAPUT
2365 4644 2483 4699 X11.
2510 4674 2575 4683 -——
2601 4644 2648 4696 1.
2688 4644 2799 4695 lloc
2830 4645 2886 4696 et
2916 4641 2987 4695 de
3018 4638 3273 4711 potentia
3292 4638 3474 4709 sapis,
3508 4636 3663 4708 quod

2024 4735 2241 4791 scilicet
2273 4737 2351 4788 sit
2384 4733 2617 4805 quidem
2652 4737 2855 4802 potens
2886 4735 2944 4785 et
2989 4728 3191 4793 Filius,
3244 4728 3342 4782 sed
3378 4726 3668 4798 potentior

2023 4825 2193 4880 Pater
2224 4822 2368 4878 Filio
2406 4838 2417 4877 :
2452 4827 2513 4876 ut
2545 4820 2885 4875 auctoribus
2916 4824 2973 4873 et
3002 4817 3339 4872 doctoribus
3367 4815 3530 4870 vobis
3565 4831 3662 4885 po-

2022 4914 2199 4969 tuerit
2223 4916 2512 4982 potentem
2540 4915 2769 4979 potens,
2798 4922 2902 4961 nec
2933 4905 3182 4978 potuerit
3205 4904 3667 4973 omnipotentem

2021 5003 2260 5074 gignere
2286 5000 2675 5070 omnipotens.
2700 5005 2779 5050 Ac
2805 5012 2907 5068 per
2933 4995 3040 5051 hoc
3071 4996 3119 5049 si
3147 4995 3321 5049 habet
3350 4993 3519 5045 Pater
3549 5006 3671 5045 om-

2022 5089 2407 5162 nipotentiam
2458 5104 2635 5159 quam
2676 5103 2791 5141 non
2845 5086 3018 5141 habet
3068 5083 3271 5152 Filius,
3315 5080 3526 5136 falsum
3584 5082 3673 5134 est

2023 5180 2177 5251 quod
2211 5179 2290 5233 ait
2322 5176 2521 5242 Filius,
2557 5177 2754 5232 Omnia
2800 5191 2926 5246 quae
2960 5175 3118 5228 habet
3160 5178 3343 5235 Pater,
3374 5186 3495 5224 mea
3518 5177 3669 5226 sunt.

2021 5267 2240 5323 Deinde
2264 5268 2312 5321 si
2343 5266 2565 5337 aliquid
2601 5266 2738 5320 facit
2780 5265 2966 5328 Pater,
3006 5263 3157 5333 quod
3192 5261 3378 5314 facere
3409 5275 3524 5313 non
3568 5276 3669 5330 po»

2019 5360 2135 5411 test
2184 5354 2389 5421 Filius,
2432 5354 2635 5409 merito
2686 5354 2900 5408 dicitur
2942 5351 3231 5423 potentior
3270 5348 3440 5404 Pater
3488 5364 3669 5418 quam

2023 5445 2247 5500 Filius:
2292 5462 2422 5499 cum
2482 5460 2617 5499 vero
2650 5443 2823 5512 dicat,
2876 5445 3241 5510 Quaecumque
3288 5439 3455 5494 Pater
3510 5440 3668 5509 facit,

2019 5535 2133 5590 haec
2190 5544 2241 5591 et
2290 5536 2470 5592 Filius
2504 5531 2773 5586 similiter
2820 5532 2960 5601 facit
2993 5531 3172 5596 (Joan.
3212 5545 3266 5599 v,
3315 5528 3340 5581 1
3372 5527 3446 5597 ν);
3480 5543 3673 5583 nonne

2021 5625 2231 5682 melius
2262 5625 2500 5679 auditur
2531 5622 2654 5692 ipse
2688 5636 2863 5691 quam
2908 5636 3010 5674 vos
3043 5618 3377 5688 meliusque
3410 5616 3521 5687 ipsi
3553 5633 3674 5673 cre-

2019 5716 2178 5774 ditur
2204 5712 2435 5771 docenti
2458 5727 2634 5785 quam
2667 5707 3097 5781 decipientibus
3119 5705 3328 5765 vobis?
3354 5705 3457 5763 Sed
3482 5713 3674 5779 polen-
