4094 6188
263 374 386 432 773

262 505 449 560 Deus?
475 502 547 557 Et
578 500 750 573 paulo
781 503 913 572 post
944 499 1089 556 dicis
1114 518 1128 556 :
1155 501 1366 569 Quanto
1397 502 1575 571 magis
1596 501 1732 555 Deus
1752 500 1919 555 Pater

259 591 711 663 incorruptibilis
741 591 1260 662 incorruptibiliter
1273 592 1472 659 genuit
1505 592 1752 646 Filium?
1788 590 1921 645 Jam

264 698 449 754 supra
474 680 613 751 dixi,
637 680 861 735 nescire
880 697 971 735 me
992 680 1130 751 quid
1157 679 1409 735 volueris
1433 680 1503 734 de
1534 680 1729 735 anima
1751 677 1923 733 intel-

265 771 396 844 ligi,
428 772 498 825 de
527 786 643 843 qua
664 769 827 841 prius
849 769 1045 825 dixisti
1079 769 1229 840 quod
1270 786 1383 825 non
1423 772 1698 825 nascatur
1729 768 1925 823 anima

267 861 345 917 de
375 858 583 926 anima,
613 863 670 914 et
702 864 922 931 postea,
956 859 1107 930 quod
1161 859 1360 914 anima
1402 856 1926 931 incorruptibiliter

267 951 476 1024 gignat
506 948 713 1016 filium,
737 948 787 1005 si
818 948 1074 1004 animam
1107 948 1314 1021 gignit,
1337 949 1627 1021 quomodo
1650 963 1765 1002 non
1788 963 1925 1001 nas-

271 1040 426 1096 citur
454 1037 651 1093 anima
680 1038 751 1093 de
781 1038 977 1093 anima
996 1038 1023 1091 ‘2
1052 1038 1111 1092 Si
1145 1054 1404 1106 carnem,
1449 1041 1512 1091 tu
1542 1035 1755 1092 videris
1790 1052 1929 1107 quo-

272 1128 447 1184 modo
481 1127 557 1182 sit
586 1142 719 1181 caro
752 1141 923 1182 verus
966 1127 1172 1182 anima
1223 1126 1399 1181 filius.
1433 1125 1700 1182 Christus
1744 1124 1925 1202 enim,

272 1221 511 1289 propter
544 1231 720 1287 quem
752 1216 971 1287 putasti
1009 1215 1161 1270 hanc
1192 1215 1583 1271 adhibendam
1617 1212 1927 1269 similtudi-

274 1321 614 1372 nem,verus
636 1309 727 1359 est
744 1304 843 1359 Dei
868 1304 1066 1359 Filius.
1100 1304 1160 1359 Si
1192 1309 1386 1360 autem
1410 1302 1932 1375 incorruptibiliter

275 1395 515 1468 gignere
544 1394 805 1448 animam
837 1392 1025 1448 tilium
1065 1392 1927 1465 sicaccipivoluisti,quomodo

276 1484 359 1540 ait
387 1483 723 1555 Apostolus,
753 1485 815 1538 In
848 1483 1061 1537 Christo
1095 1484 1246 1537 enim
1274 1484 1401 1539 Iesu
1429 1499 1526 1555 per
1553 1482 1931 1555 Evangelium

276 1589 372 1645 ego
402 1588 493 1629 vos
517 1574 687 1642 genui
713 1572 759 1645 (Ι
787 1571 915 1627 Cor.
949 1588 1025 1639 IV,
1063 1572 1176 1644 15);
1202 1589 1307 1627 cur
1337 1589 1451 1628 non
1479 1570 1927 1641 attendis,quod

270 1664 402 1734 jam
461 1667 625 1718 erant
656 1661 767 1716 illa
820 1660 1030 1717 anima
1077 1661 1137 1716 in
1184 1666 1374 1717 vetere
1442 1661 1580 1728 vita,
1630 1677 1775 1732 quas
1832 1674 1936 1731 per

278 1751 657 1825 Evangelium
720 1751 1049 1806 renovando
1107 1751 1423 1823 Apostolus
1481 1750 1747 1823 genuit?
1806 1750 1934 1805 Ver-

283 1842 423 1897 bum
452 1845 649 1896 autem
680 1839 780 1895 Dei
817 1840 968 1896 Deus
1013 1841 1354 1911 unigenitus
1396 1840 1598 1911 Filius,
1630 1842 1784 1896 sicut
1806 1841 1931 1910 jam

286 1929 737 2003 disputavimus,
768 1945 882 1985 non
941 1929 1103 2001 prius
1150 1928 1371 2002 aliquid
1420 1930 1547 2000 fuit,
1600 1934 1658 1985 et
1696 1944 1933 1984 renova-

289 2020 441 2075 tione
469 2024 560 2075 est
588 2023 900 2091 generatus
933 2035 966 2073 a
994 2022 1163 2074 Patre
1208 2019 1309 2075 sed
1340 2035 1472 2074 cum
1509 2018 1673 2073 Patre
1704 2032 1936 2088 semper

284 2109 412 2173 fuit;
446 2108 599 2163 sicut
645 2113 734 2164 est
774 2123 1004 2179 semper
1062 2113 1239 2179 atque
1292 2108 1404 2163 erit
1449 2105 1704 2163 mirabili
1763 2111 1935 2176 atque

279 2195 563 2253 ineffabili
615 2196 787 2251 modo
817 2197 1049 2267 genitus
1082 2197 1153 2252 ab
1184 2200 1397 2252 aeterno
1428 2201 1772 2252 coaternus.
1821 2195 1932 2250 Sed

282 2286 328 2342 si
355 2285 427 2341 ob
459 2284 990 2341 hocintroduxistis
1021 2285 1167 2340 hanc
1195 2285 1541 2341 dissimilem
1594 2284 1936 2341 similitudi-

282 2392 438 2442 nem,
467 2379 532 2429 ut
560 2389 853 2429 assereres
906 2374 1089 2429 Deum
1138 2379 1369 2430 Patrem
1416 2373 1938 2446 incorruptibiliter

284 2464 588 2538 genuisse:
636 2462 753 2518 noli
784 2461 1075 2531 laborare;
1111 2464 1392 2519 confiteor
1413 2465 1650 2519 omnino
1673 2464 1936 2519 incorru-

285 2553 572 2625 ptibiliter
592 2553 866 2624 genuisse
898 2551 1079 2607 Deum
1113 2553 1339 2608 Patrem
1374 2554 1472 2608 sed
1508 2553 1662 2624 quod
1694 2558 1781 2608 est
1812 2554 1938 2625 ipse

285 2642 585 2714 genuisse.
618 2643 837 2698 Iterum
869 2642 1024 2697 enim
1049 2641 1176 2697 dico
1230 2642 1345 2711 hic,
1389 2644 1542 2715 quod
1589 2643 1753 2700 vobis
1786 2660 1938 2714 sape

288 2732 603 2787 dicendum
633 2736 722 2787 est
756 2747 768 2786 :
794 2733 909 2786 Aut
938 2732 1009 2786 de
1039 2731 1237 2802 aliqua
1259 2732 1589 2789 substantia
1628 2737 1803 2788 natus
1851 2736 1940 2788 est

292 2822 389 2878 Dei
419 2821 602 2876 Filius
624 2825 726 2876 aut
756 2821 825 2876 de
856 2819 1033 2876 nulla.
1070 2821 1128 2876 Si
1162 2822 1231 2877 de
1255 2821 1437 2891 nulla,
1462 2839 1596 2894 ergo
1628 2823 1699 2877 de
1722 2822 1935 2889 nihilo;

291 2912 445 2983 quod
480 2927 579 2965 vos
640 2927 744 2965 nos
776 2910 965 2964 dicere
987 2910 1111 2981 jam
1158 2915 1448 2966 tenemus.
1499 2911 1557 2967 Si
1579 2911 1799 2983 aliqua,
1838 2928 1940 2967 nec

290 3005 487 3055 tamen
520 3000 591 3055 de
622 2998 827 3064 Patris,
865 3015 979 3053 non
1004 3014 1175 3054 verus
1217 3004 1305 3054 est
1326 2999 1524 3055 Filius.
1559 3000 1612 3053 Si
1638 3001 1708 3055 de
1732 3001 1938 3069 Patris,

290 3088 468 3144 unius
498 3088 877 3159 ejusdemque
908 3088 1249 3143 substantia
1276 3092 1416 3144 sunt
1454 3092 1624 3144 Pater
1652 3096 1708 3145 et
1742 3089 1940 3145 Pilius.

291 3178 599 3245 Quomodo
642 3181 837 3232 autem
882 3176 1026 3231 nihil
1061 3176 1203 3233 Filio
1239 3178 1546 3246 subtraxit,
1580 3182 1646 3233 ut
1692 3179 1860 3246 dicis,
1896 3178 1946 3235 si

288 3269 553 3339 ejusdem
588 3267 933 3322 substantia
965 3270 1071 3334 est,
1105 3273 1161 3321 et
1189 3270 1387 3323 tamen
1420 3268 1581 3324 mino
1611 3273 1700 3324 est
1729 3284 1833 3324 nec
1867 3269 1946 3324 si-

291 3362 392 3413 cut
421 3357 619 3411 infans
652 3371 877 3411 crecere
909 3354 1145 3426 potest?

362 3464 417 3517 5.
437 3462 570 3517 Jam
591 3477 724 3517 vero
748 3461 818 3516 de
840 3460 1277 3517 immortalitate
1294 3462 1554 3534 Dei,quia
1568 3481 1679 3519 non
1696 3464 1949 3533 Patrem,

297 3552 399 3608 sed
435 3558 613 3606 Deum
639 3549 736 3621 qui
760 3555 817 3604 et
862 3553 1034 3604 Pater
1073 3554 1162 3605 est
1184 3554 1239 3606 et
1266 3550 1445 3607 Filius
1467 3557 1524 3607 et
1543 3553 1793 3625 Spiritus
1816 3571 1949 3610 san-

300 3646 453 3709 ctus,
472 3638 664 3695 solum
693 3638 905 3693 habere
930 3638 1428 3695 immortalitatem
1452 3641 1596 3696 dixit
1618 3642 1949 3714 Apostolus,

299 3730 449 3786 satis
468 3728 741 3800 superius
769 3726 1328 3799 disputavi,quando
1349 3729 1545 3801 ipsum
1569 3730 1954 3802 apostolicum

302 3816 711 3874 testimonium
742 3820 799 3871 et
829 3816 1222 3887 posuitotum,
1254 3822 1310 3871 et
1338 3819 1598 3889 exposui.

381 3934 435 3987 6.
462 3931 737 4004 Displicet
759 3932 888 3998 tibi,
932 3932 1083 4003 quod
1132 3932 1411 4004 aqualem
1431 3934 1588 3989 Patri
1637 3938 1959 3995 asserimus

304 4021 557 4078 Filium:
584 4021 752 4093 quasi
787 4020 973 4091 possit
1014 4038 1142 4077 esse
1177 4021 1505 4093 inaqualis,
1539 4024 1638 4095 qui
1670 4042 1840 4080 verus
1872 4032 1962 4082 est

300 4111 511 4182 Filius,
549 4128 660 4166 non
693 4116 867 4165 natus
903 4126 970 4165 ex
998 4115 1282 4182 tempore,
1313 4113 1413 4168 sed
1439 4113 1698 4185 gignenti
1726 4120 1957 4170 coater-

302 4218 445 4268 nus,
473 4201 626 4256 sicut
651 4197 926 4272 splendor
946 4202 1017 4255 ab
1050 4200 1183 4272 igne
1216 4202 1450 4272 genitus
1479 4204 1738 4274 gignenti
1772 4206 1958 4261 mani-

301 4291 559 4346 festatur
585 4306 893 4360 aquavus.
929 4289 1037 4345 Sed
1071 4291 1248 4357 habet,
1281 4291 1500 4361 inquis,
1535 4294 1637 4347 Dei
1665 4294 1836 4349 Filius
1855 4312 1959 4350 au-

300 4383 514 4435 ctorem
545 4382 783 4433 Patrem.
819 4378 875 4432 Si
907 4383 1209 4449 propterea
1235 4378 1418 4433 Deum
1454 4380 1678 4435 Patrem
1714 4386 1826 4437 Deo
1871 4384 1959 4439 F'i-

300 4468 385 4523 lio
428 4468 579 4523 dicis
628 4473 948 4532 auctorem,
983 4467 1123 4538 quia
1174 4466 1271 4522 ille
1317 4468 1538 4539 genuit,
1582 4471 1816 4540 genitus
1875 4477 1964 4528 est

303 4556 445 4623 iste;
477 4557 616 4628 quia
646 4556 755 4611 iste
775 4556 846 4611 de
876 4555 973 4611 illo
1005 4560 1115 4625 est,
1149 4572 1263 4610 non
1297 4555 1393 4611 ille
1416 4557 1486 4611 de
1516 4556 1662 4627 isto;
1697 4561 1879 4616 fateor
1909 4567 1963 4617 et

305 4647 585 4702 concedo.
619 4645 677 4700 Si
710 4650 905 4701 autem
946 4662 1051 4717 per
1100 4661 1311 4701 nomen
1371 4648 1626 4702 auctoris
1677 4650 1962 4706 minorem

302 4736 399 4791 vis
428 4736 619 4790 facere
650 4734 860 4790 Filium
909 4738 1260 4805 Patremque
1300 4735 1604 4805 majorem,
1651 4753 1756 4794 nec
1808 4740 1964 4809 ejus-

306 4825 444 4879 dem
477 4825 822 4879 substantia
841 4823 1055 4878 Filium
1087 4824 1257 4893 cujus
1289 4829 1377 4877 est
1409 4823 1612 4894 Pater;
1637 4827 1968 4882 detestabor

307 4918 370 4968 et
399 4930 672 4984 respuam
696 4930 709 4968 :
746 4913 885 4985 quia
914 4919 969 4969 et
990 4912 1148 4967 filius
1180 4912 1535 4983 hominis,in
1569 4919 1851 4983 quantum
1877 4921 1968 4972 est

310 5000 493 5067 filius,
529 5002 706 5058 habet
735 5007 1029 5057 auctorem
1062 5002 1133 5056 de
1184 5019 1297 5073 quo
1351 5006 1526 5057 natus
1557 5008 1665 5074 est,
1700 5010 1921 5074 patrem
1949 5022 1963 5073 ;

309 5107 421 5146 nec
449 5096 643 5146 tamen
678 5091 804 5147 ideo
837 5108 953 5147 non
993 5096 1082 5146 est
1111 5091 1377 5161 ejusdem
1411 5092 1751 5147 substantia
1799 5095 1968 5165 cujus

309 5184 405 5234 est
433 5183 627 5251 pater;
662 5185 717 5235 et
746 5182 900 5251 quod
948 5180 1061 5235 iste
1114 5180 1327 5243 minor,
1363 5180 1551 5250 major
1600 5186 1690 5235 est
1717 5181 1833 5249 ille,
1864 5200 1967 5255 po-

310 5273 431 5323 test
461 5274 657 5323 tamen
689 5269 760 5324 ad
802 5270 1048 5324 formam
1083 5267 1268 5340 patris
1300 5268 1734 5339 valentiamque
1772 5287 1967 5341 perve-

311 5357 442 5413 nire
473 5359 808 5426 crescendo,
841 5359 900 5414 in
931 5376 1049 5431 qua
1079 5362 1305 5430 patrem
1330 5362 1635 5428 propterea
1663 5376 1778 5414 non
1810 5361 1969 5416 omni

314 5446 491 5502 modo
547 5446 766 5503 invenit
822 5447 1025 5517 talem,
1058 5447 1198 5520 quia
1256 5450 1313 5501 et
1371 5444 1471 5500 ille
1511 5446 1725 5502 defecit
1771 5465 1970 5506 senes-

314 5536 523 5591 cendo.
557 5535 651 5591 Sic
682 5536 839 5592 enim
864 5553 1098 5593 necesse
1139 5538 1227 5591 est
1271 5534 1531 5589 varietur
1562 5540 1727 5591 atate
1761 5543 1973 5594 morta-

314 5622 476 5696 litas,
504 5625 606 5680 ubi
636 5627 975 5698 temporalis
1004 5630 1114 5692 est,
1139 5641 1256 5680 non
1284 5628 1499 5678 aeterna
1529 5623 1819 5681 nativitas.
1846 5627 1972 5685 Non

317 5718 514 5770 autem
528 5712 634 5771 illa
653 5714 736 5771 sic
770 5722 879 5786 est,
904 5715 1003 5772 ubi
1047 5730 1152 5771 nec
1175 5712 1389 5768 crescit
1430 5710 1631 5780 Filius,
1665 5729 1770 5769 nec
1800 5732 1973 5773 sene-

316 5800 430 5861 scit
447 5802 855 5864 Pater.Etideo
884 5805 1192 5865 amborum
1212 5818 1327 5860 non
1347 5800 1539 5874 impar
1558 5804 1649 5860 est
1665 5806 1975 5883 atas;qu_ia

1638 368 1870 428 LIBER
1914 368 2350 433 SECUNDUS.

3569 376 3686 433 774

2034 502 2133 555 ubi
2156 506 2243 556 est
2263 503 2574 571 aternitas,
2607 520 2722 558 non
2746 506 2834 558 est
2856 506 3020 558 atas:
3061 502 3190 559 ideo
3219 502 3405 558 forma
3428 522 3543 560 non
3577 506 3684 560 im-

2032 607 2138 663 par
2164 592 2492 659 amborum;
2513 593 2791 664 quoniam
2814 609 2985 647 verus
3005 592 3207 662 Filius,
3233 593 3329 663 qui
3356 611 3467 649 non
3489 599 3554 649 ut
3579 613 3679 649 au-

2034 684 2269 751 geretur
2298 685 2386 735 est
2416 686 2608 745 natus,
2653 698 2724 737 ne
2770 685 3096 737 renameret
3126 682 3405 756 degener,
3441 685 3683 754 aqualis

2034 772 2123 823 est
2139 769 2433 825 natus.Sit
2455 785 2589 841 ergo
2610 770 2908 825 nativitate
2929 770 3190 826 humana
3210 772 3377 843 longe
3400 773 3601 827 melior
3630 779 3689 829 et

2035 857 2406 913 excellentior
2434 858 2627 913 divina
2656 858 2950 923 nativitas,
2969 859 3482 932 ineorruptihilijet
3512 861 3691 919 invio-

2035 945 2198 1001 labili
2225 946 2593 1019 generatione
2629 964 2640 1001 :
2672 964 2786 1003 non
2818 952 3016 1003 tamen
3035 948 3114 1003 sit
3145 949 3418 1018 deterior,
3455 951 3693 1007 diversi-

2034 1039 2152 1091 tate
2182 1042 2423 1091 natura.

2105 1125 2158 1178 7.
2184 1124 2294 1180 Sed
2324 1126 2502 1180 vitam
2522 1126 2717 1192 Filius,
2756 1124 2964 1197 inquit,
3006 1128 3211 1196 accepit
3238 1144 3271 1182 a
3292 1133 3484 1184 Patre.
3515 1132 3687 1186 Acce-

2038 1212 2122 1284 pit
2139 1213 2291 1267 sicut
2319 1212 2551 1285 genitus
2576 1230 2608 1267 a
2632 1213 2925 1285 gignente.
2948 1214 3162 1279 Omnia,
3188 1216 3399 1286 inquit,
3431 1233 3555 1290 quae
3583 1220 3686 1273 ha-

2039 1302 2121 1356 bet
2151 1304 2330 1371 Paler,
2364 1319 2484 1357 mea
2512 1306 2641 1357 sunt
2671 1304 2830 1374 (Joan
2887 1320 3000 1370 xvx,
3028 1304 3134 1375 15).
3160 1305 3368 1360 Omnia
3390 1322 3525 1379 ergo
3556 1325 3684 1379 qua

2038 1390 2216 1445 habet
2244 1391 2431 1457 Pater,
2469 1392 2628 1446 dedit
2659 1391 2755 1445 ille
2805 1391 3121 1463 gignendo,
3167 1396 3389 1466 accepit
3431 1396 3540 1451 iste
3578 1414 3683 1452 na-

2038 1480 2403 1535 scendo.Nec
2434 1480 2626 1535 dando
2658 1479 2751 1534 ille
2783 1480 3151 1551 amisitquod
3180 1482 3420 1550 habuit;
3455 1486 3686 1541 neciste

2038 1583 2170 1623 cum
2203 1573 2359 1624 esset
2388 1574 2445 1624 et
2475 1586 2590 1624 non
2613 1569 2849 1624 haberet
2865 1570 3081 1641 accepit
3106 1586 3117 1624 :
3146 1572 3242 1625 sed
3267 1571 3419 1627 sicut
3440 1572 3535 1629 ille
3554 1591 3683 1645 per-

2038 1662 2259 1717 mansit
2284 1661 2504 1717 habens
2538 1663 2756 1729 emnia,
2790 1678 2923 1717 cum
2956 1679 3023 1718 ea
3053 1680 3178 1734 qua
3210 1664 3385 1719 habet
3416 1666 3556 1722 Filio
3587 1668 3684 1722 de-

2039 1751 2185 1806 derit
2215 1751 2413 1806 omnia
2441 1771 2455 1813 ;
2489 1751 2572 1806 sic
2610 1751 2720 1807 iste
2768 1768 3067 1822 nunquam
3096 1752 3203 1807 fuit
3235 1754 3360 1808 sine
3391 1755 3686 1821 omnibus,

2038 1857 2162 1911 qua
2196 1857 2309 1895 non
2343 1840 2586 1913 egendo,
2621 1841 2720 1894 sed
2773 1842 3065 1895 nascendo
3110 1844 3331 1913 accepit
3363 1848 3426 1898 ut
3458 1844 3637 1900 Filius
3673 1860 3687 1900 :

2041 1929 2177 2000 quia
2207 1946 2511 2001 nunquam
2559 1928 2749 2000 potuit
2807 1944 2935 1983 esse
2985 1946 3098 1984 non
3132 1935 3328 2002 natus,
3362 1938 3417 1987 et
3467 1949 3535 1988 ea
3566 1934 3691 1989 sine

2042 2018 2258 2090 quibus
2309 2035 2424 2073 non
2483 2022 2574 2072 est
2622 2022 2819 2086 natus,
2854 2022 2908 2072 et
2939 2025 3028 2073 est
3072 2018 3462 2075 immutabilis
3494 2027 3687 2093 natus,

2041 2123 2273 2178 semper
2301 2106 2523 2173 habuit,
2552 2106 2691 2178 quia
2722 2122 2953 2177 semper
2982 2112 3071 2161 est
3100 2110 3365 2164 natus.Si
3398 2111 3553 2165 enim
3587 2110 3691 2165 ali-

2041 2197 2179 2267 quid
2211 2211 2411 2252 eorum
2454 2213 2581 2268 qua
2613 2195 2788 2250 habet
2823 2196 2986 2250 Pater
3033 2212 3146 2251 non
3195 2197 3355 2252 dedit
3388 2198 3549 2265 Filio,
3585 2199 3691 2254 fal-

2042 2302 2174 2340 sum
2207 2290 2295 2340 est
2317 2285 2467 2356 quod
2512 2284 2593 2339 ait
2621 2284 2799 2339 Filius
2835 2302 2846 2338 :
2884 2284 3081 2340 Omnia
3128 2301 3253 2355 quae
3301 2286 3463 2342 habet
3506 2290 3691 2356 Pater,

2040 2392 2167 2431 mea
2196 2380 2343 2430 sunt.
2387 2375 2496 2429 Sed
2525 2375 2662 2445 quia
2692 2391 2893 2429 verum
2925 2380 3014 2430 est
3046 2392 3286 2446 prorsus
3330 2378 3528 2433 omnia
3568 2394 3694 2449 qua

2042 2464 2220 2520 habet
2254 2465 2438 2529 Pater,
2478 2463 2655 2533 dedit,
2688 2468 2751 2518 ut
2792 2462 3071 2531 diximus,
3105 2464 3200 2520 ille
3230 2466 3544 2539 gignendo,
3597 2483 3694 2522 ac-

2045 2554 2197 2625 cepit
2224 2553 2334 2608 iste
2368 2552 2682 2607 nascendo.
2728 2558 2808 2606 Ac
2851 2568 2955 2623 per
2986 2552 3093 2608 hoc
3144 2554 3303 2609 dedit
3345 2555 3441 2611 ille
3489 2556 3688 2622 vitam,

2043 2644 2180 2714 quia
2210 2642 2411 2714 genuit
2438 2641 2884 2712 vitam;accipit
2942 2642 3051 2697 iste
3095 2643 3296 2707 vitam,
3332 2644 3468 2715 quia
3526 2652 3696 2700 natus

2045 2736 2133 2788 est
2161 2732 2314 2786 vita:
2350 2731 2398 2785 si
2434 2730 2647 2795 minor,
2676 2730 2724 2783 si
2757 2730 3041 2785 decolor‘.
3075 2732 3123 2785 si
3156 2733 3402 2798 diversa,
3424 2751 3537 2788 non
3558 2748 3695 2805 ergo

2047 2837 2221 2893 quam
2259 2821 2424 2875 Pater
2455 2819 2663 2874 habuit
2709 2818 2860 2873 hanc
2906 2819 3065 2873 dedit
3096 2820 3257 2875 Filio.
3294 2826 3358 2875 Et
3404 2823 3696 2892 quomodo

2045 2927 2245 2966 verum
2272 2914 2379 2976 est,
2406 2908 2603 2963 Omnia
2632 2923 2757 2981 quae
2794 2907 2954 2963 habet
2996 2912 3188 2983 Pater,
3216 2927 3336 2966 mea
3365 2910 3535 2965 sunt?
3581 2911 3693 2966 Sed

2048 3000 2181 3071 quis
2214 3000 2424 3053 audeat
2456 2998 2666 3065 dicere,
2698 2996 2910 3052 Verum
2962 3016 3075 3054 non
3127 3004 3217 3055 est
3258 3001 3415 3072 quod
3465 3001 3696 3056 Veritas

2049 3078 2231 3144 dixit?
2262 3089 2624 3158 Quapropter
2652 3088 2793 3141 sicut
2832 3088 2993 3143 habet
3020 3089 3183 3143 Pater
3216 3092 3381 3144 vitam
3404 3091 3461 3144 in
3492 3098 3697 3145 semet-

2049 3180 2187 3249 ipso,
2218 3178 2301 3231 sic
2328 3176 2475 3231 dedit
2504 3185 2555 3231 et
2584 3177 2725 3231 Filio
2761 3178 2926 3232 vitam
2959 3178 3158 3234 habere
3185 3181 3243 3234 in
3273 3181 3564 3252 semetipso
3594 3178 3695 3251 (Id.

2048 3266 2239 3338 v,26).
2264 3265 2613 3320 Sicuthabet
2642 3266 2821 3333 dedit,
2870 3266 3024 3338 quod
3054 3266 3229 3323 habet
3257 3268 3435 3337 dedit,
3468 3268 3698 3341 qualem

2054 3356 2251 3422 habet,
2284 3354 2459 3409 talem
2490 3354 2687 3421 dedit;
2724 3360 3005 3425 quantam
3032 3355 3228 3423 habet,
3261 3362 3486 3412 tantam
3518 3357 3698 3413 dedit.

2055 3443 2274 3501 Omnia
2297 3460 2425 3516 qua
2452 3444 2626 3499 habet
2654 3443 2972 3510 Pater,Filii
3002 3445 3296 3501 sunt.Non
3319 3463 3454 3517 ergo
3476 3446 3701 3518 aliquid

2056 3536 2254 3590 minus
2302 3550 2475 3602 quam
2523 3534 2689 3587 Pater
2736 3533 2910 3588 habet
2967 3534 3107 3588 Filio
3158 3535 3355 3601 dedit;
3398 3552 3502 3591 nec
3552 3534 3698 3589 ami-

2059 3624 2136 3681 sit
2167 3625 2331 3679 Pater
2380 3623 2557 3675 vitam
2620 3638 2796 3693 quam
2853 3621 2994 3677 Filio
3027 3623 3203 3676 dedit.
3240 3623 3493 3679 Vivendo
3543 3623 3699 3679 enim

2058 3713 2266 3780 tenuit,
2302 3727 2478 3781 quam
2511 3711 2801 3781 gignendo
2834 3711 3010 3765 dedit.
3045 3710 3178 3765 Vita
3206 3716 3295 3765 est
3342 3715 3536 3766 autem
3578 3712 3705 3783 ipse

2060 3803 2245 3867 Pater,
2278 3800 2396 3854 vita
2425 3804 2514 3853 est
2536 3799 2658 3869 ipse
2688 3798 2885 3853 Filius.
2920 3800 2987 3853 Et
3016 3799 3113 3855 ille
3145 3800 3360 3871 quippe
3389 3806 3447 3855 et
3501 3801 3614 3856 iste
3643 3800 3703 3856 id

2061 3892 2236 3948 habet
2264 3889 2418 3961 quod
2451 3892 2506 3943 et
2536 3888 2692 3959 ipse”
2716 3905 2728 3942 :
2753 3888 2853 3942 sed
2886 3886 2983 3943 ille
3005 3889 3075 3944 de
3103 3888 3261 3943 nullo
3284 3889 3423 3956 vita,
3446 3889 3555 3944 iste
3585 3888 3708 3945 vita

2063 3982 2134 4036 de
2161 3980 2309 4045 vita;
2343 3977 2441 4033 sed
2466 3975 2597 4031 talis
2627 3975 2815 4047 qualis
2849 3976 2967 4043 illa,
2999 3980 3165 4033 tanta
3194 3982 3413 4049 quanta
3444 3978 3563 4049 illa,
3596 3978 3706 4033 hoc

2063 4068 2325 4125 omnimo
2358 4066 2513 4138 quod
2539 4064 2663 4131 illa;
2699 4066 2833 4136 quia
2864 4083 3033 4120 verus
3061 4071 3149 4122 est
3182 4066 3380 4135 Filius,
3416 4067 3553 4139 quia
3586 4082 3709 4139 per-

2065 4160 2350 4213 fectusest
2378 4154 2580 4219 Filius,
2614 4154 2750 4225 quia
2781 4172 2890 4208 non
2925 4161 3015 4209 est
3045 4155 3295 4227 degener
3333 4156 3405 4210 ab
3437 4172 3553 4211 uno
3594 4161 3708 4210 Deo

2064 4248 2229 4302 Patre
2260 4246 2413 4300 Deus
2446 4244 2652 4298 unicus
2681 4243 2879 4312 Filius,
2905 4243 3058 4298 Patri
3090 4260 3225 4315 ergo
3254 4244 3492 4316 aqualis
3513 4250 3602 4300 est
3623 4244 3711 4298 Fi-

2063 4337 2198 4391 lius.
2234 4332 2526 4404 Quidquid
2546 4348 2676 4387 eum
2711 4332 2856 4385 dicis
2889 4350 2921 4385 a
2954 4332 3443 4403 Patreaccepisse,
3463 4334 3713 4387 fatemur

2065 4430 2121 4481 et
2150 4441 2286 4479 nos:
2316 4437 2554 4494 prorsus
2578 4420 2744 4475 Pater
2774 4421 2951 4487 dedit,
2979 4422 3155 4476 Filius
3171 4422 3412 4493 accepit.
3434 4422 3543 4477 Sed
3575 4437 3710 4477 cum

2066 4516 2230 4570 Pater
2260 4512 2458 4568 omnia
2488 4525 2618 4581 qua
2649 4509 2823 4563 habet
2864 4509 3150 4580 gignendo
3198 4510 3377 4580 dedit,
3429 4511 3713 4582 aqualem

2066 4610 2271 4673 utique
2294 4596 2795 4672 genuit,quoniam
2823 4597 2964 4652 nihil
2991 4599 3185 4653 minus
3212 4598 3390 4653 dedit.
3415 4600 3715 4664 Quomodo

2067 4707 2203 4764 ergo
2234 4696 2296 4745 tu
2325 4688 2645 4757 dicis,quia
2674 4685 2771 4741 ille
2793 4687 2973 4753 dedit,
2999 4686 3094 4742 ille
3113 4688 3498 4759 accepit,ideo
3521 4705 3714 4760 aqua-

2067 4782 2180 4836 lem
2216 4778 2424 4834 Filium
2460 4776 2613 4831 Patri
2646 4793 2761 4831 non
2786 4792 2913 4831 esse
2937 4794 2949 4831 :
2973 4793 3106 4831 cum
3130 4793 3264 4832 eum
3297 4777 3390 4832 cui
3417 4778 3553 4832 data
3581 4781 3719 4833 sunt

2070 4868 2267 4926 omnia
2298 4873 2354 4921 et
2383 4866 2569 4937 ipsam
2602 4864 2993 4935 aqualitatem
3024 4867 3219 4922 videas
3249 4865 3569 4937 accepisse?
3592 4864 3714 4920 Sri-

2070 4964 2235 5031 ptum
2269 4960 2359 5010 est
2380 4954 2640 5025 quidem.
2669 4956 2894 5009 Beatum
2926 4965 3004 5010 est
3028 4957 3213 5025 magis
3243 4955 3373 5010 dare
3393 4972 3551 5027 quam
3569 4954 3717 5008 acci-

2067 5065 2195 5123 pere
2242 5049 2487 5115 (Actxx,
2514 5045 2605 5115 35)
2641 5061 2654 5100 :
2700 5046 2800 5099 sed
2849 5046 2909 5101 in
2962 5048 3065 5101 hac
3108 5048 3226 5101 vita
3259 5046 3353 5101 ubi
3386 5049 3474 5100 est
3503 5042 3718 5115 inopia,

2070 5156 2186 5211 qua
2217 5137 2415 5206 utique
2473 5133 2679 5188 melior
2727 5138 2817 5189 est
2856 5136 3041 5205 copia,
3077 5136 3282 5190 Melius
3314 5134 3467 5189 enim
3500 5137 3589 5188 est
3618 5132 3719 5187 ha-

2071 5229 2226 5294 bere,
2254 5240 2431 5297 quam
2462 5239 2661 5294 egere;
2694 5229 2752 5278 et
2783 5223 2993 5279 melius
3023 5228 3113 5279 est
3141 5224 3376 5287 donare,
3419 5238 3597 5293 quam
3629 5238 3721 5277 ac-

2072 5314 2327 5387 cipere3;
2369 5328 2628 5384 erogare,
2661 5329 2835 5384 quam
2870 5313 3215 5367 mendicare.
3253 5311 3359 5366 Ubi
3392 5315 3587 5366 autem
3621 5311 3721 5382 qui

2073 5405 2251 5468 dedit,
2283 5402 2574 5474 gignendo
2605 5401 2795 5467 dedit;
2826 5406 2881 5456 et
2912 5400 3011 5472 qui
3046 5400 3288 5471 accepit,
3314 5400 3604 5455 nascendo
3628 5416 3722 5455 ac-

2073 5494 2256 5565 cepit:
2282 5508 2396 5546 non
2431 5490 2589 5561 inopi
2620 5489 2967 5545 subventum
2999 5494 3104 5559 est,
3131 5490 3231 5545 sed
3266 5489 3397 5561 ipsa
3426 5489 3594 5560 copia
3623 5505 3721 5561 ge-

2074 5586 2275 5637 nerata
2303 5582 2412 5635 est.
2446 5578 2559 5633 Nec
2592 5581 2779 5649 potest
2810 5577 2907 5649 qui
2941 5578 3164 5650 accepit
3193 5578 3243 5633 ei
3278 5578 3379 5649 qui
3410 5577 3570 5634 dedit
3598 5594 3725 5634 esse

2140 5690 2155 5723 ί
2189 5685 2344 5742 Editi,
2378 5682 2613 5732 discolor.
2649 5683 2715 5732 At
2742 5682 2883 5743 Mss.,
2916 5683 3135 5732 decolor.

2144 5751 2166 5786 ³
2196 5749 2281 5799 Sic
2308 5748 2430 5797 Mss.
2461 5745 2942 5811 Editi_vero,rquod
2966 5757 3040 5796 est
3069 5747 3194 5811 ipse.

2145 5815 2168 5850 ³
2195 5814 2314 5865 Am.
2343 5811 2441 5861 Err
2481 5814 2535 5860 et
2569 5808 2969 5873 Mss.omittunt,
3000 5808 3157 5876 quam
3189 5808 3455 5874 accipere;
3490 5820 3723 5873 erogare.
