4090 6184
469 345 588 404 775

468 474 794 545 inaequalis,
830 473 966 544 quia
987 473 1188 535 ethoc,
1217 469 1436 541 accepit
1457 475 1519 523 ut
1548 473 1701 524 esset
1730 467 1988 536 aequalis.
2018 468 2114 521 Ni-

471 566 554 621 hil
586 565 741 620 enim
774 566 939 619 Patre
983 564 1180 617 minus
1239 563 1411 617 habet
1447 561 1542 616 ille
1574 561 1674 633 qui
1723 561 1882 625 dicit,
1917 560 2113 616 Omnia

472 673 591 728 qum
621 656 782 710 habet
815 659 997 721 Pater,
1039 670 1164 708 mea
1191 658 1337 708 sunt.
1371 652 1628 723 [Equalis
1659 657 1746 707 est
1776 650 1971 722 igitur.
2005 651 2111 706 Sed

469 746 604 818 quia
631 746 978 815 semetipsum
1012 743 1344 809 exinanivit,
1385 745 1620 812 formam
1649 743 1793 795 servi
1820 742 2113 810 accipiens,

472 852 588 892 non
629 836 875 891 formam
907 834 1007 890 Dei
1030 834 1318 905 perdens;
1375 832 1454 887 ita
1487 832 1675 886 factus
1706 834 1794 885 est
1822 830 1881 884 in
1912 832 2114 885 eadem

467 927 618 982 servi
652 927 836 982 forma
869 925 1123 981 obediens
1171 941 1340 995 usque
1369 923 1441 978 ad
1488 926 1720 977 mortem
1752 923 1929 976 crucis
1963 921 2115 991 (Phi-

467 1016 599 1088 lipp.
633 1033 693 1085 11,
724 1019 782 1084 7,
811 1016 965 1086 8),in
998 1032 1115 1085 qua
1145 1013 1317 1085 paulo
1349 1012 1546 1067 minus
1579 1012 1901 1066 minoratus
1934 1015 2022 1065 est
2040 1010 2112 1065 ab

463 1106 703 1177 Angelis
734 1106 906 1176 (Psal.
940 1123 1061 1171 VIII,
1093 1105 1168 1175 6),
1206 1109 1270 1158 ut
1297 1103 1448 1158 Patri
1481 1103 1539 1156 in
1573 1101 1759 1156 forma
1789 1102 1887 1156 Dei
1925 1117 2116 1156 mane-

463 1202 552 1253 ret
583 1196 822 1268 equalis
848 1212 859 1250 :
886 1197 1025 1268 quia
1055 1211 1168 1250 non
1193 1198 1281 1248 est
1312 1194 1491 1248 forma
1515 1192 1614 1247 illa
1645 1191 1966 1246 mutabilis.

534 1290 589 1343 8.
624 1289 771 1354 Quid
802 1288 1000 1358 itaque
1033 1286 1246 1340 mirum
1280 1289 1387 1355 est,
1423 1284 1470 1340 si
1500 1301 1568 1339 ea
1599 1302 1725 1355 quae
1756 1299 2111 1338 commemo-

467 1397 584 1451 ras,
617 1380 776 1446 dicit,
812 1379 920 1447 Ego
970 1393 1088 1448 qua?
1116 1379 1319 1447 placita
1351 1385 1477 1430 sunt
1510 1377 1684 1442 Patri,
1733 1377 1876 1446 facio
1904 1391 2116 1445 semper

466 1469 641 1540 (Joan.
673 1487 794 1536 vm,
825 1467 916 1535 29)
942 1485 953 1522 :
975 1471 1031 1521 et
1060 1474 1130 1520 ait
1163 1469 1612 1521 monumentum
1666 1464 1879 1532 Lazari,
1923 1469 2109 1533 Pater,

463 1560 672 1628 gratias
701 1574 803 1627 ago
833 1556 952 1626 tibi,
986 1557 1113 1627 quia
1144 1555 1350 1609 audisti
1380 1570 1497 1616 me;
1528 1558 1578 1608 et
1608 1571 1704 1624 ego
1735 1555 1969 1608 sciebam
1983 1556 2113 1623 quia

459 1663 677 1717 semper
706 1664 794 1700 me
850 1645 1028 1713 audis,
1073 1645 1165 1700 sed
1201 1648 1426 1715 propter
1457 1660 1546 1698 eos
1603 1645 1702 1714 qui
1753 1644 2112 1698 circumstant

460 1739 599 1806 dixi,
633 1743 696 1791 ut
727 1736 948 1791 credant
970 1736 1100 1807 quia
1131 1743 1189 1788 tu
1209 1750 1295 1789 me
1316 1735 1520 1788 misisti
1540 1732 1638 1803 (Id.
1674 1751 1747 1802 xu,
1773 1733 1860 1798 41,
1895 1733 1984 1802 42)
2011 1749 2022 1787 :
2057 1735 2113 1787 et

459 1827 694 1893 iterum,
739 1827 819 1881 Me
847 1829 1052 1897 Oportet
1096 1827 1318 1895 operari
1345 1840 1507 1894 opera
1554 1826 1671 1895 ejus
1704 1825 1799 1894 qui
1837 1839 1921 1877 me
1959 1825 2113 1878 misit

463 1916 562 1987 (Id.
597 1934 673 1984 IX,
701 1917 752 1986 4)
779 1933 791 1970 :
817 1920 873 1970 et
903 1919 1215 1985 antequam
1250 1931 1430 1985 panes
1462 1914 1770 1984 frangeret,
1797 1912 1961 1983 prius
2004 1914 2110 1967 Pa-

478 2010 554 2062 tri
582 2008 798 2077 gratias
827 2009 937 2076 egit
965 2005 1174 2075 (Matth.
1207 2021 1357 2071 xxvi,
1389 2005 1478 2072 26;
1513 2005 1922 2069 illare.vm,6,et
1950 2004 2106 2057 Joan.

463 2115 538 2167 v1,
571 2097 694 2166 ti)?
740 2097 798 2151 Si
833 2097 922 2150 bis
951 2101 1125 2166 atque
1155 2095 1496 2165 hujnsmodi
1528 2093 1878 2150 testimoniis
1927 2093 1981 2148 id
2017 2110 2109 2147 os-

463 2191 699 2243 tendere
727 2186 1032 2252 voluisses,
1067 2186 1221 2257 quod
1254 2186 1310 2239 in
1345 2187 1531 2240 forma
1546 2185 1692 2239 servi
1719 2183 1900 2238 Filius
1921 2183 2112 2239 minor

463 2283 551 2334 est
584 2283 771 2344 Patre,
804 2284 858 2333 et
893 2279 949 2332 in
973 2277 1098 2347 ipsa
1129 2278 1315 2331 forma
1349 2276 1443 2330 Dei
1478 2277 1587 2330 iste
1623 2277 1693 2330 de
1737 2274 1834 2329 illo
1866 2293 1980 2330 non
2014 2275 2110 2330 ille

463 2372 532 2426 de
559 2371 670 2425 isto
694 2375 800 2437 est;
838 2370 990 2441 quod
1025 2385 1176 2439 sepe
1207 2368 1566 2439 significans,
1604 2367 1792 2421 multa
1838 2369 1917 2421 ita
1949 2367 2108 2437 dicit,

465 2466 529 2516 ut
559 2479 690 2516 eum
721 2477 838 2515 non
883 2459 1273 2530 intelligentes
1321 2458 1493 2513 etiam
1543 2458 1601 2512 in
1644 2460 1772 2528 ipsa
1811 2459 2110 2513 divinitate

466 2551 826 2605 arbitrentur
855 2549 1175 2603 minorem:
1202 2547 1286 2602 sic
1331 2553 1554 2603 teneres
1600 2553 1815 2602 rectam
1849 2548 2108 2618 regulam

465 2639 620 2708 ﬁdei,
656 2644 720 2693 ut
749 2655 865 2693 non
908 2636 1335 2692 contradiceres
1372 2637 1638 2704 veritati;
1691 2653 1794 2691 nec
1834 2654 1935 2708 per
1973 2636 2113 2690 talia

463 2727 804 2784 testimonia
833 2742 1200 2798 oppugnares
1245 2725 1645 2797 Evangelium,
1698 2733 1795 2781 sed
1853 2727 2107 2780 doceres.

464 2819 598 2883 Quae
628 2821 767 2872 sunt
794 2816 949 2870 enim
982 2816 1196 2886 placita
1212 2815 1552 2886 Patris,quze
1577 2832 1690 2870 non
1715 2819 1854 2870 sunt
1876 2819 1932 2869 et
1954 2814 2112 2870 Filii?

465 2907 734 2961 autunde
752 2909 944 2977 potest
975 2905 1160 2959 facere
1193 2903 1391 2970 Filius,
1428 2904 1539 2958 nisi
1571 2921 1699 2974 quae
1727 2904 1939 2974 placita
1976 2909 2114 2957 sunt

466 2995 675 3060 Patris,
708 3013 741 3049 a
791 3011 906 3064 quo
956 2994 1132 3047 habet
1180 2993 1377 3047 omnia
1407 2993 1465 3046 in
1511 2991 1725 3063 quibus
1756 2991 1994 3063 aequalis
2026 2995 2114 3046 est

469 3083 666 3138 Patri?
697 3083 994 3145 Quomodo
1014 3099 1127 3136 non
1163 3081 1381 3152 gratias
1414 3081 1535 3152 agit
1573 3081 1726 3135 Patri
1759 3082 1828 3135 de
1859 3098 1972 3151 quo
2003 3085 2110 3144 est,

472 3172 797 3244 praesertim
833 3171 891 3224 in
923 3170 1111 3224 forma
1143 3169 1311 3237 servi,
1354 3170 1412 3223 in
1459 3186 1574 3239 qua
1614 3168 1712 3224 illo
1745 3169 1938 3224 minor
1982 3169 2114 3224 est?

468 3261 766 3324 Quomodo
793 3277 906 3314 non
939 3260 1167 3313 Patrem
1199 3263 1363 3329 rogat
1404 3258 1664 3325 uthomo,
1701 3259 1804 3328 qui
1836 3276 1968 3313 eum
2000 3260 2110 3314 Pa-

465 3357 549 3405 tre
567 3350 800 3404 exaudit
823 3353 886 3403 ut
911 3348 1103 3403 Deus?
1132 3347 1271 3410 Quis
1292 3351 1486 3401 autem
1511 3347 1867 3402 christianus
1885 3347 2114 3419 ignorat

467 3439 622 3510 quod
646 3442 816 3493 Pater
834 3435 1428 3506 miserit,missusque
1455 3436 1530 3490 sit
1555 3436 1775 3491 Filius?
1801 3443 1922 3492 Non
1955 3439 2112 3492 enim

463 3529 784 3600 genitorem
811 3527 882 3580 ab
923 3543 987 3581 eo
1020 3541 1193 3596 quem
1219 3525 1440 3596 genuit,
1466 3526 1567 3579 sed
1598 3526 1865 3596 genitum
1899 3544 1931 3580 a
1953 3526 2112 3597 geni-

461 3634 558 3672 ore
581 3617 731 3672 mitti
757 3617 1088 3687 oportebat:
1115 3631 1314 3669 verum
1340 3614 1459 3669 haec
1490 3631 1602 3669 non
1620 3621 1707 3670 est
1744 3615 2113 3686 inaequalitas

467 3706 941 3770 substantiis,sed
965 3706 1105 3761 ordo
1138 3708 1389 3770 naturae;
1424 3721 1536 3758 non
1582 3705 1735 3775 quod
1784 3705 1927 3760 alter
1957 3705 2115 3776 prior

469 3799 623 3850 esset
654 3795 855 3860 altero,
890 3795 989 3849 sed
1023 3794 1172 3864 quod
1221 3793 1369 3848 alter
1400 3797 1553 3848 esset
1594 3809 1660 3848 ex
1706 3793 1906 3849 altero.
1939 3796 2118 3866 Opor-

461 3885 621 3941 tebat
651 3901 806 3956 ergo,
841 3882 1064 3954 operari
1095 3899 1226 3938 eum
1259 3882 1355 3952 qui
1388 3882 1606 3937 missus
1646 3888 1736 3937 est
1766 3900 1939 3954 opera
1987 3884 2114 3954 ejus

462 3991 497 4028 a
519 3991 634 4043 quo
667 3975 886 4028 missus
920 3979 1041 4026 est:
1068 3978 1123 4027 et
1144 3989 1269 4042 quae
1288 3976 1427 4025 sunt
1447 3989 1620 4041 opera
1636 3971 1979 4043 Patris,qua3
1999 3991 2113 4028 non

468 4067 609 4117 sunt
638 4067 696 4117 et
729 4061 884 4129 Filii;
921 4078 1055 4116 cum
1104 4060 1260 4115 dicat
1307 4059 1458 4114 idem
1505 4060 1707 4126 Filius,
1761 4064 2117 4134 Quaecumque

469 4157 638 4206 Pater
666 4153 823 4222 facit,
857 4151 970 4205 haec
998 4159 1052 4205 et
1083 4150 1254 4206 Filius
1284 4149 1539 4203 similiter
1561 4151 1694 4219 facit
1717 4152 1892 4218 (Joan.
1916 4169 1968 4218 v,
1997 4152 2115 4219 19)?

471 4237 659 4309 Opera
676 4243 869 4293 tamen
895 4237 1078 4293 Patris
1111 4253 1238 4291 esse
1252 4236 1419 4292 dicit:
1447 4253 1559 4291 non
1578 4238 1731 4292 enim
1757 4239 2117 4296 obliviscitur

468 4344 501 4382 a
536 4343 649 4398 quo
687 4327 794 4395 sit;
822 4345 853 4383 a
879 4327 1047 4382 Patre
1077 4326 1294 4398 quippe
1325 4325 1406 4378 illi
1430 4331 1595 4380 estut
1617 4333 1884 4398 cperator
1913 4330 2118 4384 talium

466 4433 706 4487 operum
739 4418 834 4472 sit.
862 4417 993 4471 Haec
1042 4422 1234 4470 autem
1283 4431 1382 4469 vos
1406 4415 1486 4468 ita
1509 4415 1856 4488 intelligitis,
1887 4423 1950 4474 ut
1979 4419 2115 4475 hinc

464 4505 640 4560 etiam
665 4507 878 4576 putetis
907 4506 1131 4560 Patrem
1164 4503 1304 4558 Filio
1336 4519 1462 4558 esse
1485 4505 1788 4574 majorem,
1815 4508 1952 4577 quia
1974 4508 2116 4564 dixit

467 4609 763 4664 passerem
789 4612 902 4649 non
927 4596 1131 4649 cadere
1155 4593 1212 4647 in
1229 4599 1440 4648 terram
1467 4593 1588 4647 sine
1613 4594 1799 4649 Patris
1821 4597 2114 4654 voluntate

466 4683 683 4754 (Matth.
712 4684 905 4755 11,29);
946 4682 1115 4754 quasi
1148 4682 1316 4736 cadat
1345 4681 1469 4736 sine
1501 4682 1797 4739 voluntate
1830 4686 1978 4741 Filii.
2025 4695 2110 4743 An

465 4790 651 4844 usque
683 4773 824 4827 adeo
858 4774 1141 4827 minorem
1164 4770 1339 4825 vultis
1355 4771 1585 4838 Filium,
1603 4777 1802 4828 utnon
1821 4774 2033 4832 habeat
2055 4777 2113 4832 in

465 4866 750 4935 potestate
783 4879 885 4916 nec
917 4863 1207 4932 passeres?
1225 4860 1337 4915 Sed
1352 4860 1401 4914 si
1424 4878 1536 4915 non
1561 4861 1737 4916 vultis
1756 4863 1890 4919 huic
1905 4866 2112 4937 regulae

466 4952 859 5024 acquiescere,
893 4955 955 5005 ut
988 4949 1344 5020 ubicumque
1376 4948 1631 5020 legeritis
1679 4951 1736 5004 in
1771 4955 2114 5011 auctoritate

466 5043 795 5096 divinorum
829 5039 1211 5110 eloquiorum,
1236 5049 1380 5107 quo1
1417 5038 1608 5095 minor
1643 5043 1809 5095 Patre
1830 5042 2010 5099 Filius
2032 5047 2113 5100 vi-

466 5132 671 5186 deatur
687 5130 1124 5196 ostendi,autex
1149 5126 1337 5180 forma
1367 5127 1516 5180 servi
1550 5128 1768 5183 dictum
1793 5132 2110 5206 accipiatis,

461 5220 522 5274 in
546 5237 661 5291 qua
689 5237 819 5275 vere
850 5219 1043 5273 minor
1073 5223 1162 5271 est
1196 5215 1395 5282 Patre;
1430 5219 1530 5270 aut
1561 5217 1688 5271 ideo
1721 5219 1962 5289 dictum,
2000 5239 2112 5294 quo

463 5326 578 5363 non
594 5310 1027 5363 demonstretur
1051 5305 1237 5374 major
1257 5303 1341 5358 vel
1365 5303 1558 5358 minor
1578 5304 1734 5362 ullus
1757 5325 1882 5364 esse
1910 5310 2108 5380 altero,

462 5398 564 5451 sed
595 5401 1031 5452 demonstretur
1060 5410 1188 5449 esse
1223 5391 1367 5446 alter
1398 5410 1466 5447 ex
1496 5394 1706 5450 altero:
1751 5398 1798 5452 si
1832 5398 1987 5467 huic,
2021 5401 2112 5455 in-

461 5487 998 5555 quam,rectissimae
1015 5481 1226 5556 regula:
1247 5499 1359 5537 non
1379 5481 1554 5536 vultis
1568 5485 2111 5555 acquisscere;eerte

460 5577 656 5628 tamen
672 5592 870 5629 verum
892 5575 988 5629 Dei
1007 5574 1222 5628 Filium
1243 5570 1404 5626 nulla
1420 5571 1640 5628 ratione
1663 5575 1889 5642 dicetis,
1921 5579 1970 5632 si
1995 5596 2109 5634 non

462 5662 726 5730 ejusdem
757 5662 1118 5730 substantiae,
1136 5662 1307 5731 cujus
1322 5660 1491 5716 Pater
1516 5667 1624 5728 est,
1643 5679 1779 5719 eum
1808 5682 1935 5722 esse
1952 5668 2108 5724 diea-

461 5749 559 5806 tis.
595 5749 665 5804 Ut
693 5748 849 5804 enim
863 5748 1188 5804 humanum
1219 5748 1441 5820 aliquid
1464 5749 1654 5807 dicam
1683 5758 1922 5827 propter
1945 5755 2109 5814 inﬁr-

534 5843 721 5902 'Editi,
748 5842 949 5908 quibus.
971 5844 1295 5897 Coneinnius
1326 5845 1478 5911 Msa,
1507 5861 1626 5912 quo.

953 340 1263 400 CONTRA
1307 337 1770 398 MAXIMINUM
1816 335 2291 398 ARIANORUM
2335 337 2805 416 EPISCOPUM,
2853 343 2916 402 S.
2966 343 3391 406 AUGUSTINI

3719 353 3818 413 776

2227 468 2487 525 mitatem
2520 473 2842 528 carnalium
2875 490 3047 530 :cum
3081 475 3350 531 homines
3382 477 3491 532 duo
3522 484 3663 544 sunt,
3687 489 3823 553 pater

2225 563 2282 613 et
2313 559 2490 625 filius,
2524 561 2599 616 sit
2629 563 2906 618 obediens
2926 564 3002 618 sit
3024 565 3170 635 patri
3209 564 3385 635 ﬁlius,
3411 571 3465 619 et
3494 567 3672 640 aliqua
3699 575 3821 629 exis-

2225 651 2385 704 tente
2415 667 2590 705 causa
2621 657 2783 723 roget
2813 658 3060 724 patrem,
3079 655 3295 725 gratias
3326 660 3457 724 agat
3480 655 3823 732 Patri,aliquo

2228 737 2478 808 denique
2510 740 2780 795 mittatur
2808 759 2842 797 a
2875 748 3056 813 patre,
3091 743 3189 797 ubi
3223 761 3283 798 se
3314 744 3468 799 dicat
3497 761 3604 800 non
3632 751 3824 808 venisse

2224 825 2410 881 facere
2439 827 2795 884 voluntatem
2837 847 3026 898 suam,
3061 833 3160 886 sed
3213 832 3340 903 ejus
3388 850 3420 887 a
3476 849 3583 904 quo
3639 837 3827 897 missus

2223 919 2343 983 est;
2375 918 2661 988 numquid
2695 918 2829 974 hinc
2858 920 3192 975 ostenditur
3238 938 3354 976 non
3395 923 3647 993 ejusdem
3684 929 3827 996 cujus

2224 1008 2386 1074 pater
2415 1022 2543 1062 esse
2575 1007 2916 1063 substantiae
2937 1008 2964 1063 ?
3013 1010 3126 1065 Cur
3155 1025 3291 1082 ergo
3325 1011 3424 1065 ubi
3474 1011 3541 1068 de
3589 1012 3719 1068 Filio
3746 1016 3829 1071 Dei

2222 1092 2362 1147 talia
2390 1093 2606 1166 legitis,
2639 1095 2839 1151 statim
2891 1097 2950 1152 in
3002 1101 3231 1152 tantum
3276 1098 3640 1171 sacrilegium
3685 1105 3830 1160 corde

2223 1185 2396 1251 atque
2438 1199 2535 1238 ore
2581 1185 2878 1256 proruitis,
2913 1190 2976 1240 ut
3012 1187 3132 1242 veri
3179 1186 3306 1242 Filii
3343 1188 3438 1244 Dei
3477 1206 3648 1245 unam
3694 1208 3830 1248 eam-

2221 1270 2471 1341 demque
2501 1289 2634 1327 cum
2668 1274 2837 1329 Patre
2882 1274 3271 1331 substantiam
3309 1293 3423 1332 non
3456 1294 3580 1333 esse
3612 1281 3830 1338 credatis

2221 1365 2394 1430 atque
2427 1362 2670 1416 dicatis?

2289 1450 2342 1504 9.
2379 1450 2524 1516 Quid
2558 1452 2709 1522 quod
2750 1453 2925 1508 etiam
2965 1453 3109 1509 illud
3143 1458 3715 1514 commemorandum
3742 1476 3834 1530 pu-

2221 1540 2376 1607 tasti,
2412 1540 2564 1610 quod
2600 1541 3076 1598 manifestissime
3110 1549 3170 1598 ut
3224 1544 3397 1599 homo
3431 1545 3717 1618 loquitur:
3746 1550 3833 1603 Po-

2219 1633 2463 1684 testatem
2495 1630 2666 1686 habeo
2693 1632 2931 1701 ponendi
2961 1635 3209 1687 animum
3235 1651 3438 1702 meam,
3472 1644 3522 1690 et
3542 1643 3836 1707 potestatem

2220 1717 2385 1773 habeo
2417 1721 2619 1774 iterum
2643 1723 2899 1776 sumendi
2925 1738 3065 1776 eam.
3099 1723 3205 1777 Hoc
3234 1725 3383 1778 enim
3405 1729 3735 1796 praeceptum
3759 1743 3837 1782 ac-

2217 1806 2335 1876 cepi
2363 1825 2396 1860 a
2426 1809 2588 1863 Patre
2616 1813 2769 1863 meo?
2793 1810 2938 1874 Quid
2974 1810 3081 1865 hoc
3121 1811 3357 1881 adjuvat
3383 1830 3622 1868 causam
3652 1817 3840 1872 tuam?

2218 1895 2515 1966 Numquid
2547 1898 2700 1952 enim
2737 1898 2891 1953 aliud
2928 1900 3090 1965 dixit,
3128 1901 3261 1970 nisi,
3297 1901 3644 1959 Potestatem
3676 1905 3838 1962 habeo

2221 1986 2509 2040 moriendi
2541 1993 2599 2042 et
2628 1989 2998 2060 resurgendi‘!
3019 1990 3178 2053 Quod
3213 1991 3406 2062 itaque
3439 1993 3702 2057 ait,Nemo
3739 2013 3842 2051 eam

2218 2073 2369 2130 tollit
2406 2093 2438 2130 a
2469 2094 2574 2145 me,
2606 2079 2694 2132 sed
2725 2094 2822 2146 ego
2862 2095 2981 2132 eam
3007 2094 3148 2149 pono
3179 2097 3211 2134 a
3240 2097 3345 2146 me,
3378 2085 3430 2137 et
3479 2084 3676 2138 iterum
3704 2101 3841 2139 sumo

2216 2181 2342 2218 eam
2363 2166 2539 2236 (Joan.
2564 2183 2619 2231 x,
2656 2168 2761 2237 18);
2797 2167 2936 2238 quid
2973 2167 3222 2240 intelligi
3252 2169 3457 2237 voluit,
3493 2173 3604 2226 nisi
3651 2190 3707 2228 se
3744 2191 3843 2228 non

2218 2253 2397 2308 fuisse
2429 2255 2802 2320 moriturum,
2838 2255 2947 2310 nisi
2981 2257 3105 2328 ipse
3137 2256 3446 2313 voluisset?
3468 2259 3752 2331 Numquid
3774 2267 3844 2316 ta-

2218 2360 2350 2397 men
2378 2343 2490 2398 nisi
2523 2343 2696 2399 homo
2729 2351 2881 2400 esset
2910 2345 3056 2399 mori
3100 2351 3157 2400 et
3199 2363 3509 2418 resurgere
3539 2349 3845 2420 potuisset?

2218 2434 2310 2489 Sic
2341 2439 2534 2489 autem
2569 2435 2943 2490 introduxisti
2976 2434 3082 2490 hoc
3114 2437 3550 2503 testimonium,
3585 2445 3644 2494 ut
3675 2439 3849 2511 pralo-

2217 2524 2494 2593 quereris,
2529 2524 2750 2593 dicens,
2777 2526 2873 2578 Hic
2901 2541 3033 2580 sane
3061 2533 3110 2580 et
3137 2525 3202 2580 de
3229 2544 3330 2581 sua
3360 2532 3624 2598 potestate
3643 2545 3793 2600 quam
3819 2546 3848 2584 a

2215 2615 2378 2668 Patre
2430 2614 2629 2684 accepit
2688 2614 2915 2684 diccbat,
2955 2635 2981 2666 α
3031 2620 3357 2671 Potestatem
3403 2616 3580 2672 habeo
3627 2618 3841 2689 ponendi

2215 2719 2464 2756 animum
2493 2719 2688 2768 meam,
2721 2711 2771 2756 et
2799 2709 3118 2773 potestatem
3149 2707 3319 2759 habeo
3376 2706 3590 2762 iterum
3641 2723 3841 2762 sumen-

2215 2789 2274 2844 di
2297 2807 2453 2846 eam:
2491 2816 2511 2842 ι
2551 2796 2826 2862 tanquam
2859 2792 2906 2846 si
2956 2791 3128 2846 homo
3169 2809 3281 2848 non
3329 2799 3512 2860 esset,
3567 2796 3846 2866 positurus

2218 2883 2370 2933 esset
2399 2879 2676 2934 animam.
2710 2879 2783 2934 Ut
2809 2879 2982 2934 homo
3029 2896 3186 2951 ergo,
3234 2898 3350 2936 non
3386 2886 3457 2936 ut
3509 2884 3681 2954 Deus,
3713 2899 3851 2939 acce-

2218 2969 2304 3041 pit
2343 2971 2490 3024 hane
2535 2973 2919 3041 potestatem:
2950 2971 3216 3040 quamvis
3271 2989 3386 3027 non
3440 2973 3671 3044 dixerit,
3712 2974 3850 3029 Hanc

2218 3063 2596 3129 potestatem;
2628 3060 2750 3125 sed,
2785 3059 2882 3114 hoc
2909 3070 3239 3132 praeceptum
3265 3065 3467 3134 accepi
3487 3080 3522 3117 a
3551 3068 3715 3118 Patre
3729 3079 3848 3118 meo.

2219 3150 2357 3215 Quis
2403 3154 2595 3205 autem
2648 3151 2866 3206 nesciat
2911 3151 3069 3206 aliud
3123 3168 3250 3207 esse
3300 3159 3681 3225 praeceptum,
3713 3152 3850 3209 aliud

2221 3237 2601 3308 potestatem?
2637 3239 2747 3292 lloc
2780 3238 2933 3292 enim
2967 3239 3252 3294 habemus
3283 3239 3340 3294 in
3375 3247 3679 3312 potestate,
3713 3240 3850 3313 quod

2219 3343 2349 3380 cum
2383 3326 2650 3382 volumus
2685 3344 3020 3398 possumus,
3057 3329 3410 3400 Prmeeptum
3445 3350 3582 3388 vero
3615 3332 3670 3387 id
3705 3330 3852 3386 nobi-

2219 3431 2382 3470 scum
2416 3414 2558 3486 agit,
2582 3419 2646 3470 ut
2677 3417 2825 3486 quod
2852 3417 2977 3487 jam
3005 3422 3092 3472 est
3121 3417 3180 3471 in
3225 3425 3520 3489 potestate
3551 3421 3848 3476 faciamus:

2221 3503 2269 3558 si
2311 3509 2506 3559 autem
2563 3507 2823 3560 nondum
2858 3513 2943 3561 est
2973 3506 3030 3560 in
3081 3511 3386 3578 potestate,
3422 3525 3662 3566 oremus
3704 3509 3852 3565 nobis

2220 3600 2565 3666 potestatem
2581 3597 2798 3664 dari,ut
2821 3599 2971 3668 quod
2997 3603 3353 3670 praeceptum
3378 3607 3474 3657 est
3494 3602 3848 3674 impleamus.

2220 3686 2499 3752 Quocirca
2530 3686 2578 3740 si
2611 3702 2679 3740 ea
2709 3703 2833 3757 quas
2884 3691 3083 3758 aperta
3113 3692 3252 3742 sunt
3302 3689 3499 3746 velitis
3549 3693 3848 3759 attendere,

2221 3781 2285 3830 ut
2315 3776 2488 3831 homo
2520 3782 2821 3848 acceperat
2870 3776 3020 3832 hanc
3077 3783 3451 3849 potestatem.
3503 3781 3615 3837 Sed
3649 3787 3860 3854 propter

2221 3868 2614 3923 contentiosos
2652 3885 2756 3940 ego
2805 3869 2876 3923 ad
2927 3874 3238 3940 utrumque
3289 3872 3643 3929 concludam
3670 3892 3682 3930 :
3709 3874 3762 3928 Si
3807 3875 3862 3927 ut

2221 3957 2394 4013 homo
2427 3959 2649 4029 accepit
2679 3958 2826 4012 hanc
2860 3962 3227 4029 potestatem,
3261 3960 3408 4014 nihil
3457 3963 3562 4017 tibi
3603 3965 3858 4035 prodesse

2219 4047 2328 4102 hoc
2361 4046 2764 4102 testimonium
2797 4050 2853 4101 et
2873 4051 2934 4102 tu
2970 4046 3166 4116 vides;
3194 4049 3331 4118 quia
3361 4050 3410 4104 si
3445 4067 3518 4106 ex
3548 4051 3657 4106 hac
3688 4056 3857 4123 potes-

2220 4142 2398 4192 tatea
2437 4141 2604 4192 Patre
2645 4141 2904 4208 accepta,
2955 4137 3241 4192 minorem
3294 4139 3467 4195 Patre
3520 4140 3728 4195 Filium
3785 4138 3857 4192 vis

2220 4226 2486 4298 probare,
2521 4242 2624 4280 nec
2655 4243 2762 4280 nos
2793 4225 3155 4293 dubitamus,
3185 4227 3337 4297 quod
3369 4228 3430 4283 in
3466 4234 3751 4300 quantum
3772 4228 3856 4283 ho-

2220 4333 2314 4371 mo
2366 4321 2454 4371 est
2510 4315 2798 4382 Christus,
2850 4315 3042 4370 minor
3080 4320 3169 4371 est
3217 4317 3419 4372 Patre:
3460 4321 3510 4373 si
3565 4325 3753 4374 autem
3801 4321 3858 4372 ut

2221 4409 2400 4462 Deum
2459 4407 2545 4460 vis
2606 4404 2898 4476 accepisse
2947 4404 3095 4459 hanc
3144 4409 3537 4476 potestamen.
3576 4407 3851 4481 gignendo

2218 4512 2354 4550 eum
2389 4495 2553 4550 Pater
2582 4493 2862 4565 aequalem
2891 4494 3026 4560 sibi,
3058 4493 3219 4548 dedit
3270 4494 3322 4549 ei
3356 4496 3627 4551 omnium
3679 4510 3854 4551 rerum

2218 4588 2466 4653 tantam,
2494 4587 2714 4654 quanta
2749 4582 2861 4653 ipsi
2894 4581 3047 4637 Patri
3071 4585 3204 4652 est‘,
3229 4588 3603 4654 potestatem.
3639 4585 3695 4641 Si
3716 4584 3854 4640 enim

2219 4674 2416 4729 minus
2448 4673 2620 4727 habet
2647 4674 2706 4726 in
2743 4675 3025 4742 potestate
3056 4671 3274 4744 aliquid
3323 4690 3504 4745 quam
3528 4675 3716 4743 Pater,
3747 4690 3851 4729 non

2219 4763 2494 4833 suntejus
2515 4761 2849 4830 omniaquae
2868 4759 3043 4815 habet
3062 4760 3230 4815 Pater
3255 4777 3267 4815 :
3289 4762 3389 4816 sed
3405 4761 3547 4833 quia
3565 4764 3692 4834 ejus
3706 4765 3852 4830 sunt,

2216 4857 2441 4908 tantam
2491 4849 2691 4921 procul
2734 4849 2910 4905 dubio
2958 4848 3133 4904 habet
3184 4854 3537 4921 potestatem
3588 4857 3851 4924 quantam

2218 4943 2404 4997 Pater.
2454 4943 2810 5010 Praeceptum
2862 4955 3094 5010 quoque
3137 4943 3240 4993 aut
3293 4944 3357 4994 ut
3405 4940 3586 4996 homo
3626 4940 3852 5012 accepit,

2218 5036 2320 5087 aut
2376 5035 2441 5084 ut
2497 5029 2648 5084 Deus
2675 5046 2687 5084 :
2714 5028 2763 5082 si
2789 5030 2852 5082 ut
2903 5028 3098 5095 homo,
3133 5027 3294 5082 nulla
3324 5031 3573 5100 quaestio
3596 5035 3704 5096 est,
3729 5028 3854 5100 quia

2219 5126 2284 5176 ut
2348 5120 2544 5188 homo,
2596 5123 2685 5172 est
2743 5122 2912 5172 Patre
2975 5117 3205 5185 minor;
3269 5119 3407 5190 quia
3458 5120 3749 5174 nascendo
3802 5116 3852 5170 id

2219 5209 2457 5281 accepit,
2508 5225 2622 5263 non
2683 5205 3022 5279 indigendo.
3088 5209 3152 5260 In
3212 5206 3397 5262 Verbo
3471 5208 3632 5263 enim
3693 5206 3852 5262 unico

2216 5299 2318 5354 Dei
2358 5299 2555 5354 omnia
2602 5301 2886 5368 praecepta
2917 5300 3057 5351 sunt
3109 5295 3232 5366 Dei,
3279 5313 3408 5367 quas
3458 5297 3558 5352 ille
3616 5298 3850 5370 gignens

2217 5390 2375 5444 dedit
2432 5388 2685 5455 nacenti,
2761 5402 2876 5441 non
2926 5401 3061 5440 cum
3130 5384 3428 5457 genuisset
3487 5386 3714 5441 addidit
3767 5384 3850 5439 in-

2215 5478 2434 5549 digenti
2471 5495 2482 5533 :
2517 5494 2582 5533 ac
2631 5493 2733 5549 per
2781 5475 2894 5530 hoc
2939 5478 3167 5529 tantum
3218 5475 3426 5546 genuit
3483 5480 3739 5546 quantus
3775 5477 3855 5529 est

2215 5567 2358 5639 ipse;
2393 5566 2532 5638 quia
2565 5567 2633 5621 de
2665 5564 2856 5637 seipse
2875 5563 3077 5635 genuit
3098 5579 3299 5618 verum
3323 5561 3637 5629 Filium,et
3662 5562 3860 5634 perlec-

2212 5661 2340 5713 tum
2350 5656 2550 5729 genuit
2566 5653 2930 5727 plenitudine
2945 5651 3436 5724 divinitatis,non.
3452 5651 3858 5724 perﬁciendum

2272 5845 2290 5882 ι
2320 5842 2466 5908 Mss.,
2495 5845 2690 5908 quanta
2715 5840 2876 5907 ipsius
2894 5840 2968 5892 est
2993 5838 3184 5893 Patris.
