4094 6188
585 368 703 430 783

582 514 731 566 κων,
758 503 811 571 7,
842 502 897 572 8)
933 517 945 555 :
978 519 1011 557 a
1034 506 1144 558 Deo
1177 503 1339 559 Patre
1371 507 1585 558 unctus
1629 506 1718 557 est
1763 499 1963 567 Filius,
2015 499 2113 571 qui
2148 498 2231 553 sic

581 587 757 644 homo
789 589 976 646 factus
999 597 1088 647 est
1120 596 1183 647 ut
1199 597 1460 648 maneret
1479 592 1774 663 Deus,qua
1805 590 2075 645 unctione
2104 589 2224 660 ple-

582 692 695 733 nus
726 683 866 745 erat,
901 679 958 733 id
991 685 1101 748 est,
1152 681 1366 753 Spiritu
1420 685 1638 736 sancto.
1694 680 1935 750 PrOpter
1974 678 2127 750 quod
2158 678 2228 733 de

579 761 679 820 illo
711 765 995 836 scriptum
1018 770 1106 822 est
1138 783 1151 821 :
1182 769 1338 823 Jesus
1357 777 1540 823 autem
1557 769 1755 839 plenus
1779 768 1994 839 Spiritu
2023 769 2225 835 sancto,

578 868 831 909 reversus
859 866 936 910 est
966 873 1001 910 a
1028 857 1262 913 Iordane
1290 862 1441 926 (Luc.
1477 876 1553 924 1v,
1584 859 1656 929 1).

651 943 883 999 CAPUT
904 944 1145 1001 XVII.—
1176 946 1383 1002 LCicis
1409 947 1465 1001 in
1491 964 1737 1018 persona
1768 945 2023 1019 Spiritus
2044 942 2228 1000 sancti

579 1048 697 1089 non
730 1049 902 1104 posse
932 1035 1151 1107 suscipi
1184 1037 1337 1107 quod
1368 1036 1440 1092 de
1473 1036 1611 1091 Filio
1643 1036 1862 1091 dictum
1896 1040 2004 1100 est,
2035 1034 2229 1090 Omnia

576 1136 674 1188 per
704 1122 887 1193 ipsum
913 1123 1066 1196 facta
1094 1134 1241 1195 sunt,
1274 1131 1328 1180 et
1372 1141 1494 1181 sine
1547 1129 1666 1197 ipso
1712 1126 1918 1195 factum
1968 1128 2048 1179 est
2083 1122 2230 1178 nihit

579 1209 757 1283 (Joan.
794 1229 833 1280 1,
865 1212 941 1282 3).
976 1216 1042 1267 Et
1070 1212 1177 1267 hoc
1216 1213 1345 1269 ideo
1394 1214 1563 1284 dicis,
1613 1219 1677 1268 ut
1725 1214 1941 1287 quibus
1974 1211 2231 1284 potueris

574 1300 1113 1372 persuadeas,quod
1147 1302 1311 1357 vobis
1344 1301 1495 1358 male
1544 1317 1886 1373 persuasum
1915 1305 2025 1365 est,
2047 1298 2227 1372 Spiri-

572 1390 699 1442 tum
735 1394 1005 1445 sanctum
1036 1407 1151 1445 non
1184 1407 1313 1447 esse
1364 1396 1687 1447 creatorem
1723 1408 1735 1446 :
1770 1390 1940 1463 quasi
1993 1388 2226 1461 legeris,

573 1473 785 1531 Omnia
814 1492 917 1547 per
945 1477 1142 1549 ipsum
1191 1479 1344 1534 facta
1374 1485 1511 1535 sunt
1560 1480 1686 1534 sine
1740 1478 1954 1551 Spiritu
1988 1482 2226 1545 sancto;

574 1565 911 1630 aut,0mnia
941 1581 1044 1636 per
1074 1568 1368 1623 neminem
1402 1570 1555 1624 facta
1573 1568 1854 1635 sunt,nisi
1876 1583 1978 1638 per
2007 1568 2226 1639 ipsum.

573 1653 921 1725 Quanquam
956 1655 1004 1711 si
1034 1660 1091 1711 et
1118 1657 1231 1712 tale
1281 1658 1503 1729 aliquid
1536 1656 1780 1729 legeres,
1815 1657 1899 1712 sic
1945 1656 2226 1729 Spiritum

574 1746 847 1797 sanctum
878 1743 948 1798 ab
980 1743 1088 1799 hac
1104 1746 1579 1818 operatione,qua
1609 1746 1927 1801 constituta
1959 1751 2047 1800 est
2076 1760 2230 1800 crea-

572 1831 967 1902 tura,credere
998 1850 1111 1888 non
1147 1835 1489 1891 deberemus
1520 1834 2026 1893 exclusumzsicut
2050 1834 2231 1889 Filius

572 1936 689 1975 non
721 1919 1050 1977 excluditur
1078 1922 1150 1977 ab
1181 1939 1248 1978 ea
1297 1924 1539 1979 scientia
1573 1925 1642 1978 de
1691 1940 1807 1994 qua
1861 1923 2084 1978 dictum
2116 1927 2225 1993 est,

573 2008 705 2076 Quae
733 2010 833 2065 Dei
858 2017 1007 2075 sunt,
1038 2027 1195 2066 nemo
1225 2014 1343 2081 scit,
1378 2014 1489 2067 nisi
1528 2013 1769 2084 Spiritus
1799 2012 1896 2067 Dei
1931 2012 1977 2084 (ῐ
2011 2011 2130 2067 Cor.
2165 2028 2227 2078 II,

573 2097 683 2168 11).
716 2096 776 2152 Si
801 2103 995 2153 autem
1030 2099 1167 2170 quia
1192 2117 1305 2156 non
1338 2106 1427 2156 est
1467 2101 1825 2167 nominatus,
1868 2100 2021 2173 quod
2052 2100 2228 2156 etiam

569 2201 676 2257 per
704 2184 871 2242 illum
904 2188 1055 2244 facta
1086 2188 1163 2243 sit
1210 2195 1493 2255 creatura,
1530 2190 1762 2261 quando
1796 2191 1866 2244 de
1920 2189 2055 2244 Filio
2105 2191 2226 2245 dic-

571 2277 700 2330 tum
731 2279 838 2341 est,
872 2276 1068 2332 Omnia
1096 2293 1198 2347 per
1243 2281 1425 2351 ipsum
1465 2279 1625 2349 facta
1674 2288 1846 2345 sunt;
1875 2278 2004 2334 ideo
2054 2284 2227 2349 putas

571 2363 669 2418 Dei
701 2362 983 2435 Spiritum
1031 2383 1146 2422 non
1194 2383 1322 2423 esse
1372 2373 1737 2423 creatorem:
1772 2367 1973 2439 procul
2024 2367 2224 2432 dubio,

571 2467 679 2507 nec
710 2451 770 2507 in
800 2454 927 2524 ejus
959 2454 1196 2510 nomine
1228 2456 1441 2526 poteris
1486 2455 1807 2527 baptizatos
1854 2456 2064 2527 dicere,
2098 2456 2225 2527 qui-

570 2540 684 2597 bus
741 2542 821 2597 ait
866 2542 1094 2612 Petrus,
1142 2544 1299 2616 Agite
1349 2547 1763 2616 pcenitentiam,
1813 2553 1864 2601 et
1912 2546 2228 2617 baptizatur

570 2634 939 2705 unusquisque
966 2638 1201 2689 vestrum
1234 2636 1294 2690 in
1323 2639 1548 2691 nomine
1599 2637 1823 2692 Domini
1861 2638 1986 2692 Jesu
2027 2635 2229 2693 Christi

569 2721 707 2794 (Act.
740 2739 801 2793 ιι,
833 2723 961 2793 38);
996 2724 1135 2795 quia
1164 2741 1277 2779 non
1311 2727 1414 2793 ait,
1446 2725 1515 2781 Et
1560 2725 1811 2797 Spiritus
1852 2726 2037 2782 sancti
2073 2744 2086 2782 :
2122 2744 2225 2784 nec

567 2809 629 2867 in
662 2812 854 2869 Patris
885 2813 1139 2885 nomine,
1174 2813 1312 2885 quia
1343 2831 1449 2870 nec
1477 2813 1604 2887 ipse
1632 2814 1711 2869 ibi
1745 2819 1835 2870 est
1865 2816 2219 2873 nominatus.

569 2898 630 2955 Si
677 2904 876 2956 autem
926 2900 1100 2957 etiam
1153 2917 1269 2957 non
1316 2902 1636 2957 nominatis
1684 2904 1852 2959 Patre
1902 2909 1958 2958 et
2004 2903 2223 2975 Spiritu

568 2993 791 3058 sancto,
824 2989 884 3044 in
916 2989 1155 3046 nomine
1200 2990 1342 3045 Jesu
1387 2990 1602 3046 Christi
1645 2992 1797 3061 jussi
1851 2998 1989 3047 sunt
2036 2994 2224 3065 bapti-

570 3078 686 3132 zari
715 3096 728 3146 ;
759 3081 816 3133 et
847 3082 1055 3134 tamen
1091 3078 1502 3151 intelliguntur
1534 3097 1649 3135 non
1702 3081 1974 3151 baptizati
2018 3083 2131 3138 nisi
2164 3084 2222 3139 in

571 3166 809 3222 nomine
838 3168 1028 3223 Patris
1075 3172 1132 3223 et
1160 3168 1287 3222 Filii
1318 3173 1375 3223 et
1424 3168 1674 3238 Spiritus
1703 3171 1886 3226 sancti
1924 3188 1936 3226 :
1970 3188 2075 3227 cur
2107 3190 2222 3229 non

571 3256 657 3313 sic
688 3255 857 3312 audis
889 3256 959 3311 de
988 3255 1129 3311 Filio
1161 3256 1285 3324 Dei,
1320 3257 1518 3313 Omnia
1543 3274 1644 3327 per
1677 3262 1854 3330 ipsum
1880 3260 2031 3330 [aeta
2057 3270 2223 3325 sunt;

573 3350 640 3403 ut
668 3352 725 3403 et
750 3364 865 3403 non
896 3348 1264 3404 nominatum
1294 3346 1588 3421 intelligas
1618 3348 1698 3403 ibi
1722 3349 1897 3405 etiam
1940 3352 2222 3424 Spiritum

572 3441 841 3495 sanctum
860 3436 889 3493 Ἰ

641 3528 696 3582 2.
729 3526 875 3582 Nam
907 3527 1043 3599 quid
1079 3525 1454 3583 excellentius
1486 3527 1541 3583 in
1574 3530 1858 3585 creaturis
1899 3548 2075 3602 quam
2108 3532 2220 3587 viro

572 3619 726 3673 tutes
755 3615 1034 3673 caelorum
1056 3616 1083 3671 ‘I
1102 3618 1398 3690 Scriptum
1422 3625 1511 3673 est
1542 3623 1770 3675 autem:
1810 3621 1969 3676 Verbo
2000 3621 2225 3676 Domini

570 3707 692 3762 caeli
720 3706 932 3777 ﬁrmati
959 3711 1123 3771 sunt;
1154 3716 1205 3763 et
1251 3708 1465 3780 Spiritu
1491 3709 1603 3763 oris
1632 3709 1767 3779 ejus,
1815 3711 1995 3765 omnis
2040 3712 2222 3766 virtus

570 3810 761 3851 eorum
790 3796 960 3867 (Psal.
994 3814 1167 3861 xxxu,
1199 3796 1277 3868 6).
1311 3796 1544 3852 Dixeras
1577 3813 1786 3868 nempe
1837 3814 1954 3853 non
1999 3815 2091 3854 me
2139 3802 2222 3855 ta-

570 3883 652 3940 lia
681 3888 936 3957 reperire
966 3886 1023 3939 in
1056 3884 1372 3956 Scripturis
1404 3885 1639 3954 divinis,
1674 3886 1887 3956 quibus
1932 3888 2217 3959 Spiritum

574 3977 844 4028 sanctum
875 3972 1159 4044 aequalem
1193 3990 1452 4029 asseram
1496 3973 1661 4029 Filio.
1714 3975 1857 4030 Ecce
1885 3978 2071 4047 reperi
2118 3978 2218 4033 ubi

570 4061 748 4117 etiam
780 4063 967 4133 major
996 4062 1184 4133 possit
1212 4062 1415 4130 videri,
1450 4061 1562 4117 nisi
1593 4070 1819 4119 revocet
1849 4066 2059 4136 pietas,
2093 4085 2217 4137 qua?

566 4148 737 4207 illum
785 4150 1063 4207 veraciter
1117 4151 1425 4206 conﬁtetur
1481 4150 1782 4222 aequalem.
1814 4152 1960 4207 Nam
2018 4153 2217 4227 utique

568 4241 762 4311 majus
792 4240 1014 4313 aliquid
1046 4246 1184 4296 sunt
1214 4239 1456 4295 virtutes
1487 4239 1786 4309 caelorum,
1814 4258 1939 4313 quae
1972 4242 2213 4300 firmatas

558 4334 701 4385 sunt
748 4329 966 4401 Spiritu
1017 4329 1134 4385 oris
1180 4328 1434 4397 Domini,
1478 4328 1534 4383 id
1585 4333 1674 4385 est
1721 4329 1939 4402 Spiritu
1990 4339 2211 4405 sancto,

559 4435 736 4491 quam
788 4418 936 4485 caeli,
973 4419 1069 4491 qui
1119 4418 1337 4474 ﬁrmati
1388 4422 1526 4474 sunt
1575 4418 1757 4475 Verbo
1805 4419 2058 4487 Domini,
2105 4423 2212 4478 hoc

557 4511 665 4574 est,
699 4508 1000 4580 unigentio
1043 4507 1205 4563 Filio.
1239 4508 1349 4563 Sed
1381 4508 1429 4561 si
1461 4506 1736 4564 consulas
1761 4509 2083 4578 veritatem,
2118 4528 2209 4568 res

557 4600 805 4668 utraque
835 4598 908 4651 ab
938 4601 1183 4668 utroque
1212 4597 1447 4652 firmata
1475 4602 1565 4652 est
1592 4622 1606 4656 :
1639 4602 1696 4653 et
1724 4597 1782 4652 id
1814 4599 1967 4670 quod
1999 4600 2070 4655 de
2094 4617 2206 4656 uno

553 4685 768 4742 dicitur
796 4692 853 4743 et
880 4688 951 4744 de
980 4688 1160 4744 altero
1187 4692 1433 4754 tacetur,
1458 4688 1529 4743 de
1561 4693 1807 4759 utroque
1836 4688 2201 4762 intelligitur.

549 4775 696 4838 Quid
726 4781 814 4833 est
844 4781 1040 4832 autem
1076 4776 1589 4847 inconsideratius,
1622 4792 1800 4847 quam
1832 4793 2044 4849 negare
2074 4796 2203 4837 esse

547 4870 865 4921 creatorem
917 4865 1201 4937 Spiritum
1250 4864 1374 4935 Dei,
1424 4882 1558 4920 cum
1610 4865 1854 4921 Domino
1903 4865 2135 4923 dicatur
2181 4888 2200 4925 :

1068 370 1381 431 CONTRA
1423 365 1880 430 MAXIMINUM
1925 363 2395 427 ARIANORUM
2440 360 2911 438 EPISCOPUM,
2959 365 3025 424 S.
3072 361 3497 426 AUGUSTINI

3815 373 3911 437 ’184

2340 497 2483 553 toris
2504 496 2531 552 ?
2561 495 3044 567 Quandoquidem
3076 496 3312 552 Creator
3340 496 3459 568 ipse
3490 514 3586 570 per
3613 516 3769 572 quem
3796 505 3915 563 facta

2334 591 2472 642 sunt
2502 586 2719 655 omnia,
2751 584 3326 657 Panis,inquit,quem
3353 602 3444 655 ego
3471 587 3675 659 dedero,
3688 602 3798 649 caro
3821 612 3917 652 mea

2333 680 2413 731 est
2439 691 2539 746 pro
2568 673 2764 729 mundi
2808 675 2919 729 vita
2950 675 3136 745 (Joan.
3169 692 3247 742 vr,
3277 675 3388 745 55).
3417 677 3557 742 Quid
3588 684 3750 751 ergo?
3778 682 3917 740 Mun-

2333 765 2448 820 dus
2482 781 2582 835 per
2614 762 2821 817 Filium
2878 762 3063 819 factus
3102 769 3209 827 est,
3241 768 3298 819 et
3343 771 3560 821 creator
3601 772 3685 823 est
3728 770 3913 829 Filius:

2333 870 2466 909 caro
2498 854 2626 923 ejus
2669 869 2796 924 quas
2827 853 2963 907 data
2993 856 3081 908 est
3130 870 3233 924 pro
3265 854 3465 908 mundi
3491 855 3620 921 vita,
3651 874 3743 929 per
3773 860 3916 932 Spit-1.

2332 946 2459 998 tum
2491 946 2758 997 sanctum
2792 941 2945 995 facta
2974 945 3080 1007 est,
3117 945 3172 996 et
3202 958 3317 996 non
3348 946 3437 997 est
3464 948 3674 1000 creator
3708 945 3917 1017 Spiritus

2335 1030 2620 1087 sanctus?
2651 1030 2794 1085 Cum
2834 1029 2987 1084 enim
3038 1030 3199 1102 virgo
3252 1030 3435 1085 Maria
3482 1031 3711 1089 dixisset
3756 1038 3919 1110 angelo

2334 1118 2695 1191 promittenti
2727 1118 2778 1174 ei
2813 1117 3019 1184 tilium,
3053 1118 3338 1191 Quomodo
3383 1120 3475 1190 ﬁet
3518 1121 3677 1189 istud,
3707 1128 3920 1193 quoniam

2330 1212 2515 1265 virum
2560 1225 2674 1262 non
2721 1211 3023 1277 cognosco?
3068 1207 3368 1279 respondit
3417 1209 3673 1281 angelus,
3719 1214 3921 1285 Spiritus

2330 1306 2552 1355 sanctus
2581 1298 2919 1369 superveniet
2948 1301 3009 1351 in
3048 1305 3117 1366 te,
3150 1305 3202 1353 et
3230 1298 3407 1353 virtus
3456 1299 3723 1356 Attissimi
3762 1303 3922 1358 obum-

2335 1387 2521 1443 brabit
2574 1387 2715 1452 tibi;
2745 1391 3025 1457 propterea
3054 1387 3209 1457 quod
3255 1392 3511 1443 nascetur
3532 1404 3599 1443 ea:
3627 1396 3671 1445 te
3694 1400 3919 1460 sanctum,

2332 1477 2615 1533 vocabitur
2642 1476 2817 1530 Filius
2845 1476 2943 1530 Dei
2972 1476 3121 1547 (Luc.
3155 1492 3193 1544 ι,
3221 1475 3310 1541 34,
3343 1476 3455 1548 34).
3488 1477 3587 1533 Hic
3610 1482 3688 1543 tu,
3718 1481 3852 1551 quod
3876 1481 3921 1537 in

2334 1564 2827 1637 consequentibus
2861 1564 3116 1635 quodam
3147 1564 3272 1621 loco
3294 1568 3406 1620 tua:
3433 1567 3826 1638 prosecutionis
3851 1569 3907 1625 ad

2332 1654 2761 1722 verti,asserere
2790 1653 3095 1709 conabaris
3125 1652 3410 1725 Spiritum
3445 1659 3698 1710 sanctum
3726 1673 3924 1728 preces-

2333 1743 2503 1810 sisse,
2535 1748 2600 1798 ut
2650 1743 2961 1797 mundaret
2988 1746 3045 1796 et
3090 1742 3484 1799 sanctificaret
3527 1744 3790 1816 virginem
3832 1746 3923 1802 Ma-

2334 1832 2481 1886 riam
2509 1849 2521 1899 ;
2557 1848 2622 1887 ac
2671 1830 2880 1887 deinde
2928 1831 3150 1886 veniret
3180 1831 3372 1886 Virtus
3404 1831 3703 1903 Altissimi,
3734 1833 3828 1889 boc
3859 1840 3926 1891 est

2333 1921 2628 1992 Sapientia
2677 1920 2799 1988 Dei,
2833 1920 2986 1991 quod
3021 1928 3107 1975 est
3155 1920 3490 1993 Cbristus(l
3523 1922 3637 1978 Cor.
3688 1940 3722 1990 ι,
3751 1924 3859 1992 24);
3883 1930 3925 1979 et

2332 2010 2483 2082 ipsa,
2515 2010 2669 2065 sicut
2722 2009 3004 2081 scriptum
3060 2014 3166 2079 est,
3201 2009 3515 2065 mdiﬁcaret
3567 2012 3673 2067 sibi
3728 2013 3922 2068 domum

2332 2100 2612 2171 (Prov.1x,
2645 2100 2717 2171 1),
2751 2099 2859 2153 hoc
2889 2104 2995 2164 est,
3030 2098 3160 2171 ipsa
3189 2100 3299 2154 sibi
3330 2106 3550 2156 crearet
3577 2117 3810 2167 carnem,
3837 2119 3921 2157 non

2333 2188 2584 2260 Spiritus
2598 2186 3009 2250 sanctus.Quid
3025 2192 3259 2259 estergo
3273 2193 3428 2260 quod
3444 2190 3525 2245 ait
3538 2190 3929 2245 sanctumEvan-

2332 2277 2571 2349 gelium,
2592 2279 2817 2332 Inventa
2847 2285 2922 2332 est
2951 2278 3009 2331 in
3038 2281 3195 2332 utero
3225 2276 3433 2332 habens
3460 2278 3525 2334 de
3550 2281 3758 2349 Spiritu
3780 2283 3925 2335 sancto

2331 2367 2684 2437 (Matth.1,i8)
2705 2366 2732 2422 ?
2759 2366 2978 2437 Nempe
3008 2366 3377 2421 obstructum
3412 2372 3501 2423 est
3528 2384 3591 2423 os
3618 2367 3927 2441 loquentium

2332 2455 2535 2526 iniqua
2565 2455 2728 2526 (Psat.
2765 2471 2895 2524 an,
2933 2455 3040 2526 12).
3076 2456 3135 2510 Si
3168 2472 3304 2527 ergo
3337 2457 3561 2529 cogitas
3607 2474 3668 2513 os
3704 2460 3929 2513 veraciter

2332 2544 2576 2616 aperire,
2610 2560 2722 2599 non
2758 2542 2947 2599 solum
2982 2543 3215 2613 Filium,
3248 2561 3453 2601 verum
3503 2548 3671 2603 etiam
3700 2546 3927 2619 Spiritum

2331 2638 2601 2689 sanctum
2634 2637 2953 2688 creatorem
2987 2633 3181 2688 carnis
3216 2632 3343 2689 Filii
3376 2636 3669 2691 conﬁtere.

2402 2724 2542 2778 3.An
2577 2722 2720 2778 forte
2748 2722 3010 2777 dicturus
3043 2738 3200 2791 es,ea
3231 2722 3384 2780 facta
3419 2741 3548 2781 esse
3578 2742 3672 2797 per
3700 2724 3926 2796 Spiritum

2331 2816 2599 2867 sanctum
2623 2828 2753 2882 quae
2774 2812 3336 2878 commemoravit,id
3360 2815 3629 2885 est,quod
3652 2814 3821 2870 omnis
3838 2814 3924 2867 vir-

2328 2906 2425 2956 tus
2445 2899 2722 2956 caelorum
2746 2917 2848 2971 per
2866 2916 2999 2954 eum
3028 2901 3529 2975 firmatasit,quod
3551 2920 3647 2974 per
3664 2919 3783 2958 eum
3802 2917 3919 2956 crea-

2329 2988 2551 3042 buntur
2570 2986 2837 3042 homines
2861 2987 3179 3058 denuo,qui
3196 2989 3384 3059 primo
3405 2989 3487 3045 ita
3499 2996 3756 3046 creantur
3768 2995 3922 3044 utcon-

2327 3080 2630 3131 vertantur
2651 3076 2707 3130 in
2734 3074 3023 3146 pulverem
3052 3079 3417 3148 suum;quod
3442 3079 3566 3151 ipse
3585 3095 3797 3135 carnem
3816 3092 3921 3148 ope-
4028 3070 4031 3151 Ῐ

2328 3170 2491 3221 ratus
2511 3176 2597 3221 est
2616 3165 2826 3220 Christi
2860 3166 3019 3237 (nam
3044 3166 3114 3221 de
3136 3166 3331 3221 anima
3355 3148 3494 3224 nolo
3516 3167 3727 3240 aliquid
3756 3169 3919 3231 dicere,

2328 3256 2496 3325 cujus
2528 3253 2873 3309 difﬁcillima
2904 3253 3145 3325 quaestio
3176 3256 3285 3326 est)
3317 3274 3329 3321 ;
3356 3261 3419 3312 et
3451 3257 3500 3313 si
3532 3258 3664 3328 quid
3689 3256 3827 3312 aliud
3848 3271 3921 3327 per

2328 3344 2609 3415 Spiritum
2632 3348 2902 3398 sanctum
2930 3348 3187 3398 creatum
3214 3347 3475 3415 potuerit
3500 3345 3922 3402 inveniiiznonts-

2327 3447 2461 3487 men
2511 3432 2727 3499 omnia,
2762 3432 2915 3487 sicut
2948 3448 3049 3503 per
3097 3432 3471 3504 unigenitum
3507 3434 3729 3499 Filium,
3753 3434 3813 3489 de
3836 3446 3918 3503 quo

2326 3522 2547 3577 dictum
2568 3526 2673 3587 est,
2691 3521 2885 3576 Omnia
2912 3536 3013 3591 per
3027 3523 3202 3591 ipsum
3224 3523 3374 3590 facta
3402 3524 3628 3579 sunt?Si
3658 3523 3757 3579 hoc
3792 3519 3918 3582 dicis,

2326 3628 2439 3665 non
2472 3611 2645 3666 times
2668 3627 2739 3665 ne
2768 3610 2871 3664 tibi
2904 3609 3226 3679 dicatur,eo
3247 3609 3534 3680 potiorem
3553 3629 3675 3668 esse
3690 3610 3915 3683 Spiritum
4016 3656 4017 3667 χ

2325 3707 2593 3755 sanctum
2614 3698 2772 3764 Filio,
2804 3698 2959 3771 quod
2982 3697 3156 3770 elegit
3178 3699 3289 3755 sibi
3315 3701 3563 3756 meliora
3586 3717 3706 3772 qure
3736 3699 3914 3764 faceret,

2324 3807 2428 3845 nec
2451 3790 2635 3845 facere
2657 3787 2929 3844 inferiora
2952 3788 3228 3859 dignatus
3252 3788 3373 3843 est?
3386 3791 3496 3845 Sed
3518 3792 3648 3861 quis
3670 3790 3764 3845 hoc
3785 3786 3914 3856 sapit,

2324 3879 2435 3935 nisi
2461 3877 2559 3951 qui
2585 3877 2796 3949 desipit
2811 3876 3017 3932 PFacta
3036 3880 3176 3931 sunt
3196 3892 3330 3949 ergo
3359 3883 3573 3935 cuncta
3594 3894 3691 3950 per
3717 3875 3911 3935 Filium;

2324 3969 2495 4039 absit,
2517 3972 2581 4023 ut
2602 3966 2815 4038 Spiritu
2841 3970 3041 4021 sancto
3066 3966 3137 4020 ab
3161 3964 3270 4020 hoc
3293 3981 3471 4037 opere
3492 3970 3777 4037 separato:
3801 3962 3911 4015 sicut

2322 4060 2393 4113 de
2426 4056 2541 4111 illis
2575 4055 2803 4127 magnis
2833 4054 3108 4126 operibus
3140 4053 3361 4109 dictum
3395 4059 3505 4121 est,
3537 4056 3733 4113 Omnia
3775 4054 3909 4104 autem

2321 4149 2435 4204 haec
2462 4149 2724 4218 Operatur
2769 4160 2912 4199 unus
2941 4151 3103 4214 atque
3147 4143 3292 4197 idem
3342 4142 3589 4215 Spiritus
3635 4144 3679 4214 (l
3709 4142 3813 4196 Cor.
3839 4152 3907 4201 xu,

2323 4238 2411 4305 11)
2437 4252 2568 4304 ;neo
2599 4239 2794 4289 tamen
2828 4234 2899 4288 ab
2930 4232 3035 4287 hac
3069 4232 3404 4304 operatione
3437 4234 3617 4288 Filius
3647 4233 3905 4301 separatur.
3982 4274 3987 4279 .

2389 4324 2726 4396 4.Magnum
2742 4337 2883 4376 sane
2904 4319 3124 4392 aliquid
3149 4320 3251 4375 tibi
3277 4320 3472 4377 dicere
3492 4313 3905 4390 videris.quiadi-

2318 4414 2401 4470 cis
2428 4432 2441 4470 :
2484 4414 2657 4468 Filius
2682 4416 2803 4467 erat
2832 4412 2892 4465 in
2922 4411 3199 4481 principio
3226 4418 3527 4482 antequam
3556 4408 3755 4481 aliquid
3776 4410 3905 4461 esset;
3982 4438 3985 4467 ς

2315 4506 2479 4559 Pater
2506 4518 2649 4572 vero,
2680 4504 2811 4556 ante
2836 4500 3200 4571 principium.
3235 4498 3343 4555 Ubi
3375 4498 3658 4573 legisti,ut
3688 4497 3792 4552 haec
3816 4504 3904 4548 cre-

2314 4593 2527 4650 deres?
2563 4590 2721 4648 Unde
2754 4587 3180 4660 praesumpsisti
3214 4594 3275 4643 ut
3304 4587 3429 4644 haec
3458 4587 3693 4651 diceres,
3725 4580 3806 4638 ubi
3830 4592 3904 4633 nec

2312 4680 2629 4738 auctoritas
2678 4677 2819 4745 ulla,
2854 4693 2959 4732 nec
2991 4677 3137 4731 ratio
3168 4675 3304 4731 est?
3332 4678 3485 4741 Quid
3531 4681 3619 4733 est
3646 4675 3781 4732 enim
3808 4670 3903 4724 ante

2311 4766 3165 4843 principium,quandoquidem
3190 4765 3478 4839 quidquid
3511 4770 3641 4821 ante
3670 4757 3901 4827 esset,hoc

2308 4863 2465 4916 esset
2496 4856 2849 4930 principium
2871 4854 2900 4909 ?
2926 4854 2985 4911 Si
3018 4871 3153 4927 ergo
3183 4854 3354 4911 Pater
3385 4860 3522 4911 ante
3553 4858 3570 4891 ¹
3603 4846 3897 4926 principium

542 4955 771 5025 Auferes
798 4934 1059 5026 spiritum
1104 4970 1311 5025 eorum,
1344 4934 1395 5009 et
1422 4952 1701 5025 deficient,
1730 4962 1783 5009 et
1813 4955 1868 5008 in
1910 4956 2199 5026 pulverem
2305 4955 2412 5015 est,
2447 4952 2579 5003 ante
2610 4946 2867 5017 seipsum
2902 4948 3025 5010 est;
3056 4943 3193 5015 quia
3222 4949 3279 4999 et
3304 4945 3429 5016 ipse
3462 4941 3789 5016 principium

536 5019 701 5099 suum
733 5019 1117 5099 convertentur
1139 5063 1157 5097 :
1193 5019 1400 5099 emittes
1432 5044 1446 5077 ¹
1483 5019 1753 5114 Spiritum
1792 5019 1967 5112 tuum,
2002 5053 2051 5100 et
2079 5062 2195 5103 cre-
2303 5039 2451 5104 Quid
2480 5041 2569 5091 est
2594 5037 2883 5098 autemJn
2908 5034 3185 5105 principio
3211 5038 3332 5089 erat
3367 5033 3594 5089 Verbum
3616 5031 3817 5099 (JoanJ.
3843 5019 3893 5088 ίὶν

533 5133 823 5196 abuntur;
855 5136 907 5189 et
959 5133 1244 5189 innovabis
1280 5133 1481 5203 faciem
1527 5135 1693 5187 terrae
1740 5132 1910 5203 (Psal.
1953 5150 2067 5203 cm,
2101 5136 2190 5207 29,

2327 5127 2505 5193 iisi,In
2540 5129 2708 5179 Patre
2733 5126 2856 5177 erat
2868 5122 3048 5177 Filius
3071 5127 3093 5177 Ρ
3116 5122 3184 5177 Et
3203 5121 3329 5194 ipse
3348 5122 3534 5177 Filius
3563 5116 3894 5210 interrogath

534 5224 648 5293 30).
681 5195 807 5278 Nisi
840 5224 984 5278 forte
1036 5222 1232 5278 minus
1280 5195 1527 5276 idoneus
1558 5226 1681 5276 erat
1720 5195 1974 5292 Spiritus
2025 5195 2190 5281 sane:

2327 5243 2333 5272 ι
2362 5214 2583 5272 Judaeis
2614 5212 2748 5285 quis
2779 5215 2955 5275 esset,
2990 5211 3292 5282 respondit
3324 5228 3336 5264 :
3374 5195 3893 5280 Principium,quiad

530 5317 631 5370 tus
664 5313 931 5369 creandis
961 5313 1135 5368 rebus
1169 5328 1293 5383 quae
1328 5311 1558 5366 fuerant
1583 5310 1913 5377 defecturas,
1947 5327 2079 5367 cum
2115 5315 2192 5370 sit
2298 5308 2487 5379 quuO"
2516 5304 2663 5393 υοὺίδ
2691 5301 2923 5393 (“igitur
2958 5300 3252 5393 25);"???
3280 5317 3414 5393 θῐᾘο
3446 5296 3779 5393 Ρτίξιοίρίξιω
3806 5299 3892 5393 9??

529 5401 775 5459 idoneus
807 5403 1074 5458 creandis
1132 5418 1259 5473 quas
1319 5406 1460 5455 sunt
1517 5400 1641 5455 sine
1702 5400 1814 5454 fine
1874 5416 2183 5457 mansuras.

2336 5370 2372 5452 θ’
2398 5370 2724 5467 principio;
2757 5389 2937 5444 Filius
2969 5388 3322 5461 principium
3346 5370 3424 5444 de
3473 5382 3745 5483 principio
3765 5394 3785 5478 ,τ

528 5489 705 5547 Paulo
737 5497 869 5549 ante
902 5492 1018 5546 dixi
1051 5508 1064 5545 :
1101 5492 1248 5557 Quid
1281 5496 1372 5546 est
1410 5488 1785 5546 excellentius
1816 5488 1873 5543 in
1902 5491 2185 5548 creaturis
2294 5490 2607 5555 utrumque
2638 5478 2833 5546 simul,
2868 5495 2981 5533 non
3014 5478 3148 5547 duo,
3182 5480 3283 5534 88d
3331 5493 3515 5533 unum
3547 5474 3885 5566 principum}:

528 5544 703 5650 quam
724 5544 1469 5646 ccslcrfum‘iouid
1493 5544 1684 5635 dicam
1708 5578 1778 5632 de
1806 5544 1981 5634 carne
2011 5544 2182 5636 Cres:
2290 5576 2441 5631 sicut
2472 5544 2639 5627 Pater
2670 5544 2827 5624 Deus
2851 5572 2908 5623 et
2938 5544 3505 5637 Filius'Deus,ambo
3536 5544 3717 5621 autem
3745 5544 3884 5650 simul

2288 5684 2403 5724 non
2437 5666 2551 5721 duo
2583 5660 2793 5734 dii,sed
2824 5674 2978 5715 unus
3009 5662 3183 5715 Deus.
3215 5659 3329 5717 Nec
3357 5656 3638 5731 Spiritum
3660 5648 3882 5711 sanctum

588 5702 606 5735 ι
639 5701 792 5764 Editi,
821 5704 1017 5752 emitte.
1049 5705 1118 5754 At
1172 5706 1318 5763 ωδε..
1345 5703 1563 5754 emittes.
1586 5702 1649 5753 Et
1702 5700 1778 5752 sic
1825 5700 2175 5767 Augustinus,
2288 5700 2403 5724 “‘“‘
2437 5700 2551 5721 ““"
2583 5700 2793 5734 “"’°"“
2827 5700 2978 5768 “"“f’
3009 5700 3183 5715 "w‘"
3216 5700 3329 5717 ⁶“’⁹
3357 5700 3405 5730 ’³1

588 5775 701 5815 iarr.
731 5765 788 5815 in
817 5764 1071 5818 eumdem
1099 5768 1367 5828 psalmum
1398 5767 1506 5818 103.
2351 5768 2365 5801 ³
2398 5764 2494 5815 Hic
2518 5760 2663 5828 apud
2687 5760 2816 5812 Lov.
2847 5770 3104 5811 omissum
3131 5760 3232 5822 est,
3262 5760 3405 5811 ante.

518 5761 701 5815 Enarr.
731 5761 788 5815 in
817 5764 1071 5818 eumdem
1099 5761 1367 5831 psalmum
1398 5767 1506 5818 103.
