4094 6188
222 383 340 444 785

219 518 292 574 ab
327 520 574 588 utroque
605 516 1009 588 procedentem
1041 514 1262 586 negabo
1295 528 1426 567 esse
1466 511 1822 582 principium
1864 528 1877 578 ;

217 607 319 662 sed
356 606 476 661 hac
508 606 622 661 tria
651 605 828 660 simul
861 605 1014 661 sicut
1043 620 1230 659 unum
1262 602 1552 667 Deum,ita
1573 617 1752 655 unum
1791 599 1876 653 di-

218 711 288 751 co
319 711 448 751 esse
481 693 859 766 principium.

291 785 520 840 CAPUT
551 784 747 839 XVIII.
782 814 849 822 —
885 786 932 837 i.
971 782 1133 851 Quid,
1159 783 1208 836 si
1240 780 1502 847 audieris,
1527 778 1743 850 inquis,
1774 781 1882 834 Pa-

216 878 359 929 trem
397 873 686 935 dicentem,
721 896 748 922 ‹‹
786 879 987 929 Tecum
1032 873 1380 942 principium
1422 872 1481 925 in
1531 869 1617 924 die
1663 871 1882 924 virtutis

213 972 350 1027 tuae,
383 964 444 1016 in
472 961 854 1033 sptendoribus
885 964 1215 1024 sanctorum,
1249 975 1318 1014 ex
1348 963 1497 1013 utero
1529 961 1654 1012 ante
1685 958 1875 1028 lucife-

213 1069 342 1108 rum
372 1053 546 1120 genui
593 1059 646 1105 te
678 1073 705 1099 »
738 1051 909 1121 (Psal.
962 1067 1076 1116 cxx,
1107 1049 1214 1117 3)?
1245 1048 1390 1115 Quid
1439 1047 1752 1118 promittis,
1787 1046 1874 1101 vel

212 1142 356 1213 quid
383 1139 650 1208 minaris,
685 1140 734 1194 si
767 1139 1005 1194 audiero
1039 1139 1193 1210 quod
1230 1139 1559 1208 frequenter
1589 1137 1784 1201 audio,
1819 1139 1876 1190 et

211 1229 466 1286 ﬁdeliter
504 1230 674 1284 credo
695 1229 722 1283 ?
749 1229 858 1284 Sed
892 1228 1027 1282 hinc
1059 1233 1114 1283 te
1137 1227 1279 1282 nihil
1303 1226 1590 1296 adjuvari,
1623 1242 1726 1278 cur
1758 1242 1869 1279 non

207 1320 434 1390 videas,
470 1318 789 1390 plurimum
825 1319 1023 1373 miror.
1043 1318 1166 1372 Sive
1198 1317 1353 1371 enim
1386 1331 1454 1370 ex
1485 1331 1734 1386 persona
1765 1331 1872 1369 sua

206 1408 319 1464 hoc
351 1407 637 1480 propheta
665 1407 820 1462 dicat
854 1407 925 1461 ad
957 1406 1272 1461 Dominum
1307 1406 1526 1474 Jesum,
1562 1403 1610 1458 si
1643 1420 1710 1457 ex
1740 1419 1868 1473 per-

206 1513 355 1553 sona
385 1513 492 1552 sua
522 1495 633 1550 hoc
679 1495 962 1567 propheta
992 1495 1147 1550 dicat
1176 1494 1247 1548 ad
1293 1492 1607 1548 Dominum
1639 1491 1866 1558 Jesum,

205 1585 329 1641 sive
361 1602 428 1639 ex
475 1601 723 1655 persona
757 1584 939 1638 Patris
973 1584 1044 1637 ad
1092 1582 1322 1649 Filium,
1357 1597 1489 1636 cum
1523 1597 1628 1651 ego
1661 1579 1866 1635 ambas

205 1673 614 1744 generationes
643 1672 879 1742 Christi,
904 1677 960 1728 et
989 1689 1056 1727 ex
1087 1673 1202 1727 Deo
1227 1671 1393 1726 Patre
1427 1670 1550 1724 sine
1580 1673 1861 1740 tempore,

203 1767 262 1818 et
291 1780 362 1818 ex
392 1761 628 1817 homine
660 1766 846 1817 matre
877 1763 932 1816 in
986 1760 1345 1832 plenitudine
1394 1761 1672 1829 temporis
1712 1757 1862 1812 acci-

205 1852 387 1924 piam,
422 1867 681 1916 venerer,
715 1851 1164 1922 pradicem,non
1199 1855 1288 1905 est
1317 1849 1424 1903 hoc
1453 1847 1858 1903 testimonium

205 1942 518 1996 adversum
553 1957 665 1996 me.
699 1941 806 1996 Sed
843 1957 1033 1995 moras
1063 1940 1354 1994 innectere
1402 1937 1656 1992 voluisse
1708 1937 1858 1990 indi-

205 2033 298 2084 cat
331 2035 404 2098 te,
428 2029 526 2084 ubi
552 2045 656 2100 ego
688 2029 882 2100 potius
913 2028 1195 2099 intelligo,
1216 2043 1396 2098 quare
1426 2044 1495 2081 ex
1517 2029 1670 2081 utero
1700 2026 1858 2080 dixe-

197 2118 277 2173 rit
305 2119 474 2188 genui
499 2121 552 2173 te
580 2135 599 2171 :
631 2119 768 2189 quia
794 2118 901 2172 hoc
932 2123 988 2172 et
1018 2123 1078 2171 tu
1113 2134 1181 2171 ex
1212 2133 1459 2188 persona
1490 2115 1673 2170 Patris
1705 2114 1853 2169 acci-

196 2206 290 2278 pis
324 2205 708 2262 dictum.Non
740 2207 894 2261 enim
929 2206 1422 2278 quemadmodum
1457 2205 1713 2276 corporis
1747 2203 1852 2258 hu-

197 2295 363 2350 mani
407 2299 546 2351 sunt
596 2296 858 2350 membra
908 2295 1217 2365 disposita,
1263 2293 1345 2349 sic
1397 2293 1570 2348 habet
1620 2297 1852 2347 uterum

193 2385 388 2451 Deus;
425 2386 522 2440 sed
575 2386 816 2439 verbum
850 2383 1198 2439 translatum
1254 2388 1341 2438 est
1371 2399 1406 2440 ι
1451 2382 1734 2456 corporali
1781 2383 1852 2436 ad

193 2472 623 2544 incorporalem
648 2473 1062 2540 substantiam,
1080 2477 1142 2526 ut
1173 2471 1636 2543 intelligeremus
1658 2473 1727 2526 de
1753 2472 1851 2526 Pa-

194 2561 305 2617 tris
339 2563 670 2617 substantia
701 2562 962 2633 genitum
989 2561 1356 2634 unigenitum
1397 2560 1599 2615 Filium
1628 2579 1640 2626 ;
1667 2577 1730 2615 ac
1754 2576 1856 2631 per

192 2651 306 2706 hoc
338 2651 477 2722 quid
529 2650 682 2706 aliud
716 2667 893 2722 quam
946 2654 1120 2705 unius
1151 2650 1549 2720 ejusdemque
1577 2649 1853 2704 substan-

197 2741 294 2796 tia
317 2742 346 2794 ?
378 2741 494 2812 Ego
529 2741 726 2812 itaque
758 2740 866 2795 hoc
914 2739 1318 2794 testimonium
1352 2740 1608 2810 proferre
1655 2741 1857 2792 contra

194 2835 253 2885 te
285 2829 462 2884 debui
499 2846 512 2883 :
556 2829 654 2884 sed
689 2829 906 2900 gratias
940 2845 1046 2901 ago
1077 2829 1214 2898 quia
1244 2827 1680 2883 commonuisti.
1711 2831 1854 2882 Con-

193 2917 394 2974 sidera
426 2934 564 2990 ergo
596 2924 883 2989 quantum
919 2918 1056 2972 mali
1089 2918 1346 2988 sit,quod
1381 2917 1644 2987 ejusdem
1679 2917 1855 2972 subs-

190 3009 392 3063 tantia
447 3007 655 3061 Filium
691 3007 939 3080 negatis,
975 3024 1149 3078 quem
1201 3008 1465 3079 genitum
1498 3005 1856 3061 conﬁtemini

187 3114 257 3151 ex
282 3101 454 3151 utero
475 3096 964 3166 Patris,injuriam
985 3096 1392 3167 gravissimam
1420 3095 1695 3150 facientes
1723 3097 1852 3159 Deo,

191 3192 480 3256 tanquam
515 3185 656 3239 illud
678 3186 830 3256 quod
867 3185 990 3256 ipse
1023 3202 1136 3239 non
1157 3190 1405 3250 esset,ex
1437 3190 1599 3239 utero
1621 3185 1856 3256 gignere

188 3274 714 3346 potuisset.Nonne
746 3274 978 3329 sentitis
1007 3291 1110 3329 vos
1143 3275 1580 3345 generationem
1614 3273 1714 3330 Dei
1744 3290 1858 3328 cre-

188 3363 325 3419 dere
356 3362 658 3427 vitiosam,
694 3362 1006 3434 pradicare
1039 3368 1499 3431 monstruosam,
1536 3363 1634 3434 qui
1665 3363 1857 3418 dicere

188 3453 431 3509 audetis
463 3469 531 3507 ex
563 3458 725 3507 utero
757 3451 856 3506 Dei
878 3451 1233 3523 processisse
1250 3453 1533 3506 diversam
1559 3451 1858 3507 naturam?

189 3542 247 3598 Si
281 3546 486 3598 autem
520 3540 651 3606 hoc,
685 3541 838 3596 sicut
868 3541 1112 3609 debetis,
1158 3539 1430 3605 horretis,
1463 3541 1857 3612 respuitisque

188 3631 528 3698 nobiscum,
555 3629 681 3699 jam
713 3630 946 3685 tandem
979 3628 1294 3684 concilium
1326 3629 1623 3684 Nicanum
1654 3636 1710 3685 et
1740 3631 1856 3686 Ilo-

189 3720 467 3776 mousion
501 3718 734 3774 laudate
765 3735 830 3774 ac
862 3723 1053 3774 tenete
1086 3719 1415 3774 nobiscum.

255 3809 472 3875 2.Quis
505 3814 699 3863 autem
722 3826 834 3863 non
866 3808 1058 3863 videat
1083 3809 1376 3863 defectum
1403 3808 1701 3876 tuum,ubi
1723 3824 1854 3863 cum

194 3898 488 3964 audisses,
523 3914 617 3952 me
661 3902 1177 3962 commemorante,
1211 3898 1267 3950 in
1305 3897 1608 3969 prophetia
1638 3897 1856 3952 dixisse

188 3988 495 4044 Christum
533 4003 637 4041 suo
663 3986 918 4056 Patri,De
942 3996 1124 4041 ventre
1148 3990 1347 4042 matris
1376 4002 1515 4043 mea
1543 3992 1685 4042 Deus
1709 4003 1857 4041 meus

189 4093 241 4133 es
273 4081 334 4132 tu
366 4077 545 4148 (Psal.
573 4093 690 4143 xxi,
725 4077 848 4143 ti);
883 4081 948 4131 ut
989 4075 1444 4148 intelligeremus
1476 4077 1602 4146 ejus
1636 4082 1857 4132 natura

190 4166 363 4222 illum
397 4182 529 4221 esse
579 4171 754 4220 Deum
788 4182 964 4236 quam
1018 4164 1199 4220 Filius
1253 4165 1440 4236 ipsius
1483 4183 1550 4220 ex
1597 4171 1856 4236 tempore

190 4255 261 4310 de
292 4260 500 4310 ventre
527 4255 730 4310 matris
759 4255 1000 4326 accepit,
1021 4254 1248 4309 Patrem
1283 4251 1412 4309 vero
1445 4260 1666 4309 natura
1698 4255 1855 4309 illius

191 4361 373 4416 quam
407 4344 480 4398 de
503 4343 711 4415 seipse
734 4343 1056 4415 generavit:
1087 4349 1145 4398 tu
1171 4360 1284 4398 non
1308 4344 1609 4398 inveniens
1623 4345 1760 4414 quid
1777 4362 1858 4400 re-

189 4434 741 4506 sponderes,tamen
774 4449 845 4487 ne
876 4439 1096 4488 taceres
1121 4432 1432 4500 dixisti,Eac
1462 4437 1648 4488 ventre
1671 4437 1858 4489 matris

187 4527 389 4578 natum
417 4523 696 4593 proﬁteris
713 4521 993 4578 Christum
1015 4521 1317 4578 secundum
1347 4527 1670 4584 carnem;et
1700 4523 1858 4578 addi-

191 4612 356 4678 disti,
391 4611 533 4682 quod
560 4627 657 4666 nec
687 4612 868 4667 Judai
897 4611 1184 4681 difﬁdunt.
1218 4617 1297 4666 Ac
1328 4611 1536 4666 deinde
1575 4612 1853 4683 quasisti,

192 4702 303 4756 Cur
335 4702 442 4755 ista
472 4702 784 4755 testimonia
815 4702 875 4754 in
911 4701 1153 4756 medium
1182 4717 1291 4756 non
1317 4701 1700 4774 proferantur,
1735 4717 1859 4773 quae

189 4791 357 4845 illam
373 4791 726 4845 nativitatem
742 4791 1116 4845 demonstrant
1133 4792 1191 4844 in
1206 4791 1650 4861 principio,sicut
1660 4793 1707 4844 et
1718 4807 1857 4862 prer-

189 4879 386 4934 cedens
417 4894 536 4943 nos,
570 4877 789 4948 inquis,
824 4880 1054 4934 instruit
1099 4881 1516 4934 testimonium?
1544 4879 1719 4944 Quasi
1752 4896 1856 4952 ego

193 4967 362 5023 illam
396 4966 759 5022 nativitatem
783 4967 1140 5034 Christi,non
1161 4968 1668 5039 temporalem,sed
1693 4973 1854 5022 ater-

193 5060 795 5128 nam,propterquam
811 5057 1032 5111 dictum
1050 5060 1156 5126 est,
1183 5056 1240 5110 In
1263 5057 1540 5128 principio
1569 5066 1690 5113 erat
1726 5060 1855 5113 Ver-

195 5146 350 5215 bum,
382 5163 499 5200 non
533 5145 789 5212 credam,
825 5162 938 5200 non
973 5145 1302 5217 pradicem,
1338 5163 1452 5201 non
1497 5146 1853 5216 amplectar;

191 5235 298 5290 sed
333 5239 566 5289 tantum
605 5251 673 5289 ex
703 5238 898 5288 ventre
933 5233 1134 5288 matris
1161 5240 1362 5289 natum
1397 5252 1651 5290 asserem
1690 5235 1854 5289 Chri-

191 5328 359 5379 stum
381 5323 410 5377 ?
433 5324 576 5378 Ecce
598 5339 702 5392 ego
730 5323 857 5378 dico
881 5323 1062 5378 Deum
1096 5323 1302 5377 Filium
1323 5325 1391 5378 de
1415 5329 1524 5378 Deo
1553 5325 1713 5379 Patre
1732 5325 1858 5379 sine

192 5419 461 5485 tempore
490 5413 777 5485 genitum.
815 5413 1114 5479 Quomodo
1147 5413 1223 5467 sit
1252 5417 1444 5467 autem
1478 5413 1652 5468 etiam
1703 5415 1856 5470 Deus

193 5505 329 5573 ejus
359 5503 457 5574 qui
494 5502 660 5558 Pater
687 5507 777 5558 est
826 5503 979 5573 ejus,
1009 5502 1258 5568 ostendi,
1292 5509 1527 5573 propter
1558 5503 1850 5558 hominem

196 5607 376 5665 quem
409 5591 755 5662 suscepit,et
786 5591 845 5644 in
870 5607 984 5660 quo
1010 5593 1181 5643 natus
1205 5595 1293 5643 est
1315 5590 1385 5643 de
1404 5594 1600 5644 ventre
1629 5591 1854 5655 matris,

196 5681 330 5738 sine
360 5680 674 5736 concubitu
696 5679 949 5735 hominis
981 5678 1274 5750 patris.Ad
1308 5679 1461 5748 quod
1489 5678 1854 5749 probandum

195 5768 607 5827 testimonium
644 5767 905 5838 dedi,ubi
928 5769 1008 5823 ait
1038 5768 1097 5823 in
1129 5767 1436 5840 prophetia
1462 5767 1616 5823 Patri
1650 5769 1858 5836 suo,De

200 5866 395 5921 ventre
421 5862 617 5920 matris
639 5875 774 5919 mea
794 5863 940 5920 Deus
958 5874 1112 5917 meus
1127 5874 1183 5918 es
1201 5859 1371 5917 tu.Tu
1389 5859 1491 5932 qui
1507 5857 1654 5918 dicis
1676 5875 1769 5917 me
1785 5875 1854 5919 ex

1568 374 1802 438 LIBER
1846 373 2281 441 SECUNDUS.

3515 393 3634 459 786

1986 516 2186 567 ventre
2217 514 2420 572 matris
2438 520 2642 574 natum
2667 520 3652 597 proﬁteriChristum,quodnecJu-

1991 599 2094 653 dai
2121 601 2588 676 difiidunt,quasi
2613 625 2716 680 ego
2736 609 2907 664 istam
2941 613 3304 670 nativitatem
3327 615 3538 671 Christi
3559 634 3646 673 so-

1991 686 2105 743 lam
2139 694 2448 762 protitear;
2484 696 2602 749 noli
2634 698 2954 768 perinania
2986 703 3181 756 conari
3203 705 3527 770 evadere,et
3547 707 3641 763 dic

1986 779 2182 848 potius
2199 797 2378 850 quare
2399 783 2540 838 mihi
2557 801 2670 838 non
2685 790 3075 857 responderis,
3094 791 3190 845 ubi
3206 791 3348 846 dicit
3370 793 3638 854 Christus

1984 867 2161 934 Patri,
2197 871 2266 923 De
2292 879 2472 925 ventre
2491 876 2682 927 matris
2710 892 2841 930 mea
2872 878 3010 932 Deus
3039 895 3190 934 meus
3220 897 3271 935 es
3298 890 3376 936 tu.
3411 884 3493 937 Ad
3528 883 3636 940 hoc

1983 955 2134 1044 enim
2171 959 2447 1028 quoniam
2479 961 2673 1016 vidisti
2728 981 2840 1018 non
2875 969 2930 1020 te
2962 966 3172 1023 habere
3204 971 3356 1040 quod
3393 971 3632 1044 diceres,

1982 1043 2150 1100 aliam
2187 1048 2546 1104 nativitatem
2579 1067 2707 1121 qua
2739 1053 2836 1108 Dei
2872 1055 2941 1109 de
2971 1056 3085 1111 Deo
3116 1062 3222 1126 est,
3257 1043 3630 1132 interponené

1980 1134 2114 1189 dam
2151 1138 2366 1204 putasti
2387 1154 2501 1208 qua
2533 1140 2781 1211 fugeres.
2808 1142 2964 1214 Rogo
2998 1150 3090 1212 te;
3117 1149 3350 1217 quando
3380 1151 3519 1220 quid
3551 1168 3635 1208 re-

1976 1225 2264 1294 spondeas
2298 1243 2411 1280 non
2447 1228 2648 1293 habes,
2683 1236 2903 1300 quanto
2935 1233 3143 1290 melius
3173 1241 3395 1293 taceres
3417 1239 3444 1292 ?

2046 1314 2097 1366 3.
2125 1313 2186 1368 Si
2213 1321 2433 1386 propter
2460 1333 2674 1388 corpus,
2708 1319 2926 1390 inquis,
2973 1325 3030 1376 in
3060 1340 3162 1393 quo
3212 1341 3267 1380 se
3292 1328 3624 1401 exinanivit,

1974 1400 2277 1458 debitorem
2298 1420 2353 1459 se
2368 1408 2640 1462 sentitsuo
2657 1411 2896 1479 genitori
2915 1431 2934 1476 ;
2956 1412 3134 1467 multo
3159 1417 3332 1483 magis
3353 1418 3448 1486 qui
3466 1400 3627 1475 illum

1972 1496 2189 1546 tantum
2219 1509 2283 1546 ac
2313 1495 2475 1548 talem
2502 1499 2706 1566 genuit,
2726 1513 2938 1554 necesse
2965 1509 3046 1555 est
3075 1511 3132 1556 ut
3162 1518 3286 1557 eum
3314 1510 3620 1576 veneretur,

1969 1580 2126 1649 eique
2155 1581 2348 1652 oﬂerat
2376 1599 2586 1654 semper
2614 1585 3262 1657 obsequium.Quodlibet
3292 1593 3361 1647 de
3390 1610 3624 1651 venera-

1967 1667 2124 1724 tione
2156 1674 2212 1724 et
2241 1671 2520 1743 obsequio
2553 1673 2678 1728 Filii
2713 1691 2850 1747 erga
2881 1681 3112 1733 Patrem
3147 1680 3460 1736 carnaliter
3489 1701 3620 1740 sen-

1965 1756 2098 1823 tias,
2130 1758 2296 1814 Pater
2324 1761 2589 1830 ejus,nisi
2621 1763 2692 1818 de
2719 1769 2920 1821 ventre
2952 1770 3155 1824 matris
3205 1770 3353 1840 ejus,
3387 1789 3502 1826 non
3530 1777 3620 1828 est

1971 1847 2118 1900 Deus
2149 1849 2298 1917 ejus.
2345 1850 2475 1904 Jam
2509 1855 2886 1922 quantumvis
2917 1857 3275 1928 obsequatur
3314 1859 3428 1914 Deo
3460 1861 3617 1915 Patri

1963 1935 2118 1990 Deus
2151 1937 2638 2010 Filius,quoniam
2675 1942 2839 1998 video
2859 1949 2910 1998 te
2944 1961 3056 2000 non
3087 1945 3410 2019 intelligere
3440 1967 3618 2020 quan-

1961 2027 2020 2078 ta
2050 2024 2126 2079 sit
2181 2026 2237 2080 in
2271 2026 2371 2082 illa
2399 2031 2768 2099 generatione
2799 2033 2977 2102 geniti
3009 2039 3064 2089 et
3093 2036 3374 2105 genitoris
3417 2055 3612 2110 aqua-

1959 2113 2411 2188 litas,numquid
2446 2118 2573 2173 ideo
2605 2121 2938 2176 estdiversa
2968 2128 3177 2179 natura
3206 2125 3387 2196 patris
3417 2126 3616 2182 homi-

1961 2203 2052 2259 nis
2070 2209 2126 2259 et
2155 2205 2412 2262 hominis
2445 2207 2851 2280 ﬁlii,quoniam
2871 2210 3028 2267 ﬁlius
3049 2213 3395 2285 obsequitur
3420 2216 3611 2287 patri?

1961 2297 2076 2348 Hoc
2108 2300 2193 2349 est
2226 2297 2462 2351 omnino
2485 2297 2845 2355 intolerabile
2866 2301 2924 2355 in
2955 2302 3138 2369 vobis,
3173 2303 3311 2374 quia
3340 2304 3411 2360 de
3432 2305 3606 2360 obse-

1957 2383 2094 2453 quio
2128 2383 2252 2438 Filii
2284 2386 2570 2441 diversam
2597 2387 2771 2443 vultis
2802 2392 3046 2460 probare
3075 2392 3466 2448 substantiam
3497 2397 3607 2449 Pa-

1957 2472 2064 2528 tris
2091 2476 2147 2527 et
2181 2473 2334 2530 Filii.
2375 2475 2618 2531 Prorsus
2649 2477 2764 2532 alia
2814 2481 3057 2550 quastio
3109 2485 3216 2547 est,
3252 2481 3456 2537 Utrum
3489 2483 3610 2540 sint

1959 2562 2136 2616 unius
2185 2564 2566 2636 ejusdemque
2611 2567 2950 2622 substantia
3001 2569 3170 2624 Pater
3197 2575 3253 2625 et
3302 2571 3522 2640 Filius;
3555 2576 3612 2629 et

1961 2649 2074 2705 alia
2100 2653 2342 2722 quaestio
2364 2653 2685 2719 est,Utrum
2709 2657 2861 2710 Patri
2899 2656 3075 2713 Filius
3107 2659 3479 2732 obsequatur.
3515 2662 3610 2717 In-

1960 2739 2130 2794 terim
2168 2756 2366 2795 verum
2403 2741 2609 2797 Filium
2645 2761 2758 2799 non
2791 2761 3094 2816 negemus,
3117 2748 3216 2818 qui
3249 2748 3406 2804 nullo
3439 2751 3612 2806 modo

1960 2833 2050 2883 est
2080 2845 2249 2884 verus
2292 2829 2496 2897 Filius,
2532 2832 2581 2886 si
2615 2850 2727 2888 non
2791 2839 2880 2890 est
2928 2834 3114 2906 ipsius
3162 2841 3220 2891 et
3266 2837 3448 2893 Patris
3495 2855 3614 2894 una

1959 2918 2279 2989 eademque
2329 2923 2558 2973 natura.
2597 2919 2773 2976 Dicite
2823 2937 2958 2994 ergo
3010 2922 3192 2978 Deum
3245 2923 3514 2993 Patrem;
3557 2928 3615 2981 et

1959 3005 2142 3060 Deum
2178 3006 2388 3062 Filium
2423 3007 2598 3062 unius
2629 3010 3013 3081 ejusdemque
3063 3028 3191 3067 esse
3241 3013 3609 3071 substantia.

1961 3095 2315 3167 Extorqueat
2343 3096 2506 3152 vobis
2537 3097 2833 3163 divinitas,
2867 3101 3022 3170 quod
3050 3100 3399 3157 humanitati
3432 3103 3612 3160 dona-

1958 3183 2040 3238 vit
2070 3183 2199 3255 ipsa
2248 3185 2542 3240 divinitas.
2573 3186 2929 3258 Obsequitur
2973 3189 3150 3244 homo
3202 3191 3348 3260 patri
3380 3209 3509 3260 suo,
3540 3193 3613 3249 de

1959 3289 2073 3344 quo
2104 3276 2276 3329 natus
2308 3278 2396 3329 est
2437 3274 2650 3343 homo;
2684 3279 2875 3331 tamen
2909 3278 3282 3349 obsequendo
3336 3297 3463 3336 esse
3494 3298 3610 3336 non

1959 3361 2175 3417 desinit
2206 3364 2474 3419 homo.Et
2504 3364 2696 3432 si,non
2731 3366 2859 3421 dico
2887 3367 3105 3437 pariter
3135 3367 3473 3432 honoratus,
3507 3369 3610 3428 sed

1960 3451 2298 3508 honoratior
2328 3458 2481 3508 esset
2511 3453 2690 3521 ﬁlius,
2711 3455 2990 3525 gauderet
3020 3461 3205 3526 pater,
3239 3473 3352 3510 non
3386 3457 3612 3513 invide-

1960 3545 2046 3596 ret
2082 3559 2093 3596 :
2137 3541 2448 3598 honoraret
2479 3548 2672 3597 tamen
2705 3544 2882 3597 etiam
2917 3543 3011 3599 ille
3059 3549 3303 3615 patrem,
3336 3547 3443 3601 etsi
3495 3563 3610 3602 non

1960 3630 2504 3702 parvulus,accessu
2540 3633 2844 3703 augendas
2867 3633 3075 3699 atatis,
3109 3634 3207 3688 sed
3234 3634 3285 3688 ei
3317 3639 3490 3691 natus
3520 3651 3612 3691 es-

1960 3723 2049 3774 set
2079 3719 2648 3791 aqualisJEqualem
2677 3736 2809 3775 vero
2833 3721 2882 3775 si
2915 3725 3079 3793 pater
3108 3721 3281 3777 homo
3301 3723 3610 3793 potuisset,

1961 3807 2121 3863 nullo
2154 3808 2459 3863 dubitante
2489 3809 2805 3880 genuisset.
2825 3809 2964 3873 Quis
2990 3827 3126 3883 ergo
3159 3811 3369 3866 audeat
3398 3812 3612 3881 dicere,

1964 3897 2076 3952 Hoc
2111 3914 2214 3952 nec
2263 3897 2644 3967 Omnipotens
2696 3899 2930 3969 potuit?
2957 3900 3118 3954 Addo
3163 3899 3362 3970 etiam,
3396 3900 3533 3971 quia
3562 3901 3611 3958 si

1959 3991 2159 4056 posset
2185 3985 2379 4055 homo,
2403 3988 2680 4056 majorem
2715 4003 2778 4041 se
2809 3988 2935 4058 ipso
2968 3988 3389 4061 melioremque
3419 3990 3615 4062 gigne-

1959 4080 2045 4129 ret
2075 4074 2259 4129 filium
2297 4091 2308 4128 :
2343 4078 2442 4129 sed
2495 4077 2687 4145 majus
2741 4077 2829 4130 vel
2880 4077 3091 4132 melius
3127 4080 3236 4132 Deo
3286 4079 3609 4150 quidquam

1960 4181 2075 4219 non
2110 4169 2297 4234 potest
2337 4180 2505 4228 esse;
2539 4181 2675 4236 ergo
2705 4165 2755 4219 ei
2787 4181 2987 4220 verum
3040 4165 3251 4221 Fillum
3300 4169 3609 4224 credamus

1957 4252 2260 4325 aqualem.
2295 4253 2457 4318 Quod
2489 4253 2537 4309 si
2570 4253 2804 4321 dixeris,
2841 4255 2916 4309 Eo
2948 4255 3074 4326 ipso
3109 4257 3296 4326 major
3324 4261 3413 4312 est
3445 4257 3611 4312 Pater

1959 4342 2268 4413 Filio,quia
2299 4344 2368 4398 de
2401 4342 2562 4398 nullo
2579 4343 3042 4415 genitus,genuit
3060 4349 3250 4399 tamen
3283 4345 3566 4416 aqualem
3593 4359 3606 4401 ε

1961 4431 2072 4487 cito
2105 4432 2617 4504 respondebo,lmo
2649 4433 2754 4488 deo
2787 4449 2898 4486 non
2932 4436 3021 4488 est
3051 4433 3240 4503 major
3260 4437 3427 4489 Pater
3451 4433 3609 4504 Filio,

1960 4523 2096 4592 quia
2128 4521 2408 4592 aqualem
2437 4521 2788 4593 genuit,non
2822 4521 3127 4576 minorem.
3165 4522 3420 4595 Originis
3453 4523 3611 4580 enim

1961 4610 2202 4681 quaslio
2251 4614 2356 4679 est,
2390 4610 2530 4675 Quis
2580 4609 2650 4664 de
2683 4626 2796 4680 quo
2837 4610 2913 4664 sit
2947 4628 2959 4665 :
2996 4610 3346 4681 aqualitatis
3395 4617 3612 4678 autem.

1960 4697 2158 4764 Qualis
2181 4702 2281 4752 aut
2302 4703 2558 4768 quantus
2581 4698 2931 4753 sit.Proinde
2953 4699 3000 4752 si
3024 4699 3284 4755 admittit
3303 4701 3445 4756 ratio
3471 4703 3588 4757 veri

1959 4787 2095 4841 tatis
2127 4793 2191 4841 ut
2221 4787 2424 4858 aquati
2453 4787 2599 4842 Patri
2632 4787 2806 4842 Filius
2839 4788 3197 4859 obsequatur
3224 4790 3610 4861 aqualis,non

1959 4892 2241 4946 negamus
2255 4876 2623 4946 obsequium:
2641 4877 2688 4931 si
2713 4881 2908 4932 autem
2931 4894 3033 4948 per
3052 4879 3400 4951 obsequium
3417 4880 3609 4935 mino-

1959 4981 2080 5019 rem
2113 4966 2354 5019 natura‘
2380 4965 2556 5020 vultis
2574 4967 3212 5038 credere,prohibemus
3232 4984 3244 5022 :
3263 4966 3420 5023 nullo
3435 4967 3607 5023 modo

1959 5054 2114 5108 enim
2151 5059 2299 5110 Deus
2333 5055 2495 5109 Pater
2535 5059 2600 5109 ut
2625 5055 2839 5111 habere
2871 5055 3027 5112 unioi
3056 5055 3184 5110 Filii
3215 5060 3412 5128 posset
3438 5056 3607 5112 obse-

1960 5143 2186 5215 quium,
2220 5143 2388 5200 vellet
2419 5144 2706 5216 dcnegare
2737 5148 3028 5200 naturam.

2029 5235 2080 5287 4.
2115 5234 2452 5289 Parentibus
2484 5239 2679 5288 autem
2714 5238 2774 5287 ut
2814 5238 2968 5289 esset
2997 5233 3267 5288 subditus
3316 5232 3604 5305 Christus,

1960 5339 2073 5378 non
2105 5323 2311 5377 divina
2345 5324 2668 5393 majestatis
2702 5323 2934 5388 fuit,sed
2969 5322 3611 5379 atatishumana.Fru-

1959 5415 2078 5466 stra
2108 5411 2304 5482 itaque
2336 5412 2530 5467 dixisti
2559 5431 2570 5466 :
2605 5413 2665 5464 Si
2692 5411 3017 5481 parentibus
3062 5412 3171 5480 fuit
3200 5410 3445 5466 subditus
3476 5427 3610 5482 quos

1956 5505 2165 5556 creavit
2201 5503 2343 5566 (Luc.
2381 5519 2440 5565 ιι,
2472 5501 2583 5568 51),
2617 5504 2820 5569 quanto
2868 5501 3044 5568 magis
3092 5515 3189 5553 suo
3232 5503 3472 5568 genitori
3514 5503 3612 5572 qui

1957 5606 2083 5645 eum
2106 5600 2325 5646 tantum
2347 5607 2411 5645 ac
2432 5591 2592 5644 talem.
2608 5587 3256 5659 genuit?Respondetur
3279 5591 3434 5643 enim
3468 5590 3606 5645 tibi:

1959 5870 1978 5919 ι
2022 5808 2040 5843 ί
2077 5805 2195 5857 Am.
2229 5808 2284 5856 et
2310 5803 2396 5857 Er.
2425 5803 2671 5854 minorem
2701 5802 3084 5857 natum.Plures
3112 5803 3507 5866 Mu.,minorem
3520 5818 3608 5855 na-

1981 5882 2147 5919 uram.

1981 5882 2147 5919 uram.
