4090 6184
310 319 425 379 797

306 458 405 512 sed
438 456 553 512 alia
584 456 919 513 testimonia
936 455 1133 511 divina
1166 458 1477 529 proferam,
1499 456 1715 530 quibus
1737 461 1791 510 te
1818 456 1949 510 etin

306 548 420 601 isto
451 563 644 602 errore
659 545 1149 601 detestabiliorcm
1172 547 1730 603 convincam‘.Nunc
1754 550 1951 600 autem

312 636 442 692 etsi
470 652 645 707 negas
670 634 986 689 Dominum
1010 634 1194 689 Deum
1218 652 1346 690 esse
1369 637 1645 708 Spiritum
1672 639 1966 701 sanctum,

310 730 503 781 tamen
530 730 591 779 ut
615 724 746 779 istis
772 723 872 779 Dei
898 724 1144 779 vocibus
1166 726 1507 794 conterarls,
1532 725 1675 780 satis
1700 728 1787 779 est
1809 723 1958 794 quod

314 813 604 869 Christum
641 812 950 866 Dominum
981 813 1157 867 Deum
1191 814 1486 868 conﬁteris
1508 813 1635 884 :qui
1670 812 1716 866 si
1743 829 1854 867 non
1879 816 1969 866 est

316 920 448 959 cum
480 902 646 956 Patre
671 919 824 956 unus
854 901 1132 955 Dominus
1155 902 1328 972 Deus,
1352 904 1464 957 duo
1489 902 1710 956 domini
1736 900 1813 955 dii
1840 916 1969 954 nos-

313 992 387 1047 tri
446 996 638 1059 erunt,
674 994 731 1045 et
786 990 929 1045 false
967 990 1075 1045 illa:
1122 990 1221 1045 Dei
1265 1006 1433 1047 voces
1482 996 1672 1056 erunt,
1706 990 1970 1044 Dominus

320 1087 464 1137 Deus
492 1084 637 1147 tuus,
664 1081 925 1134 Dominus
954 1097 1093 1134 unus
1122 1086 1201 1134 est
1226 1098 1238 1146 ;
1274 1085 1346 1149 et,
1385 1081 1499 1135 Non
1527 1084 1609 1134 est
1653 1080 1795 1133 alius
1824 1093 1970 1150 prae-

321 1174 405 1227 ter
426 1184 532 1224 me.
560 1169 668 1224 Sed
695 1173 915 1239 quanto
942 1169 1152 1223 melius
1175 1175 1344 1223 erunt
1374 1175 1565 1225 vestra
1583 1168 1757 1224 verba
1773 1182 1969 1223 emen-

326 1260 482 1322 data,
519 1274 695 1330 quam
728 1257 829 1312 Dei
862 1258 1035 1312 verba
1067 1257 1407 1313 mendacia?

389 1350 442 1402 2.
479 1346 697 1410 Quaeris
734 1364 767 1401 a
795 1362 885 1401 me
906 1346 1362 1415 utrum,Judaico
1391 1346 1547 1401 modo
1569 1354 1618 1400 ιε
1647 1347 1830 1401 horter
1848 1360 1974 1415 pro-

321 1436 468 1506 fiteri
495 1452 672 1490 unum
704 1436 871 1489 Deum
895 1451 915 1496 ;
946 1451 1019 1488 an
1070 1435 1134 1489 de
1158 1436 1496 1507 subjectione
1532 1434 1662 1489 Filii
1688 1436 1870 1505 potius
1899 1449 1978 1489 εε-

320 1523 560 1580 cundum
596 1524 739 1596 quod
767 1525 901 1595 ﬁdes
933 1524 1091 1578 habet
1118 1523 1453 1592 Christiana,
1486 1523 1807 1580 ostendatur
1834 1538 1979 1577 unus

321 1630 435 1670 esse
466 1615 625 1678 Deus,
659 1618 823 1685 cujus
853 1613 1033 1667 Filius
1061 1617 1246 1667 noster
1272 1617 1354 1667 est
1387 1616 1650 1668 Deus.1ta
1671 1612 1781 1667 hoc
1803 1610 1971 1679 dicis,

323 1703 493 1774 quasi
539 1702 875 1757 Judaeorum
929 1702 1005 1756 sit
1060 1718 1188 1767 vox,
1229 1701 1391 1768 Audi,
1447 1700 1671 1763 Israel;
1720 1702 1983 1756 Dominus

322 1793 464 1847 Deus
493 1800 641 1857 tuus,
670 1792 931 1846 Dominus
960 1807 1105 1845 unus
1125 1796 1204 1847 est
1227 1816 1241 1857 ;
1275 1796 1400 1855 aut,
1428 1792 1534 1859 Ego
1555 1807 1677 1845 sum
1698 1792 1983 1857 Dominus,

323 1883 519 1937 etnon
550 1884 626 1936 est
656 1882 805 1935 alius
847 1885 1059 1952 praeter
1106 1895 1210 1934 me.
1262 1881 1392 1951 Ipse
1436 1880 1590 1935 Deus
1636 1879 1747 1934 hoc
1795 1878 1983 1933 dixit:

330 1986 607 2041 agnosce,
638 1976 696 2025 et
725 1974 886 2036 tace;
920 1968 1009 2024 vel
1044 1968 1241 2040 potius
1275 1970 1533 2024 edissere
1574 1968 1866 2040 quomodo
1900 1983 1988 2021 ve-

325 2075 460 2114 rum
494 2058 723 2124 dixerit,
755 2074 926 2129 quem
961 2057 1158 2113 nullus
1183 2064 1448 2113 nostrum
1496 2059 1671 2113 audet
1687 2057 1980 2112 alﬁrmare

330 2149 667 2203 mentitum.
697 2147 985 2213 Edissere,
1010 2147 1281 2218 inquam,
1314 2147 1607 2220 quomodo
1644 2163 1847 2201 verum
1879 2145 1976 2211 sit,

329 2238 594 2293 Dominus
625 2238 763 2293 Deus
793 2245 940 2300 tuus,
975 2238 1247 2291 Dominus
1275 2252 1417 2290 unus
1446 2240 1523 2290 est
1550 2254 1561 2294 :
1596 2236 1641 2290 si
1663 2235 1887 2290 domini
1907 2234 1987 2289 dii

331 2326 539 2396 nostri,
570 2330 633 2381 ut
663 2325 878 2389 dicitis,
909 2326 1023 2380 duo
1055 2330 1215 2391 sunt,
1252 2342 1407 2379 unus
1441 2324 1646 2395 major,
1681 2323 1834 2379 alius
1882 2323 1993 2378 mi-

330 2433 441 2473 nor
471 2432 483 2470 :
518 2416 775 2471 edissere
798 2415 1091 2486 quomodo
1124 2430 1323 2469 verum
1356 2414 1450 2478 sit,
1484 2415 1593 2482 Ego
1634 2430 1757 2468 sum
1806 2414 1993 2467 Domi-

330 2521 461 2575 nus,
493 2512 683 2558 etnon
712 2506 788 2558 est
832 2504 985 2559 alius
1013 2506 1223 2572 prater
1251 2518 1355 2557 me.
1390 2502 1530 2567 Quis
1560 2502 1716 2556 enim
1772 2501 1877 2557 hoc
1908 2500 1995 2555 di-

335 2594 490 2651 xerit
516 2609 733 2664 quaero,
768 2597 968 2646 utrum
1000 2591 1185 2659 Pater,
1222 2607 1293 2646 an
1326 2589 1525 2645 Filius.
1558 2590 1616 2645 Si
1641 2590 1807 2645 Pater
1829 2588 1994 2657 dixit,

334 2685 447 2754 Ego
476 2699 594 2737 sum
636 2682 916 2745 Dominus,
949 2690 998 2735 et
1028 2696 1139 2735 non
1176 2689 1253 2735 εει
1290 2680 1438 2735 alius
1481 2688 1687 2750 preter
1730 2695 1847 2747 me;
1883 2694 1997 2733 non

334 2788 541 2828 verum
572 2771 737 2838 dixit,
771 2770 910 2842 quia
960 2774 1049 2825 est
1079 2768 1228 2823 alius
1261 2768 1546 2824 Dominus
1578 2767 1778 2822 Filius.
1808 2768 1864 2821 Si
1914 2766 1974 2821 Fi

334 2861 455 2917 lius
486 2861 595 2915 hoc
624 2859 797 2927 dixit;
834 2874 937 2913 nec
970 2858 1097 2929 ipse
1119 2874 1324 2913 verum
1360 2856 1524 2925 dixit,
1558 2856 1698 2928 quia
1726 2861 1814 2912 est
1846 2856 1999 2911 alius

344 2950 629 3007 Dominus
662 2948 846 3003 Pater.
874 2947 933 3002 Si
965 2951 1160 3002 autem
1203 2946 1315 3001 hoc
1356 2946 1501 3001 dixit
1546 2946 1831 3013 Trinitas;
1866 2963 1999 3017 pro-

336 3040 491 3095 fecto
522 3042 580 3093 et
608 3053 809 3092 verum
843 3036 1012 3102 dixit,
1044 3041 1103 3090 et
1133 3052 1234 3091 vos
1266 3035 1481 3090 falsum
1505 3035 1697 3090 dicere
1723 3035 1997 3090 ostendit.

339 3128 603 3184 Trinitas
634 3126 849 3197 quippe
898 3125 1222 3180 secundum
1274 3129 1489 3179 rectam
1539 3124 1737 3192 ﬁdem,
1786 3123 1843 3178 id
1892 3130 2001 3191 est,

342 3217 513 3273 Pater
544 3221 600 3271 et
630 3215 812 3269 Filius
842 3220 900 3270 et
930 3214 1186 3285 Spiritus
1222 3218 1485 3282 sanctus,
1522 3214 1579 3268 in
1612 3213 1783 3284 cujus
1817 3212 2004 3268 nomi-

345 3323 422 3362 ne
452 3304 836 3375 baptizamur,
903 3309 960 3358 et
991 3319 1145 3358 unus
1173 3302 1457 3357 Dominus
1493 3303 1641 3357 Deus
1671 3307 1868 3358 noster
1891 3306 2000 3371 est,

338 3400 402 3451 et
431 3399 638 3466 praeter
658 3393 852 3463 ipsum
884 3391 1036 3447 alius
1070 3408 1182 3446 non
1210 3396 1318 3446 est.
1357 3393 1484 3462 lpse
1513 3396 1602 3445 est
1650 3391 1805 3446 enim
1848 3391 2003 3447 Deus

340 3485 417 3540 de
447 3499 563 3553 quo
595 3480 735 3537 dicit
781 3479 1093 3552 Apostolus
1129 3496 1142 3536 :
1175 3481 1369 3535 Nullus
1400 3483 1481 3535 est
1516 3481 1677 3547 Deus,
1710 3481 1825 3535 nisi
1861 3495 2002 3535 unus

339 3573 390 3642 (Ι
428 3572 552 3627 Cor.
586 3587 706 3636 vm,
738 3570 813 3637 4).
848 3569 994 3623 Nam
1027 3570 1077 3622 si
1110 3568 1219 3623 hoc
1249 3569 1321 3623 de
1352 3571 1521 3623 Patre
1565 3568 1857 3639 acceperis
1888 3568 2004 3623 dic-

338 3667 495 3727 tum,
531 3676 647 3714 non
678 3658 783 3713 tibi
814 3658 927 3713 erit
959 3658 1114 3712 Deus
1143 3657 1431 3726 Christus,
1467 3657 1604 3727 quia
1650 3673 1761 3711 non
1814 3661 2005 3727 potest

341 3748 490 3805 solvi
524 3748 848 3819 Scriptura,
884 3746 1109 3813 dicens,
1140 3747 1336 3802 Nullus
1366 3746 1526 3814 Deus,
1569 3747 1687 3801 nisi
1714 3761 1859 3800 unus
1892 3763 1905 3801 :
1941 3750 2007 3801 ut

347 3838 446 3894 hic
478 3838 640 3893 vobis
673 3841 898 3891 taceam
932 3836 1003 3891 de
1034 3835 1255 3907 Spiritu
1287 3842 1509 3903 sancto,
1534 3851 1707 3905 quem
1731 3832 2004 3904 superius

340 3928 658 3983 Dominum
722 3926 906 3981 Deum
964 3924 1355 3989 ostendimus,
1416 3924 1581 3979 vobis
1630 3923 2003 3995 negantibus.

341 4018 710 4089 Quapropter
740 4015 789 4070 si
822 4014 1223 4070 Macedoniani
1254 4014 1507 4069 haeretici
1539 4014 1767 4077 essetis,
1802 4012 1905 4083 qui
1936 4012 2007 4066 de

340 4106 471 4163 solo
502 4106 723 4178 Spiritu
755 4109 958 4160 sancto
990 4103 1292 4159 catholicae
1337 4103 1483 4158 ﬁdei
1535 4103 1864 4157 consentire
1902 4102 2007 4157 de-

341 4203 619 4254 trectant.
653 4202 885 4252 Patrem
912 4211 1047 4251 vero
1082 4200 1138 4250 et
1168 4195 1377 4250 Filium
1410 4196 1559 4249 duos
1587 4195 1823 4266 quidem
1856 4210 2005 4265 esse,

349 4290 411 4345 id
434 4295 546 4357 est,
569 4287 740 4343 illum
764 4288 1018 4353 Patrem,
1040 4286 1208 4341 illum
1232 4285 1468 4353 Filium,
1490 4291 1548 4341 et
1581 4286 1834 4358 aequales
1854 4301 2003 4352 esse,

356 4389 534 4453 atque
558 4380 735 4436 unius
776 4380 1041 4449 ejusdem
1071 4377 1437 4442 substantiae,
1479 4392 1582 4432 nec
1620 4382 1815 4432 tamen
1858 4378 2007 4432 duos

350 4474 635 4529 dominos
664 4473 825 4539 deos,
868 4471 966 4526 sed
1001 4470 1206 4525 ambos
1251 4469 1428 4524 simul
1462 4486 1642 4523 unum
1694 4468 2004 4523 Dominum

351 4562 540 4618 Deum
576 4578 705 4617 esse
736 4559 1142 4615 consentiunt:
1170 4559 1217 4613 si
1235 4574 1368 4629 ergo
1389 4562 1556 4613 etvos
1578 4556 1788 4612 saltem
1810 4556 2005 4612 hacte-

352 4668 472 4708 nus
501 4650 791 4717 erraretis,
812 4666 927 4704 non
950 4648 1153 4720 utique
1173 4647 1266 4702 his
1288 4646 1502 4701 divinis
1522 4646 1758 4701 vocibus
1782 4662 2007 4715 urgere-

355 4740 759 4797 mini.Patrem
774 4738 987 4809 quippe
999 4742 1055 4792 et.
1068 4736 1256 4791 Fiium
1273 4735 1609 4791 assereretis
1622 4752 1803 4790 unum
1820 4735 2006 4791 Domi-

358 4846 501 4886 num
525 4828 705 4884 Deum
729 4826 965 4891 dixisse,
988 4830 1105 4883 Non
1138 4831 1215 4881 est
1238 4825 1393 4881 alius
1420 4829 1619 4896 prater
1645 4840 1750 4879 me.
1771 4824 2005 4881 Utinam

354 4935 472 4973 non
496 4922 744 4972 restaret
790 4931 959 4989 agere
998 4915 1321 4983 vobiscum,
1361 4914 1473 4970 nisi
1516 4919 1580 4969 ut
1608 4914 2007 4986 adjungeretis

355 5007 643 5078 Spiritum
659 5009 1013 5072 sanctum,et
1031 5022 1145 5060 non
1164 5003 1642 5074 dualitatem,sed
1656 5003 2005 5059 Trinitatem

356 5095 619 5152 diceritis
644 5112 829 5150 unum
855 5094 1162 5149 Dominum
1179 5094 1385 5150 Deum.
1418 5094 1585 5148 Nunc
1611 5109 1744 5148 vero
1759 5109 1891 5148 cum
1923 5092 2006 5148 sic

359 5184 624 5241 asseritis
646 5184 870 5240 Patrem
901 5184 1214 5239 Dominum
1238 5183 1445 5253 Deum,
1479 5188 1535 5237 et
1557 5182 1764 5237 Filium
1798 5182 2008 5237 Domi-

358 5291 498 5331 num
517 5277 793 5340 Deum,ut
812 5272 987 5329 simul
1013 5272 1218 5327 ambos
1242 5288 1355 5327 non
1372 5272 1581 5327 dicatis
1608 5287 1789 5325 unum
1813 5271 2004 5325 Domi-

357 5380 500 5419 num
524 5368 725 5431 Deum,
742 5363 841 5417 sed
867 5362 1316 5432 duos,majorem
1342 5360 1839 5426 unum,minorem
1864 5360 2004 5415 alte-

358 5470 518 5520 rum;
555 5470 794 5525 prorsus
819 5451 1195 5509 confodimini
1229 5450 1423 5522 gladio
1454 5450 1713 5506 veritatis
1736 5450 2001 5519 dicentis,

354 5544 516 5609 Audi,
542 5543 731 5604 Israel;
767 5543 1033 5597 Dominus
1069 5543 1206 5596 Deus
1247 5551 1391 5608 tuus,
1414 5541 1674 5595 Dominus
1701 5556 1847 5596 unus
1876 5544 1957 5596 est
1985 5558 2005 5595 :

359 5633 459 5705 qui
481 5632 716 5698 clamat,
747 5632 855 5703 Ego
882 5648 999 5687 sum
1034 5632 1314 5698 Dominus,
1336 5634 1521 5686 el-non
1545 5634 1621 5684 est
1641 5630 1785 5684 alius
1802 5638 2009 5701 praeter

358 5737 466 5780 me.
484 5721 685 5794 Neque
712 5720 871 5778 enim
914 5723 1067 5777 Deus
1110 5719 1278 5776 Pater
1322 5718 1406 5775 sic
1448 5716 1615 5775 vellet
1649 5717 1944 5778 lsraelitas
1974 5737 2009 5780 a

427 5821 449 5861 ι
472 5820 559 5879 Er.
582 5818 754 5888 Lugd.
778 5818 936 5886 νεα..
960 5816 1390 5876 detestabihbrem
1414 5815 1729 5874 convincam.
1823 5818 1894 5872 Il.

1657 320 1894 383 LIBER
1934 317 2367 381 SECUNDUS.

3597 315 3716 375 798

2061 456 2223 510 cultu
2255 456 2494 511 deorum
2529 472 2796 512 revocare
2844 454 3164 511 multorum
3197 457 3370 525 atque
3402 452 3713 522 falsorum,

2063 547 2127 597 ut
2156 543 2240 598 eis
2269 544 2339 598 de
2372 562 2485 600 uno
2521 551 2631 600 Deo
2662 560 2729 601 ac
2760 544 3005 599 Domino
3038 542 3399 609 mentiretur,
3416 547 3472 596 et
3493 542 3713 599 diceret

2070 649 2183 687 non
2217 650 2345 689 esse
2393 639 2598 705 praeter
2646 651 2706 690 se
2754 634 2933 688 alium
2984 634 3311 698 Dominum,
3346 647 3479 685 cum
3538 631 3713 687 sciret

2068 719 2250 775 Deum
2283 727 2341 776 et
2370 723 2680 777 Dominum
2712 739 2839 778 esse
2872 740 3044 777 suum
3071 721 3305 776 Filium.
3336 721 3502 776 Absit
3530 726 3594 774 ut
3622 737 3710 775 ve-

2071 810 2214 865 ritas
2245 816 2299 864 et
2327 811 2587 866 veritatis
2607 811 2771 866 Pater
2793 811 3097 867 mendacio
3120 812 3410 882 deciperet
3432 808 3714 881 populum

2070 916 2243 953 suum
2273 916 2285 952 :
2321 900 2721 955 haereticorum
2754 900 2990 965 sithzsc,
3019 918 3130 955 non
3164 898 3719 955 catholicorumtam

2072 987 2363 1043 horrenda
2393 994 2448 1043 et
2478 990 2819 1044 detestanda
2862 989 3248 1060 blasphemia.
3290 988 3534 1042 Prorsus
3565 987 3720 1043 Deus

2072 1093 2270 1131 verum
2304 1077 2464 1148 dicit,
2498 1094 2630 1132 cum
2665 1078 2823 1145 dicit,
2862 1078 3022 1147 Audi,
3064 1078 3254 1142 Israel;
3285 1078 3547 1132 Dominus
3578 1081 3722 1132 Deus

2074 1171 2223 1231 tuus,
2258 1167 2519 1222 Dominus
2546 1184 2690 1220 unus
2719 1176 2797 1221 est
2828 1184 2846 1221 :
2879 1167 3017 1238 quia
3048 1166 3216 1220 Pater
3245 1170 3301 1220 et
3318 1165 3569 1221 Filiuset
3591 1165 3727 1236 Spi-

2077 1255 2226 1311 ritus
2258 1260 2512 1323 tanctus,
2547 1273 2662 1311 non
2686 1263 2800 1311 tres
2832 1256 2932 1326 dii,
2962 1256 3061 1310 sed
3087 1272 3240 1310 unus
3273 1260 3444 1321 Deus;
3477 1271 3581 1309 nec
3612 1259 3731 1310 tres

2077 1343 2323 1412 domini,
2356 1346 2455 1400 sed
2491 1362 2641 1400 unus
2675 1346 2959 1401 Dominus
2991 1350 3098 1400 est.
3136 1349 3383 1399 Prorsus
3414 1360 3615 1399 verum
3647 1343 3732 1397 di-

2080 1433 2181 1499 cit,
2212 1436 2319 1506 Ego
2350 1452 2471 1489 sum
2503 1436 2785 1501 Dominus,
2820 1438 2869 1489 ει
2912 1450 3017 1488 ηοη
3061 1438 3139 1488 εει
3172 1434 3316 1488 alius
3363 1437 3569 1504 prazter
3598 1448 3682 1487 me
3713 1452 3732 1488 :

2081 1523 2221 1595 quia
2252 1540 2367 1579 non
2417 1523 2524 1578 hoc
2573 1523 2741 1578 Pater
2784 1527 3037 1589 tantum,
3068 1524 3167 1577 sed
3204 1523 3331 1593 ipsa
3358 1522 3613 1577 Trinitas
3645 1521 3732 1575 di-

2083 1613 2161 1667 cit
2194 1630 2206 1667 :
2241 1612 2334 1667 hic
2365 1618 2453 1668 est
2484 1613 2768 1668 Dominus
2801 1629 2973 1681 unus,
3008 1616 3064 1667 et
3096 1629 3210 1666 non
3244 1611 3389 1665 alius
3421 1617 3626 1682 praeter
3650 1611 3733 1681 ip-

2085 1718 2240 1757 sum.
2277 1702 2421 1759 Nam
2472 1702 2520 1756 si
2555 1702 2722 1757 Pater
2753 1702 2990 1768 diceret,
3040 1704 3149 1770 Ego
3196 1718 3318 1756 sum
3366 1701 3649 1765 Dominus,
3683 1703 3736 1756 et

2084 1806 2193 1845 non
2224 1794 2304 1844 est
2336 1792 2482 1845 alius
2507 1797 2715 1862 praeter
2740 1808 2825 1845 me
2854 1815 2868 1857 ;
2909 1796 3143 1862 negaret
3172 1790 3377 1860 utique
3418 1789 3735 1845 Dominum

2088 1895 2216 1934 esse
2248 1879 2614 1952 unigenitum
2651 1880 2884 1945 Filium,
2921 1881 2988 1934 Et
3017 1880 3151 1950 quis
3184 1884 3446 1934 nostrum
3499 1879 3741 1933 auderet

2091 1984 2225 2023 eum
2262 1969 2571 2023 Dominum
2606 1969 2891 2035 conﬁteri,
2926 1968 3359 2023 contradicente
3376 1968 3541 2023 Patre
3568 1971 3745 2038 atque

2095 2057 2342 2123 dicente,
2383 2058 2490 2128 Ego
2520 2074 2641 2112 sum
2670 2059 2957 2123 Dominus,
2988 2061 3035 2112 ει
3067 2074 3177 2113 non
3225 2066 3303 2112 εει
3350 2057 3496 2111 alius
3542 2064 3745 2127 praeter

2094 2146 2218 2201 me?
2246 2149 2323 2201 Ac
2354 2163 2455 2218 per
2485 2146 2593 2202 hoc
2639 2147 2962 2202 secundum
2995 2150 3210 2200 rectam
3258 2146 3453 2215 ﬁdem,
3487 2161 3601 2199 non
3634 2144 3741 2199 Pa-

2094 2235 2224 2302 tris,
2251 2236 2350 2289 sed
2382 2234 2681 2290 Trinitatis
2712 2235 2833 2290 haec
2862 2252 2968 2290 vox
2997 2240 3086 2290 est
3117 2252 3130 2290 :
3157 2235 3343 2290 Patris
3374 2250 3530 2306 ergo,
3571 2237 3629 2289 et
3658 2234 3743 2289 Fi-

2094 2323 2179 2394 lii,
2221 2331 2278 2379 et
2326 2324 2579 2395 Spiritus
2636 2325 2841 2379 sancti.
2887 2324 3256 2379 Obticescant
3298 2322 3478 2394 igitur
3526 2321 3741 2392 linguae

2096 2416 2494 2488 ignorantium
2527 2416 2828 2471 veritatem
2861 2432 2874 2470 :
2908 2416 3030 2471 haec
3079 2414 3337 2469 Trinitas
3388 2413 3541 2468 Deus
3592 2428 3746 2467 unus

2098 2510 2207 2560 est.
2238 2506 2317 2560 De
2346 2506 2455 2560 hoc
2487 2522 2602 2560 uno
2634 2506 2749 2561 Deo
2782 2505 3018 2574 dicitur,
3053 2504 3216 2569 Audi,
3251 2503 3458 2565 Israel;
3491 2504 3753 2557 Dominus

2102 2595 2242 2649 Deus
2274 2598 2419 2664 tuus,
2454 2595 2719 2649 Dominus
2748 2610 2896 2650 unus
2941 2603 3042 2649 est.
3088 2594 3193 2647 Hic
3222 2592 3374 2647 Deus
3406 2608 3560 2646 unus
3591 2589 3751 2659 dicit,

2101 2684 2216 2755 Ego
2244 2698 2363 2737 sum
2403 2683 2692 2750 Dominus,
2722 2691 2773 2738 ει
2803 2700 2914 2738 non
2957 2687 3035 2738 εει
3075 2683 3220 2737 alius
3243 2686 3448 2752 praeter
3475 2696 3578 2735 me.
3610 2680 3752 2733 Sub-

2091 2772 2286 2843 jectus
2317 2778 2406 2827 est
2444 2772 2682 2843 quidem
2735 2771 2890 2827 Patri
2938 2770 3096 2826 ﬁlius
3137 2770 3463 2825 secundum
3495 2768 3745 2823 formam

2103 2860 2359 2916 hominis
2396 2877 2407 2915 :
2443 2877 2557 2915 non
2588 2865 2786 2916 tamen
2829 2865 2969 2915 sunt
3016 2860 3130 2915 duo
3175 2858 3255 2913 dii
3287 2864 3342 2914 et
3373 2858 3489 2913 duo
3517 2857 3740 2913 domini

2104 2950 2427 3005 secundum
2462 2949 2706 3005 formam
2741 2950 2865 3005 Dei:
2892 2950 2991 3005 sed
3025 2949 3197 3004 ambo
3227 2965 3359 3003 cum
3390 2947 3607 3020 Spiritu
3639 2964 3746 3003 suo

2105 3055 2257 3094 unus
2288 3045 2377 3095 est
2410 3040 2712 3093 Dominus.

2173 3129 2226 3184 3.
2259 3128 2615 3183 Testimonia
2645 3145 2772 3199 qua:
2804 3128 2874 3182 de
2907 3125 3085 3181 Paulo
3126 3126 3387 3197 apostolo
3434 3123 3749 3196 protulisti,

2105 3222 2307 3274 contra
2337 3225 2392 3274 te
2423 3219 2767 3290 loquuntur,
2802 3224 2857 3273 et
2890 3217 3099 3273 nescis.
3122 3218 3271 3273 Dicit
3300 3217 3455 3273 enim
3483 3214 3754 3271 illezGra-

2103 3309 2210 3363 tias
2239 3308 2385 3363 vobis
2415 3312 2464 3363 et
2493 3325 2605 3379 pax
2632 3326 2666 3363 (ι
2710 3312 2816 3363 Deo
2854 3309 3019 3363 Patre
3054 3310 3236 3362 nostro
3267 3312 3320 3361 et
3351 3308 3578 3361 Damino
3626 3306 3751 3360 Jesu

2107 3396 2321 3452 Christo
2350 3397 2523 3469 (Rom.
2560 3397 2689 3469 1,7;
2724 3402 2743 3449 Ι
2778 3398 2901 3453 Cor.
2938 3414 2976 3464 1,
3003 3397 3066 3462 3;
3094 3396 3140 3451 ll
3174 3394 3294 3450 Cor.
3328 3412 3367 3461 ι,
3396 3396 3464 3456 2;
3497 3392 3673 3448 Calai.
3709 3409 3749 3458 ι,

2103 3486 2158 3554 3,
2189 3490 2239 3541 et
2268 3487 2463 3557 Ephes.
2496 3504 2535 3555 ι,
2566 3488 2642 3558 2).
2667 3486 2966 3549 Quomodo
2998 3491 3085 3539 est
3116 3490 3306 3539 autem
3346 3482 3621 3536 Dominus
3650 3480 3747 3535 Je-

2105 3592 2209 3630 sus
2238 3576 2521 3644 Christus,
2573 3576 2620 3629 si
2657 3575 2821 3629 Pater
2851 3575 3011 3640 dicit,
3055 3579 3161 3644 Ego
3208 3589 3329 3626 sum
3379 3572 3666 3639 Dominus,
3699 3576 3753 3623 ει

2102 3680 2213 3720 non
2241 3672 2319 3719 εει
2347 3663 2491 3717 alius
2518 3670 2720 3734 praeter
2739 3679 2825 3717 me
2850 3665 2871 3717 Ρ
2900 3662 3022 3717 Non
3056 3678 3190 3731 ergo
3231 3658 3413 3715 solius
3444 3658 3653 3727 Patris,
3689 3660 3753 3713 ut

2106 3756 2245 3821 dixi,
2279 3756 2376 3811 sed
2413 3755 2718 3810 Trinitatis
2761 3754 2882 3808 haec
2913 3770 3019 3808 vox
3048 3757 3153 3807 est.
3209 3751 3462 3806 Adhibes
3503 3748 3752 3803 alterum

2104 3845 2532 3911 testimonium,
2563 3849 2620 3899 et
2661 3845 2854 3915 ipsum
2888 3847 3091 3897 contra
3146 3845 3201 3896 te
3258 3841 3476 3911 ipsum,
3530 3838 3629 3892 ubi
3676 3837 3757 3891 ait

2104 3934 2437 4005 Apostolus,
2475 3934 2620 3990 Unus
2650 3934 2786 3987 Deus
2819 3936 3002 3996 Pater,
3033 3947 3103 3986 ex
3130 3948 3233 4002 quo
3264 3945 3469 3999 omnia,
3491 3936 3544 3983 ει
3572 3942 3664 3982 nos
3696 3928 3756 3981 in

2106 4024 2254 4093 ipso;
2287 4031 2336 4078 ει
2356 4040 2496 4077 unus
2526 4023 2956 4077 DominusJesus
2971 4019 3231 4085 Christus,
3253 4033 3524 4091 perquem
3543 4018 3752 4080 omnia,

2107 4122 2161 4169 et
2189 4129 2284 4168 nos
2324 4115 2385 4168 in
2414 4114 2552 4183 ipso,
2582 4111 2735 4165 sicut
2765 4117 2827 4164 tu
2858 4109 3087 4164 locutus
3140 4125 3201 4163 es
3236 4123 3247 4162 :
3283 4106 3594 4178 Apostolus
3641 4123 3750 4160 au-

2111 4208 2253 4271 tem,
2281 4210 2336 4257 ει
2388 4217 2486 4256 nos
2539 4216 2641 4271 per
2696 4201 2879 4271 ipsum
2920 4198 3029 4264 ait;
3080 4214 3195 4252 non
3237 4196 3338 4263 ait,
3373 4198 3432 4250 in
3462 4198 3599 4267 ipso.
3641 4194 3750 4250 Sed

2106 4292 2215 4347 hoc
2248 4291 2388 4362 quid
2447 4290 2519 4345 ad
2554 4306 2791 4344 causam
2814 4288 2840 4342 ‘I
2890 4287 3089 4342 Solent
3134 4289 3248 4340 ista
3303 4285 3636 4355 contingere
3685 4300 3754 4338 ex

2111 4381 2394 4436 memoria
2424 4378 2853 4450 proferentibus
2884 4374 3238 4440 testimonia,
3290 4390 3403 4428 non
3449 4388 3517 4427 ex
3561 4372 3756 4427 codice

2108 4469 2209 4524 illa
2238 4468 2566 4541 legentibus
2591 4484 2603 4523 :
2629 4467 2784 4539 quod
2830 4467 2903 4520 ad
2934 4482 3056 4519 rem
3088 4464 3335 4535 pertinet
3379 4461 3573 4534 potius
3605 4462 3758 4516 intu-

2109 4574 2224 4613 ere.
2260 4558 2422 4623 Ecce,
2454 4556 2601 4610 dixit
2630 4554 2964 4626 Apostolus,
3001 4554 3146 4609 Unus
3168 4553 3308 4606 Deus
3341 4556 3522 4618 Pater,
3555 4568 3625 4605 ea:
3653 4565 3756 4621 quo

2109 4649 2316 4713 omnia,
2344 4651 2395 4701 et
2424 4662 2522 4700 nos
2552 4648 2612 4699 in
2652 4647 2765 4714 ipso
2793 4662 2805 4711 ;
2840 4649 2893 4699 et
2920 4659 3065 4697 unus
3096 4643 3356 4698 Dominus
3397 4642 3547 4697 Iesus
3581 4640 3756 4696 Chris-

2109 4745 2217 4804 tus,
2238 4753 2338 4809 per
2366 4751 2524 4807 quem
2557 4736 2833 4800 omnia,et
2856 4750 2953 4788 nos
2982 4749 3080 4803 per
3110 4734 3292 4802 ipsum
3324 4733 3364 4800 (Ι
3400 4730 3749 4801 ϐον.νιιι,ϋ).

2110 4826 2360 4883 Omnino
2384 4826 2531 4879 duas
2579 4840 2878 4894 personas,
2913 4838 3091 4876 unam
3123 4821 3331 4887 Patris,
3366 4819 3606 4876 alteram
3655 4819 3749 4872 Fi«

2107 4915 2190 4983 lii,
2224 4916 2350 4972 sine
2378 4914 2499 4969 ulla
2528 4912 2868 4968 conlusione
2898 4918 2955 4966 et
2991 4911 3117 4967 sine
3148 4910 3264 4965 ullo
3307 4926 3497 4964 errore
3545 4906 3753 4961 distin-

2108 5005 2209 5061 xit.
2241 5005 2437 5075 Neque
2455 5004 2609 5057 cnim
2643 5003 2757 5057 duo
2789 5007 2928 5056 sunt
2956 5001 3036 5055 dii
3068 5011 3280 5072 patres,
3307 4998 3406 5053 sed
3429 5013 3580 5051 unus
3601 4995 3756 5049 Deus

2110 5094 2276 5149 Pater
2308 5112 2319 5148 :
2356 5109 2460 5146 nec
2491 5092 2606 5146 duo
2638 5097 2773 5146 sunt
2803 5088 3022 5145 domini
3055 5090 3187 5142 Jesu
3222 5086 3454 5153 Christi,
3478 5084 3578 5139 sed
3604 5100 3757 5140 unus

2108 5181 2394 5237 Dominus
2421 5181 2596 5235 Jesus
2627 5178 2915 5235 Christus.
2970 5178 3027 5231 In
3061 5176 3159 5230 illa
3207 5174 3423 5246 quippe
3470 5171 3758 5228 Trinitate

2110 5288 2236 5344 quas
2270 5270 2422 5325 Deus
2453 5275 2560 5339 est,
2592 5285 2749 5322 unus
2795 5272 2884 5322 est
2926 5267 3112 5328 Pater,
3166 5279 3278 5317 non
3333 5263 3447 5314 duo
3480 5260 3566 5315 vel
3598 5266 3756 5329 tres;

2109 5365 2167 5416 et
2195 5377 2348 5415 unus
2381 5358 2584 5426 Filius,
2619 5374 2731 5411 non
2768 5358 2882 5410 duo
2939 5353 3022 5408 vel
3072 5360 3229 5417 tres;
3282 5356 3338 5405 et
3367 5366 3522 5405 unus
3552 5351 3754 5405 ambo-

2110 5467 2240 5506 rum
2272 5449 2547 5521 Spiritus,
2589 5463 2700 5501 non
2750 5446 2862 5499 duo
2895 5443 2983 5497 vel
3033 5448 3151 5497 tres
3183 5458 3194 5496 :
3231 5444 3286 5495 et
3315 5441 3438 5511 ipse
3471 5458 3625 5495 unus
3656 5440 3756 5496 Pa-

2109 5545 2198 5595 ter
2227 5538 2425 5609 utique
2463 5539 2609 5591 Deus
2636 5540 2745 5600 est,
2773 5540 2830 5587 et
2858 5532 2981 5601 ipse
3014 5547 3168 5585 unus
3204 5530 3383 5585 Filius
3431 5530 3609 5584 etiam
3658 5546 3755 5584 vo-

2110 5630 2200 5684 bis
2224 5626 2539 5682 fatentibus
2570 5623 2723 5677 Deus
2755 5627 2863 5683 est,
2896 5624 2951 5673 et
2989 5619 3113 5690 ipse
3146 5619 3451 5673 embolum
3501 5617 3757 5689 Spiritus

2109 5717 2287 5776 etiam
2307 5714 2473 5771 vobis
2500 5710 2855 5783 negantibus
2878 5707 3033 5765 Deus
3063 5708 3273 5765 est.Sic
3290 5714 3348 5765 et
3367 5707 3680 5764 Dominum
3703 5706 3755 5763 si

2108 5818 2361 5882 quaeras,
2381 5797 2685 5876 cingulum
2714 5812 3010 5874 quemque
3046 5798 3407 5876 respondeo;
3441 5795 3544 5859 sed
3574 5793 3754 5858 simul
