4090 6184
196 5876 245 5911 “‘5

3754 150 3773 163 ι.
3800 150 3955 183 νμ-,λἻη
3996 182 3999 187 ’

449 300 568 365 799
929 309 1245 378 CONTRA
1288 318 1750 385 MAXIMlNUM
1791 324 2267 394 ARIANORUM
2310 330 2777 409 EPISGOPUM,
2827 336 2893 396 S.
2938 336 3366 402 AUGUSTINI
3689 349 3785 417 800

451 434 665 492 Omnes
688 455 803 495 non
826 444 944 498 tres
975 445 1245 503 dominos
1269 451 1545 521 deos,sed
1569 472 1751 511 unum
1781 459 2090 518 Dominum
2201 462 2369 530 lium,
2404 469 2469 519 ut
2500 465 2722 537 negetis
2781 482 2908 522 esse
2948 468 3131 525 Deum
3181 474 3428 529 Patrem.
3474 474 3715 539 Quamvis
3739 484 3786 540 in

448 529 631 615 Deum
655 528 801 583 dico.
829 530 958 587 Haec
990 539 1079 589 est
1104 536 1248 593 fides
1282 547 1500 612 nostra,
1535 547 1811 615 quoniam
1860 548 1980 604 hac
2022 551 2088 604 li-

448 613 551 669 des
580 620 668 671 est
698 625 873 688 recta,
908 638 1037 711 quae
1074 625 1216 683 ﬁdes
1247 629 1421 686 etiam
1462 613 1746 690 catholica
1775 653 2085 711 nuncupa-

448 704 566 757 tur.
599 706 680 758 'I‘u
703 710 896 762 autem
923 710 1020 783 qui
1054 711 1187 767 huic
1212 715 1342 770 fidei
1370 720 1743 787 contradicis,
1779 704 2084 797 quassate,

2202 551 2310 608 hoc
2341 553 2659 624 apostolico
2691 557 3026 613 testimonio
3053 559 3207 631 quod
3226 560 3697 631 adhibuisti,Deus
3715 572 3786 627 di-

2197 646 2362 697 catur
2391 642 2575 709 Pater,
2602 646 2882 701 Dominus
2901 645 3164 716 Filius,id
3195 654 3302 720 est,
3325 651 3461 708 Unus
3489 654 3616 710 Deus
3653 658 3788 715 Pater

2191 744 2263 785 ex
2301 746 2405 801 quo
2436 733 2663 787 omnia:
2693 741 2745 788 et
2776 751 2919 789 unus
2940 735 3200 791 Dominus
3247 739 3395 794 Iesus
3440 740 3686 811 Christus,
3705 765 3783 816 per

452 806 674 891 expone
714 796 901 894 nobis,
945 800 1119 855 etiam
1165 802 1341 860 Jesus
1379 806 1644 864 Christus
1693 814 1984 883 quomodo
2010 796 2088 870 sit
2191 796 2347 889 quem
2377 821 2581 874 omnia.
2614 821 2723 877 Sed
2756 821 2901 877 illud
2955 827 3189 881 attende
3237 827 3335 883 ubi
3387 796 3787 894 dictum

442 881 749 949 Dominus,
780 884 879 955 qui
912 904 1024 942 non
1055 890 1378 962 Trinitatis,
1413 898 1509 951 sed
1543 881 1724 953 solius
1754 900 1942 957 Patris
1960 919 2087 959 esse
2195 881 2441 963 altitudo
2470 909 2800 965 divitiarum
2838 914 3135 983 sapientiae
3164 920 3217 970 et
3261 920 3476 975 scentis?
3504 919 3620 976 Deil
3667 923 3787 981 Nam

443 970 658 1025 δεεθτίε
686 988 906 1041 Vocem.
940 980 1048 1045 Ego
1093 996 1217 1036 sum
1246 984 1526 1049 Dominus,
1561 991 1614 1042 et
1658 1004 1769 1044 non
1814 1000 1895 1046 est
1940 993 2087 1048 alius
2195 996 2318 1053 sive
2348 997 2517 1053 Pater
2545 999 2623 1054 sit
2653 998 2783 1069 iste,
2817 1000 2935 1056 sive
2965 1002 3164 1074 Filius,
3182 1020 3256 1060 ex
3274 1006 3409 1077 ipso,
3427 1012 3478 1062 et
3501 1025 3595 1080 per
3617 1013 3787 1083 ipsum,

443 1066 633 1083 MM.--
665 1075 748 1083 ω-
803 1061 1058 1083 “mw.
1148 1069 1157 1083 .
1254 1072 1263 1081 .
1726 1077 1775 1083 ._

429 1066 633 1126 praeter
661 1075 765 1115 me.
801 1061 1021 1136 Nempe
1048 1069 1340 1134 turbaris;
1392 1090 1601 1146 nempe
1639 1077 1779 1147 quid
1839 1095 2083 1151 respon~

431 1146 569 1201 deas
601 1164 714 1203 non
746 1150 992 1222 invenis,
1021 1156 1132 1212 nisi
1164 1159 1304 1229 quia
1334 1166 1544 1231 tacere,
1576 1166 1810 1237 quando
1842 1169 2079 1224 convin-

429 1235 597 1302 ceris,
633 1254 745 1293 non
768 1239 874 1295 vis.
909 1243 965 1299 Si
1009 1246 1163 1301 enim
1198 1265 1311 1304 non
1343 1250 1497 1307 Deus
1528 1235 1802 1324 Trinitas,
1837 1258 1937 1312 sed
1971 1258 2078 1314 Pa-

2185 1090 2238 1141 et
2268 1089 2326 1140 in
2357 1087 2477 1157 ipso
2507 1091 2636 1143 sunt
2664 1091 2878 1145 omnia.
2912 1090 3214 1154 Quomodo
3241 1110 3375 1167 ergo
3408 1111 3474 1151 ex
3492 1100 3646 1156 Patre
3686 1118 3788 1157 om-

2189 1173 2305 1244 nia,
2339 1192 2456 1230 non
2488 1192 2556 1232 ex
2608 1177 2793 1247 Filio;
2826 1183 2884 1234 et
2931 1196 3033 1252 per
3078 1181 3289 1237 Filium
3338 1186 3545 1254 omnia,
3578 1204 3681 1243 non
3708 1207 3792 1262 per

2187 1264 2417 1320 Patrem
2444 1282 2456 1321 :
2486 1267 2965 1339 quandoquidem
2991 1270 3315 1341 quemlibet
3344 1290 3537 1331 eorum
3572 1278 3790 1349 Aposto-

428 1326 517 1379 ter
543 1328 772 1383 tantum
822 1330 985 1399 dixit,
1036 1337 1157 1403 Ego
1210 1354 1331 1393 sum
1364 1344 1658 1414 Dominus,
1692 1355 1742 1400 et
1788 1362 1896 1402 non
1935 1348 2082 1403 alius
2186 1351 2277 1407 lus
2307 1326 2556 1410 voluerit
2588 1356 2694 1411 hoc
2724 1326 2850 1412 lhco
2882 1326 3150 1430 intelligi,
3512 1326 3705 1435 inquit,
3750 1372 3793 1423 et

424 1419 641 1485 preter
667 1434 754 1473 me
782 1437 801 1475 :
832 1422 1029 1492 procul
1074 1425 1251 1482 dubio
1302 1432 1533 1502 negavit
1586 1450 1713 1490 esse
1768 1439 2077 1493 Dominum

428 1501 677 1593 Filium;
711 1510 986 1579 quoniam
1034 1513 1081 1567 si
1139 1501 1418 1575 Dominus
1459 1525 1547 1577 est
1591 1528 1648 1578 et
1695 1524 1897 1593 Filius,
1930 1527 2077 1582 falso

431 1592 653 1649 dictum
694 1600 801 1666 est,
832 1600 947 1654 Non
993 1606 1072 1657 est
1100 1603 1252 1660 alius
1283 1608 1546 1665 Dominus
1591 1622 1789 1683 praeter
1814 1592 1919 1670 me.
1952 1617 2075 1672 Non

428 1682 586 1737 enim
618 1685 813 1755 agitur
842 1689 913 1744 de
950 1691 1212 1760 Domino,
1247 1697 1448 1767 quales
1481 1682 1615 1755 sunt
1660 1702 1928 1759 homines
1973 1706 2075 1761 do-

427 1771 575 1825 mini
606 1772 910 1832 hominum
957 1795 1276 1854 servorum,
1328 1802 1477 1857 quos
1515 1790 1828 1861 Apostolus
1875 1810 2078 1849 secun-

429 1859 571 1953 dum
604 1880 836 1953 carnem
868 1867 1137 1926 dominos
1170 1889 1298 1929 esse
1329 1875 1472 1931 dicit
1504 1859 1715 1947 (Ephes.
1747 1898 1828 1946 χι,
1857 1882 1913 1953 5)
1941 1883 2073 1938 :sed

428 1949 499 2005 de
530 1949 774 2043 Domino
814 1956 1030 2026 agitur,
1056 1960 1148 2014 cui
1184 1962 1434 2019 servitus
1480 1965 1579 2021 illa
1634 1949 1903 2037 debetur,
1946 1988 2073 2043 quae

425 2053 611 2112 grzece
641 2037 859 2115 λατρεία
890 2046 1122 2114 dicitur,
1154 2053 1475 2108 secundum
1509 2072 1687 2127 quam
1720 2057 1939 2114 dictum
1961 2065 2072 2116 est.

426 2129 716 2184 Dominum
744 2132 912 2188 Deum
959 2142 1115 2191 tuum
1163 2139 1436 2211 adorabis,
1469 2148 1521 2198 et
1566 2145 1657 2200 illi
1682 2148 1842 2203 salies
1870 2152 2073 2204 servies

428 2215 607 2307 (Deut.
635 2235 717 2307 vI,
747 2218 859 2293 13).
894 2222 1000 2289 Qui
1047 2226 1334 2285 Dominus
1384 2236 1532 2289 Deus
1563 2234 1611 2289 si
1644 2253 1757 2291 non
1789 2238 2068 2307 Trinitas,

423 2306 523 2360 sed
565 2305 1527 2398 solusiest,Pater:prohibemur
1574 2325 1774 2398 utique
1829 2305 2067 2385 Domino

419 2393 646 2451 Christo
678 2397 780 2453 tali
812 2401 1087 2459 servitute
1125 2407 1359 2480 servire,
1392 2412 1450 2465 in
1480 2427 1546 2467 eo
1578 2393 1734 2485 quod
1770 2417 2063 2487 audimus,

417 2483 512 2540 Illi
538 2485 645 2541 soli
669 2490 907 2556 servies;
939 2492 987 2547 si
1021 2492 1101 2549 ita
1130 2495 1351 2553 dictum
1392 2505 1499 2567 est,
1546 2483 1611 2556 ac
1661 2503 1710 2558 si
1752 2504 2063 2575 diceretur,

415 2572 533 2629 Deo
566 2576 721 2630 Patri
753 2577 861 2632 soli
887 2581 1124 2640 servies.
1159 2584 1265 2648 Qui
1292 2588 1547 2658 profecto
1580 2591 1629 2646 si
1660 2591 1843 2665 solus,
1863 2599 1919 2650 et
1949 2613 2064 2652 non

414 2660 545 2734 ipsa
577 2663 832 2722 Trinitas
855 2669 1018 2737 dixit,
1045 2672 1155 2741 Ego
1183 2691 1303 2730 sum
1329 2678 1596 2735 Dominus
1625 2690 1797 2739 etnon
1823 2660 1901 2739 est
1918 2684 2065 2741 alius

409 2761 618 2823 prater
646 2770 767 2823 me;
802 2762 1032 2832 negavit
1063 2778 1192 2819 esse
1243 2765 1452 2823 Filium
1500 2773 1808 2828 Dominum
1865 2774 2062 2841 talem,

416 2841 573 2911 quali
614 2842 861 2902 Domino
893 2851 1144 2908 servitus
1193 2853 1287 2909 ille
1342 2857 1607 2929 debetur,
1663 2878 1779 2932 qua
1831 2863 2062 2918 nonnisi

413 2929 532 2985 Deo
561 2947 694 2987 cum
726 2952 858 2992 vera
889 2938 1166 3011 religione
1198 2946 1464 3001 servitur.
1498 2948 1624 3004 Non
1688 2950 1841 3006 enim
1895 2952 2060 3022 dixit,

410 3018 529 3092 Ego
557 3038 687 3077 sum
722 3026 1000 3083 Dominus
1053 3034 1238 3103 major
1277 3040 1379 3090 aut
1435 3036 1659 3106 melior,
1707 3044 1765 3095 et
1812 3057 1926 3096 non
1973 3047 2063 3098 est

412 3111 616 3165 tantus
650 3116 751 3166 aut
780 3113 913 3170 talis
946 3124 1154 3188 praeter
1184 3139 1277 3178 me
1309 3141 1321 3179 :
1357 3126 1457 3179 sed
1488 3126 1686 3183 volens
1713 3129 1821 3184 sibi
1854 3131 1963 3186 soli
1995 3149 2063 3187 ea

410 3212 538 3268 quas
570 3199 817 3257 Domino
847 3203 962 3260 Deo
983 3206 1228 3264 debetur
1254 3213 1530 3269 servitute
1561 3217 2058 3292 serviri,Egosum,

416 3287 629 3361 inquit,
664 3290 948 3365 Dominus,
981 3303 1033 3350 et
1060 3312 1171 3352 non
1216 3308 1294 3356 est
1322 3302 1468 3357 alius
1494 3310 1698 3375 praeter
1738 3287 1858 3363 me:
1886 3310 2061 3366 Porro

417 3375 467 3431 si
496 3392 606 3432 vox
636 3376 770 3451 ista,
803 3381 954 3438 sicut
987 3386 1272 3445 catholica
1288 3390 1433 3447 ﬁdes
1454 3393 1613 3461 dicit,
1638 3395 1813 3453 unius
1835 3397 1933 3454 Dei
1953 3403 2059 3470 est,

414 3466 568 3536 quod
602 3471 691 3523 est
718 3468 846 3540 ipsa
874 3472 1160 3544 Trinitas;
1194 3477 1321 3535 sine
1369 3480 1489 3537 ulla
1533 3482 1893 3543 dubitatione
1924 3466 2061 3543 huic

414 3554 525 3611 soli
554 3558 926 3617 serviendum
964 3568 1050 3619 est
1089 3581 1156 3622 ea
1189 3568 1487 3641 servitute,
1519 3590 1643 3642 quae
1684 3576 1917 3631 nonnisi
1951 3578 2059 3634 Do-

410 3644 571 3700 mino
602 3646 717 3704 Deo
752 3649 1017 3724 debetur,
1053 3656 1190 3725 quia
1233 3656 1358 3729 ipse
1390 3665 1479 3716 est
1521 3661 1829 3731 Dominus,
1862 3670 1918 3721 et
1947 3683 2061 3721 non

409 3738 498 3789 est
527 3734 678 3791 alius
717 3744 924 3809 praater
953 3741 1169 3813 ipsum.

477 3822 529 3877 4.
556 3823 773 3881 Deinde
806 3845 1000 3900 quaero
1024 3838 1322 3903 quomodo
1355 3840 1608 3911 accipias
1658 3844 1811 3914 quod
1843 3844 2059 3900 dictum

411 3916 520 3979 est,
545 3914 692 3969 Unus
720 3917 856 3973 Deus
917 3921 1101 3989 Pater,
1135 3940 1206 3978 ea:
1234 3941 1336 3995 quo
1366 3931 1581 3997 omnia,
1612 3935 1661 3985 et
1690 3948 1787 3988 nos
1816 3934 1879 3988 in
1910 3936 2064 4005 ipso;

408 4008 461 4056 et
491 4017 631 4057 unus
659 4004 921 4062 Dominus
945 4011 1101 4066 Jesus
1151 4012 1395 4071 Christus
1439 4034 1543 4083 per
1576 4036 1734 4090 quem
1769 4004 1980 4093 omnia,
2012 4031 2065 4080 et

414 4107 630 4166 nosper
660 4095 838 4166 ipsum
869 4097 1166 4172 Numquid
1200 4120 1314 4159 non
1346 4109 1403 4160 et
1432 4123 1499 4161 ex
1520 4107 1659 4165 Filio
1676 4115 1815 4165 sunt
1832 4110 2058 4170 omni'a:

414 4182 892 4272 quandoquidem
928 4188 1053 4260 ipse
1083 4190 1243 4260 dicit,
1295 4194 1661 4269 Quaecumque
1706 4204 1872 4255 Pater
1905 4204 2059 4272 facit,

418 4269 535 4358 lta’c
562 4275 611 4328 et
640 4274 821 4331 Filius
846 4277 1107 4335 similiter
1124 4283 1263 4352 facit
1291 4283 1465 4355 (Joan.
1503 4302 1554 4357 ν,
1591 4286 1677 4358 19)
1700 4287 1728 4342 ?
1776 4287 1833 4344 Si
1866 4269 2059 4347 autem

410 4356 493 4415 ita
524 4360 863 4435 distinguis,
907 4370 971 4422 ut
1004 4385 1118 4423 non
1160 4370 1277 4426 sint
1311 4390 1413 4444 per
1446 4356 1669 4432 Patrem
1704 4379 1925 4443 omnia,
1958 4381 2057 4436 sed

410 4464 481 4504 ex
510 4453 709 4520 Patre;
743 4471 849 4510 nec
878 4457 1075 4513 omnia
1106 4460 1225 4515 sint
1253 4478 1320 4517 ex
1352 4463 1519 4530 Filio,
1550 4466 1648 4521 sed
1683 4483 1786 4538 per
1818 4467 2055 4526 Filium:

412 4538 546 4631 quis
576 4555 776 4631 eorum
800 4544 905 4598 tibi
937 4547 1167 4603 videtur
1186 4566 1315 4606 esse
1344 4550 1443 4608 ille
1474 4554 1544 4608 de
1576 4572 1691 4628 quo
1716 4556 1869 4613 idem
1891 4576 2059 4631 apos-

414 4624 573 4679 tolus
632 4628 792 4697 dicit,
855 4632 895 4688 0
962 4633 1210 4694 altitudo
1282 4624 1609 4699 divitiarum
1665 4624 1961 4716 sapientiae
2009 4657 2063 4704 et

409 4716 664 4773 scientia
692 4718 821 4774 Dei!
842 4738 1005 4791 quam
1034 4727 1422 4786 inscrutabilia
1443 4737 1570 4787 sunt
1589 4734 1808 4805 judicia
1835 4738 1972 4806 eius,
2006 4744 2062 4793 et

410 4804 814 4877 investigabiles
853 4812 959 4868 vise
994 4815 1143 4886 ejus!
1174 4818 1303 4885 Quis
1349 4823 1497 4876 enim
1539 4804 1792 4895 cognovit
1838 4804 2059 4882 sensum

405 4893 675 4989 Domini“?
722 4898 838 4989 AAut
877 4903 997 4971 quis
1043 4907 1399 4965 consiliarius
1437 4911 1553 4982 ejus
1599 4893 1756 4984 fuit?
1798 4916 1905 4971 Aut
1936 4917 2058 4989 quis

404 4986 565 5053 prior
630 4985 780 5044 dedit
836 4992 944 5063 illi,
1004 4997 1056 5049 et
1115 4998 1451 5055 relribuetur
1494 5003 1548 5057 ei
1572 5004 1594 5057 Ρ
1659 4985 1960 5073 Quoniam
1989 5023 2059 5063 ex

399 5076 545 5151 ipso,
597 5084 652 5135 et
692 5097 794 5151 per
838 5086 1040 5157 ipsum,
1080 5090 1130 5143 et
1186 5089 1247 5144 in.
1303 5090 1422 5161 ipso
1476 5100 1602 5146 sunt
1658 5096 1843 5149 omnia
1880 5113 1900 5149 :
1948 5098 2057 5168 ipsi

400 5170 583 5242 gloria
621 5174 683 5227 in
712 5175 913 5230 saecula
943 5177 1107 5233 saewl
1130 5194 1307 5233 orum.
1346 5180 1513 5235 Amen
1553 5182 1725 5253 (Rom.
1743 5200 1818 5250 χι,
1838 5184 2051 5256 33-36).

404 5259 613 5317 Utrum
646 5263 813 5318 Pater
829 5265 1449 5339 estintelligendus,an
1466 5270 1864 5328 Filius?Deum
1888 5292 2052 5332 nam-

406 5366 534 5422 quaa
560 5352 722 5423 prius
745 5356 1086 5425 nominavit,
1112 5357 1343 5416 dicens:
1372 5358 1411 5413 0
1455 5360 1699 5417 altitudo
1726 5363 2055 5421 divitiarum

404 5441 692 5512 sapientia;-
707 5450 758 5497 et
776 5447 1022 5502 scientiae
1044 5447 1144 5501 Dei
1164 5451 1183 5500 .'
1201 5447 1405 5503 Postea
1421 5466 1554 5504 vero
1580 5466 1714 5506 eum
1737 5452 2051 5511 Dominum

405 5527 737 5600 appellavit,
771 5532 871 5587 ubi
904 5533 984 5587 ait
1018 5551 1030 5587 :
1075 5536 1205 5603 Quis
1222 5538 1375 5592 enim
1402 5542 1653 5607 cognovit
1694 5558 1913 5600 sensum
1942 5545 2050 5601 Do—

402 5618 584 5672 mini?
612 5618 721 5671 Sed
754 5618 860 5674 hoc
894 5638 1006 5676 non
1060 5623 1233 5680 habet
1285 5629 1738 5687 controversiam
1775 5648 1788 5687 :
1823 5637 2048 5713 utrum-

398 5720 513 5778 que
545 5706 702 5761 enim
734 5723 944 5764 nomen
994 5711 1168 5769 etiam
1199 5731 1299 5772 vos
1343 5721 1399 5773 et
1427 5719 1585 5775 Patri
1626 5719 1943 5795 assignatis
1978 5706 2048 5782 et

396 5792 562 5851 Filio.
597 5792 793 5866 Neque
821 5797 977 5853 enim
1009 5799 1094 5856 sic
1125 5802 1318 5862 dicitis
1347 5806 1534 5865 Deum
1559 5792 1815 5880 Patrem,
1847 5814 1915 5870 ut
1945 5828 2046 5871 ne-

404 5881 555 5955 getis
588 5897 715 5943 esse
744 5888 929 5944 Deum
957 5884 1203 5964 Filium;
1250 5895 1353 5955 aut
1379 5896 1466 5959 sic
1493 5897 1687 5961 dicitis
1731 5899 1917 5965 Deum
1960 5901 2049 5963 Fi-

2180 1458 2285 1513 per
2314 1444 2512 1515 ipsum,
2544 1453 2595 1500 et
2620 1447 2681 1500 in
2710 1447 2830 1517 ipso
2860 1453 2989 1501 sunt
3008 1450 3236 1504 omnia?
3265 1450 3323 1505 Si
3344 1467 3475 1524 ergo
3492 1453 3605 1507 sive
3620 1455 3684 1509 de
3702 1459 3791 1511 Pa-

2182 1534 2269 1585 tre
2291 1530 2409 1587 sive
2432 1534 2502 1588 de
2526 1533 2691 1603 Filio,
2715 1536 3019 1592 verissime
3040 1542 3238 1594 tamen
3270 1540 3502 1607 dicitur,
3556 1542 3697 1614 quod
3737 1560 3792 1600 ea

2180 1620 2297 1689 ipso
2316 1636 2417 1691 per
2449 1622 2654 1693 ipsum,
2678 1627 2729 1679 et
2750 1626 2809 1679 in
2826 1626 2942 1696 ipso
2963 1630 3091 1681 sunt
3108 1628 3331 1695 omnia;
3366 1629 3488 1685 sine
3517 1630 3682 1686 dubio
3706 1632 3794 1687 Pa-

2180 1709 2287 1763 tris
2325 1714 2383 1764 et
2403 1709 2532 1765 Filii
2554 1712 2994 1769 demonstratur
3014 1715 3337 1787 aequalitas.
3376 1717 3434 1773 Si
3462 1725 3647 1774 autem
3671 1737 3794 1788 quo-

2183 1796 2338 1851 niam
2374 1815 2487 1853 non
2524 1801 2848 1857 nominavit
2880 1802 3107 1859 Patrem
3129 1810 3186 1860 et
3215 1805 3427 1862 Filium
3458 1813 3513 1863 et
3542 1808 3795 1880 Spiritum

2181 1890 2578 1959 sanctum,sed
2607 1891 2785 1946 Deum
2806 1895 2864 1946 et
2893 1892 3393 1966 Dominum,quod
3423 1900 3479 1953 et
3499 1896 3619 1967 ipsa
3633 1896 3796 1952 Trini-

2179 1979 2269 2030 tas
2293 1975 2403 2032 dici
2423 1981 2631 2049 potest,
2660 1978 2895 2052 singula
2922 1979 3132 2036 horum
3165 1982 3342 2039 trium
3388 1985 3583 2041 referri
3604 1986 3671 2041 ad
3693 1986 3797 2043 sin-

2178 2064 2347 2137 gulos
2378 2065 2556 2122 voluit
2588 2084 2603 2123 :
2635 2085 2707 2124 ex
2737 2070 3090 2141 ipsodicens,
3120 2076 3362 2145 propter
3380 2073 3600 2130 Patrem
3621 2093 3633 2143 ;
3653 2084 3700 2130 et
3716 2092 3799 2144 per

2177 2154 2377 2225 ipsum,
2412 2161 2647 2228 propter
2664 2157 2866 2213 Filium
2879 2162 2954 2224 ;in
2988 2161 3121 2231 ipso,
3148 2167 3385 2233 prOpter
3400 2163 3670 2235 Spiritum
3687 2181 3801 2220 san-

2176 2248 2367 2299 ctum:
2392 2261 2497 2300 cur
2529 2244 2680 2301 hanc
2706 2247 3049 2304 Trinitatem
3091 2266 3275 2305 unum
3300 2250 3609 2307 Dominum
3636 2252 3797 2309 Deum

2177 2348 2289 2387 non
2321 2333 2498 2389 vultis
2529 2336 2887 2407 agnoscere?
2918 2339 3400 2409 Quandoquidem
3445 2357 3558 2396 non
3595 2343 3691 2410 ait,
3731 2342 3799 2397 Ex

2172 2420 2340 2493 ipsis,
2373 2428 2430 2477 et
2451 2439 2554 2494 per
2572 2424 2754 2496 ipsos,
2778 2430 2836 2481 et
2856 2426 2915 2480 in
2938 2425 3114 2499 ipsis;
3145 2428 3249 2483 sed
3281 2429 3384 2497 ait,
3405 2446 3474 2485 es:
3494 2433 3627 2502 ipso,
3653 2436 3797 2502 etper

2172 2512 2433 2581 ipsum,et
2457 2514 2518 2567 in
2538 2515 2660 2582 ipso
2678 2520 2807 2570 sunt
2827 2518 3046 2571 omnia:
3064 2533 3168 2573 nec
3188 2518 3451 2591 ait,Ipsis
3468 2519 3647 2592 gloria
3660 2541 3675 2585 ;
3688 2520 3796 2585 sed,

2171 2602 2279 2672 ipsi
2305 2600 2489 2670 gloria
2505 2604 2562 2657 in
2584 2605 2785 2659 saecula
2814 2606 3161 2661 saeculorum.
3194 2607 3387 2663 Amen.

2240 2736 2291 2789 5.
2315 2735 2552 2792 Falleris
2584 2754 2742 2806 sane,
2777 2739 2876 2809 qui
2907 2744 3079 2810 putas
3110 2741 3182 2796 de
3212 2741 3383 2798 Patre
3412 2742 3535 2799 solo
3572 2758 3692 2798 esse
3720 2742 3799 2798 di-

2170 2828 2351 2881 ctum.
2387 2826 2551 2881 Nemo
2583 2829 2772 2893 bonus,
2804 2829 2917 2884 nisi
2936 2844 3081 2885 unus
3110 2830 3270 2886 Deus.
3293 2831 3355 2886 Si
3376 2831 3534 2887 enim
3556 2830 3796 2896 dixisset,

2168 2912 2349 2968 Nemo
2383 2914 2590 2982 bonus,
2621 2915 2734 2971 nisi
2757 2932 2912 2971 unus
2932 2920 3136 2988 Pater;
3169 2934 3274 2975 nec
3296 2919 3382 2975 sic
3404 2919 3699 2976 exclusum
3721 2918 3795 2975 Fi-

2168 3001 2311 3057 lium
2343 3008 2401 3058 et
2427 3003 2712 3076 Spiritum
2743 3010 3015 3061 sanctum
3046 3008 3117 3062 ab
3145 3008 3259 3063 ista
3292 3010 3517 3065 unitate
3541 3008 3795 3065 bonitatis

2168 3090 2449 3148 voluisset
2476 3092 2763 3167 intelligi:
2798 3095 2936 3167 quia
2957 3103 3013 3150 et
3040 3095 3185 3151 illud
3228 3099 3387 3169 quod
3439 3098 3615 3154 simili
3660 3097 3795 3154 locu.

2168 3180 2324 3236 tione
2357 3181 2577 3237 dictum
2609 3187 2716 3254 est,
2767 3200 2944 3256 quam
2989 3202 3166 3257 supra
3220 3189 3688 3256 commemoravi,
3728 3188 3795 3242 Ea

2168 3287 2286 3340 quae
2303 3271 2401 3325 Dei
2426 3276 2576 3335 sunt,
2607 3288 2768 3328 nemo
2795 3274 2918 3341 scit,
2950 3276 3065 3330 nisi
3090 3275 3328 3347 Spiritus
3360 3279 3466 3334 Dei
3491 3279 3539 3345 (Ι
3582 3276 3696 3333 Cor.
3743 3292 3794 3344 ιι,

2168 3360 2258 3429 11)
2283 3375 2296 3415 :
2331 3376 2446 3414 non
2474 3359 2728 3415 excludit
2756 3361 2828 3417 ab
2848 3361 2956 3417 hac
2987 3362 3231 3419 scientia
3256 3364 3471 3421 Filium
3505 3366 3801 3432 Dei.0uan-

2167 3452 2225 3503 to
2274 3464 2411 3520 ergo
2452 3449 2621 3505 nobis
2672 3448 2918 3507 latitudo
2966 3451 3368 3525 intelligentia:
3420 3455 3608 3528 magis
3638 3456 3800 3527 patet,

2167 3537 2304 3607 quia
2334 3554 2448 3592 non
2480 3538 2645 3607 dixit,
2677 3539 2857 3595 Nemo
2883 3541 3090 3611 bonus,
3136 3542 3247 3597 nisi
3279 3559 3438 3600 unus
3463 3548 3658 3612 Pater;
3690 3542 3801 3611 sed,

2167 3632 2335 3683 Nemo
2367 3627 2557 3693 bonus,
2588 3628 2703 3682 nisi
2731 3645 2874 3685 unus
2903 3631 3076 3697 Deus;
3107 3631 3264 3702 quod
3295 3633 3529 3706 estipsa
3544 3632 3800 3689 Trinitas.

2168 3716 2472 3781 Quaerebat
2503 3717 2720 3789 quippe
2748 3717 2846 3773 ille
2869 3720 2961 3774 cui
2995 3719 3102 3775 hoc
3132 3722 3442 3792 respondit
3478 3723 3671 3788 Jesus,
3701 3737 3802 3776 non

2168 3806 2387 3861 bonum
2420 3806 2871 3879 qualecumque,
2893 3809 2993 3864 sed
3017 3808 3234 3866 bonum
3256 3826 3376 3882 quo
3398 3812 3565 3868 fieret
3593 3813 3799 3876 beatus;

2168 3893 2287 3947 imo
2318 3892 2506 3965 ipsam
2538 3892 2963 3951 beatitudinem
2993 3911 3213 3962 veram,
3242 3898 3298 3953 id
3328 3904 3438 3970 est,
3464 3900 3640 3955 vitam
3672 3897 3804 3954 desi-

2168 3981 2407 4038 derabat
2449 3987 2726 4039 aeternam
2761 4002 2774 4039 :
2803 3988 2862 4039 et
2898 3984 3367 4056 interpellaverat
3398 3993 3677 4061 tanquam
3708 3987 3801 4043 bo-

2169 4073 2387 4126 minem
2418 4071 2738 4140 Christum,
2772 4074 3037 4131 nesciens
3064 4092 3198 4131 eum
3233 4092 3364 4132 esse
3403 4078 3581 4134 etiam
3616 4079 3799 4134 Deum.

2167 4160 2399 4215 Dixerat
2424 4160 2580 4216 enim
2606 4177 2619 4217 :
2642 4162 2895 4233 Magister
2923 4162 3075 4234 bone,
3121 4165 3253 4237 quid
3286 4168 3523 4237 faciam,
3550 4172 3611 4223 ut
3646 4168 3802 4221 vitam

2164 4254 2435 4307 aeternam
2462 4254 2798 4321 consequar?
2826 4251 2990 4307 Tunc
3019 4252 3099 4308 ait
3120 4252 3246 4309 ille:
3283 4256 3437 4327 Quid
3454 4272 3546 4313 me
3570 4256 3706 4313 dicis
3724 4255 3801 4312 b0-

2164 4341 2340 4395 num?
2366 4342 2537 4395 Nemo
2560 4340 2747 4409 bonus,
2779 4341 2895 4395 nisi
2922 4357 3066 4397 unus
3106 4342 3251 4398 Deus
3281 4344 3471 4415 (Marc.
3504 4363 3561 4415 x,
3597 4343 3800 4417 17,18).

2166 4427 2287 4498 Vel,
2323 4426 2475 4484 sicut
2495 4428 2706 4498 legitur
2743 4430 2899 4501 apud
2957 4431 3139 4487 alium
3187 4434 3631 4507 evangelistam,
3661 4432 3802 4507 quod

2166 4518 2534 4573 tantumdem
2566 4518 2737 4589 valet,
2769 4519 2939 4575 Nemo
2973 4521 3161 4592 bonus,
3191 4524 3307 4579 nisi
3321 4524 3473 4580 solus
3503 4526 3642 4581 Deus
3663 4525 3801 4595 (Luc.

2167 4623 2328 4675 xvm,
2363 4608 2466 4677 19).
2500 4607 2807 4681 Tanquam
2840 4609 3092 4665 diceret:
3144 4611 3310 4667 Recte
3361 4629 3458 4669 me
3498 4609 3802 4687 appellabis

2166 4697 2408 4763 bonum,
2443 4697 2490 4752 si
2525 4714 2618 4753 me
2649 4699 2878 4754 noveris
2908 4698 3113 4754 Deum.
3146 4699 3291 4756 Nam
3326 4703 3566 4773 quando
3607 4717 3695 4757 me
3724 4700 3801 4755 ni-

2164 4785 2250 4843 bil
2280 4786 2438 4841 aliud
2472 4803 2649 4858 quam
2684 4787 2979 4843 hominem
3011 4793 3208 4861 putas,
3240 4791 3382 4860 quid
3410 4809 3507 4848 me
3537 4792 3681 4848 dicis
3709 4790 3801 4845 bo-

2165 4878 2348 4931 num?
2376 4875 2500 4931 Non
2531 4881 2590 4931 te
2620 4876 2758 4932 facit
2787 4876 3007 4933 bonum
3038 4894 3143 4935 nec
3164 4880 3425 4949 beatum,
3448 4881 3562 4937 nisi
3594 4882 3800 4937 bonum

2160 4963 2530 5020 immutabile
2553 4965 2705 5036 quod
2736 4964 2900 5022 solus
2927 4971 3018 5022 est
3045 4972 3218 5024 Deus.
3247 4968 3393 5025 Nam
3417 4969 3610 5026 bonus
3638 4982 3797 5039 ango-

2163 5052 2278 5121 lus,
2315 5054 2503 5109 bonus
2534 5053 2730 5121 homo,
2762 5053 2920 5111 bona
2964 5061 3173 5113 caetera
3205 5063 3511 5116 creatura:
3544 5059 3665 5115 haec
3694 5072 3799 5113 non

2164 5141 2244 5198 ita
2293 5143 2446 5199 bona
2474 5147 2635 5209 sunt,
2669 5145 2735 5198 ut
2770 5159 2839 5199 ea
2874 5145 3147 5217 quisquis
3196 5147 3445 5219 adeptus
3493 5148 3685 5216 fuerit,
3733 5143 3801 5199 sit

2163 5233 2397 5299 beatus;
2431 5246 2536 5287 nec
2567 5230 2688 5287 ulla
2716 5236 2808 5288 est
2838 5232 3007 5289 beata
3035 5235 3173 5302 vita,
3223 5234 3274 5291 si
3323 5252 3428 5291 son
3468 5236 3548 5292 sit
3577 5241 3797 5291 eterna.

2163 5323 2463 5391 Quomodo
2494 5327 2689 5378 autem
2721 5339 2836 5379 non
2865 5329 2955 5380 est
2983 5323 3099 5380 tale
3127 5324 3345 5381 bonum
3373 5325 3475 5381 Dei
3506 5325 3684 5381 Filius
3715 5338 3798 5377 ve-

2160 5429 2286 5477 rus,
2318 5429 2451 5467 cum
2476 5412 2554 5468 sit
2581 5427 2753 5468 verus
2787 5418 2935 5469 Deus
2952 5414 3135 5469 etvita
3153 5418 3387 5483 aeterna,
3415 5416 3488 5471 ad
3508 5430 3684 5487 quam
3705 5428 3798 5468 cu-

2159 5500 2354 5573 piebat
2382 5499 2479 5557 ille
2507 5501 2608 5573 qui
2640 5500 3096 5574 interrogaverat
3114 5504 3413 5573 pervenire
3427 5503 3457 5558 ?

2227 5636 2280 5692 6.
2308 5635 2555 5692 Proinde
2577 5651 2828 5709 cumego
2842 5653 3127 5707 asseram,
3158 5639 3324 5696 Nemo
3338 5638 3653 5708 bonus,nisi
3664 5650 3796 5693 unus

2157 5728 2215 5782 et
2233 5724 2383 5782 solus
2396 5726 2555 5792 Deus,
2581 5725 2651 5781 de
2679 5726 2807 5798 ipsa
2824 5725 3106 5783 Trinitatc
3122 5727 3341 5784 dictum
3356 5744 3505 5795 esse,
3530 5726 3627 5800 qui
3652 5726 3792 5782 Deus

2156 5830 2311 5872 unus
2333 5820 2387 5873 et
2404 5814 2563 5872 solus
2586 5819 2701 5880 est;
2742 5818 2802 5868 tu
2822 5819 3018 5872 autem
3041 5832 3271 5873 asseras
3302 5819 3370 5871 de
3405 5817 3532 5872 solo
3555 5818 3666 5873 Deo
3696 5814 3790 5871 Pa-

2154 5908 2239 5964 ιτς
2265 5906 2482 5962 dictum
2507 5906 2795 5978 essc,qnia
2820 5908 2943 5978 ipse
2959 5907 3029 5962 de
3050 5907 3209 5963 nullo
3231 5906 3344 5965 alio
3364 5907 3616 5978 Deus,de
3635 5902 3785 5963 nullo
3836 5966 3845 5983 ὁ

3674 6006 3859 6059 Lai-2:3."
3818 6006 3823 6007 '
3840 6012 3853 6019 "
3864 6006 3947 6059 ait

3676 5913 3785 5962 ullo
3836 5966 3845 5983 δ

3674 6008 3761 6051 .κά’
3774 6000 3827 6021 -"'
3840 6012 3853 6019 "
3912 6006 3947 6059 ’τ
