4090 6184
296 352 412 413 805

303 498 436 539 cum
458 480 563 537 tibi
586 478 890 553 Scriptura
905 479 1121 553 ubique
1140 498 1254 537 non
1276 480 1432 536 dicat
1454 479 1585 546 nisi,
1614 481 1768 535 Dixit
1787 481 1948 534 Deus?

304 574 436 638 Quze
450 576 540 627 est
554 571 666 626 ista
682 570 1011 626 temeritas?
1024 587 1150 642 quas
1165 569 1569 642 praesumptio?
1587 569 1801 624 Deinde
1814 584 1949 623 cum

298 661 428 716 ideo
452 661 684 715 Patrem
716 659 1000 731 majorem
1032 659 1269 715 soleatis
1300 675 1581 727 asserere,
1616 659 1754 730 quia
1784 657 1950 723 dixit,

297 751 423 807 Fiat
453 749 583 814 hoc,
617 753 719 803 aut
750 748 916 813 illud,
956 753 1240 821 tanquam
1263 748 1483 819 jubens
1515 747 1687 816 Filio;
1739 746 1948 802 Filium

300 854 433 895 vero
458 838 588 893 ideo
610 837 919 903 minorem,
943 838 1262 908 quiajussa
1283 837 1546 909 perfecit:
1575 837 1713 909 quid
1737 835 1948 891 dicturi

299 928 465 995 estis,
485 926 583 982 ubi
597 927 880 999 scriptum
899 931 1007 991 est,
1022 928 1306 983 Faciamus
1324 926 1769 983 hominem?Non
1790 926 1947 981 enim

300 1015 380 1070 ait
402 1015 553 1070 sicut
576 1014 633 1069 in
658 1015 1079 1085 superioribus,
1101 1016 1223 1071 Fiat
1239 1016 1730 1087 homo,tanquam
1752 1014 1809 1069 id
1825 1015 1950 1085 jus-

298 1104 441 1160 serit
456 1103 617 1158 Filio:
640 1104 762 1170 sed,
785 1106 1099 1174 Faciamus,
1117 1104 1808 1176 inquit,hominem.Quod
1836 1119 1949 1158 non

300 1209 495 1265 qurere
519 1209 694 1264 quem
720 1194 935 1249 dixisse
965 1193 1294 1249 arbitreris:
1320 1195 1446 1264 jam
1477 1193 1630 1249 enim
1658 1192 1830 1248 verba
1850 1196 1953 1247 tua

297 1288 592 1347 tenemus,
616 1283 771 1353 quod
796 1286 967 1338 Pater
996 1282 1103 1337 hoc
1125 1282 1335 1338 dixerit
1354 1281 1515 1337 Filio.
1540 1282 1654 1338 Cur
1673 1298 1808 1354 ergo
1837 1298 1952 1337 non

300 1372 404 1436 ait,
439 1370 582 1439 Fiat,
624 1370 733 1441 vel,
770 1371 916 1438 Fac;
962 1372 1063 1427 sed
1094 1371 1195 1439 ait,
1247 1374 1584 1427 Faciamus?
1631 1374 1715 1426 An
1749 1374 1954 1426 caetera

299 1460 457 1516 Deus
486 1458 815 1531 imperavit,
843 1463 900 1514 et
920 1459 1099 1515 Filius
1122 1460 1283 1528 fecit;
1304 1460 1601 1516 hominem
1625 1476 1758 1515 vero
1781 1459 1953 1514 ambo

298 1549 580 1616 fecerunt,
615 1550 715 1603 sed
746 1553 914 1604 Patre
945 1553 1002 1603 et
1034 1550 1300 1620 jubente,
1330 1552 1386 1605 et
1417 1555 1781 1621 cooperante,
1811 1547 1954 1604 Filio

301 1644 501 1693 autem
527 1639 897 1708 nonjubente
915 1641 956 1709 ί,
982 1638 1081 1693 sed
1111 1643 1339 1693 tantum
1359 1642 1526 1709 jussa
1553 1636 1825 1693 faciente?
1842 1637 1953 1694 Sed

300 1728 351 1782 si
385 1732 689 1799 propterea
710 1730 941 1781 Patrem
959 1728 1263 1798 jubentem
1287 1726 1588 1798 intelligis,
1612 1728 1750 1799 quia
1773 1726 1955 1798 scrip-

296 1820 428 1871 tum
461 1820 570 1883 est,
595 1816 747 1870 Dixit
778 1817 941 1882 Deus,
966 1817 1249 1871 Faciamus
1272 1816 1551 1872 hominem
1569 1834 1587 1871 :
1614 1832 1749 1888 ergo
1773 1816 1957 1886 jussit

299 1910 360 1962 et
388 1904 601 1968 Filius;
634 1904 773 1976 quia
800 1909 863 1959 tu
914 1904 1038 1976 ipse
1070 1922 1183 1960 non
1214 1906 1440 1961 Patrem
1473 1906 1688 1977 accipis
1717 1906 1954 1971 dixisse,

302 1995 405 2049 sed
426 1994 660 2062 Filium,
680 1996 967 2049 Faciamus
983 1997 1036 2050 ei
1053 1995 1408 2066 adjutorium.
1433 1995 1501 2049 Et
1517 1994 1669 2050 sicut
1690 1993 1832 2049 illud
1860 1994 1957 2049 ubi

299 2083 527 2138 dictum
548 2087 656 2151 est,
680 2086 755 2138 Et
780 2085 913 2153 fecit
944 2085 1081 2138 Deus
1104 2084 1381 2140 hominem
1403 2100 1421 2144 .·
1444 2084 1713 2138 obedisse
1725 2082 1959 2154 jubenti

298 2172 459 2227 Patri
483 2171 690 2226 Filium
714 2172 799 2227 vis
822 2172 1024 2239 videri,
1050 2173 1189 2244 quia
1210 2173 1378 2228 Pater
1398 2172 1640 2241 dixerat,
1666 2175 1960 2229 Faciamus

297 2261 616 2316 hominem:
636 2259 718 2315 ita
733 2260 910 2315 etiam
936 2260 1035 2315 ubi
1056 2260 1328 2333 legimus,
1352 2264 1424 2315 Et
1447 2262 1675 2315 immisit
1697 2262 1960 2316 Dominus

294 2365 549 2421 soporem
570 2349 629 2403 in
652 2349 851 2418 Adam,
872 2351 920 2404 et
941 2350 1177 2420 sumpsit
1198 2366 1371 2404 unam
1396 2348 1463 2403 de
1482 2352 1643 2405 costis
1664 2350 1781 2420 ejus
1803 2349 1956 2421 (Gen.

298 2457 365 2505 ιι,
397 2438 511 2509 21),
546 2441 601 2493 et
634 2442 857 2507 caetera,
893 2438 1112 2510 quibus
1138 2438 1468 2495 ostenditur
1494 2440 1709 2494 factum
1736 2439 1961 2495 homini

297 2543 434 2583 esse
466 2526 849 2597 adjutorium,
884 2528 1153 2583 obedisse
1183 2528 1412 2582 Patrem
1436 2528 1669 2599 jubenti
1705 2528 1869 2595 Filio,
1904 2533 1962 2584 te

309 2620 573 2683 auctore,
604 2614 1031 2687 intelligamus;
1058 2617 1195 2687 quia
1216 2633 1331 2671 non
1352 2621 1604 2686 Patrem,
1627 2618 1726 2673 sed
1750 2618 1960 2673 Filium

308 2705 531 2760 dixisse
560 2704 795 2770 asseris,
829 2706 1113 2761 Faciamus
1143 2707 1197 2760 ei
1223 2705 1580 2776 adjutorium.

384 2794 439 2847 3.
465 2792 575 2848 Sed
602 2792 813 2848 haecita
829 2791 1049 2864 loquor,
1067 2793 1233 2864 quasi
1251 2794 1321 2848 ad
1341 2811 1577 2849 causam
1596 2811 1723 2866 quas
1741 2812 1774 2849 a
1796 2795 1963 2850 nobis

307 2882 529 2954 agitur,
554 2882 878 2953 quidquam
910 2882 1214 2954 pertineat,
1240 2882 1539 2953 quodlibet
1560 2883 1693 2939 hinc
1714 2883 1965 2939 volueris

310 2971 551 3027 credere
572 2975 672 3025 aut
691 2971 1001 3042 suspicari.
1025 2971 1287 3041 Prorsus,
1307 2971 1639 3039 sicutdicis,
1664 2973 1969 3045 Paterjus-

310 3060 483 3127 serit,
521 3059 619 3114 ubi
652 3059 874 3115 dictum
905 3065 1015 3124 est,
1050 3061 1329 3115 Faciamus
1357 3061 1668 3123 hominem;
1698 3067 1755 3116 et
1786 3061 1969 3118 Filius

311 3147 620 3216 obedierit,
654 3148 753 3203 ubi
794 3148 1015 3203 dictum
1066 3153 1175 3213 est,
1206 3150 1270 3203 Et
1297 3150 1424 3219 fecit
1467 3150 1606 3204 Deus
1652 3150 1967 3206 hominem:

308 3253 564 3310 prorsus
578 3236 730 3292 sicut
751 3240 805 3292 te
819 3236 1083 3308 delectat,
1101 3237 1283 3292 Filius
1302 3237 1528 3307 dixerit,
1542 3238 1659 3293 Non
1671 3244 1747 3294 est
1771 3240 1969 3295 bonum

308 3327 498 3381 solum
517 3340 627 3381 esse
640 3318 949 3393 hominem;
966 3328 1236 3395 faciamus
1252 3328 1307 3381 ei
1325 3326 1662 3397 adjutorium
1675 3344 1694 3389 ,'
1713 3329 1814 3383 sed
1832 3329 1972 3383 talia

309 3414 523 3468 dicens
555 3414 679 3485 ipse
712 3414 1104 3484 nonjusserit,
1129 3415 1268 3484 quia
1298 3414 1405 3469 hoc
1434 3414 1649 3471 vultis:
1677 3418 1969 3487 quomodo

308 3502 582 3558 ostendis
611 3502 820 3557 Filium
845 3502 942 3572 qui
966 3502 1262 3557 hominem
1290 3504 1507 3570 fecerit,
1537 3505 1609 3559 ab
1632 3504 1869 3560 homine
1889 3506 1970 3560 vi-

310 3607 453 3645 sum
477 3590 504 3644 ‘l
526 3591 825 3656 Quomodo
847 3591 1107 3646 ostendis
1121 3590 1331 3646 Filium
1346 3592 1445 3663 qui
1469 3592 1761 3661 dixit,Non
1783 3604 1859 3649 est
1884 3595 1973 3649 bo-

308 3696 453 3735 num
477 3679 753 3734 hominem
773 3695 888 3734 esse
906 3682 1113 3748 solum;
1135 3683 1410 3751 faciamus
1437 3682 1487 3736 ei
1511 3681 1877 3753 adjutorium,
1901 3683 1971 3737 ab

310 3768 562 3824 homine
589 3768 804 3836 visum,
835 3767 923 3823 vel
950 3769 1021 3824 ab
1054 3768 1183 3840 ipsa
1222 3768 1486 3839 muliere,
1520 3770 1570 3825 si
1601 3787 1729 3825 eam
1760 3771 1971 3826 factam

311 3874 436 3913 non
469 3857 557 3911 vis
586 3874 619 3911 a
658 3857 844 3925 Patre,
877 3875 949 3913 ne
984 3856 1124 3912 Filio
1158 3858 1323 3913 Pater
1370 3858 1637 3915 obedisse
1666 3860 1969 3927 videatur;

308 3948 420 4003 sed
440 3947 456 4000 i
464 3963 566 4017 pse
582 3963 710 4002 eam
730 3946 929 4013 Filius,
943 3952 1226 4017 tanquam
1244 3947 1354 4002 sibi
1366 3950 1387 4018 j
1400 3949 1582 4003 ubens
1599 3947 1827 4020 sibique
1844 3950 1976 4005 obe-

309 4035 511 4102 diens,
535 4040 589 4090 et
608 4034 929 4090 faciendam
955 4035 1100 4089 dixit
1120 4040 1178 4090 et
1200 4035 1372 4090 fecit?
1399 4037 1742 4091 Demonstra
1762 4037 1973 4093 Filium

308 4123 514 4179 visum
535 4140 661 4178 esse
683 4140 715 4178 a
738 4123 882 4191 viro,
906 4123 1099 4178 visum
1118 4140 1247 4179 esse
1269 4142 1302 4180 a
1323 4124 1585 4181 muliere.
1608 4125 1977 4181 Demonstra-

310 4218 457 4267 turu
470 4230 521 4266 ιη
548 4216 602 4267 te
618 4213 834 4284 quippe
846 4212 1221 4284 promiseras,
1240 4216 1297 4267 et
1314 4218 1628 4284 antequam
1650 4214 1977 4269 incarnarel-

311 4310 421 4357 tur
438 4303 626 4356 visum
651 4302 830 4356 fuisse
844 4300 1117 4357 humanis
1138 4302 1471 4373 aspectibus
1491 4302 1977 4359 li‘ilium.Ostende

312 4390 635 4462 promissa.
655 4390 802 4454 Quid
821 4391 1017 4463 pergis
1037 4391 1095 4445 in
1119 4390 1340 4446 vacua?
1363 4391 1510 4455 Quid
1532 4390 1762 4447 deludis
1783 4409 1978 4464 exspe-

313 4480 637 4535 ctationem
688 4484 970 4551 nostram,
1032 4496 1135 4536 nec
1195 4480 1432 4536 exhibes
1491 4480 1975 4552 pollicitationem

314 4567 885 4641 tuam?Multiplicas
895 4570 1071 4625 verba
1086 4586 1199 4624 non
1217 4570 1637 4635 necessaria,ut
1649 4570 1977 4626 necessaria

316 4673 577 4728 occupes
607 4662 720 4713 tem
730 4674 890 4729 pora.
916 4658 975 4714 Si
999 4662 1303 4731 propterea
1323 4657 1486 4713 visus
1509 4664 1595 4713 est
1609 4676 1641 4713 a
1661 4659 1780 4714 viro
1797 4658 1977 4715 Filius

314 4746 465 4817 quia
506 4746 639 4801 fecit
669 4762 829 4813 eum,
859 4752 916 4803 et
946 4752 1251 4820 propterea
1280 4746 1440 4803 visus
1471 4748 1543 4802 ab
1575 4748 1703 4818 ejus
1735 4746 1978 4804 muliere

317 4833 467 4905 quia
500 4834 633 4889 fecit
654 4851 812 4903 eam;
838 4835 1035 4904 defini,
1060 4835 1108 4891 si
1133 4835 1334 4904 audes,
1359 4852 1472 4890 non
1500 4851 1667 4908 posse
1690 4835 1872 4891 Deum
1896 4836 1980 4890 Fi-

312 4922 471 4978 lium
498 4927 556 4978 et
571 4923 796 4994 operari
815 4924 1091 4993 videntia,
1114 4928 1170 4980 et
1191 4941 1225 4979 a
1245 4925 1369 4980 suis
1392 4924 1686 4997 operibus,
1709 4925 1979 4996 quamvis

316 5011 440 5067 alia
462 5011 813 5080 videntibus,
840 5030 953 5068 non
976 5013 1176 5069 videri.
1196 5013 1251 5068 Si
1270 5018 1465 5069 autem
1482 5014 1591 5071 hoc
1614 5019 1804 5086 potest
1826 5014 1979 5070 Deus

314 5101 543 5168 Filius;
573 5101 699 5173 ipse
729 5103 947 5175 quippe
971 5119 1158 5174 usque
1185 5120 1340 5158 nunc
1367 5109 1644 5175 operatur
1664 5108 1876 5159 cuncta
1896 5104 1977 5158 vi-

316 5190 547 5255 dentia,
570 5195 625 5245 et
655 5195 849 5247 tamen
883 5207 1084 5246 eorum
1117 5209 1150 5247 a
1176 5208 1239 5247 se
1268 5192 1394 5264 ipso
1426 5191 1635 5248 creatis
1657 5191 1841 5247 oculis
1864 5209 1978 5248 non

315 5278 586 5349 videtur;
619 5278 759 5350 quid
789 5285 878 5336 est
900 5281 1054 5352 quod
1077 5280 1323 5359 dixisti?
1343 5284 1456 5335 Cur
1476 5281 1589 5336 ista
1611 5282 1681 5336 de
1702 5280 1848 5336 libro
1871 5280 1978 5337 Ge-

318 5382 536 5424 neseos
568 5368 628 5423 in
658 5372 757 5424 tuo
780 5385 1050 5424 sermone
1075 5369 1373 5440 posuisti?
1396 5386 1500 5424 cur
1520 5370 1689 5425 nobis
1714 5386 1978 5425 necessa-

311 5455 419 5511 ria
446 5459 774 5528 temporum
803 5457 994 5530 spatia
1023 5458 1322 5530 superﬂua
1352 5457 1704 5529 loquacitate
1754 5456 1982 5513 ﬁnisti?

398 5618 414 5650 ι
445 5615 602 5681 Editi,
631 5620 681 5666 et
710 5619 1011 5681 cooperante
1054 5617 1204 5678 Filio,
1236 5616 1363 5675 Filio
1409 5619 1579 5667 autem
1607 5630 1710 5668 non
1747 5615 1980 5681 iubente,

310 5681 433 5729 etc.
462 5678 890 5744 Castigantur‘ex
916 5682 1041 5732 Mss.

1644 346 1881 408 LIBER
1922 344 2356 410 SECUNDUS.

3584 348 3703 411 806

2119 480 2168 532 4.
2202 479 2303 533 Sed
2336 480 2450 546 iste,
2484 477 2697 547 inquis,
2718 478 2901 535 Filius
2929 481 3079 534 visus
3107 488 3183 535 est
3226 480 3374 545 Adae,
3405 481 3701 536 secundum

2050 567 2190 637 quod
2219 568 2472 638 legimus,
2504 568 2677 623 Adam
2714 570 3006 636 dicentem,
3053 591 3082 619 «
3118 571 3301 625 Vocem
3333 580 3486 625 tuam
3514 570 3704 625 audivi

2050 656 2453 712 deambulantis
2476 660 2537 711 in.
2562 659 2852 728 paradiso;
2875 659 3210 715 etabscondi
3237 676 3343 724 me,
3372 662 3503 731 quia
3523 659 3705 715 nudus

2050 762 2173 800 sum
2206 768 2234 794 »
2269 745 2422 817 (Gen.
2456 764 2540 810 ιιι,
2580 748 2689 818 10).
2732 748 2849 803 Iioc
2880 765 3016 819 ergo
3059 748 3225 819 prius
3256 748 3496 816 diceres,
3530 748 3705 804 homo

2053 834 2223 899 bone,
2250 834 2382 889 inde
2407 836 2691 906 inciperes
2724 837 3012 907 promissa
3047 843 3389 893 monstrare.
3428 837 3705 901 Quamvis

2053 923 2218 978 etbic
2234 923 2438 991 Adam,
2470 926 2651 980 Vocem
2674 933 2847 991 luam,
2868 926 3079 997 inquit,
3099 927 3316 982 audivi:
3341 944 3452 982 non
3477 928 3577 993 ait,
3602 927 3705 982 Fa-

2053 1011 2199 1067 ciem
2220 1012 2303 1067 vel
2331 1012 2583 1083 speciem
2608 1018 2768 1068 tuam
2790 1014 2925 1068 vidi.
2947 1016 3016 1069 Et
3037 1016 3189 1086 quod
3219 1016 3319 1081 ait,
3344 1016 3577 1072 Ascondi
3594 1031 3703 1084 me,

2054 1104 2185 1172 quia
2198 1101 2380 1157 nudus
2395 1119 2549 1167 sum;
2572 1101 2750 1157 videri
2770 1120 2831 1157 se
2844 1121 2877 1158 a
2892 1103 3006 1158 Deo
3024 1104 3239 1173 timuit,
3257 1121 3371 1158 non
3388 1122 3420 1159 a
3440 1121 3500 1160 se
3520 1110 3702 1160 Deum

2052 1189 2242 1245 visum
2271 1207 2399 1247 esse
2431 1191 2793 1247 monstravit.
2812 1192 2957 1247 Nam
2982 1192 3030 1248 si
3051 1210 3160 1247 vox
3190 1195 3420 1262 quando
3443 1194 3702 1265 auditur,

2056 1279 2321 1350 sequitur
2345 1280 2488 1335 visio
2513 1299 2526 1347 ;
2556 1281 2716 1335 visus
2738 1286 2826 1336 est
2847 1286 2903 1336 et
2934 1281 3087 1337 Deus
3119 1281 3287 1336 Pater
3315 1282 3541 1353 quoties
3567 1299 3704 1339 voce

2056 1373 2365 1423 attestatus
2383 1374 2472 1423 est
2486 1368 2647 1424 Filio.
2663 1369 2863 1424 Novim
2874 1387 2940 1425 us
2958 1370 3173 1442 quippe
3190 1370 3248 1425 in
3264 1371 3570 1443 Evangelio
3587 1388 3711 1427 ver-

2057 1458 2130 1512 ba
2152 1457 2337 1513 Patris
2360 1458 2644 1525 sonantis,
2675 1464 2848 1529 atque
2870 1459 3142 1525 dicentis,
3167 1462 3240 1515 Tu
3267 1477 3320 1515 es
3349 1462 3522 1517 Filius
3552 1477 3707 1516 meus

2057 1546 2304 1613 dilectus,
2326 1552 2433 1602 etc.
2454 1548 2648 1618 (Marc.
2673 1566 2709 1617 ι,
2737 1549 2845 1619 11),
2866 1548 2963 1603 ubi
2989 1550 3225 1604 auditus
3249 1549 3318 1603 ab
3343 1549 3705 1622 hominibus,

2059 1652 2172 1691 non
2195 1641 2389 1691 tamen
2408 1636 2567 1691 visus
2589 1646 2694 1692 est.
2720 1638 2797 1691 Ac
2821 1654 2920 1709 per
2940 1637 3048 1693 hoc
3065 1643 3121 1693 et
3145 1638 3201 1692 in
3228 1637 3342 1692 illis
3366 1639 3553 1693 verbis
3579 1655 3706 1711 quea

2060 1724 2349 1796 adjungis,
2376 1725 2472 1781 ubi
2504 1725 2663 1796 dicit,
2692 1726 2820 1793 Quis
2847 1729 3126 1782 nuntiavit
3145 1728 3247 1781 tibi
3266 1729 3395 1798 quia
3415 1727 3595 1782 nudus
3619 1729 3712 1783 es?

2059 1818 2116 1867 et
2136 1814 2465 1885 sequentia;
2492 1813 2675 1884 potuit
2696 1815 2907 1884 audiri,
2930 1820 3119 1870 etnon
3148 1816 3326 1871 videri
3350 1816 3522 1871 Deus.
3548 1821 3709 1871 Non-

2061 1902 2202 1957 dum
2221 1903 2417 1973 itaque
2442 1902 2660 1973 aliquid
2686 1919 2752 1957 ex
2774 1920 2839 1959 eo
2858 1905 3010 1975 quod
3038 1904 3392 1975 promiseras
3414 1904 3633 1960 dixisse
3657 1910 3715 1961 te

2060 1991 2215 2045 vide:
2242 1991 2401 2046 etdic
2414 1992 2648 2046 tandem
2664 1991 2881 2062 aliquid
2899 1993 3051 2063 quod
3069 1992 3355 2048 discutere
3371 1993 3713 2063 debeamus,

2063 2083 2163 2134 aut
2194 2079 2348 2150 quod
2384 2095 2486 2150 pro
2520 2082 2622 2134 tua
2652 2095 2828 2133 causa
2858 2095 2987 2134 esse
3018 2080 3325 2134 fateamur.

2131 2204 2185 2259 5.
2212 2206 2316 2259 Hic
2332 2204 2490 2271 Deus,
2516 2203 2733 2274 inquis,
2750 2208 2799 2258 et
2822 2204 3049 2258 Abrahae
3070 2207 3214 2258 visus
3234 2210 3339 2258 est.
3361 2203 3566 2260 Visum
3585 2220 3716 2260 esse

2062 2293 2244 2348 Deum
2266 2293 2507 2347 Abrahae
2524 2309 2731 2363 negare
2748 2310 2861 2347 non
2877 2309 3213 2364 possumus.
3230 2294 3531 2364 Scriptura
3548 2294 3716 2364 quip-

2063 2399 2133 2455 pe
2156 2382 2497 2437 fidelissima
2519 2382 2885 2452 apertissime
2902 2383 3009 2436 hoc
3029 2381 3302 2453 loquitur,
3317 2382 3537 2437 dicens:
3562 2382 3717 2436 Visus

2064 2481 2142 2527 est
2159 2476 2342 2526 autem
2360 2472 2454 2526 illi
2475 2472 2614 2525 Deus
2636 2473 2709 2525 ad
2728 2487 2986 2541 quercum
3004 2476 3056 2527 Μ
3064 2471 3263 2525 ambre.
3284 2471 3395 2525 Sed
3415 2486 3602 2541 neque
3619 2468 3715 2525 hic

2064 2577 2405 2630 expressum
2439 2563 2546 2626 est,
2584 2565 2780 2614 utrum
2809 2559 2976 2614 Pater
3006 2577 3077 2614 an
3112 2560 3310 2614 Filius.
3344 2560 3488 2615 Cum
3520 2563 3716 2614 autem

2067 2654 2330 2704 narraret
2357 2649 2676 2720 Scriptura,
2710 2649 3002 2719 quomodo
3025 2649 3075 2703 ei
3106 2650 3266 2704 visus
3297 2650 3372 2703 sit
3404 2653 3576 2713 Deus,
3599 2654 3718 2703 tres

2066 2740 2219 2794 viros
2249 2737 2330 2792 illi
2365 2738 2708 2809 apparuisse
2740 2736 3015 2806 declarat,
3049 2738 3105 2790 in
3140 2737 3357 2808 quibus
3381 2736 3721 2808 magisipsa

2068 2828 2345 2895 Trinitas,
2367 2827 2465 2897 qui
2491 2844 2643 2881 unus
2666 2832 2753 2880 est
2766 2826 2940 2888 Deus,
2962 2830 3111 2879 recte
3130 2826 3370 2897 intelligi
3394 2830 3601 2897 potest.
3618 2825 3722 2880 De-

2072 2918 2246 2989 nique
2262 2922 2379 2971 tres
2409 2915 2581 2983 videt,
2612 2919 2670 2969 et
2694 2932 2805 2994 non
2831 2916 3118 2981 dominos,
3154 2916 3252 2969 sed
3277 2914 3592 2969 Dominum
3618 2930 3720 2985 ap-

2070 3006 2267 3076 pellat,
2301 3004 2579 3076 quoniam
2604 3003 2858 3058 Trinitas
2882 3009 2995 3058 tres
3020 3002 3255 3074 quidem
3280 3019 3540 3074 persona:
3558 3005 3719 3070 sunt,

2069 3096 2167 3151 sed
2190 3111 2342 3149 unus
2366 3093 2833 3147 DominusDeus.
2854 3092 2949 3146 Sic
2967 3099 3157 3145 autem
3182 3092 3616 3163 narraturquod
3638 3090 3723 3147 vi-

2071 3184 2467 3239 ditAbrabam
2491 3199 2503 3234 :
2539 3184 2870 3252 Respiciens,
2905 3182 3119 3251 inquit,
3142 3181 3312 3235 oculis
3341 3183 3458 3235 suis
3488 3181 3649 3249 vidit,
3671 3181 3725 3236 et

2069 3290 2185 3330 ecce
2213 3278 2321 3328 tres
2337 3274 2447 3327 viri
2467 3274 2682 3326 stabant
2703 3287 2864 3341 super
2881 3287 3038 3331 eum;
3058 3275 3109 3324 et
3141 3271 3328 3325 videns
3356 3273 3633 3340 procurrit
3661 3271 3725 3324 in

2071 3363 2289 3419 obviam
2321 3362 2437 3416 illis
2466 3362 2532 3415 ab
2563 3362 2697 3415 ostio
2720 3360 3063 3415 tabernaculi
3088 3361 3197 3427 sui,
3221 3364 3272 3414 et
3295 3359 3542 3415 adoravit
3562 3374 3725 3430 super

2072 3462 2301 3519 terram,
2333 3460 2386 3505 et
2407 3450 2585 3505 dixit:
2614 3451 2858 3516 Domine,
2877 3451 2927 3503 si
2948 3449 3135 3503 inveni
3151 3448 3391 3518 gratiam
3405 3456 3534 3503 ante
3556 3458 3626 3514 te,
3650 3463 3723 3502 ne

2069 3544 2367 3613 prsetereas
2382 3556 2597 3593 servum
2620 3547 2793 3592 tuum.
2818 3538 2919 3592 Hic
2941 3536 3207 3591 videmus
3224 3541 3342 3591 tres
3365 3537 3515 3591 viros
3540 3553 3718 3608 appa-

2073 3630 2282 3692 ruisse,
2301 3636 2357 3683 et
2387 3645 2570 3682 unum
2594 3628 2897 3682 Dominum
2924 3626 3056 3691 dici,
3083 3641 3381 3694 unumque
3408 3624 3721 3681 Dominum

2074 3718 2261 3791 rogari
2286 3734 2356 3772 ne
2380 3721 2921 3788 prmtereatservum
2943 3713 3432 3784 suum,quoniam
3452 3713 3724 3785 congruit

2074 3808 2190 3863 Deo
2207 3805 2439 3860 visitare
2461 3803 2712 3858 famulos
2736 3819 2895 3858 suos.
2919 3801 3136 3857 Deinde
3159 3806 3275 3856 tres
3301 3818 3578 3872 personas
3600 3801 3724 3873 plu-

2076 3896 2272 3951 raliter
2303 3894 2641 3965 alloquitur,
2667 3893 2895 3947 dicens:
2919 3891 3184 3946 Sumatur
3209 3907 3359 3944 nunc
3387 3907 3550 3961 aqua,
3575 3895 3627 3945 et
3644 3891 3727 3944 la-

2079 4001 2194 4041 vem
2221 3983 2379 4055 pedes
2404 3989 2629 4045 vestros,
2658 3992 2708 4037 et
2728 3983 3054 4051 refrigerate
3072 3980 3171 4035 sub
3189 3980 3412 4046 arbore,
3444 3981 3493 4034 et
3514 3995 3732 4034 sumam

2075 4090 2292 4145 panem,
2326 4075 2379 4128 et
2409 4071 2754 4139 mandarate,
2779 4078 2829 4124 et
2852 4074 3031 4141 postea
3054 4070 3361 4124 transibitis
3391 4071 3451 4123 in
3480 4072 3627 4123 viam
3646 4082 3735 4124 ve-

2076 4168 2271 4227 stram,
2288 4169 2504 4233 propter
2521 4161 2662 4231 quorl
2680 4160 2990 4213 iiecliizastis
3006 4160 3081 4213 ad
3100 4174 3320 4212 servum
3338 4161 3598 4212 vestrum.
3617 4161 3732 4213 Ma-

2079 4253 2353 4306 nifestum
2370 4258 2450 4305 est
2470 4266 2568 4304 eos
2586 4254 2863 4317 tanquam
2881 4246 3148 4302 homines
3170 4246 3420 4301 invitari:
3438 4263 3550 4301 non
3572 4246 3729 4301 enim

2079 4339 2194 4395 tale
2216 4338 2332 4394 illis
2355 4338 2707 4409 praeberetur
2728 4335 3095 4405 obsequium,
3121 4351 3234 4405 quo
3258 4334 3579 4404 indigentia
3598 4333 3731 4388 refi-

2079 4433 2273 4482 cerent
2288 4426 2669 4498 corpora,nisi
2684 4425 2950 4479 homines
2968 4427 3332 4494 putarentur.
3348 4422 3734 4493 EtScriptura

2080 4516 2382 4589 pluraliter
2403 4531 2500 4569 eos
2518 4512 2890 4585 respondisse
2909 4515 3355 4566 commemorat:
3380 4511 3735 4577 aitenim,Et

2079 4606 2359 4668 dixerunt,
2393 4603 2483 4658 Sic
2508 4605 2598 4672 [ac
2626 4600 3079 4673 quemadmodum
3107 4600 3326 4655 dixisti.
3360 4604 3487 4654 Non
3532 4599 3632 4670 ait,
3668 4600 3739 4655 Et

2079 4694 2246 4761 dixit;
2271 4693 2392 4758 sed,
2411 4694 2690 4748 dixerunt.
2710 4689 2924 4745 Deinde
2944 4706 3076 4743 cum
3093 4694 3245 4744 esset
3265 4697 3465 4759 parata
3478 4688 3733 4758 reiectio,

2080 4784 2220 4838 dicit
2241 4782 2566 4853 Scriptura:
2592 4781 2656 4834 Et
2678 4781 2924 4851 apposuit
2947 4787 3071 4833 ante
3088 4780 3231 4849 illos,
3259 4788 3309 4833 et
3329 4779 3577 4833 ederunt.
3605 4778 3732 4833 Non

2081 4872 2179 4936 ait,
2202 4872 2485 4943 Apposuit
2515 4875 2646 4924 ante
2680 4869 2867 4933 illum,
2892 4875 2948 4922 et
2979 4867 3113 4923 edit.
3140 4867 3247 4921 Sed
3282 4868 3381 4922 ubi
3404 4868 3475 4922 ad
3508 4867 3564 4920 id
3590 4882 3731 4920 ven-

2080 4966 2205 5015 tum
2230 4965 2339 5024 est,
2356 4964 2422 5013 ut
2442 4957 2687 5013 Abrahae
2707 4957 2861 5011 filius
2879 4955 3313 5027 promitteretur
3328 4972 3394 5009 ex
3412 4955 3573 5023 Sara,
3590 4954 3731 5023 quia

2080 5048 2341 5103 divinum
2375 5047 2725 5101 offerebatur
2755 5045 3123 5109 beneficium,
3151 5061 3261 5098 non
3300 5049 3359 5096 ut
3391 5042 3733 5097 hominibus

2082 5138 2403 5193 humanum
2418 5134 3365 5203 exbibebaturobscquium,unum
3382 5131 3735 5185 narratScri-

2081 5232 2251 5299 ptura
2269 5227 2580 5290 dicentem,
2607 5226 2705 5281 Ubi
2719 5230 2799 5279 est
2820 5226 2958 5278 Sara
2980 5238 3125 5276 uxor
3142 5224 3278 5275 tua?
3303 5220 3422 5275 Non
3444 5219 3601 5273 enim
3624 5220 3727 5290 ait,

2087 5316 2363 5370 Dixerunt
2384 5320 2577 5370 autem
2606 5315 2673 5369 ad
2702 5313 2897 5367 illum:
2922 5312 3020 5366 sed
3046 5310 3145 5379 ait,
3170 5310 3324 5363 Dixit
3342 5311 3529 5363 autem
3557 5308 3627 5363 ad
3657 5309 3731 5363 il-

2082 5405 2230 5459 lum:
2264 5404 2364 5461 Ubi
2382 5412 2459 5459 est
2486 5408 2631 5459 Sara
2651 5418 2794 5457 uxor
2818 5402 2950 5455 tua?
2981 5397 3118 5461 Quis
3142 5402 3334 5451 autem
3368 5397 3476 5451 hoc
3496 5396 3726 5465 dixerit,

2082 5499 2285 5565 postea
2314 5493 2672 5558 manifestat;
2702 5489 2797 5544 ubi
2821 5504 2952 5543 cum
2977 5486 3202 5541 risisset
3229 5486 3387 5551 Sara,
3421 5484 3502 5540 ait
3522 5486 3725 5542 eadem

2083 5582 2414 5654 Scriptura:
2450 5582 2512 5635 Et
2532 5580 2673 5634 dixit
2694 5578 2952 5633 Dominus
2974 5576 3043 5630 ad
3067 5574 3341 5629 Abraham
3363 5594 3381 5629 :
3407 5574 3585 5643 Quare
3604 5578 3728 5632 risit

2084 5670 2225 5726 Sara
2240 5673 2300 5725 in
2309 5670 2633 5741 semetipsa?
2647 5672 2703 5722 et
2719 5671 2921 5722 castora
2942 5680 3126 5735 usque
3138 5664 3210 5722 ad
3231 5664 3427 5737 finem,
3446 5669 3731 5736 tanquam
