4094 6188
492 329 608 389 807

493 479 648 519 unus
669 461 953 515 Dominus
974 459 1350 531 singulariter
1371 458 1646 530 loquitur.
1667 461 1740 514 Ac
1759 458 2050 530 posthaec,
2075 462 2143 513 ut

492 551 761 607 homines
793 548 1095 621 pluraliter
1120 548 1280 602 abire
1311 552 1643 613 narrantur,
1677 550 1733 603 et
1763 548 2001 603 dicitur:
2030 549 2138 603 Ex-

488 643 769 711 surgentes
784 642 969 693 autem
984 637 1113 692 inde
1125 639 1257 703 viri,
1277 644 1677 708 conspexerunt
1695 638 1749 691 in
1768 639 1967 707 faciem
1983 636 2139 693 Sodo-

490 745 709 785 morum
741 731 790 783 et
823 725 1163 786 Gomorrhaz;
1197 724 1470 779 Abraham
1500 742 1622 781 vero
1661 727 1979 781 ambulabat
2016 742 2140 781 cum

490 819 627 885 illis,
658 816 942 873 deducens.
969 816 1193 870 Rursus
1217 818 1409 869 autem
1431 815 1580 869 redit
1600 815 1903 886 Scriptura
1925 816 1994 870 ad
2018 816 2137 870 sin-

488 906 753 978 gularem
781 920 1110 971 numerum,
1142 920 1206 958 ac
1239 903 1415 957 dicit:
1450 904 1711 958 Dominus
1741 907 1920 959 autem
1948 905 2139 958 dixit:

489 994 764 1067 Numquid
784 994 964 1048 celabo
980 1009 1078 1061 ego
1090 1007 1261 1063 puero
1278 1007 1391 1047 meo
1408 992 1686 1047 Abraham
1702 1007 1826 1063 quae
1845 1008 1939 1063 ego
1958 995 2103 1062 facio
2115 996 2140 1045 .9

488 1084 709 1140 Deinde
724 1080 1338 1155 promittiturAbrabae
1356 1081 1630 1151 praeclara
1642 1086 1696 1137 et
1708 1082 1942 1152 copiosa
1957 1086 2142 1153 poste-

488 1173 654 1243 ritas,
673 1177 731 1228 et
751 1172 1138 1227 Sodomorum
1164 1169 1543 1225 denuntiatur
1563 1170 1854 1225 interitus.
1874 1170 2139 1242 Sequens

489 1266 684 1318 autem
706 1260 1007 1331 Scriptura
1028 1259 1195 1314 dicit:
1228 1260 1292 1313 Et
1312 1260 1561 1314 conversi
1580 1259 1705 1315 inde
1725 1261 1851 1323 viri,
1875 1263 2140 1314 venerunt

488 1353 551 1407 in
580 1351 840 1411 Sodoma;
862 1349 1147 1405 Abraham
1168 1351 1350 1403 autem
1374 1356 1495 1403 erat
1515 1347 1698 1404 adhuc
1719 1351 1868 1404 stans
1887 1356 2014 1404 ante
2037 1349 2138 1404 Do-

488 1441 725 1495 minum.
743 1440 807 1494 Et
824 1440 1183 1509 approprians
1200 1438 1475 1491 Abraham
1490 1438 1660 1492 dixit:
1676 1438 1749 1493 Ne
1761 1438 1927 1492 simul
1943 1436 2140 1509 perdas

482 1530 700 1601 justum
728 1544 846 1583 cum
873 1528 1045 1594 impio
1067 1543 1086 1586 ,Î‡
1106 1533 1157 1580 et
1185 1527 1290 1580 erit
1301 1526 1483 1597 justus
1504 1535 1773 1597 tanquam
1801 1528 2044 1595 impius?
2072 1526 2141 1581 Et

491 1622 622 1690 post
642 1616 1085 1672 collocutionem
1118 1614 1349 1671 Domini
1379 1618 1553 1685 atque
1581 1615 1843 1681 Abrahae,
1879 1614 2140 1685 sequitur

490 1706 813 1778 Scriptura,
830 1710 885 1759 et
901 1704 1041 1758 dicit
1056 1720 1067 1759 :
1084 1704 1230 1758 Abiit
1242 1712 1426 1758 autem
1439 1704 1718 1774 Dominus,
1735 1712 1795 1759 ut
1813 1704 1974 1759 desiit
1990 1706 2141 1776 loqui

490 1795 561 1850 ad
580 1795 871 1858 Abraham,
894 1801 945 1849 et
967 1793 1249 1847 Abraham
1270 1808 1541 1863 regressus
1571 1798 1648 1848 est
1670 1795 1727 1847 in
1754 1792 1934 1848 locum
1954 1809 2134 1848 suum.

495 1887 765 1942 Venerunt
785 1887 968 1938 autem
991 1882 1095 1936 duo
1115 1883 1307 1951 angeli
1326 1883 1385 1935 in
1408 1882 1637 1937 Sodoma
1658 1882 1727 1937 ad
1750 1899 2042 1953 vesperam.
2068 1882 2134 1937 Hi

488 1978 629 2029 sunt
647 1974 718 2028 de
740 1972 953 2044 quibus
977 1969 1147 2042 paulo
1165 1976 1298 2025 ante
1319 1970 1567 2026 dixerat:
1601 1974 1863 2027 Conversi
1886 1971 2011 2027 inde
2030 1972 2141 2026 viri

488 2070 753 2119 venerunt
780 2063 837 2115 in
858 2060 1104 2115 Sodoma.
1138 2059 1246 2114 Sed
1275 2060 1422 2115 duos
1452 2076 1581 2115 esse
1604 2076 1716 2114 non
1750 2064 2133 2131 expresserat,

488 2168 624 2207 cum
647 2152 720 2206 ab
740 2150 904 2204 initio
927 2153 1042 2203 tres
1066 2148 1219 2203 viros
1242 2148 1485 2204 dixisset
1505 2150 1847 2220 apparuisse
1868 2149 2134 2220 Abrahae,

486 2244 543 2296 et
562 2238 927 2311 hospitaliter
946 2238 1016 2292 ab
1050 2237 1149 2293 illo
1172 2253 1299 2291 esse
1323 2242 1647 2308 susceptos,
1671 2255 1819 2309 quos
1844 2243 1901 2293 et
1921 2238 2135 2293 abeun-

485 2332 575 2385 tes
605 2329 865 2395 deduxit,
900 2325 1209 2382 ambulans
1241 2342 1374 2381 cum
1406 2326 1510 2380 eis.

554 2419 610 2473 6.
646 2416 928 2473 Fortassis
960 2432 1095 2487 ergo
1108 2415 1233 2486 jam
1260 2414 1639 2486 pronuntiare
1663 2414 1925 2483 festinas,
1950 2431 2133 2470 unum

486 2508 668 2562 fuisse
683 2506 744 2561 in
757 2506 841 2561 eis
854 2504 1164 2561 Dominum
1182 2502 1603 2574 Christum,qui
1623 2502 1998 2575 singulariter
2010 2521 2137 2576 pro-

486 2595 757 2651 mittebat
772 2599 829 2650 et
846 2594 1232 2665 respondebat
1246 2591 1518 2660 Abrahae;
1542 2593 1690 2648 duos
1707 2609 1839 2648 vero
1858 2592 2011 2659 illos,
2031 2611 2133 2648 an-

485 2686 646 2757 gelos
677 2685 826 2755 ejus,
856 2682 954 2754 qui
987 2687 1268 2737 venerunt
1290 2681 1347 2736 in
1381 2682 1633 2737 Sodoma
1663 2687 1943 2753 tanquam
1968 2681 2134 2738 missi

484 2774 675 2847 angeli
699 2791 732 2830 a
762 2772 1005 2829 Domino
1024 2789 1150 2826 suo.
1186 2771 1296 2826 Sed
1328 2777 1621 2844 exspecta:
1658 2772 1793 2842 quid
1828 2772 2132 2843 properas?

482 2865 928 2920 Consideremus
959 2862 1156 2920 omnia
1176 2862 1511 2934 diligenter,
1530 2879 1596 2917 ac
1616 2854 1776 2934 prius
1798 2862 2135 2918 intueamur

480 2954 656 3009 verba
668 2953 889 3009 Domini
918 2951 1207 3024 loquentis
1229 2950 1492 3005 Abrahae:
1521 2952 1738 3008 Clamor
1759 2950 2129 3023 Sodomorum,

481 3042 695 3114 inquit,
708 3046 758 3097 et
772 3041 1083 3097 Gomorrhse
1098 3039 1503 3110 multiplicatus
1522 3044 1620 3109 est,
1638 3043 1688 3095 et
1701 3047 1927 3111 peccata
1942 3056 2133 3096 eorum

485 3148 687 3202 magna
713 3132 887 3187 valde.
913 3128 1242 3185 Descendens
1261 3144 1392 3197 ergo
1412 3128 1618 3195 videbo,
1639 3130 1689 3183 si
1701 3134 1997 3184 secundum
2018 3129 2131 3185 cla-

484 3235 693 3276 morem
724 3223 968 3291 ipsorum
990 3221 1301 3273 venientem
1321 3217 1397 3272 ad
1412 3234 1503 3271 me
1518 3222 1917 3272 consummant.
1942 3218 2046 3273 Hic
2069 3234 2132 3273 se

482 3310 679 3382 ipsum
699 3310 1119 3364 descensurum
1143 3306 1288 3361 dixit
1308 3307 1365 3361 in
1379 3305 1653 3369 Sodoma,
1675 3322 1790 3377 quo
1807 3311 2003 3361 tamen
2017 3323 2131 3362 non

482 3399 609 3472 ipse
629 3396 950 3465 descendit,
983 3397 1083 3452 sed
1107 3395 1297 3468 angeli
1331 3395 1467 3451 duo.
1491 3400 1621 3466 lpse
1651 3395 1863 3467 quippe
1884 3396 2039 3466 abiit,
2072 3405 2133 3451 ut

481 3487 639 3544 desiit
659 3489 812 3559 loqui
829 3486 901 3542 ad
923 3487 1230 3547 Abraham;
1261 3485 1530 3540 Abraham
1553 3492 1742 3540 autem
1763 3500 2036 3555 regressus
2055 3492 2135 3540 est

480 3579 541 3633 in
564 3577 740 3633 locum
758 3593 940 3631 suum.
969 3576 1240 3631 Venerunt
1258 3579 1465 3641 autem,
1485 3573 1637 3629 sicut
1652 3573 1873 3628 dictum
1896 3578 2004 3639 est,
2026 3574 2130 3630 duo

479 3667 675 3735 angeli
692 3666 763 3721 ad
778 3680 1055 3738 vesperam
1078 3666 1135 3719 in
1161 3663 1408 3719 Sodoma.
1434 3663 1603 3727 Quid,
1624 3661 1674 3717 si
1695 3667 1751 3717 et
1772 3662 1829 3717 in
1852 3660 1964 3717 illis
1986 3662 2130 3719 duo-

477 3756 592 3812 bus
615 3754 839 3827 angelis
861 3771 1016 3809 unus
1038 3752 1320 3809 Dominus
1339 3752 1650 3822 invenitur,
1674 3752 1773 3823 qui
1806 3753 2128 3807 secundum

477 3845 719 3900 verbum
751 3860 929 3899 suum
949 3842 1006 3897 in
1032 3842 1176 3914 ipsis
1199 3840 1421 3914 angelis
1443 3840 1743 3895 descendit
1767 3840 1826 3896 in
1849 3841 2131 3897 Sodoma?

477 3933 681 3989 Nonne
712 3932 1085 3987 manifestum
1106 3930 1214 3986 erit
1234 3932 1292 3985 in
1316 3930 1503 3985 tribus
1524 3929 1642 3985 illis
1658 3928 1797 3985 viris
1820 3947 2000 3985 unum
2022 3935 2130 3986 Do-

477 4022 703 4077 minum
721 4021 908 4076 visum
931 4020 1130 4083 fuisse,
1145 4018 1243 4074 ubi
1268 4018 1405 4090 quid
1426 4019 1582 4073 aliud
1603 4035 1778 4089 quam
1803 4019 1931 4090 ipsa
1944 4019 2132 4074 Trini-

474 4113 567 4164 tas
597 4111 848 4181 figurata
877 4108 1001 4164 est?
1030 4108 1139 4163 Sed
1173 4107 1467 4162 videamus
1500 4113 1696 4161 utrum
1731 4108 1897 4162 nobis
1929 4113 2131 4164 sancta

475 4197 776 4270 Scriptura
799 4199 1178 4265 demonstret,
1201 4195 1377 4251 etiam
1406 4194 1465 4249 in
1486 4195 1601 4251 illis
1632 4196 1861 4251 duobus
1884 4195 2129 4269 angelis,

477 4291 542 4342 ut
571 4286 709 4353 dixi,
746 4303 929 4342 unum
963 4285 1273 4341 Dominum
1304 4284 1630 4351 inventum,
1658 4300 1727 4337 ne
1753 4285 1894 4339 forte
1924 4284 2045 4341 haec
2061 4303 2130 4342 ex

474 4379 676 4432 nostro
694 4376 867 4431 corde
883 4375 1209 4429 afï¬rmasse
1228 4372 1547 4427 videamur.
1573 4373 1842 4427 Venerunt
1865 4390 2000 4445 ergo
2023 4375 2128 4432 duo

474 4461 668 4531 angeli
692 4466 753 4518 in
781 4463 1017 4519 Sodoma
1046 4462 1115 4517 ad
1144 4478 1451 4533 vesperam;
1476 4461 1604 4516 Loth
1640 4475 1762 4517 vero
1785 4462 2027 4531 sedebat,
2062 4468 2128 4518 ut

474 4550 759 4623 scriptum
777 4557 883 4621 est,
898 4553 1067 4624 juxta
1087 4557 1307 4618 portam
1330 4549 1703 4606 Sodomorum.
1736 4550 1924 4606 Videns
1943 4556 2127 4608 autem

472 4640 626 4706 Loth,
653 4641 899 4695 surrexit
929 4642 987 4694 in
1013 4641 1225 4695 obviam
1249 4640 1382 4703 illis,
1406 4642 1456 4694 et
1477 4638 1726 4694 adoravit
1754 4640 1812 4694 in
1842 4640 2045 4713 faciem
2065 4642 2123 4697 in

474 4728 886 4784 terram.Vides
902 4745 1108 4801 nempe
1122 4729 1215 4782 hic
1229 4729 1430 4798 ajusto
1444 4727 1563 4783 viro
1579 4727 1816 4800 angelos
1830 4729 2121 4803 adoratos,

474 4820 607 4873 ettu
623 4834 737 4873 non
751 4817 1367 4888 visadorariSpiritum
1383 4821 1855 4889 sanctum.quem
1872 4835 1969 4873 vos
1985 4837 2124 4890 quo-

474 4924 588 4980 que
618 4907 892 4963 omnibus
915 4906 1136 4979 angelis
1162 4909 1177 4942 Â¹
1203 4907 1328 4961 sine
1352 4906 1733 4976 ambiguitate
1757 4908 2124 4979 praeponitis?

472 4997 578 5052 Sed
611 4996 878 5052 dicturus
907 5012 990 5066 es,
1022 4995 1299 5050 Homines
1330 5011 1458 5050 esse
1487 4994 1783 5063 credebat;
1819 5013 1953 5052 nam
1986 5001 2043 5053 et
2063 4997 2121 5053 in

471 5085 793 5160 hospitium
814 5090 1093 5157 tanquam
1114 5083 1378 5139 homines
1396 5083 1680 5138 invitavit.
1698 5083 1812 5139 Hoc
1832 5086 2019 5159 magis
2035 5091 2124 5143 est

471 5181 675 5232 contra
704 5181 782 5243 te,
818 5175 917 5247 qui
951 5174 1097 5230 dicis
1126 5191 1241 5229 non
1265 5172 1493 5227 adorari
1525 5173 1805 5243 Spiritum
1831 5180 2121 5244 sanctum,

471 5266 747 5321 omnibus
776 5264 1015 5337 Angelis
1046 5261 1500 5335 praeferendum;
1537 5277 1670 5316 cum
1702 5262 1898 5319 videas
1928 5268 1984 5319 et
2012 5265 2121 5322 ho-

469 5355 660 5411 mines
684 5355 987 5411 inferiores
1004 5352 1240 5425 Angelis
1263 5368 1295 5406 a
1312 5350 1485 5419 iustis
1508 5349 1848 5408 hominibus
1870 5354 2122 5412 adorari.

469 5442 580 5497 Sed
631 5444 821 5499 adhuc
861 5445 1126 5499 dicturus
1166 5458 1249 5509 es,
1304 5438 1613 5495 Dominum
1657 5440 1944 5498 adoravit:
1988 5461 2121 5501 eum

468 5532 687 5602 quippe
715 5533 773 5588 in
803 5533 1034 5589 duobus
1065 5530 1203 5600 illis,
1238 5546 1387 5602 quos
1409 5528 1653 5602 putabat
1673 5544 1803 5585 esse
1831 5529 2118 5607 homines,

534 5672 552 5707 á½·
581 5672 644 5720 In
672 5673 903 5726 editione
932 5677 1059 5728 Lov.
1093 5674 1258 5735 deest,
1289 5670 1520 5737 Angelis.

970 325 1284 387 CONTRA
1328 322 1794 386 MAXIMINUM
1837 319 2308 386 ARIANORUM
2355 325 2830 403 EPISCOPUM,
2879 333 2944 392 S.
2992 332 3409 396 AUGUSTINI
3723 343 3814 407 808

2243 461 2523 531 tanquam
2554 463 2614 518 in
2646 465 2949 538 prophetis
2972 482 3101 522 esse
3130 467 3409 537 cognovit.
3426 469 3549 525 Jam
3576 488 3695 545 ergo
3721 492 3818 546 pro-

2243 550 2447 607 batum
2477 558 2585 620 est,
2619 555 2771 625 quod
2820 571 2911 610 me
2942 571 3047 627 per
3082 556 3439 626 Scripturam
3479 564 3711 617 sanctam
3735 565 3816 620 de-

2244 646 2712 697 monstraturum
2727 658 2855 698 esse
2868 644 3274 715 promiseram,
3290 646 3544 702 eumdem
3557 647 3817 709 Dominum

2244 728 2343 799 qui
2366 729 2558 785 dictus
2579 731 2769 787 fuerat
2798 731 3013 787 abiisse
3043 736 3107 787 ut
3135 734 3382 789 cessavit
3409 733 3558 806 loqui
3584 738 3646 792 ad
3672 740 3819 796 Abra-

2243 816 2400 888 ham,
2423 819 2483 874 in
2513 819 2630 876 illis
2648 820 2880 877 duobus
2898 820 3120 893 angelis
3142 822 3503 879 descendisse
3518 824 3571 879 in
3594 826 3819 896 Sodoma,

2242 905 2397 961 sicut
2438 907 2685 973 dixerat,
2730 914 2788 964 et
2826 909 2885 964 in
2924 910 3009 965 eis
3040 911 3111 964 ab
3153 909 3384 966 homine
3415 912 3567 981 justo
3603 915 3821 986 agnitum

2243 995 2441 1052 fuisse.
2461 996 2737 1053 Exhibuit
2754 998 2949 1069 itaque
2966 997 3417 1070 hospitalitatem
3438 1003 3702 1072 quomodo
3720 1020 3824 1060 san-

2242 1085 2350 1140 ctis
2375 1085 2715 1142 hominibus
2744 1086 2868 1153 Dei,
2900 1086 2959 1142 in
2992 1087 3207 1159 quibus
3238 1087 3417 1144 Deum
3440 1105 3561 1145 esse
3587 1092 3825 1165 cognovit,

2242 1190 2375 1229 cum
2408 1192 2528 1238 eos.
2561 1175 2716 1231 sicut
2758 1176 2932 1231 etiam
2965 1176 3092 1247 ipse
3132 1176 3446 1243 Abraham,
3477 1178 3697 1250 angelos
3728 1197 3831 1237 esse

2242 1264 2511 1320 nesciret.
2528 1264 2599 1319 Hi
2620 1264 2775 1319 enim
2801 1264 3147 1320 Patriarchaa
3167 1271 3309 1321 sunt
3336 1265 3631 1338 signiï¬cati
3656 1268 3707 1323 in
3727 1268 3831 1340 Epi-

2241 1352 2390 1410 stola
2420 1354 2491 1409 ad
2515 1353 2806 1424 Hebraeos,
2843 1353 2941 1409 ubi
2973 1354 3042 1409 de
3071 1353 3464 1427 hospitalitate
3492 1355 3717 1428 loquens
3741 1357 3831 1412 ait:

2239 1445 2349 1498 Per
2398 1442 2540 1498 hanc
2577 1441 2799 1515 quidam
2828 1444 3147 1513 nescientes,
3181 1443 3413 1516 hospitio
3443 1449 3735 1516 receperunt
3758 1462 3833 1502 an-

2239 1533 2384 1602 gelos
2411 1532 2589 1603 (Hebr.
2616 1548 2743 1599 xm,
2771 1533 2848 1603 2).
2873 1531 3138 1603 Receptis
3169 1548 3305 1604 ergo
3325 1533 3409 1588 eis
3430 1533 3587 1600 Loth,
3610 1533 3835 1590 nesciens

2242 1623 2393 1694 quod
2422 1620 2613 1693 angeli
2637 1626 2853 1690 essent,
2872 1638 3227 1692 cognoscens
3245 1627 3440 1678 tamen
3463 1622 3608 1678 sicut
3628 1622 3739 1694 ipso
3759 1627 3838 1679 Do-

2242 1711 2401 1767 mino
2433 1711 2873 1766 demonstrante
2906 1726 3258 1783 cognoscere
3297 1710 3502 1782 potuit,
3532 1710 3658 1782 quis
3694 1710 3747 1765 in
3773 1711 3839 1766 eis

2239 1804 2414 1866 esset,
2440 1805 2504 1854 ut
2528 1816 2596 1855 ea
2612 1816 2739 1870 quas
2756 1801 2977 1855 interea
2997 1801 3147 1855 facta
3165 1807 3304 1856 sunt
3325 1805 3563 1867 taceam,
3585 1799 3841 1865 exiit,cum

2241 1891 2324 1946 eis
2356 1891 2426 1945 de
2456 1889 2752 1944 Sodomis:
2799 1890 2953 1960 quod
2988 1893 3303 1961 antequam
3337 1888 3514 1954 fieret,
3546 1888 3687 1943 sicut
3712 1887 3842 1943 Scri-

2240 1983 2412 2051 ptura
2441 1977 2717 2049 loquitur,
2766 1977 3030 2032 dixerunt
3058 1979 3170 2033 viri
3192 1979 3272 2034 ad
3294 1979 3427 2033 Loth
3449 1996 3467 2032 :
3508 1984 3629 2032 sunt
3655 1976 3750 2031 tibi
3775 1976 3846 2031 hic

2237 2068 2447 2139 generi,
2470 2076 2566 2122 aut
2595 2067 2725 2137 ï¬lii,
2757 2070 2855 2121 aut
2878 2066 3048 2136 ï¬lix?
3074 2076 3172 2121 aut
3191 2069 3241 2121 si
3268 2068 3395 2137 quis
3425 2066 3530 2122 tibi
3556 2066 3700 2120 alius
3715 2065 3845 2120 estin

2238 2158 2477 2222 civitate,
2520 2154 2653 2211 educ
2681 2155 2747 2210 de
2789 2156 2903 2211 loco
2938 2156 3076 2211 hoc:
3106 2158 3373 2227 quoniam
3412 2154 3729 2228 perdimus1
3768 2169 3847 2209 nos

2240 2247 2416 2302 locum
2434 2246 2609 2307 hunc;
2631 2246 2761 2317 quia
2780 2246 3057 2300 exaltatus
3086 2250 3165 2301 est
3184 2247 3395 2301 clamor
3423 2261 3606 2301 eorum
3631 2248 3747 2299 ante
3762 2244 3845 2298 Do-

2236 2338 2472 2404 minum,
2500 2345 2551 2390 et
2571 2336 2723 2389 misit
2743 2351 2843 2391 nos
2876 2337 3139 2391 Dominus
3162 2343 3437 2390 conterere
3463 2350 3603 2389 eum.
3623 2337 3749 2387 Ecce
3766 2330 3849 2387 ubi

2239 2429 2480 2498 apparet
2512 2422 2651 2478 illud
2673 2423 3008 2479 incendium
3028 2424 3410 2479 Sodomorum
3435 2438 3535 2495 per
3551 2419 3769 2493 angelos
3784 2418 3849 2474 fa-

2239 2519 2421 2579 ctum,
2450 2528 2597 2584 quos
2631 2512 2794 2567 misit
2810 2511 3123 2579 Dominus;
3147 2511 3205 2566 in
3225 2511 3445 2583 quibus
3468 2513 3725 2565 tamenet
3747 2509 3850 2579 ipse

2238 2607 2393 2659 erat:
2428 2618 2617 2673 neque
2646 2602 2800 2655 enim
2826 2600 2909 2660 sic
2943 2601 3121 2655 mittit
3141 2616 3303 2667 suos,
3333 2606 3397 2655 ut
3418 2601 3642 2654 recedat
3669 2598 3733 2653 ab
3763 2595 3847 2651 eis.

2239 2693 2300 2747 In
2329 2690 2415 2747 eis
2438 2707 2574 2761 ergo
2604 2690 2905 2745 descendit
2932 2690 2992 2744 in
3012 2689 3284 2755 Sodoma,
3314 2689 3469 2760 quod
3500 2704 3562 2743 se
3591 2687 3850 2742 facturum

2238 2796 2366 2836 esse
2398 2779 2759 2851 praedixerat,
2782 2779 3016 2849 quando
3037 2795 3170 2832 cum
3192 2777 3482 2833 Abraham
3512 2775 3847 2847 loquebatur:

2236 2870 2389 2941 quod
2414 2873 2795 2941 posteaquam
2817 2867 2970 2931 fecit,
2991 2867 3204 2923 abiisse
3226 2866 3354 2935 ipse
3371 2866 3565 2921 dictus
3581 2868 3682 2933 est,
3700 2870 3753 2919 et
3767 2877 3850 2916 an-

2236 2958 2348 3032 geli
2380 2956 2608 3013 venisse
2637 2957 2695 3012 in
2718 2957 2970 3012 Sodoma
3001 2957 3069 3011 ad
3103 2971 3429 3027 vesperam.
3464 2954 3676 3010 Deinde
3708 2949 3852 3024 paulo

2236 3052 2386 3120 post,
2423 3063 2554 3102 mox
2593 3050 2657 3100 ut
2686 3046 3013 3101 eduxerunt
3061 3044 3228 3099 illum
3279 3045 3461 3109 foras,
3508 3047 3564 3099 et
3593 3041 3852 3104 dixerunt,

2236 3138 2389 3192 sicut
2418 3136 2619 3190 eadem
2650 3134 2950 3205 Scriptura
2999 3137 3215 3203 narrat,
3246 3134 3480 3188 Salvam
3507 3133 3593 3202 fac
3640 3130 3855 3185 animam

2234 3229 2380 3281 tuam
2395 3243 2415 3287 ;
2436 3241 2504 3279 ne
2520 3224 2820 3295 respexeris
2836 3228 3007 3286 retro,
3024 3238 3124 3277 nec
3137 3224 3351 3277 steteris
3368 3224 3427 3277 in
3448 3226 3557 3276 tota
3572 3221 3795 3290 regione;
3808 3217 3855 3270 in

2233 3323 2417 3370 monte
2444 3314 2655 3368 salvum
2684 3320 2735 3366 te
2764 3314 2872 3383 fac,
2890 3311 3175 3383 nequando
3197 3309 3678 3382 comprehendaris
3697 3323 3715 3361 :
3736 3303 3857 3361 dixit

2236 3402 2381 3458 Loth
2415 3404 2483 3456 ad
2518 3400 2667 3468 illos,
2718 3400 2842 3465 Oro,
2872 3401 3121 3468 Domine,
3170 3402 3305 3471 quia
3335 3400 3554 3455 invenit
3599 3412 3729 3469 puer
3753 3401 3855 3448 tuus

2231 3490 2669 3547 misericordiam
2682 3498 2887 3555 antete,
2902 3492 3011 3544 etc.
3027 3488 3162 3552 Quae
3179 3505 3246 3543 cu
3257 3505 3314 3543 m
3332 3488 3564 3543 ï¬nisset
3577 3482 3853 3557 loquendo,

2235 3585 2291 3635 et
2306 3579 2577 3651 elegisset
2593 3578 2705 3633 sibi
2725 3577 3018 3633 civitatem
3038 3576 3316 3649 pusillam
3335 3578 3394 3631 in
3414 3593 3531 3648 qua
3548 3574 3853 3634 salvaretur,

2234 3668 2501 3739 sequitur
2516 3666 2838 3737 Scriptura,
2870 3669 2926 3721 et
2946 3665 2997 3721 ei
3030 3665 3172 3721 dicit
3192 3682 3324 3722 esse
3356 3679 3729 3738 responsum:
3750 3662 3856 3716 Ecce

2231 3758 2465 3811 miratus
2500 3755 2660 3810 suma
2688 3756 2886 3825 faciem
2926 3756 3080 3809 tuam
3116 3763 3167 3810 et
3206 3771 3373 3827 super
3403 3754 3624 3810 verbum
3665 3752 3770 3816 hoc,
3802 3761 3857 3801 ne

2232 3850 2527 3901 everterem
2553 3846 2825 3899 civitatem
2851 3843 2917 3898 de
2936 3859 3042 3915 qua
3074 3844 3295 3899 locutus
3323 3861 3399 3900 es.
3433 3842 3659 3901 Festina
3685 3852 3795 3909 ergo
3812 3835 3858 3889 at

2230 3935 2413 3991 salvus
2443 3936 2517 3989 sis
2546 3934 2664 3989 ibi:
2699 3950 2808 3989 non
2838 3934 2987 3988 enim
3015 3942 3198 4004 potero
3226 3935 3414 4004 facere
3450 3932 3695 3995 verbum,
3723 3927 3863 3983 donec

2230 4029 2291 4080 tu
2320 4024 2417 4087 illo
2448 4025 2687 4079 introeas
2729 4022 2882 4095 (Gen.
2929 4038 3067 4076 XVIII
3098 4028 3148 4078 et
3180 4023 3319 4094 xix).
3370 4021 3515 4088 Quis
3556 4021 3661 4075 hoc
3701 4017 3747 4073 ei
3788 4030 3862 4069 re-

2233 4112 2492 4185 spondit,
2526 4113 2639 4167 nisi
2670 4110 2767 4167 ille
2797 4111 2890 4166 cui
2920 4111 3163 4178 dixerat,
3182 4110 3309 4183 Oro,
3345 4112 3617 4167 Domine?
3644 4108 3752 4164 Hoc
3777 4118 3861 4159 au-

2232 4207 2349 4257 tem
2382 4202 2451 4255 ad
2484 4201 2690 4256 ambos
2712 4199 2955 4268 dixerat,
2990 4217 3103 4255 non
3137 4201 3209 4256 ad
3236 4216 3447 4271 unum,
3472 4199 3623 4255 sicut
3648 4192 3859 4269 apertis-

2232 4291 2379 4346 sime
2412 4290 2695 4361 scriptum
2744 4293 2851 4356 est,
2901 4290 3052 4344 Dixit
3080 4298 3267 4345 autem
3298 4289 3441 4346 Loth
3470 4288 3543 4344 ad
3588 4287 3727 4350 illos,
3757 4283 3859 4346 0rd.

2232 4381 2475 4435 Domine.
2499 4379 2747 4451 Agnovit
2770 4379 2940 4451 ergo3
2959 4378 3100 4434 Loth
3128 4394 3313 4433 unum
3346 4377 3665 4433 Dominum
3694 4374 3747 4428 in
3775 4387 3859 4426 an-

2230 4467 2375 4540 gelis
2393 4468 2645 4534 duobus,
2664 4469 2817 4522 sicut
2830 4466 3121 4523 Abraham
3141 4485 3173 4522 u
3186 4483 3327 4521 num
3344 4466 3586 4538 agnovit
3601 4465 3657 4520 in
3675 4461 3861 4519 tribus.

2297 4560 2354 4613 7.
2389 4557 2511 4612 Non
2541 4560 2632 4613 est
2652 4573 2756 4611 cur
2785 4556 3051 4612 dicatur:
3086 4555 3186 4611 Ille
3217 4556 3449 4611 abierat
3481 4554 3581 4626 qui
3609 4553 3861 4608 Dominus

2229 4648 2354 4701 erat
2382 4649 2439 4700 et
2466 4662 2600 4701 cum
2623 4644 2913 4700 Abraham
2946 4644 3179 4700 locutus
3201 4650 3355 4710 erat;
3393 4645 3511 4701 duo
3542 4659 3671 4700 vero
3697 4634 3863 4710 angeli

2227 4737 2356 4809 ejus
2391 4742 2560 4793 erant
2590 4737 2690 4809 qui
2720 4738 2778 4791 in
2808 4737 3082 4803 Sodoma,
3104 4736 3205 4792 illo
3235 4736 3493 4792 abeunte
3511 4737 3553 4803 â¸,
3586 4730 3861 4790 venerunt.

2227 4826 2443 4882 Omnes
2457 4826 2611 4881 enim
2627 4831 2745 4881 tres
2757 4826 2861 4880 viri
2880 4825 3015 4881 dicti
3033 4831 3173 4881 sunt
3186 4825 3287 4898 qui
3303 4825 3705 4897 apparuerunt
3718 4820 3863 4875 Abra-

2227 4915 2335 4982 hae,
2358 4916 2511 4971 sicut
2532 4915 2835 4985 Scriptura
2856 4913 3003 4971 solet
3022 4915 3175 4970 viros
3197 4914 3377 4970 etiam
3398 4912 3640 4986 angelos
3662 4922 3861 4966 nuncu-

2227 5020 2384 5077 pare.
2417 5004 2531 5059 Nec
2562 5020 2763 5059 eorum
2793 5003 2968 5060 alicui
3000 5003 3099 5059 uni
3151 5004 3485 5076 promptius
3517 5006 3574 5057 et
3604 4996 3860 5055 humilius

2226 5092 2519 5148 Abraham
2538 5092 2852 5149 obsecutus
2883 5098 2973 5149 est
2994 5110 3171 5165 quam
3192 5092 3447 5160 duobus,
3470 5092 3573 5148 sed
3591 5085 3864 5161 aequaliter

2229 5181 2503 5237 omnibus
2532 5181 2707 5253 pedes
2736 5180 2893 5253 lavit,
2923 5181 3224 5255 aequaliter
3244 5181 3530 5237 omnibus
3546 5176 3743 5252 epulas
3768 5168 3862 5228 mi-

2292 5365 2310 5400 á½·
2342 5363 2423 5412 Sic
2453 5363 2581 5427 Mss.
2608 5361 2744 5411 Editi
2774 5377 2920 5423 vero,
2949 5363 3239 5426 perdemus.
3270 5425 3277 5427 Î¾
3356 5425 3360 5427 Î‘
3686 5416 3715 5427 ..
3737 5414 3767 5427 ..

2292 5427 2313 5461 â¸
2332 5426 2486 5482 Editi,
2510 5425 2781 5473 miseratus
2801 5412 2931 5476 sum:
2949 5412 3020 5476 rAt
3040 5412 3184 5487 Mssâ€œ
3206 5425 3428 5473 miratus
3446 5434 3577 5487 gum
3590 5416 3720 5487 :Juti
3737 5412 3857 5464 libro

2230 5490 2289 5538 l6
2318 5488 2383 5553 de
2412 5488 2632 5553 initate
2650 5488 2761 5547 Dei,
2782 5502 2897 5553 cap.
2920 5492 2997 5547 29,
3020 5481 3426 5553 juxta'graacum
3445 5483 3552 5547 XX,
3568 5481 3860 5533 ÎµÏ…Î¹Î±Ï‰Î·Î±ÎµÎ±Î½

2229 5551 2374 5616 quod
2401 5550 2501 5616 dici
2534 5554 2724 5616 potest,
2754 5548 3163 5611 reveritus'sum,
3194 5548 3425 5615 inspexi.

2291 5614 2313 5679 Îž
2340 5613 2577 5679 l_n_Mss.,
2606 5614 2873 5679 Agnovisti
2899 5628 3037 5679 ergo.

2180 5711 2184 5715 -
2288 5677 2310 5712 Î¹
2339 5674 2464 5727 Sola
2497 5676 2609 5727 fere
2639 5674 2799 5728 editio
2828 5674 2979 5740 Î¹Î¿Î½á¾·
3006 5676 3238 5743 iubente.
