4090 6184
236 376 350 436 809

231 507 515 562 nistravit.
544 507 691 577 Ergo
711 504 766 558 in
789 504 1064 560 omnibus
1089 510 1267 559 Deum
1292 503 1867 575 vidit.Propterquod

231 597 530 667 Scriptura
549 595 1072 667 prredixerut,quod
1092 594 1250 649 visus
1269 592 1874 650 fueratDeusAbrahae

230 687 298 740 ad
342 700 621 756 quercum
651 684 1052 749 Membre,sub
1074 685 1243 754 cujus
1271 684 1481 739 umbra
1502 682 1726 738 arboris
1760 686 1876 737 tres

227 777 384 829 viros
409 774 584 844 pavit,
618 789 766 843 quos
795 772 979 827 oculis
1028 774 1287 843 corporis
1325 773 1505 827 vidit:
1531 772 1589 826 in
1631 771 1712 826 eis
1744 786 1874 825 vero

231 869 431 933 Deum,
466 879 576 917 non
612 862 891 933 corporis,
910 862 1012 917 sed
1044 862 1234 917 cordis
1266 862 1451 917 oculis
1482 861 1643 931 vidit,
1676 860 1733 915 id
1766 863 1874 925 est,

224 952 507 1007 intellexit
530 958 703 1021 atque
734 952 1029 1023 cognovit;
1053 952 1205 1007 sicut
1224 952 1364 1006 Loth
1390 951 1448 1006 in
1480 952 1873 1014 duobus,cum

226 1058 342 1113 quo
374 1058 487 1096 non
510 1039 830 1112 pluraliter,
857 1041 955 1096 sed
997 1040 1374 1113 singulariter
1395 1040 1765 1112 loquebatur,
1793 1039 1874 1094 ei—

229 1146 343 1201 que
376 1130 767 1202 respondebat
795 1130 970 1185 etiam
1001 1129 1128 1203 ipse
1160 1134 1439 1202 tanquam
1471 1146 1645 1186 unus.
1679 1128 1873 1183 Primo

228 1220 445 1290 quippe
472 1218 766 1273 Abraham
788 1235 889 1291 per
904 1224 1021 1273 tres
1044 1219 1198 1275 viros
1229 1218 1396 1274 illum
1420 1219 1658 1284 audivit,
1678 1222 1876 1289 postea

227 1325 332 1380 per
352 1324 557 1369 unum,
584 1308 683 1379 qui
718 1308 948 1363 duobus
972 1309 1032 1364 in
1053 1309 1305 1364 Sodoma
1331 1307 1605 1364 euntibus
1628 1322 1875 1362 manens

224 1396 454 1451 locutus
477 1401 565 1451 est
584 1412 715 1450 cum
740 1413 804 1451 eo
827 1414 839 1464 ;
866 1397 1008 1451 Loth
1042 1402 1237 1452 autem
1264 1414 1365 1468 per
1391 1398 1557 1462 duos,
1594 1403 1784 1452 tamen
1819 1398 1876 1449 et

223 1486 349 1556 ipse
373 1503 553 1539 unum
585 1485 916 1551 Dominum,
943 1503 1114 1557 quem
1148 1504 1250 1558 pro
1283 1486 1621 1541 liberatione
1644 1503 1752 1541 sua
1781 1501 1871 1540 ro-

222 1575 419 1646 gabat,
452 1580 507 1629 et
539 1575 632 1645 qui
657 1576 1130 1646 eirespondebat,
1157 1576 1378 1631 audivit
1410 1593 1422 1631 :
1449 1593 1579 1631 cum
1606 1574 1873 1639 ambo,id

221 1669 331 1728 est,
366 1669 421 1718 et
446 1664 737 1718 Abraham
776 1668 829 1718 et
869 1664 1035 1729 Loth,
1068 1665 1337 1719 homines
1365 1670 1746 1735 putarenteos
1774 1663 1872 1735 qui

222 1752 413 1824 angeli
436 1758 619 1821 erant;
638 1753 818 1808 Deum
843 1770 977 1809 vero
1001 1754 1059 1808 in
1086 1755 1168 1810 eis
1194 1754 1586 1826 intelligerent
1608 1754 1705 1825 qui
1730 1758 1872 1821 erat,

223 1859 339 1895 non
375 1847 647 1913 putarent
670 1858 796 1898 esse
824 1843 920 1914 qui
956 1860 1069 1898 non
1102 1848 1242 1898 erat.
1264 1843 1408 1909 Quid
1444 1845 1553 1899 sibi
1586 1859 1721 1915 ergo
1753 1843 1877 1897 vult

219 1932 337 1985 ista
360 1931 606 1986 visibilis
628 1931 885 1987 Trinitas
918 1932 1375 2004 etintelligibilis
1410 1932 1628 1997 unitas,
1666 1932 1778 1987 nisi
1812 1936 1877 1987 ut

223 2020 392 2075 nobis
415 2018 816 2075 insinuaretur
837 2023 985 2092 quod
1010 2021 1093 2076 ita
1118 2026 1237 2077 tres
1264 2026 1459 2077 essent
1497 2027 1668 2077 Pater
1699 2027 1753 2076 et
1788 2022 1872 2075 Fi-

218 2108 333 2163 lius
357 2115 411 2165 et
438 2109 687 2180 Spiritus
721 2114 980 2175 sanctus,
1016 2115 1077 2164 ut
1099 2114 1296 2166 tamen
1315 2111 1488 2165 simul
1516 2128 1629 2166 non
1654 2116 1773 2165 tres
1793 2110 1873 2165 dii

222 2204 275 2252 et
297 2197 519 2251 domini
545 2200 877 2263 essent,sed
906 2217 1058 2255 unus
1083 2199 1361 2255 Dominus
1379 2202 1653 2256 Deus?Tu
1682 2208 1873 2255 autem

222 2287 445 2351 dixisti,
480 2288 577 2341 Hic
607 2288 745 2342 Deus
776 2290 922 2343 visus
951 2298 1033 2343 est
1062 2289 1295 2346 Abrahae
1326 2308 1344 2343 :
1373 2290 1563 2345 sciens
1589 2295 1643 2345 te
1669 2289 1875 2360 legisse

222 2376 375 2445 quod
399 2375 681 2445 scriptum
699 2381 785 2431 est
808 2378 998 2431 visum
1022 2394 1150 2433 esse
1168 2379 1349 2433 Deum
1367 2378 1608 2433 Abrahze
1626 2379 1694 2433 ad
1712 2394 1876 2449 quer-

219 2479 355 2517 cum
382 2464 640 2519 Mambre
665 2481 677 2518 ε
704 2470 758 2519 et
784 2465 983 2520 volens
1008 2468 1171 2538 quasi
1203 2468 1446 2538 probare
1461 2468 1769 2522 Dominum
1791 2466 1877 2521 Fi-

218 2552 366 2607 lium
384 2553 571 2607 visum
598 2570 725 2608 esse
744 2554 827 2608 illi
855 2555 1525 2625 patriarchae,declinasti
1551 2556 1874 2611 abillistri-

220 2641 525 2705 bus.viris,
551 2647 606 2696 et
632 2659 730 2698 eos
759 2644 995 2698 omnino
1036 2645 1293 2714 tacuisti,
1326 2646 1381 2700 in
1418 2646 1631 2717 quibus
1681 2648 1877 2701 narrat

221 2730 527 2801 Scriptura
560 2730 741 2785 Deum
764 2731 955 2786 visum
990 2732 1169 2787 fuisse
1188 2734 1451 2801 Abrahaz;
1474 2740 1613 2791 netu
1639 2735 1877 2807 ipscnos

223 2820 291 2873 ad
307 2834 575 2874 moneres
591 2821 768 2875 unius
788 2837 913 2876 esse
936 2822 1279 2876 substantiae
1300 2823 1643 2878 Trinitatem
1672 2830 1873 2891 Deum,

221 2907 384 2962 sicut
403 2925 435 2961 u
448 2908 576 2963 nius
592 2914 759 2963 erant
775 2910 1115 2964 substantia:
1131 2916 1245 2966 tres
1258 2910 1365 2965 viri
1387 2927 1535 2982 quos
1552 2912 1693 2966 vidit
1706 2914 1881 2967 Abra-

226 2996 570 3051 hamzcum
629 2998 989 3067 praedixisset
1038 3000 1357 3071 Scriptura,
1414 3003 1564 3055 Visus
1612 3007 1685 3057 est
1735 3008 1876 3059 Deus

220 3085 482 3151 Abrahae,
509 3102 613 3141 nec
642 3092 839 3142 tamen
864 3092 981 3142 tres
1005 3089 1143 3143 deos
1173 3106 1322 3153 esse,
1346 3091 1480 3161 quia
1503 3095 1580 3153 et,
1617 3093 1769 3147 Visus
1800 3102 1879 3149 est

230 3175 398 3243 Deus,
431 3175 651 3230 dictum
678 3181 802 3243 est;
830 3194 967 3244 non,
1010 3177 1118 3231 visi
1142 3183 1279 3233 sunt
1299 3179 1376 3233 dii
1404 3198 1415 3234 :
1442 3185 1497 3235 et
1527 3180 1652 3252 ipse
1693 3182 1875 3237 Abra-

220 3264 364 3319 ham
394 3269 511 3319 tres
542 3264 703 3330 vidit,
730 3270 783 3319 et
825 3283 1007 3320 unum
1045 3267 1321 3322 a-doravit
1345 3283 1357 3323 :
1384 3285 1415 3322 a
1450 3286 1564 3340 quo
1598 3272 1875 3340 praeteriri

219 3351 448 3415 noluit;
478 3353 550 3406 ab
582 3371 698 3408 uno
721 3371 999 3425 responsa
1021 3355 1341 3413 divinitatis
1364 3359 1603 3430 accepit.
1624 3359 1738 3414 Nec
1770 3360 1873 3415 ali-

221 3457 380 3510 quos
412 3440 559 3496 duos
574 3458 773 3496 eorum
789 3443 1077 3499 duosesse
1096 3446 1233 3500 deos
1265 3448 1468 3517 sensit,
1495 3448 1594 3501 sed
1619 3465 1799 3502 unum
1818 3448 1875 3503 in

223 3529 546 3583 anguibus:
575 3531 710 3599 quia
741 3536 797 3584 et
831 3530 972 3587 Loth
999 3534 1148 3588 duos
1178 3534 1341 3605 vidit,
1369 3540 1423 3591 et
1452 3540 1648 3592 tamen
1692 3554 1876 3592 unum

223 3618 547 3673 Dominum
582 3621 833 3691 agnovit.
857 3620 961 3675 Ubi
988 3622 1130 3677 mihi
1182 3623 1453 3679 videntur
1492 3642 1594 3697 per
1642 3627 1879 3698 angelos

224 3707 550 3779 signiﬁcari
578 3708 759 3763 Filius
804 3714 859 3764 et
907 3708 1160 3781 Spiritus
1210 3718 1445 3767 sanctus
1480 3715 1793 3786 :quoniam
1818 3733 1880 3772 se

221 3796 305 3850 illi
338 3796 527 3868 angeli
561 3797 775 3852 missos
805 3814 933 3853 esse
954 3800 1242 3861 dixerunt;
1263 3807 1319 3856 et
1350 3803 1420 3856 de
1440 3804 1722 3859 Trinitate
1753 3823 1879 3877 quae

226 3884 389 3940 Deus
419 3891 527 3953 est,
560 3886 721 3941 solus
758 3891 926 3942 Pater
954 3906 1068 3943 non
1102 3888 1314 3961 legitur
1345 3891 1589 3960 missus;
1615 3891 1883 3965 leguntur

227 3983 429 4028 autem
466 3974 627 4029 missi
659 3980 715 4030 et
748 3976 929 4030 Filius
965 3981 1021 4031 et
1049 3977 1299 4047 Spiritus
1333 3984 1601 4048 sanctus;
1628 3999 1878 4053 quorum

226 4080 351 4118 non
385 4062 515 4118 ideo
555 4068 645 4118 est
692 4063 920 4119 diversa
963 4070 1210 4122 natura:
1245 4085 1380 4122 nam
1413 4074 1470 4123 et
1501 4068 1584 4123 illi
1630 4071 1733 4125 viri
1785 4088 1885 4142 per

229 4167 387 4221 quos
419 4150 731 4222 signiﬁcati
760 4157 923 4216 sunt,
964 4153 1137 4209 unius
1168 4162 1331 4211 erant
1362 4158 1742 4230 ejusdemque
1775 4177 1881 4215 na-

176 4242 185 4249 ’
226 4245 399 4293 turea.
437 4239 594 4293 Hanc
625 4256 761 4311 ergo
794 4240 1157 4311 Scripturam
1192 4260 1307 4314 qua
1350 4244 1610 4299 convinci
1659 4263 1881 4318 posses,

225 4332 434 4383 astuto
468 4328 700 4383 silentio
722 4329 1011 4384 devitasti.
1054 4332 1116 4384 Et
1151 4348 1281 4399 cum
1316 4334 1585 4401 dixisses,
1622 4337 1717 4389 llic
1750 4339 1885 4391 Deus

227 4420 381 4473 visus
410 4422 491 4472 est
516 4418 792 4474 Abrahae:
815 4418 1015 4473 volens
1034 4420 1239 4475 Filium
1266 4421 1454 4477 solum
1479 4423 1670 4479 visum
1694 4425 1883 4496 putari

225 4506 284 4560 in
319 4523 388 4561 eo
430 4508 585 4577 quod
637 4508 693 4561 in
746 4508 952 4563 Genesi
996 4508 1225 4578 legitur,
1284 4512 1474 4565 visum
1520 4530 1648 4568 esse
1700 4515 1884 4570 Deum

226 4592 499 4662 Abrahae,
533 4595 827 4664 quomodo
859 4596 935 4649 sit
966 4596 1147 4666 visus,
1180 4597 1370 4654 dicere
1414 4599 1676 4667 noluisti,
1704 4619 1775 4658 ne
1805 4602 1886 4657 lbi

228 4698 349 4737 non
382 4681 545 4736 solus
579 4682 779 4749 Filius,
815 4684 915 4739 sed
948 4684 1200 4740 Trinitas
1232 4693 1613 4757 agnoceretur
1647 4690 1819 4747 Deus.

303 4772 360 4839 8,
393 4770 601 4825 Dixisti
634 4776 826 4826 autem
857 4788 868 4825 :
895 4772 956 4827 Si
986 4774 1065 4827 vis
1091 4773 1329 4842 credere,
1362 4779 1493 4847 quia
1523 4779 1705 4833 Filius
1743 4782 1888 4835 visus

229 4862 314 4913 est
340 4859 590 4929 Abrahae,
621 4862 809 4932 utique
840 4862 954 4932 ipse
978 4863 1302 4935 Unigenitus
1332 4867 1391 4919 in
1420 4875 1605 4922 sancto
1636 4868 1887 4939 afﬁrma-

230 4949 314 5002 vit
337 4949 641 5016 Evangelia
670 4951 750 5003 sic
782 4966 793 5004 :
830 4972 857 5000 ‹‹
891 4950 1165 5006 Abraham
1210 4956 1581 5024 paterAvester
1607 4957 1889 5014 exultavit

230 5040 294 5089 ut
344 5037 548 5091 videret
604 5037 749 5093 diem
808 5055 1026 5100 meum;
1072 5049 1121 5096 et
1160 5020 1317 5109 vidit,
1362 5020 1414 5099 ἑι
1458 5048 1675 5115 gavisus
1727 5051 1823 5102 est.
1860 5069 1888 5098 ››

231 5125 418 5193 (Joan.
472 5143 595 5196 vm,
626 5128 739 5197 56).
776 5128 819 5182 Ο
852 5128 1170 5200 disputare,
1219 5148 1250 5186 ο
1284 5134 1529 5203 probare
1560 5136 1882 5207 promissa!

231 5215 410 5285 quasi
460 5215 670 5271 dixerit
727 5217 825 5272 Dei
875 5217 1077 5285 Filius,
1129 5221 1420 5278 Abraham
1494 5230 1653 5293 pater
1702 5234 1893 5282 vester

227 5302 568 5374 concupivit
619 5321 707 5359 me
754 5306 991 5367 videre;
1048 5312 1103 5362 et
1162 5310 1325 5373 vidit,
1386 5316 1441 5366 et
1488 5314 1723 5383 gavisus
1780 5320 1887 5371 est.

227 5393 512 5456 Quamvis
545 5397 606 5447 et
650 5392 758 5448 hoc
807 5394 890 5448 sic
943 5389 1155 5450 adhuc.
1182 5402 1377 5468 posset
1421 5400 1685 5473 intelligi,
1734 5405 1889 5472 quod

225 5486 478 5537 sanctus
512 5482 849 5539 Patriarcha
880 5484 1064 5539 oculis
1090 5486 1279 5540 cordis
1301 5486 1511 5543 viderit
1534 5488 1630 5544 Dei
1658 5491 1890 5564 Filium,

228 5586 358 5625 non
389 5570 574 5626 oculis
605 5571 799 5626 carnis
829 5572 982 5627 unde
1014 5575 1167 5629 inter
1200 5592 1307 5630 nos
1354 5578 1597 5632 vertitur
1626 5582 1889 5651 quaestio.

227 5657 356 5714 Sed
387 5675 518 5714 cum
550 5660 761 5715 dixerit
799 5661 1087 5730 Christus,
1136 5663 1411 5720 Abraham
1452 5671 1763 5740 concupivit
1810 5672 1893 5726 vi-

230 5747 375 5807 dere
400 5747 542 5806 diem
570 5765 787 5815 meum;
825 5753 876 5805 et
921 5751 1082 5820 vidit,
1121 5761 1174 5809 et
1216 5757 1437 5826 gavisus
1479 5759 1601 5820 est;
1631 5774 1737 5816 cur
1777 5777 1893 5819 non

562 5877 824 5939 PATROL.
873 5877 1052 5941 XLII.

1581 371 1815 433 LIBER
1857 372 2295 437 SECUNDUS.

3520 385 3641 446 810

1984 504 2133 559 diem
2170 506 2378 562 Christi
2414 508 2789 581 intelligimus
2830 514 3063 581 tempus
3086 511 3323 581 Christi,
3370 531 3481 585 quo
3516 534 3644 583 erat,

1987 599 2269 651 venturus
2327 597 2387 651 in
2437 614 2630 664 carne,
2682 602 2835 670 quod
2892 603 3184 657 Abraham
3233 604 3379 658 sicut
3418 612 3476 661 et
3520 607 3639 662 allii

1990 682 2290 753 Propheta:
2320 685 2377 739 in
2412 686 2619 757 spiritu
2670 688 2857 758 potuit
2904 690 3095 746 videre
3135 696 3312 764 atque
3341 696 3644 767 gaudere?

1988 770 2185 842 Neque
2216 772 2309 828 hic
2333 774 2513 845 igitur
2530 777 2681 847 quod
2708 795 3095 851 proposueras
3117 788 3173 836 et
3197 782 3492 854 pollicitus
3517 785 3642 842 fue-

1987 877 2104 927 ras,
2140 863 2381 933 probare
2413 865 2675 933 potuisti.

2060 950 2117 1005 9.
2152 950 2289 1007 Post
2320 951 2662 1008 hacvenisti
2684 955 2753 1009 ad
2773 954 3081 1030 Jacob,qui
3105 956 3365 1016 luctatus
3395 966 3481 1017 est
3504 980 3636 1019 cum

1986 1039 2227 1111 Angelo,
2261 1058 2435 1113 quem
2458 1042 2748 1114 scriptura
2776 1044 2904 1116 ipsa
2927 1045 3218 1104 Geneseos
3249 1054 3306 1105 et
3340 1049 3636 1110 hominem

1986 1129 2130 1184 dicit
2160 1134 2216 1184 et
2245 1130 2449 1186 Deum.
2483 1131 2627 1186 Nam
2662 1132 2742 1187 ita
2770 1132 2983 1205 legitur
3006 1153 3018 1191 :
3043 1138 3319 1193 Remansit
3340 1148 3523 1196 autem
3551 1142 3637 1199 Ja-

1985 1218 2081 1273 cob
2109 1219 2275 1285 solus,
2309 1228 2357 1275 et
2387 1221 2699 1276 luctabatur
2715 1222 2874 1277 homo
2894 1240 3017 1278 cum
3041 1226 3138 1282 illo
3167 1243 3336 1298 usque
3362 1230 3420 1284 in
3447 1246 3632 1287 mane.

1991 1308 2132 1362 Vidit
2164 1312 2348 1363 autem
2379 1310 2519 1380 quod
2548 1326 2653 1365 non
2683 1314 2856 1382 potest
2882 1311 2952 1366 ad
2980 1329 3124 1385 eum,
3158 1318 3209 1371 et
3239 1319 3413 1388 tetigit
3436 1319 3634 1375 latitu-

1982 1396 2170 1451 dinem
2210 1398 2439 1467 femoris
2492 1400 2626 1468 ejus,
2665 1406 2716 1454 et
2760 1399 3072 1472 obstupuit‘
3125 1404 3360 1461 latitudo
3408 1409 3635 1479 femoris

1984 1484 2166 1551 Iacob,
2201 1486 2331 1539 dum
2361 1487 2661 1541 luctaretur
2689 1503 2813 1542 cum
2842 1504 2936 1551 eo;
2968 1494 3017 1544 et
3064 1490 3207 1546 dixit
3260 1493 3385 1548 illi:
3412 1496 3637 1552 Dimitte

1983 1589 2104 1633 me;
2133 1573 2368 1628 ascendit
2398 1577 2544 1629 enim
2578 1592 2801 1631 aurora.
2835 1578 2936 1633 Ille
2975 1583 3158 1634 autem
3186 1580 3370 1636 dixit:
3420 1586 3534 1640 Non
3587 1588 3639 1641 te

1984 1660 2281 1726 dimittam,
2312 1664 2429 1718 nisi
2459 1680 2544 1718 me
2575 1664 2935 1722 benedixeris.
2971 1668 3125 1723 Dixit
3155 1674 3341 1725 autem
3361 1674 3414 1727 ei
3444 1689 3456 1727 :
3488 1672 3637 1741 Quod

1984 1760 2062 1805 est
2092 1767 2287 1806 nomen
2334 1757 2538 1807 tuum?
2568 1754 2665 1808 Ille
2706 1757 2889 1808 autem
2930 1756 3126 1811 dixit:
3158 1759 3337 1814 Iacob.
3387 1761 3450 1816 Et
3492 1762 3641 1819 dixit

1986 1840 2037 1893 ei
2057 1858 2074 1892 :
2101 1841 2215 1893 Non.
2245 1843 2528 1895 vocabitur
2555 1842 2800 1912 amplius
2849 1859 3045 1899 nomen
3101 1853 3255 1901 tuum
3300 1848 3500 1916 Iacob;
3541 1849 3640 1905 sed

1984 1928 2151 1984 Israel
2180 1931 2288 1983 erit
2337 1946 2535 1985 nomen
2578 1934 2756 2001 tuum,
2805 1934 2939 2002 quia
2970 1934 3195 1990 valuisti
3239 1952 3363 1991 cum
3421 1938 3545 2005 Deo,
3586 1946 3639 1995 et

1983 2034 2108 2072 cum
2138 2019 2453 2073 hominibus
2472 2027 2663 2087 potens
2685 2036 2758 2074 es.
2773 2022 3004 2089 Rogavit
3024 2026 3207 2078 autem
3225 2040 3347 2080 eum
3367 2027 3532 2082 Jacob
3551 2028 3636 2083 di-

1983 2109 2423 2162 censzEnuntia
2474 2110 2620 2163 mihi
2651 2124 2852 2164 nomen
2901 2118 3076 2167 tuum.
3128 2113 3193 2166 Et
3232 2113 3423 2170 dixit:
3458 2116 3638 2183 Quare

1985 2196 2086 2250 hoc
2142 2197 2443 2265 interrogas
2495 2206 2555 2251 tu
2604 2214 2803 2252 nomen
2846 2204 3066 2254 meum?
3092 2201 3154 2254 Et
3185 2201 3464 2259 benedixit
3506 2221 3635 2260 eum

1986 2286 2122 2339 illic.
2160 2286 2220 2339 Et
2250 2286 2555 2356 appellavit
2584 2288 2745 2341 Jacob
2775 2302 2971 2342 nomen
3006 2289 3113 2344 loci
3154 2291 3327 2357 illius,
3377 2294 3634 2364 Aspectus

1984 2374 2082 2428 Dei
2105 2391 2117 2427 :
2147 2374 2267 2427 Vidi
2284 2376 2431 2429 enim
2457 2376 2625 2429 Deum
2653 2378 2797 2445 [acie
2825 2375 2895 2430 ad
2922 2378 3146 2449 faciem,
3197 2387 3248 2434 et
3292 2379 3448 2436 salva
3484 2388 3634 2453 [acta

1983 2471 2061 2517 est
2088 2463 2279 2516 anima
2308 2479 2430 2517 mea
2461 2464 2616 2534 (Gen.
2670 2481 2848 2530 χχχιι,
2892 2466 3104 2533 24-30).
3140 2468 3218 2522 Ex
3246 2467 3363 2524 ista
3389 2470 3634 2529 lectione

1985 2550 2222 2605 unicum
2256 2551 2353 2605 Dei
2389 2552 2598 2607 Filium
2632 2557 2689 2608 et
2718 2558 3028 2625 antequam
3073 2556 3329 2613 venisset
3372 2558 3430 2613 in
3464 2577 3636 2617 carne

1983 2640 2290 2694 visibiliter
2329 2642 2673 2712 apparuisse
2714 2643 2943 2699 conaris
2993 2646 3298 2702 ostendere
3334 2664 3346 2701 :
3380 2648 3477 2703 ubi
3528 2649 3636 2704 etsi

1985 2746 2097 2784 non
2133 2730 2386 2784 absurde
2409 2729 2672 2785 Christus
2701 2730 3052 2803 intelligitur
3077 2734 3382 2803 ﬁguratus,
3401 2745 3640 2810 propter

1985 2817 2349 2888 prophetiam
2385 2819 2580 2874 futura
2612 2818 3005 2885 nuntiantem,
3036 2821 3176 2891 quia
3210 2824 3475 2880 futurum
3507 2831 3633 2883 erat

1983 2910 2049 2961 ut
2076 2906 2255 2962 Jacob
2287 2906 2345 2960 in
2397 2905 2531 2962 ﬁliis
2571 2907 2695 2962 suis
2726 2907 2826 2978 qui
2858 2909 3273 2966 cruciﬁxerunt
3302 2912 3631 2985 Christum,

1984 2994 2357 3067 prxvaluisse
2386 2995 2613 3050 Christo
2643 2996 2974 3065 videretur;
3025 3002 3082 3053 et
3130 2998 3189 3053 in
3222 3000 3360 3057 ﬁliis
3401 3003 3525 3059 suis
3555 3003 3635 3057 vi-

1981 3084 2143 3139 deret
2174 3084 2466 3138 Christum
2500 3084 2644 3139 facie
2676 3085 2746 3139 ad
2782 3086 3007 3151 faciem,
3040 3091 3097 3143 et
3134 3087 3292 3144 salva
3315 3091 3478 3147 ﬁeret
3505 3092 3629 3147 ani-

1984 3190 2079 3227 ma
2113 3172 2506 3228 lsraelitarum
2541 3174 2639 3244 qui
2669 3173 2913 3230 ﬁdeliter
2944 3175 3053 3231 hoc
3078 3176 3351 3234 viderunt
3384 3196 3397 3234 :
3432 3184 3631 3238 tamen

1982 3262 2138 3317 hunc
2169 3262 2463 3317 hominem
2498 3262 2595 3333 qui
2625 3262 2881 3318 luctatus
2920 3270 3009 3321 est
3051 3282 3183 3322 cum
3242 3268 3442 3341 Jacob,
3486 3269 3631 3329 Osee

1982 3350 2264 3422 propheta
2292 3352 2585 3406 evidenter
2630 3352 2905 3423 angelum
2956 3354 3117 3410 dicit.
3161 3355 3253 3411 Sic
3285 3358 3437 3414 enim
3470 3361 3625 3432 apud

1983 3457 2117 3496 eum
2159 3442 2442 3513 scriptum
2476 3448 2565 3498 est
2607 3444 2677 3498 de
2710 3443 2887 3500 Jacob
2923 3462 2935 3499 :
2973 3448 3036 3501 In
3071 3450 3227 3503 utero
3256 3448 3636 3519 supplantavit

1982 3532 2221 3599 fratrem
2248 3547 2434 3600 suum,
2470 3534 2519 3585 et
2548 3532 2610 3586 in
2640 3531 2823 3586 labore
2846 3534 3151 3603 praevaluit
3182 3536 3308 3604 Deo,
3341 3540 3392 3589 et
3411 3538 3632 3607 confor-

1983 3622 2130 3673 tatus
2159 3624 2237 3675 est
2264 3636 2387 3674 cum
2409 3620 2633 3691 angelo,
2666 3629 2717 3675 et
2746 3622 2921 3689 potuit
2952 3621 3104 3689 (Osee
3133 3640 3230 3690 χιι,
3264 3624 3319 3693 3,
3352 3623 3425 3695 4).
3473 3624 3640 3680 Sicut

1984 3724 2120 3780 ergo
2154 3709 2212 3762 in
2243 3707 2451 3763 Genesi
2483 3707 2578 3763 ille
2610 3709 2707 3779 qui
2737 3708 2992 3765 luctatus
3036 3715 3125 3765 est
3167 3727 3299 3766 cum
3352 3711 3553 3783 Jacob,
3586 3716 3644 3768 et

1986 3796 2161 3852 homo
2191 3803 2248 3852 et
2282 3802 2427 3852 Deus
2458 3797 2747 3860 dicitur“;
2780 3798 2861 3852 ita
2907 3803 2964 3854 et
3012 3799 3083 3855 ab
3115 3798 3223 3855 hoc
3269 3800 3552 3872 propheta
3583 3805 3643 3857 et

1988 3887 2139 3942 Deus
2171 3892 2226 3941 et
2255 3885 2520 3958 angelus.
2554 3888 2633 3941 Ac
2664 3902 2768 3958 per
2795 3886 2904 3941 hoc
2948 3888 3027 3943 ita
3076 3888 3173 3959 qui
3210 3892 3335 3944 erat
3365 3888 3635 3961 angelus,

1988 3976 2178 4030 dictus
2207 3982 2296 4030 est
2327 3974 2521 4042 homo,
2547 3975 2838 4047 quomodo
2859 3975 2942 4031 illi
2965 3976 3104 4031 dicti
3135 3982 3273 4033 sunt
3292 3978 3399 4034 viri
3421 3978 3519 4050 qui
3545 3995 3645 4051 ap-

1988 4068 2310 4136 paruerunt
2340 4064 2605 4133 Abrahae,
2640 4064 2874 4135 quando
2924 4066 3285 4121 nescientes.3
3326 4070 3381 4123 et
3414 4067 3539 4139 ipse
3581 4072 3640 4123 et

1990 4154 2129 4208 Loth
2163 4152 2415 4224 hospitio
2438 4157 2779 4224 receperunt
2810 4153 3235 4226 angelos.Deus
3258 4172 3393 4227 ergo
3423 4161 3544 4212 erat
3576 4155 3638 4213 in

1989 4241 2219 4313 angelo,
2249 4243 2401 4296 sicut
2430 4247 2520 4296 est
2550 4242 2702 4297 Deus
2724 4241 2783 4296 in
2826 4243 3082 4310 homine,
3120 4244 3371 4299 maxime
3402 4245 3637 4315 quando

1988 4348 2089 4403 per
2120 4331 2417 4385 hominem
2450 4330 2725 4400 loquitur.
2763 4333 2846 4385 Ita
2875 4348 3007 4386 vero
3040 4349 3140 4403 per
3171 4332 3327 4388 hunc
3358 4333 3635 4405 angelum

1988 4422 2275 4491 ﬁguratus
2306 4424 2395 4475 est
2421 4420 2710 4485 Christus,
2743 4421 2893 4475 sicut
2921 4436 3021 4489 per
3051 4420 3370 4476 hominem.
3404 4421 3549 4476 Nam
3581 4426 3641 4476 et

1990 4510 2151 4564 Isaac
2173 4508 2327 4563 ﬁlius
2360 4508 2629 4574 Abrahae,
2662 4508 2801 4579 quid
2821 4512 2947 4563 erat
2969 4508 3027 4563 in
3061 4509 3269 4581 ﬁgura,
3295 4508 3405 4565 nisi
3441 4508 3639 4566 Chris-

1990 4602 2108 4665 tus,
2144 4598 2377 4669 quando
2409 4597 2564 4651 sicut
2593 4596 2714 4652 ovis
2747 4597 2816 4651 ad
2850 4596 3277 4653 immolandum
3310 4599 3524 4654 ductus
3554 4601 3644 4654 est

1993 4688 2358 4759 (Isai.r.m,7),
2375 4689 2431 4740 et
2461 4685 2693 4757 quando
2721 4684 2874 4741 sicut
2897 4686 3181 4742 Dominus
3194 4702 3425 4743 crucem
3448 4703 3642 4754 suam,

1993 4776 2074 4831 ita
2105 4779 2160 4830 et
2200 4775 2325 4846 ipse
2366 4774 2475 4829 sibi
2521 4774 2737 4845 quibus
2799 4775 2989 4831 fuerat
3034 4776 3426 4848 imponendus
3485 4775 3647 4848 ligna

1994 4863 2301 4937 portabat?
2335 4868 2657 4930 Postremo,
2691 4864 2832 4935 quid
2885 4864 3173 4920 miramur
3217 4881 3321 4937 per
3370 4864 3645 4937 angelum

1992 4954 2308 5025 ﬁguratum
2336 4969 2463 5007 esse
2492 4952 2718 5021 Jesum,
2754 4954 2800 5008 si
2832 4970 2945 5009 non
2979 4952 3170 5009 solum
3196 4969 3297 5026 per
3319 4954 3641 5020 hominem,

1992 5059 2196 5098 verum
2239 5040 2411 5097 etiam
2472 5058 2574 5113 per
2620 5043 2903 5113 pecudem
2964 5043 3249 5115 ﬁguratus
3304 5040 3438 5097 est?
3492 5041 3639 5096 Nam

1995 5132 2127 5203 quis
2158 5131 2309 5185 alius
2359 5135 2484 5185 erat
2533 5130 2630 5186 ille
2661 5132 2811 5187 aries
2860 5130 2960 5203 qui
3018 5132 3296 5187 cornibus
3338 5130 3646 5185 tenebatur

1994 5222 2053 5275 in
2085 5237 2274 5291 vepre,
2310 5218 2420 5273 nisi
2446 5219 2715 5275 Christus
2745 5220 3079 5290 cruciﬁxus,
3114 5218 3200 5273 vel
3234 5217 3422 5289 spinis
3463 5218 3643 5274 etiam

1996 5314 2326 5365 coronatus.
2364 5308 2528 5363 Hunc
2560 5313 2754 5363 autem
2800 5308 3036 5363 arietem
3071 5324 3172 5379 pro
3203 5307 3339 5375 ﬁlio,
3376 5308 3468 5363 cui
3514 5324 3646 5379 par-

1995 5401 2345 5467 cerejussus
2375 5402 2465 5451 est
2491 5396 2815 5452 immolavit
2844 5395 3137 5451 Abraham
3163 5396 3648 5469 (Gen.xxu,6-13).

1998 5488 2086 5543 lta
2134 5485 2289 5541 enim
2344 5484 2569 5539 homini
2622 5483 2781 5556 parci
2837 5487 2987 5538 Deus
3020 5483 3225 5555 jussit,
3258 5489 3324 5541 ut
3353 5489 3551 5542 tamen
3582 5500 3653 5541 ex

2060 5648 2077 5682 1
2110 5647 2170 5695 In
2205 5645 2347 5703 Mss.,
2374 5642 2617 5706 obstipuit

2060 5712 2082 5745 ²
2109 5710 2252 5769 Mss.,
2287 5710 2336 5754 et
2365 5704 2707 5769 Deus‘scitur.

2060 5772 2083 5809 ⁸
2110 5766 2256 5829 Mosi,
2290 5768 2499 5836 quando
2530 5766 2776 5820 videntes.
