4090 6184
480 310 589 370 811

481 460 705 516 pecore,
737 447 974 517 propter
1008 443 1345 516 passionem
1394 442 1626 514 Christi,
1662 460 1787 517 qum
1831 443 1930 500 illo
1953 445 2124 500 modo

480 534 1349 607 prmnuntiabatur,mysterium
1372 534 1521 590 sacri
1537 535 1843 607 sanguinis
1860 534 2130 607 implere-

477 627 590 679 tur.
617 622 676 680 Si
706 639 842 697 ergo
865 628 1037 696 putas
1074 625 1448 696 proprietate,
1493 640 1609 680 non
1654 624 1882 697 ﬂigura.
1926 624 2125 681 Chris-

476 716 603 768 tum
635 713 818 769 fuisse
847 711 1145 785 angelum,
1193 712 1294 784 qui
1323 712 1580 770 luctatus
1617 717 1707 769 est
1749 730 1882 769 cum
1912 712 2123 781 Jacob;

477 806 642 874 potes
727 803 918 858 dicere
958 801 1331 875 proprietate,
1387 818 1503 858 non
1552 803 1772 876 figura,
1826 802 2123 858 Christum

476 891 658 948 fuisse
687 891 949 963 arietem,
983 908 1157 964 quem
1200 890 1534 963 patriarcha
1577 891 1903 948 immolavit
1949 891 2127 947 Abra-

475 979 609 1037 ham
635 998 648 1037 :
684 986 847 1053 potes
877 984 1170 1054 postremo
1203 981 1395 1037 dicere
1424 981 1802 1054 proprietate,
1836 997 1953 1037 non
1982 981 2128 1053 figu-

475 1087 560 1138 ra,
592 1069 892 1126 Christum
926 1069 1109 1126 fuisse
1140 1074 1390 1141 petram,
1440 1087 1567 1143 qua
1616 1087 1895 1142 percussa
1944 1071 2123 1142 ligno,

475 1158 696 1215 sitienti
754 1158 967 1231 popqu
1027 1163 1234 1231 potum
1280 1158 1684 1232 largissimum
1732 1159 1885 1215 fudit
1931 1158 2122 1231 (Exod.

473 1264 609 1317 xvn,
640 1248 719 1317 6).
750 1250 842 1304 Sic
871 1248 1028 1304 enim
1060 1248 1202 1304 dicit
1231 1248 1585 1321 Apostolus:
1609 1248 2127 1307 Bibebantenimde

473 1339 757 1412 spirituali
782 1344 1036 1410 sequente
1068 1342 1265 1410 petra;
1294 1348 1449 1411 petra
1473 1344 1670 1395 autem
1706 1347 1825 1395 erat
1874 1339 2125 1395 Christus

475 1428 521 1501 (Ι
552 1428 672 1485 Cor.
704 1446 761 1501 x,
794 1430 867 1502 4).
904 1429 1126 1502 Figura)
1155 1428 1281 1485 ista
1304 1447 1417 1486 non
1442 1447 1532 1486 res
1554 1431 1694 1502 ipsa:
1725 1430 1980 1498 fuerunt,
2002 1429 2127 1503 qui-

473 1518 585 1575 bus
614 1518 820 1591 figuris
852 1519 1312 1592 praecedentibus
1345 1536 1436 1577 res
1467 1520 1956 1592 significabantur
1997 1535 2126 1575 esse

472 1612 766 1665 venturas:
796 1624 925 1680 quae
957 1609 1152 1682 ﬁgurae
1171 1626 1272 1682 per
1285 1610 1612 1681 subjectam
1632 1609 1748 1665 Deo
1774 1614 2123 1677 creaturam,

473 1701 530 1754 et
561 1697 811 1754 maxime
840 1714 945 1770 per
971 1698 1321 1771 Angelorum
1340 1698 1757 1765 ministerium,
1786 1698 2123 1754 mortalium

475 1788 856 1844 exibebantur
884 1789 1241 1861 aspectibus,
1273 1790 1373 1845 Dei
1405 1789 1640 1861 quidem
1674 1794 1880 1861 agente
1920 1794 2127 1860 poten-

475 1878 576 1945 tia,
610 1878 710 1933 sed
741 1882 938 1933 tamen
969 1876 1185 1933 latente
1203 1884 1431 1947 natura,
1460 1878 1579 1933 sive
1598 1877 1802 1949 Patris,
1821 1877 1941 1934 sive
1971 1876 2122 1945 Filii,

476 1967 596 2023 sive
617 1965 871 2039 Spiritus
901 1967 1110 2022 sancti.

548 2056 636 2112 10.
672 2056 1121 2128 Frustraitaque
1136 2056 1350 2112 asseris
1374 2055 1582 2112 Filium
1606 2056 1708 2111 Dei
1729 2055 1920 2112 visum
1942 2056 2125 2112 fuisse

476 2146 547 2201 ab
569 2144 933 2213 hominibus,
951 2145 1181 2201 Patrem
1203 2150 1398 2201 autem
1427 2162 1542 2200 non
1573 2145 1755 2201 fuisse
1775 2146 1967 2201 visum
1991 2162 2125 2201 cum

477 2252 579 2308 per
607 2236 932 2307 subjectam
966 2235 1077 2290 sibi
1098 2241 1425 2290 creaturam
1445 2239 1501 2290 et
1523 2235 1688 2290 Pater
1708 2235 1891 2291 videri
1949 2241 2124 2307 potu-

473 2324 605 2395 erit,
637 2328 693 2380 et
734 2323 937 2395 Filius,
970 2328 1028 2379 et
1056 2322 1310 2394 Spiritus
1344 2327 1585 2379 sanctus
1614 2341 1627 2391 ;
1663 2340 1763 2393 per
1793 2341 1959 2379 suam
1992 2341 2124 2380 vero

472 2412 864 2469 substantiam
895 2411 1094 2467 nullus
1141 2412 1380 2467 illorum
1410 2411 1573 2467 visus
1600 2416 1707 2468 est.
1758 2413 1906 2485 Ergo
1947 2413 2122 2479 Deus,

472 2502 624 2559 sicut
665 2500 916 2557 inﬁrmis
946 2500 1252 2557 hominum
1285 2501 1577 2569 sensibus,
1612 2502 1801 2574 magis
1832 2502 2124 2574 signiﬁca-

468 2595 566 2648 tus
597 2607 775 2663 quam
806 2591 1246 2646 demonstratae
1277 2595 1383 2645 est.
1427 2590 1552 2645 Non
1588 2590 1786 2662 itaque
1835 2591 1996 2647 visus
2037 2594 2126 2648 est

467 2680 621 2737 sicut
636 2686 724 2736 est
748 2697 760 2735 :
787 2680 897 2736 hoc
919 2679 1135 2752 quippe
1160 2679 1221 2734 in
1254 2679 1451 2734 futura
1471 2680 1587 2734 vita
1610 2680 2123 2751 promittitursan-

465 2770 596 2825 ctis.
650 2768 814 2825 Unde
870 2769 1011 2824 dicit
1058 2767 1361 2840 apostolus
1411 2772 1702 2825 Joannes:
1744 2770 2121 2836 Dilectissimi,

462 2875 610 2914 nuuc
639 2860 750 2930 ﬁlii
778 2860 876 2914 Dei
894 2874 1105 2928 sumus,
1143 2866 1197 2913 et
1226 2857 1471 2913 nondum
1523 2860 1782 2929 apparuit
1830 2860 1961 2929 quid
2011 2860 2122 2914 eri-

462 2965 620 3004 mus:
651 2950 854 3004 scimus
882 2950 1061 3003 autem
1094 2949 1221 3017 quia
1261 2962 1386 3001 cum
1430 2950 1774 3018 apparuerit,
1820 2950 2029 3003 similes
2072 2951 2126 3005 ei

461 3041 689 3107 erimus,
758 3037 1019 3110 quoniam
1062 3035 1372 3091 videbimus
1415 3052 1538 3092 eum
1577 3037 1744 3091 sicuti
1770 3045 1849 3092 est
1877 3038 1921 3108 (l
1962 3039 2119 3094 Joan.

466 3145 554 3196 ιιι,
577 3130 656 3199 2).
684 3126 971 3181 Viderunt
998 3141 1135 3198 ergo
1162 3130 1219 3181 et
1249 3124 1308 3179 in
1331 3125 1439 3180 hoc
1469 3125 1681 3182 saeculo
1711 3126 1968 3199 Apostoli
2018 3128 2123 3185 Do-

467 3215 693 3272 minum
719 3232 732 3283 ;
761 3214 1054 3280 viderunt,
1086 3215 1188 3270 sed
1223 3231 1337 3270 non
1370 3214 1524 3270 sicut
1552 3219 1662 3270 est.
1684 3215 1946 3288 Denique
1969 3216 2121 3291 Moy-

467 3322 560 3362 ses
592 3321 726 3361 eum
753 3303 862 3359 sibi
894 3302 1166 3376 cupiebat
1194 3303 1445 3370 ostendi,
1477 3305 1746 3376 quamvis
1777 3321 1907 3360 cum
1936 3322 2001 3361 eo
2033 3307 2117 3362 fa-

466 3395 551 3451 cie
609 3394 679 3449 ad
738 3393 944 3449 faciem
985 3393 1283 3464 Scriptura
1324 3391 1516 3447 indice
1557 3391 1889 3461 loqueretur
1916 3396 2112 3462 (Exod.

462 3499 659 3552 xxxiii,
695 3482 781 3554 13,
818 3482 927 3554 11).
960 3482 1121 3548 Quod
1154 3498 1288 3537 cum
1321 3482 1381 3537 in
1426 3498 1557 3537 mea
1603 3484 1876 3553 superius
1913 3501 2111 3555 prose-

462 3573 693 3629 cutione
743 3571 1047 3639 dixissem,
1079 3570 1249 3643 quasi
1297 3588 1413 3626 non
1465 3571 1721 3627 audieris
1779 3574 2109 3644 praeteristi,

459 3679 593 3718 cum
621 3661 726 3717 tibi
758 3662 1021 3733 ejusdem
1055 3678 1198 3717 mea:
1228 3661 1654 3733 prosecutionis
1685 3662 1914 3717 recitari
1946 3680 2012 3718 ex
2031 3667 2111 3719 ts.-

457 3752 613 3808 bulis
634 3751 909 3807 universa
920 3750 1233 3807 voluissem
1245 3750 1388 3807 .Non
1403 3754 1599 3806 autem
1614 3751 1950 3808 discernens
1966 3753 2107 3825 quid

454 3841 534 3897 sit
553 3839 736 3896 videri
757 3841 940 3896 Deum
966 3856 1067 3912 per
1095 3840 1489 3895 substantiam
1539 3857 1730 3911 suam,
1771 3846 1827 3896 et
1860 3842 1998 3913 quid
2032 3842 2108 3898 sit

454 3929 634 3985 videri
667 3930 850 3985 Deum
882 3946 987 4002 per
1019 3930 1345 4000 subjectam
1389 3937 1737 3996 creaturam,
1779 3930 1838 3985 in
1880 3935 2103 3988 tantam

454 4017 885 4089 blasphemiam
926 4016 1218 4084 decidisti,
1265 4022 1330 4073 ut
1358 4018 1725 4090 unigenitum
1760 4019 1858 4074 Dei
1891 4019 2103 4077 Filium

457 4124 558 4178 per
594 4106 703 4162 hoc
734 4107 927 4178 ipsum
958 4107 1113 4178 quod
1146 4107 1300 4162 Deus
1331 4112 1421 4163 est
1452 4107 1796 4163 mutabilem
1830 4109 2052 4166 diceres
2086 4127 2099 4165 :

455 4195 927 4269 quandoquidem
966 4195 1073 4253 soli
1107 4195 1256 4251 Patri
1290 4196 1509 4268 putasti
1546 4213 1674 4252 esse
1721 4197 2101 4257 tribuendum

452 4287 607 4359 quod
641 4285 924 4358 scriptum
954 4302 1082 4341 esse
1113 4285 1331 4352 dixisti,
1368 4286 1471 4356 Ego
1490 4302 1610 4340 sum
1639 4288 1737 4357 qui
1753 4303 1895 4356 sum,
1920 4293 1972 4343 et
1991 4305 2101 4344 non

447 4391 572 4430 sum
599 4379 841 4431 mutatus
861 4394 884 4441 ;
913 4376 1083 4446 quasi
1113 4374 1293 4431 Filius
1331 4375 1417 4430 vel
1450 4375 1701 4446 Spiritus
1751 4384 1993 4433 sanctus
2024 4379 2100 4434 sit

450 4466 712 4519 mutatus
746 4466 980 4536 quando
1027 4462 1335 4519 visibiliter
1366 4464 1658 4535 apparuit,
1691 4464 1778 4519 vel
1813 4465 1909 4521 ille
1938 4469 2093 4538 quod

445 4557 675 4608 constat
706 4557 880 4609 natus
912 4569 981 4609 ex
1007 4553 1243 4619 femina,
1276 4550 1364 4607 vel
1404 4554 1513 4607 iste
1545 4553 1602 4607 in
1650 4554 1842 4625 specie
1873 4556 2094 4611 colum-

444 4642 528 4696 bae
561 4645 660 4696 aut
689 4640 877 4714 igneis
908 4641 1127 4714 linguis
1150 4658 1211 4697 se
1227 4641 1502 4696 humanis
1530 4643 1865 4714 aspectibus
1894 4662 2091 4701 mons-

961 310 1272 371 CONTRA
1316 310 1783 372 MAXIMINUM
1829 311 2304 375 ARIANORUM
2350 310 2821 384 EPISCOPUM,
2867 313 2933 372 S.
2980 312 3398 375 AUGUSTINI

3724 329 3818 391 812

2236 449 2315 500 tut
2344 459 2457 499 non
2483 444 2738 515 deﬁcient
2765 443 2783 516 (
2812 444 2961 500 Psat.
3004 462 3078 513 οι,
3128 446 3341 518 26-28).
3386 446 3498 505 Hoc
3552 457 3724 511 autem
3766 463 3823 518 ad

2237 534 2443 590 Filium
2478 534 2576 590 Dei
2609 534 2828 590 dictum
2859 551 2985 592 esse
3014 534 3075 591 in
3108 536 3358 607 Epistola
3387 554 3506 610 qua
3534 547 3615 599 est
3642 546 3703 600 ad
3733 547 3820 604 He-

2231 624 2415 680 braeos
2446 629 2651 681 sancta
2674 625 2974 697 Scriptura
2994 630 3246 681 testatur
3263 625 3440 698 (Hebr.
3458 646 3496 692 ι,
3512 631 3828 705 10-12).Quis

2230 730 2363 770 vero
2394 731 2509 770 non
2551 713 2859 787 intelligat,
2890 715 2987 771 ubi
3038 715 3273 780 dicitur,
3306 716 3437 772 Caeli
3480 722 3829 790 mutabuntur;

2229 808 2291 859 tu
2319 812 2501 859 autem
2523 804 2667 859 idem
2698 805 2809 875 ipse
2836 821 2929 872 es;
2964 804 3107 859 nihil
3138 805 3252 860 dici
3287 804 3464 872 aliud,
3497 808 3622 876 nisi,
3642 811 3721 867 'l‘u
3738 830 3831 872 non

2232 893 2483 949 mutaris
2503 894 2531 948 Τ
2576 896 2655 949 Ac
2686 910 2788 966 per
2808 894 2916 950 hoc
2960 893 3136 950 etiam
3170 894 3286 951 Deo
3319 894 3459 952 Filio
3489 900 3733 954 convenit
3756 902 3833 958 di-

2230 999 2378 1051 cere,
2429 984 2534 1055 Ego
2562 999 2683 1039 sum
2737 985 2833 1055 qui
2858 1000 3000 1052 sum,
3030 988 3086 1040 et
3135 999 3244 1041 non
3272 1001 3396 1039 sum
3430 990 3705 1056 mutatus;
3743 989 3835 1062 vel,

2228 1073 2339 1142 Ego
2369 1073 2518 1128 enim
2547 1074 2827 1141 Dominus,
2867 1078 2920 1129 et
2946 1090 3055 1129 non
3078 1077 3280 1130 mutor.
3309 1074 3470 1139 Quod
3500 1080 3559 1131 tu
3590 1077 3707 1132 ideo
3748 1079 3838 1135 soli

2231 1162 2384 1218 Patri
2404 1162 2741 1234 assignasti,
2763 1166 2827 1219 ut
2848 1162 2906 1218 in
2929 1180 3037 1218 sua
3059 1163 3392 1219 substantia
3411 1166 3841 1224 credereturesse

2231 1250 2528 1307 mutabilis
2552 1250 2763 1320 Filius;
2787 1256 3069 1324 tanquam
3094 1252 3175 1307 ita
3197 1252 3521 1324 susceperit
3560 1252 3841 1325 hominem,

2230 1344 2296 1394 ut
2324 1339 2383 1395 in
2428 1339 2725 1396 hominem
2768 1345 3110 1399 verteretur.
3153 1340 3313 1397 Hanc
3349 1345 3569 1397 tantam
3601 1342 3844 1416 blaspheo

2231 1429 2410 1486 miam
2443 1446 2557 1485 non
2611 1430 2974 1500 emendabis,
3017 1429 3132 1486 nisi
3184 1430 3523 1501 credideris,
3566 1432 3623 1487 in
3652 1449 3846 1490 assum-

2230 1518 2427 1591 ptione
2459 1518 2715 1575 hominis
2745 1519 3063 1575 accessisse
3095 1518 3238 1575 Filio
3269 1520 3422 1591 quod
3454 1536 3567 1576 non
3597 1526 3732 1586 erat,
3750 1538 3847 1578 non

2232 1611 2426 1664 autem
2462 1608 2777 1665 recessisse
2808 1607 2896 1664 vel
2920 1607 3206 1664 defecisse
3228 1609 3384 1680 quod
3408 1614 3550 1664 erat.

2300 1698 2388 1753 11.
2417 1698 2631 1753 Deinde
2679 1715 2889 1770 quaero,
2918 1697 3051 1769 quis
3082 1698 3422 1770 apparuerit
3461 1698 3709 1771 Moysiin
3737 1698 3851 1771 igne

2231 1789 2467 1859 quando
2525 1787 2708 1843 rubus
2757 1787 3256 1855 inﬂammabatur,
3311 1793 3371 1843 et
3420 1804 3535 1843 non
3580 1788 3851 1845 urebatur.

2232 1878 2574 1948 Quanquam
2597 1882 2653 1931 et
2676 1875 2794 1932 illic
2816 1875 3089 1949 angelum
3104 1875 3449 1949 apparuisse
3470 1876 3856 1950 Scripuraipsa

2232 1964 2507 2031 declarat,
2539 1965 2739 2020 dicens
2765 1982 2778 2022 :
2804 1966 3071 2038 Apparuit
3098 1974 3275 2022 autem
3310 1967 3404 2021 illi
3430 1968 3654 2035 angelus
3686 1968 3856 2023 Domi-

2229 2056 2294 2111 ni
2322 2056 2381 2110 in
2404 2055 2636 2127 ﬂamma
2667 2056 2817 2125 ignis
2854 2055 2921 2111 de
2946 2056 3101 2111 rubo.
3137 2056 3200 2111 In
3232 2054 3443 2128 angelo
3474 2064 3663 2111 autem
3694 2056 3855 2112 Deum

2234 2144 2435 2213 fuisse,
2469 2144 2603 2216 quis
2634 2144 2910 2200 dubitet?
2939 2145 3049 2201 Sed
3083 2145 3218 2217 quis
3256 2145 3415 2202 Deus
3464 2145 3633 2201 erat?
3680 2150 3858 2201 utrum

2231 2232 2420 2301 Pater,
2445 2250 2517 2289 an
2551 2233 2733 2289 Filius
2763 2237 2785 2288 Ρ
2815 2234 3091 2290 Dicturus
3113 2249 3196 2295 es.
3230 2233 3417 2289 Filius
3443 2250 3457 2288 :
3483 2250 3597 2289 non
3620 2233 3704 2289 vis
3722 2234 3859 2290 enim

2231 2322 2465 2378 Patrem
2497 2321 2617 2378 ullo
2653 2323 2845 2389 modo,
2879 2322 2969 2378 vel
3020 2339 3123 2395 per
3152 2323 3486 2393 subjectam
3537 2327 3861 2390 creaturam,

2230 2412 2454 2467 visibus
2495 2412 2841 2484 apparuisse
2880 2411 3238 2468 mortalium.
3266 2412 3379 2468 Sed
3431 2412 3730 2483 quodlibet
3772 2411 3862 2466 ho-

2231 2517 2362 2556 rum
2395 2500 2599 2574 eligas,
2630 2501 2703 2556 ad
2736 2505 3055 2572 utrumque
3084 2504 3434 2573 respondeo,
3462 2500 3525 2557 Si
3556 2500 3720 2557 Pater
3737 2504 3863 2568 erat,

2231 2590 2505 2662 apparuit
2542 2596 2599 2645 et
2646 2594 2816 2646 Pater
2869 2590 3209 2646 hominibus
3236 2608 3249 2647 :
3275 2590 3326 2646 si
3380 2590 3565 2646 Filius
3591 2594 3729 2659 erat,
3764 2606 3863 2644 non

2231 2685 2494 2734 mutatur
2522 2685 2579 2734 et
2613 2680 2809 2735 Filius.
2840 2680 2921 2735 lbi
2957 2680 3113 2735 enim
3145 2696 3279 2736 cum
3307 2680 3862 2753 quaesissetMoyses,

2230 2770 2362 2841 quis
2394 2776 2547 2825 esset
2590 2770 2690 2842 qui
2737 2786 2871 2826 eum
2932 2771 3218 2837 mitteret;
3253 2770 3352 2826 ille
3397 2770 3701 2842 respondit
3732 2785 3744 2822 :
3776 2769 3867 2838 Ego

2228 2875 2369 2924 sum,
2403 2862 2502 2931 qui
2526 2876 2667 2915 sum.
2692 2859 2849 2922 Quod
2882 2859 3023 2931 quid
3055 2864 3145 2915 est
3182 2859 3365 2929 aliud,
3414 2859 3555 2930 nisi,
3591 2855 3863 2914 Mutabilis

2231 2964 2344 3003 non
2378 2965 2509 3003 sum
2536 2966 2550 3004 :
2578 2947 2732 3003 sicut
2764 2949 3165 3019 prOpheticum
3188 2949 3604 3004 testimonium
3638 2949 3759 3020 ipse
3778 2963 3866 3018 po-

2230 3036 2425 3103 suisti,
2459 3038 2565 3108 Ego
2589 3054 2709 3091 sum
2730 3039 2825 3108 qui
2851 3053 2994 3103 sum,
3028 3041 3079 3092 et
3102 3053 3212 3093 non
3257 3054 3389 3092 sum
3418 3039 3705 3093 mutatus?
3730 3032 3867 3090 Dixit

2227 3126 2403 3182 etiam
2437 3143 2643 3182 rursus
2673 3126 2744 3181 ad
2777 3126 3015 3200 Moysen
3050 3128 3203 3198 :Ego
3245 3143 3373 3182 sum
3405 3128 3551 3182 Deus
3594 3124 3866 3193 Abraham,

2224 3219 2274 3271 et
2306 3216 2450 3270 Deus
2478 3215 2655 3282 Isaac,
2686 3222 2739 3271 et
2766 3216 2904 3271 Deus
2930 3216 3091 3272 Iacob
3122 3216 3329 3287 (Exod.
3368 3234 3457 3283 ιιι,
3484 3218 3542 3284 2,
3570 3217 3654 3283 14,
3688 3217 3740 3284 6,
3772 3213 3866 3285 15).

2224 3305 2408 3373 Aude,
2440 3304 2489 3359 si
2523 3308 2708 3376 potes,
2768 3321 2982 3376 negare
3032 3309 3214 3360 Deum
3266 3305 3502 3361 Patrem
3535 3305 3718 3361 Deum
3759 3317 3871 3359 esse

2222 3392 2542 3460 Abraham,
2574 3398 2633 3449 et
2662 3394 2842 3465 Isaac,
2874 3399 2932 3450 et
2957 3393 3175 3460 Jacob;
3212 3393 3261 3449 si
3292 3411 3416 3450 non
3460 3394 3591 3466 ipse
3622 3394 3692 3449 de
3718 3392 3866 3457 rubo,

2221 3482 2323 3539 sed
2374 3482 2554 3538 Filius
2595 3481 2961 3553 loquebatur.
2998 3482 3061 3538 Si
3112 3488 3311 3539 autem
3367 3483 3569 3551 Pater,
3614 3481 3868 3539 conﬁtere

2219 3571 2394 3627 etiam
2419 3572 2646 3627 Patrem
2674 3572 2856 3627 Deum
2887 3571 3227 3627 hominibus
3256 3571 3483 3628 visum.
3509 3572 3866 3630 Siverouter-

2218 3677 2330 3733 que
2352 3666 2442 3717 est
2472 3661 2626 3717 Deus
2655 3661 2971 3726 Abraham,
3005 3666 3063 3717 et
3095 3663 3243 3717 Deus
3265 3663 3459 3729 Isaac,
3501 3666 3561 3718 et
3591 3662 3745 3718 Deus
3782 3658 3865 3715 Ja-

2215 3751 2343 3819 cob,
2389 3751 2543 3823 quod
2584 3767 2714 3807 esse
2758 3752 2998 3817 annuis;
3050 3750 3192 3822 quid
3240 3752 3509 3822 ambigis
3566 3756 3865 3820 utrumque

2215 3857 2399 3895 unum
2420 3839 2823 3896 Deum?Jacob
2848 3838 3064 3911 quippe
3082 3839 3207 3911 ipse
3225 3844 3314 3893 est
3336 3839 3729 3910 Israel,cujus
3748 3835 3865 3892 liilis

2212 3928 2648 3999 diciturzAudi,
2679 3930 2875 3991 Israel;
2923 3929 3188 3984 Dominus
3235 3929 3379 3984 Deus
3423 3938 3578 3995 tuus,
3621 3929 3866 3985 Dominus

2212 4035 2355 4075 unus
2383 4027 2461 4073 est
2489 4020 2669 4089 (Deut.
2693 4035 2772 4082 v1,
2796 4018 2872 4089 4).

2281 4108 2367 4162 12.
2394 4108 2756 4179 QuaprOpter
2772 4122 2975 4161 verum
2998 4121 3127 4161 esse
3148 4121 3405 4177 agnosce
3427 4108 3591 4179 quod
3624 4106 3761 4174 dixi,
3783 4104 3864 4160 di-

2206 4195 2509 4251 vinitatem
2539 4212 2653 4250 non
2685 4211 2788 4266 per
2819 4194 3213 4249 substantiam
3236 4196 3513 4259 suam,in
3545 4213 3664 4269 qua
3684 4192 3864 4250 invisi-

2205 4283 2342 4340 bilis
2362 4290 2418 4340 et
2441 4282 2831 4339 immutabilis
2852 4287 2962 4352 est,
2988 4283 3087 4339 sed
3131 4299 3233 4355 per
3262 4290 3615 4341 creaturam
3647 4285 3758 4340 sibi
3782 4299 3864 4339 su-

2206 4373 2455 4445 bjectam
2481 4373 2815 4430 mortalium
2858 4371 3047 4428 oculis
3091 4373 3444 4445 apparuisse
3488 4391 3627 4431 cum
3671 4371 3859 4429 voluit.

2204 4463 2329 4518 Non
2362 4462 2558 4534 itaque
2580 4462 2732 4517 sicut
2761 4460 3025 4532 accipere
3051 4460 3139 4517 vel
3176 4462 3365 4534 accipi
3404 4481 3545 4520 mea
3574 4464 3746 4520 verba
3777 4479 3863 4517 vo-

2201 4553 2385 4620 luisti,
2418 4570 2522 4626 ego
2556 4553 2919 4608 divinitatem
2962 4551 3047 4608 sic
3097 4553 3406 4624 patribus1
3443 4555 3779 4611 ostendisse
3807 4567 3862 4607 se

2201 4643 2342 4710 dixi,
2366 4647 2646 4715 tanquam
2674 4658 2802 4697 eam
2824 4640 3107 4698 voluerim
3131 4642 3289 4697 credi
3332 4643 3669 4710 visibilem,
3701 4657 3862 4715 quam

66 5748 67 5751 “
148 5762 213 5807 ⁵⁵1.

2199 4732 2363 4804 prius
2410 4731 2764 4787 invisibilem
2799 4731 3058 4787 dixeram
3090 4732 3391 4788 essezsed
3445 4734 3594 4804 dixi,
3640 4731 3861 4805 quando

2199 4837 2260 4877 se
2291 4822 2555 4893 patribus
2610 4820 2889 4876 divinitas
2946 4820 3315 4892 ostendebat,
3370 4838 3486 4893 per
3544 4824 3862 4894 subjectam

2197 4916 2523 4965 creaturam
2574 4926 2636 4965 se
2691 4908 2983 4964 visibilem
3050 4910 3532 4967 demonstrabat.
3580 4912 3730 4967 Nam
3772 4924 3864 4981 per

2195 4998 2383 5070 ipsam
2410 5015 2576 5053 suam
2609 5003 2878 5052 naturam
2915 5014 3098 5067 usque
3128 4999 3270 5053 adeo
3303 4999 3639 5056 invisibilis
3670 5004 3777 5065 est,
3804 5000 3863 5053 ut

2194 5088 2319 5159 ipse
2342 5087 2568 5159 Moyses
2591 5087 2642 5141 ei
2674 5103 2806 5141 cum
2841 5104 2956 5158 quo
2978 5088 3124 5143 facie
3155 5088 3226 5142 ad
3261 5088 3481 5144 faciem
3514 5089 3863 5161 loquebatur

2191 5177 2526 5232 dieeret:Si
2580 5177 2766 5231 inveni
2814 5178 3059 5245 gratiam
3109 5186 3235 5233 ante
3290 5181 3367 5243 te,
3430 5180 3676 5235 ostende
3723 5175 3861 5233 mihi

2188 5267 2541 5336 temetipsum
2594 5267 2883 5336 manifeste
2929 5266 3117 5337 (Exod.
3170 5283 3371 5331 xxxm,
3436 5268 3527 5333 tl,
3576 5268 3689 5337 13).
3726 5267 3861 5322 Ecce

2189 5356 2340 5427 quod
2385 5353 2503 5409 dixi
2538 5372 2552 5409 :
2586 5352 2797 5424 relege,
2830 5358 2887 5408 et
2934 5353 3191 5410 invenies
3240 5371 3332 5410 me
3363 5371 3583 5411 verum
3629 5356 3857 5423 dicere;

423 5441 694 5512 fundasti,
728 5448 777 5498 et
806 5460 973 5515 Opera
1002 5461 1268 5500 manuum
1316 5450 1543 5499 tuarum
1589 5447 1721 5497 sunt
1764 5444 1892 5498 caeli
1923 5462 1935 5501 :
1970 5447 2083 5517 ipsi
2188 5451 2242 5500 te
2300 5450 2486 5500 autem
2544 5460 2656 5498 non
2713 5442 3034 5515 intelligere
3073 5442 3365 5509 voluisse,
3430 5445 3527 5500 vel
3583 5462 3701 5501 non
3762 5460 3857 5517 po-

424 5531 708 5599 peribunt;
742 5535 800 5586 tu
830 5537 1013 5587 autem
1057 5534 1408 5605 permanebis
1437 5550 1455 5587 :
1487 5537 1539 5588 et
1568 5548 1753 5588 omnes
1785 5536 1927 5589 sicut
1958 5550 2077 5589 ves-
2186 5535 2390 5600 tuisse,
2414 5533 2569 5605 quod
2593 5532 2731 5587 dixi.
2764 5532 2912 5587 Audi
2945 5548 3082 5604 ergo
3116 5533 3377 5605 idipsum
3416 5550 3518 5590 me
3551 5534 3855 5607 aliquanto

427 5617 721 5674 limentum
748 5625 1092 5690 veterascent,
1122 5627 1177 5678 et
1218 5622 1365 5679 velut
1411 5626 1791 5693 tegumentum
1837 5622 2076 5681 mutabis
2182 5622 2419 5699 planius
2449 5623 2855 5679 disserentem.
2888 5622 3007 5696 Ego
3036 5622 3408 5681 divinitatem
3444 5623 3647 5684 Patris
3677 5629 3736 5683 et
3761 5622 3855 5681 Fi-

427 5719 534 5775 eos,
566 5713 616 5762 et
642 5706 1039 5775 mutabuntur;
1076 5714 1137 5768 tu
1171 5715 1354 5769 autem
1407 5710 1553 5769 idem
1583 5712 1698 5785 ipse
1725 5725 1800 5780 es,
1855 5720 1909 5770 et
1932 5715 2076 5772 anni
2250 5724 2265 5758 ι
2298 5722 2477 5773 Plures
2505 5721 2646 5781 Msa,
2679 5719 2864 5772 Patris.

440 4734 626 4787 trans.
659 4729 821 4787 Unde
859 4730 987 4803 jam
1020 4731 1293 4802 respondi
1326 4729 1430 4785 tibi
1462 4730 1520 4785 in
1551 4748 1617 4786 eo
1667 4748 1958 4801 sermone,
1994 4734 2092 4791 ubi

441 4818 670 4874 ostendi
701 4835 817 4875 non
835 4823 894 4876 te
916 4818 1193 4876 refellisse
1219 4836 1342 4891 quae
1374 4819 1512 4874 dixi.
1545 4819 1711 4875 Nunc
1740 4836 1873 4876 vero
1905 4828 1969 4876 ut
2000 4823 2089 4877 in-

440 4907 671 4981 telligas
702 4908 995 4981 quomodo
1026 4907 1235 4966 dixerit
1265 4908 1441 4975 Deus,
1470 4909 1580 4979 Ego
1598 4924 1720 4963 sum
1751 4912 1847 4979 qui
1874 4927 2016 4979 sum,
2038 4917 2089 4968 et

438 5012 547 5053 non
568 5015 689 5053 sum
718 5002 985 5063 mutatus,
1018 4997 1104 5053 vel
1136 4998 1289 5069 quod
1324 4998 1609 5069 scriptum
1642 4999 1830 5069 magis
1865 4999 2085 5055 inveni-

435 5092 552 5152 tur,
584 5088 692 5158 Ego
721 5089 867 5143 enim
896 5089 1182 5158 Dominus,
1214 5091 1264 5143 et
1302 5104 1408 5143 non
1435 5092 1617 5141 mutor
1657 5087 1754 5157 (Id.
1806 5088 1859 5154 3,
1914 5090 2001 5157 15,
2034 5096 2088 5146 et

436 5175 673 5233 Malach.
705 5177 759 5243 3,
790 5177 875 5249 6);
908 5177 1187 5249 quoniam
1219 5192 1332 5231 non
1367 5174 1528 5231 solus
1566 5178 1756 5241 Pater,
1790 5178 1889 5231 sed
1931 5178 2083 5233 Deus

435 5282 588 5320 unus
611 5265 718 5321 hoc
748 5266 911 5333 dixit,
946 5266 1098 5338 quod
1150 5272 1239 5321 est
1267 5266 1396 5337 ipsa
1443 5264 1731 5331 Trinitas;
1784 5265 2080 5324 Psalmum

432 5354 664 5409 attende
687 5356 785 5410 ubi
818 5354 1032 5427 legitur
1067 5372 1080 5411 :
1116 5356 1189 5409 Tu
1218 5354 1857 5426 inprincipio,Domine,
1878 5360 2081 5414 terram
