4094 6188
499 356 618 418 815
1434 351 1872 412 ΑΒΜΟΝΙΤΙΟ
1918 350 1996 410 IN
2042 351 2322 413 LIBROS
2368 352 2467 411 DE
2513 350 2964 412 TRINITATE.
3728 358 3822 422 διδ

496 488 3823 515 —————-———-——————————————-——————-———-——-—————-——-—-————-—_

1817 554 1970 611 ITEM
2011 555 2275 612 CONTRA
2331 555 2654 625 ARIANOS,

1023 663 1085 703 IN
1122 663 1278 703 τοΜο
1310 662 1371 702 n.
1406 677 1474 686 —
1505 643 1771 715 Epistolas
1798 660 1958 712 CLXX,
1990 661 2293 711 ccxxxvm,
2325 661 2584 709 ccxxxxx,
2617 662 2774 712 CCXL,
2798 662 2957 703 ccxu
2986 649 3043 702 et
3071 663 3273 703 ccxm.

1024 736 1083 773 IN
1120 735 1274 773 ΤΟΜο
1305 734 1387 773 in.
1416 749 1480 759 —
1502 718 1808 773 Tractatus
1841 718 1899 771 in
1931 720 2099 774 Joan.
2132 735 2292 785 xvm,
2323 734 2416 785 xx,
2445 734 2630 783 xxxvr,
2667 735 2880 783 xxxvn,
2907 736 2997 774 LIX
3028 724 3083 774 et
3115 737 3262 774 Lm.

1029 807 1089 845 IN
1125 807 1279 845 romo
1310 807 1359 845 v.
1385 821 1454 832 —
1486 789 1795 845 Sermones
1825 805 1923 855 LII,
1947 805 2116 854 cxvu,
2149 805 2344 853 cxvm,
2377 806 2599 844 cxxxux.
2631 806 2754 856 CXL,
2778 807 2970 845 cccxu
3001 795 3057 845 et
3086 807 3408 847 CCCLxxxiv.

1710 984 2700 1087 ADMONITIO

1679 1146 1760 1207 ΙΝ
1804 1147 2081 1210 LIBROS
2125 1149 2232 1210 DE
2273 1149 2721 1210 TRINITATE.

565 1247 861 1304 Prolixum
892 1248 962 1303 de
988 1246 1271 1305 Trinitate
1302 1264 1450 1319 opus
1482 1264 1586 1319 per
1613 1265 1799 1308 annos
1830 1269 1946 1308 non
1977 1264 2192 1322 paucos
2221 1247 2279 1303 in
2311 1246 2587 1303 manibus
2620 1246 2827 1302 habuit
2854 1246 3251 1318 Augustinus;
3275 1262 3407 1301 cum
3430 1244 3781 1318 illud,utipse
3797 1249 3853 1303 ad

491 1336 794 1393 Aurelium
836 1336 1057 1403 scribit,
1085 1338 1319 1407 juvenis
1350 1337 1657 1404 inchoarit,
1692 1356 1867 1396 senex
1922 1339 2189 1395 ediderit.
2233 1337 2457 1408 Quippe
2488 1336 2542 1390 id
2598 1334 2762 1390 facile
2792 1334 3233 1403 intermittebat,
3268 1334 3494 1405 quoties
3524 1335 3615 1389 alii
3643 1335 3857 1407 cuipiam

493 1425 956 1481 incumbendum
979 1430 1103 1481 erat
1121 1426 1461 1499 operi,quod
1487 1425 1753 1498 pluribus
1777 1430 2145 1501 profuturum
2164 1425 2568 1491 existimabat;
2590 1428 2751 1479 ratus
2773 1424 2929 1479 istud
2957 1424 3258 1495 operosius
3276 1428 3332 1478 et
3354 1423 3546 1478 minus
3566 1423 3696 1478 utile
3716 1440 3859 1495 quam

496 1515 772 1586 pleraque
802 1515 1096 1586 alia,quod
1131 1532 1223 1572 res
1249 1516 1446 1571 minus
1477 1518 1836 1573 necessarias
1858 1523 1914 1572 et
1934 1535 1966 1572 a
1985 1514 2362 1589 paucioribus
2391 1513 2801 1585 intelligendas
2823 1513 3164 1567 contineret.
3187 1517 3350 1567 Hunc
3384 1512 3629 1567 laborem
3651 1513 3865 1583 suscepit

494 1599 556 1658 in
587 1620 791 1660 eorum
824 1604 1195 1675 potissimum
1229 1606 1500 1676 gratiam,
1531 1607 1631 1676 qui
1659 1606 1792 1663 fidei
1825 1606 2230 1661 auctoritatem
2261 1620 2374 1659 non
2408 1603 2774 1674 recipientes,
2799 1602 3207 1673 mysteriorum
3240 1602 3537 1657 veritatem
3571 1600 3771 1655 ratione
3795 1602 3870 1656 de-

497 1692 810 1748 monstrari
844 1692 954 1747 sibi
984 1692 1274 1748 volebant.
1309 1694 1452 1749 Cum
1484 1695 1638 1749 enim
1666 1694 1723 1749 in
1758 1712 2056 1751 sacrarum
2089 1709 2283 1747 rerum
2309 1691 2801 1761 meditatione,cui
2826 1706 2888 1746 se
2912 1689 3163 1745 maxime
3184 1689 3443 1743 deditum
3468 1689 3565 1743 Vir
3591 1687 3868 1744 sanctusin

495 1781 595 1837 lib.
632 1783 684 1847 1,
719 1798 847 1853 cap.
884 1782 939 1847 3,
971 1783 1295 1854 profitetur,
1317 1781 1487 1853 plura
1517 1783 1576 1837 in
1604 1784 1728 1838 dies
1759 1789 1817 1840 et
1848 1784 2053 1838 altiora
2082 1782 2276 1837 divino
2308 1780 2636 1835 illustratus
2670 1780 2888 1834 lumine
2909 1779 3343 1849 dstegeret,non
3379 1778 3696 1848 patiebatur
3715 1777 3872 1833 chari-

496 1874 586 1926 tas
617 1871 833 1941 ipsum,
867 1888 991 1942 quae
1023 1888 1091 1926 ex
1125 1872 1218 1925 Dei
1251 1873 1402 1927 dono
1436 1872 1773 1944 accepisset,
1806 1872 1937 1927 aliis
1970 1872 2275 1941 denegare.
2310 1870 2591 1939 Sperabat
2620 1869 2909 1938 siquidem
2939 1872 3078 1934 fore,
3108 1874 3174 1921 ut
3205 1866 3337 1921 aliis
3371 1867 3742 1921 ministrando
3769 1882 3871 1937 qus

501 1959 779 2032 legerent,
812 1959 937 2030 ipse
967 1975 1200 2031 quoque
1231 1961 1573 2031 proficeret;
1608 1978 1673 2016 ac
1703 1962 1834 2017 aliis
1880 1960 2122 2032 cupiens
2154 1959 2504 2031 respondere
2536 1957 2949 2028 quaerentibus,
2983 1956 3155 2011 etiam
3192 1956 3319 2026 ipse
3349 1955 3403 2009 id
3441 1954 3592 2026 quod
3626 1955 3878 2026 quaerebat

500 2049 801 2104 inveniret.
838 2051 978 2119 Ergo
1007 2050 1239 2119 suscepi,
1271 2049 1371 2116 ait,
1406 2049 1507 2104 lib.
1544 2051 1593 2115 1,
1625 2067 1752 2122 cap.
1780 2052 1835 2122 5,
1868 2050 1999 2117 haec,
2028 2049 2252 2121 jubente
2281 2053 2441 2119 atque
2469 2048 2765 2110 adiuvante
2794 2047 3019 2101 Domino
3046 2046 3145 2100 Deo
3184 2050 3395 2109 nostra,
3428 2060 3537 2099 non
3567 2047 3674 2097 tam
3695 2045 3877 2112 cognita

499 2154 622 2193 cum
652 2139 983 2193 auctoritate
1010 2137 1294 2201 disserere,
1326 2155 1489 2209 quam
1513 2155 1584 2194 ea
1612 2156 1737 2194 cum
1762 2144 1969 2211 pietate
1998 2138 2306 2193 disserendo
2336 2152 2673 2203 cognoscere.
2707 2135 2978 2189 Testatur
2998 2134 3055 2188 in
3093 2133 3243 2189 tertii
3278 2132 3411 2187 libri
3443 2132 3691 2197 exordio,
3711 2132 3880 2187 stilum

501 2242 563 2282 se
597 2226 949 2298 perlibenter
974 2227 1154 2281 fuisse
1185 2243 1667 2298 suppressurum,
1700 2229 1747 2283 si
1782 2246 1872 2283 res
1912 2227 2253 2297 hujusmodi
2280 2244 2313 2281 a
2345 2227 2566 2280 Latinis
2598 2224 2997 2279 invenirentur
3027 2222 3347 2295 explicatae,
3379 2226 3481 2276 aut
3511 2221 3684 2277 Graeci
3713 2221 3801 2291 qui
3824 2220 3881 2274 de

502 2315 578 2371 iis
610 2315 785 2371 rebus
815 2319 1162 2382 tractarunt,
1200 2320 1398 2371 essent
1428 2316 1605 2371 latine
1637 2317 1869 2381 redditi,
1896 2322 1998 2371 aut
2024 2315 2119 2370 alii
2155 2316 2407 2387 denique
2435 2331 2636 2369 curam
2669 2311 3054 2384 respondendi
3108 2310 3537 2382 quaestionibus
3566 2308 3673 2381 ipsi
3703 2324 3882 2381 propo-

499 2404 649 2471 sitis,
680 2419 837 2475 quas,
870 2403 973 2468 ait,
996 2420 1096 2475 pro
1126 2420 1361 2475 persona
1390 2422 1511 2459 mea
1538 2422 1703 2477 quam
1733 2406 1793 2465 in
1821 2407 2039 2461 servitio
2073 2404 2278 2459 Christi
2305 2419 2449 2475 gero,
2482 2419 2695 2458 necesse
2723 2411 2798 2458 est
2830 2418 2912 2457 me
2937 2403 3073 2472 pati,
3107 2402 3313 2455 vellent
3341 2402 3635 2465 suscipere.

568 2495 994 2560 Argumentum
1043 2508 1217 2547 suum
1270 2492 1576 2564 variasque
1610 2494 1935 2565 propositas
1967 2494 2120 2548 circa
2151 2492 2207 2547 id
2241 2492 2616 2564 quaastiones,
2671 2496 2730 2545 et
2776 2489 3157 2545 difficultates
3208 2489 3319 2544 hoc
3350 2490 3555 2544 ordine
3584 2490 3881 2560 pertractat.

495 2581 557 2636 In
589 2582 737 2636 libro
770 2581 789 2635 Ι
821 2597 1065 2636 summae
1094 2580 1397 2636 Trinitatis
1431 2582 1711 2637 unitatem
1745 2587 1801 2637 et
1830 2582 2220 2652 aequalitatem
2255 2581 2619 2636 demonstrat
2666 2596 2735 2634 ex
2776 2578 3093 2649 Scripturis
3129 2595 3142 2633 :
3174 2594 3378 2633 earum
3428 2576 3756 2632 testimonia
3783 2590 3885 2644 qua:

492 2674 693 2726 contra
724 2670 853 2724 Filii
883 2669 1279 2741 aequalitatem
1311 2686 1615 2742 perperam
1646 2672 2034 2742 objectantur,
2068 2670 2360 2742 quomodo
2393 2669 2831 2742 interpretanda
2861 2668 2981 2723 sint
3005 2669 3330 2723 secundum
3364 2666 3709 2723 catholicam
3739 2665 3884 2719 ﬁdem

495 2759 774 2815 ostendit.

564 2850 632 2905 ll.
666 2848 942 2904 Eamdem
963 2847 1263 2904 Trinitatis
1296 2849 1686 2921 aequalitatem
1711 2850 2199 2919 asserit,probans
2222 2847 2369 2904 nihil
2391 2848 2622 2903 obstare
2639 2864 2764 2917 qua:
2795 2847 2864 2901 de
2884 2846 3007 2901 Filii
3033 2846 3316 2901 missione
3340 2863 3410 2902 ac
3432 2845 3685 2917 Spiritus
3704 2842 3883 2913 sancti,

490 2938 678 3009 deque
706 2936 879 2992 variis
912 2936 1011 2991 Dei
1044 2937 1507 3007 apparitionibus
1529 2938 1804 2991 dicuntur
1838 2941 1891 2991 in
1927 2936 2613 3013 Srripturis.’l‘rinitatem
2630 2936 2780 2990 enim
2807 2941 2984 2990 totam
3011 2935 3068 2989 in
3100 2952 3209 2990 sua
3230 2932 3887 2996 naturaimmutabilem,

493 3025 871 3089 invisibilem,
906 3025 1125 3095 ubique
1157 3031 1525 3096 prasentem,
1556 3027 1615 3080 in
1648 3026 1927 3081 missione
1958 3028 2220 3097 qualibet
2249 3026 2337 3080 vel
2371 3027 2745 3096 apparatione
2776 3024 3247 3095 inseparabiliter
3273 3024 3532 3095 operari.

564 3114 663 3168 IlI.
698 3114 912 3176 Quaerit
941 3131 1013 3168 an
1042 3115 1099 3169 in
1134 3115 1427 3185 praedictis
1457 3115 1558 3169 Dei
1591 3116 2058 3186 apparitionibus
2089 3132 2363 3187 corporea
2395 3119 2803 3169 tantummodo
2836 3120 3101 3168 creatura
3133 3114 3389 3168 formata
3421 3114 3521 3182 sit,
3548 3112 3604 3167 in
3630 3129 3742 3183 qua
3767 3111 3897 3165 Deus

494 3202 767 3258 humanis
794 3204 1197 3257 ostenderetur
1226 3203 1561 3274 aspectibus
1589 3222 1601 3270 ;
1637 3221 1709 3258 an
1735 3203 1936 3274 Angeli
1964 3206 2086 3274 jam
2121 3210 2253 3259 ante
2284 3205 2597 3258 existentes
2630 3205 2709 3257 ita
2739 3205 2857 3257 sint
2888 3202 3077 3263 missi.
3108 3206 3171 3256 ut
3198 3219 3268 3257 ex
3301 3219 3559 3273 persona
3596 3203 3692 3257 Dei
3725 3201 3893 3271 loque-

494 3297 716 3357 rentur,
749 3290 868 3347 sive
898 3308 999 3363 per
1028 3290 1388 3363 corporalem
1422 3293 1673 3363 speciem
1714 3294 1787 3348 de
1816 3310 2058 3364 corpora
2088 3299 2352 3349 creatura
2384 3298 2774 3363 assumptam,
2806 3292 2926 3345 sive
2976 3308 3078 3362 per
3106 3308 3282 3346 suum
3317 3292 3594 3363 ipsorum
3625 3305 3823 3362 corpus
3848 3287 3895 3343 in

492 3397 637 3452 quas
668 3379 882 3436 vellent
911 3381 1133 3451 species
1163 3396 1544 3436 conversum:
1574 3381 1654 3436 ita
1686 3386 1751 3436 ut
1780 3383 1910 3454 ipsa
1942 3382 2038 3437 Dei
2073 3383 2329 3438 essentia
2361 3398 2657 3451 nunquam
2694 3397 2796 3452 per
2823 3397 2882 3435 se
2914 3381 3103 3452 ipsam
3132 3380 3258 3435 visa
3295 3381 3503 3435 fuerit.

564 3469 637 3526 IV
692 3474 864 3525 Docet
895 3471 964 3525 ad
997 3470 1133 3541 quid
1168 3470 1385 3526 missus
1419 3471 1495 3525 sit
1524 3470 1706 3526 Filius
1739 3471 1859 3526 Dei.
1892 3472 2197 3535 Caeterum,
2235 3471 2443 3527 Filium
2479 3472 2595 3536 Dei,
2632 3471 2901 3540 quamvis
2935 3470 3213 3525 missione
3247 3471 3449 3526 factus
3485 3471 3567 3526 sit
3599 3470 3897 3531 minor,non

491 3560 619 3615 ideo
649 3576 777 3616 esse
806 3559 1091 3615 minorem
1126 3558 1266 3630 quia
1296 3559 1457 3615 misit
1485 3576 1621 3615 eum
1640 3560 1943 3627 Pater,nec
1974 3561 2101 3616 ideo
2135 3560 2419 3616 minorem
2456 3560 2737 3632 Spiritum
2772 3565 3040 3615 sanctum
3071 3559 3207 3631 quia
3228 3563 3287 3615 et
3317 3560 3497 3616 Pater
3526 3576 3662 3616 eum
3693 3558 3837 3613 misit
3859 3554 3900 3608 οι

490 3649 695 3705 Filius.

562 3740 629 3791 V.
661 3737 853 3809 Pergit
883 3737 953 3792 ad
986 3736 1296 3792 refellenda
1327 3736 1733 3792 haereticorum
1766 3743 2114 3808 argumenta
2142 3738 2261 3805 illa,
2286 3739 2547 3810 quaajam
2583 3755 2696 3793 non
2729 3752 2759 3792 e
2789 3736 3002 3793 divinis
3034 3736 3221 3803 libris,
3255 3738 3362 3793 sed
3398 3754 3429 3793 e
3463 3754 3574 3794 suo
3606 3752 3775 3793 sensu
3800 3747 3900 3805 pro-

491 3825 705 3881 ferunt.
728 3832 812 3880 Ac
844 3827 1100 3897 primum
1132 3827 1286 3896 quod
1312 3827 1607 3897 objectant
1635 3828 1873 3898 gignere
1922 3835 1980 3882 et
2031 3827 2212 3899 gigni,
2243 3828 2330 3882 vel
2379 3828 2641 3900 genitum
2692 3842 2820 3883 esse
2860 3833 2917 3881 et
2960 3827 3312 3897 ingenitum,
3370 3827 3661 3899 quoniam
3712 3825 3901 3879 diversa

492 3920 652 3985 sunt,
684 3914 1051 3970 substantias
1079 3931 1208 3970 esse
1238 3915 1518 3984 diversas,
1550 3915 1780 3986 refellit,
1814 3917 2128 3971 ostendens
2176 3915 2291 3971 ista
2339 3917 2411 3971 de
2462 3918 2572 3971 Deo
2626 3932 2742 3971 non
2801 3916 3125 3969 secundum
3188 3915 3606 3971 substantiam
3667 3913 3794 3976 dici,
3824 3908 3901 3964 sed

497 4002 756 4058 relative.

566 4090 658 4146 Vl.
694 4091 757 4145 In
790 4106 887 4146 eos
921 4089 1020 4161 qui
1053 4095 1255 4147 contra
1284 4091 1411 4147 Filii
1442 4092 1833 4163 aequalitatem
1869 4093 2171 4165 disputant
2200 4110 2267 4149 ex
2297 4109 2363 4148 eo
2392 4093 2545 4164 quod
2573 4092 2837 4147 Christus
2868 4092 2938 4147 ab
2971 4092 3248 4162 Apostolo
3281 4093 3492 4149 dictus
3526 4093 3606 4149 sit
3638 4093 3731 4147 Dei
3758 4090 3906 4145 Virtus

495 4186 546 4238 et
574 4181 679 4235 Dei
703 4181 1021 4252 Sapientia,
1042 4181 1421 4251 quaestionem
1457 4181 1749 4251 proponit,
1784 4199 1977 4236 annon
2002 4188 2057 4236 et
2086 4183 2211 4253 ipse
2233 4186 2405 4237 Pater
2435 4181 2718 4252 sapientia
2748 4181 2843 4235 sit.
2871 4180 3051 4251 Cujus
3083 4178 3379 4252 tantisper
3413 4182 3603 4237 dilata
3634 4178 3905 4241 solutione,

496 4268 690 4325 adhuc
722 4271 928 4338 probat
958 4270 1247 4325 unitatem
1279 4275 1336 4325 et
1366 4269 1758 4340 aequalitatem
1803 4272 2008 4336 Patris,
2045 4271 2193 4337 Filii,
2230 4289 2292 4326 ac
2325 4272 2577 4343 Spiritus
2610 4270 2795 4325 sancti
2823 4287 2835 4337 ;
2870 4274 2926 4324 et
2956 4287 3071 4325 non
3103 4270 3288 4325 Deum
3323 4271 3657 4343 triplicem,
3690 4267 3785 4326 sed
3810 4263 3911 4321 Tri-

497 4360 738 4414 nitatem
772 4358 885 4413 dici
918 4364 975 4414 et
998 4359 1456 4431 crediOportere.
1487 4359 1635 4415 Tum
1667 4359 1916 4432 explicat
1947 4361 2171 4416 dictum
2204 4360 2441 4427 Hilarii;
2492 4360 2801 4415 Eternitas
2846 4361 2907 4413 in
2953 4364 3138 4429 Patre,
3186 4362 3405 4431 species
3428 4362 3494 4415 in
3526 4362 3784 4431 Imagine,
3807 4366 3913 4410 usus

495 4454 554 4503 in
595 4449 835 4504 Munere.

566 4538 637 4593 ΙΙ.
671 4537 1084 4603 Quaestionem,
1119 4554 1245 4608 quaz
1276 4536 1459 4591 dilata
1490 4538 1699 4603 fuerat,
1733 4538 1985 4603 resolvit,
2022 4539 2305 4611 docetque
2334 4538 2588 4606 Patrem,
2619 4536 2853 4602 Filium,
2887 4540 2942 4591 et
2972 4536 3256 4608 Spiritum
3295 4546 3581 4595 sanctum
3615 4554 3740 4594 esse
3768 4546 3911 4590 unam

491 4627 766 4681 virtutem
798 4632 854 4680 et
882 4643 1059 4681 unam
1094 4627 1462 4697 sapientiam,
1497 4643 1608 4680 non
1645 4643 1814 4682 secus
1847 4633 2020 4699 atque
2052 4645 2237 4683 unum
2268 4628 2451 4683 Deum
2484 4633 2540 4681 et
2571 4642 2747 4681 unam
2782 4626 3120 4681 essentiam.
3163 4626 3388 4689 Quaerit
3422 4634 3635 4700 postea
3656 4620 3914 4699 quomodo

491 4715 720 4770 dicatur
746 4713 807 4768 in
839 4713 975 4781 Deo,
1010 4731 1044 4770 a
1074 4714 1296 4770 Latinis
1328 4731 1444 4769 una
1472 4716 1745 4784 essentia,
1779 4721 1898 4771 tres
1932 4733 2227 4787 personas:
2261 4734 2295 4772 a
2324 4716 2560 4784 Grzncis,
2598 4733 2712 4770 una
2743 4715 3019 4782 essentia,
3053 4721 3171 4771 tres
3203 4716 3571 4773 substantiae
3607 4716 3691 4772 vel
3728 4716 3910 4786 hypos-

490 4810 668 4860 tases.

562 4891 707 4948 VIII.
744 4891 991 4947 Ratione
1023 4892 1201 4947 etiam
1232 4892 1457 4947 reddita
1488 4897 1792 4962 monstrat,
1825 4910 1939 4947 non
1972 4893 2161 4948 solum
2195 4895 2420 4949 Patrem
2449 4893 2590 4948 Filio
2622 4908 2735 4947 non
2770 4907 2898 4947 esse
2929 4892 3351 4962 majorem,sed
3390 4912 3505 4951 nec
3538 4894 3744 4951 ambos
3772 4890 3915 4949 simili

491 4981 711 5053 aliquid
743 4982 941 5050 majus
970 4997 1097 5037 esse
1126 4997 1304 5052 quam
1327 4981 1610 5051 Spiritum
1640 4987 1935 5052 sanctum,
1970 5000 2074 5037 nec
2106 4984 2399 5054 quoslibet
2423 4983 2570 5036 duos
2603 4980 2779 5035 simul
2811 4980 2868 5034 in
2903 4982 3106 5035 eadem
3139 4981 3441 5038 Trinitate
3476 4985 3680 5053 majus
3723 4972 3914 5048 aliquid

490 5088 666 5144 quam
700 5088 907 5137 unum,
940 5086 1045 5125 nec
1076 5087 1282 5125 omnes
1313 5069 1489 5125 simul
1523 5075 1640 5125 tres
1672 5071 1865 5139 majus
1896 5071 2114 5140 aliquid
2147 5088 2321 5142 quam
2365 5070 2652 5141 singulos.
2690 5070 2975 5125 Admonet
3004 5075 3070 5125 ut
3102 5086 3171 5125 ex
3213 5072 3497 5127 veritatis
3531 5068 3916 5128 intellectione.

487 5178 557 5218 ex
588 5161 796 5216 notitia
822 5160 1039 5215 summi
1076 5159 1233 5228 boni,
1259 5164 1315 5214 et
1345 5176 1413 5214 ex
1443 5160 1621 5214 insito
1653 5176 1848 5214 amore
1871 5160 2141 5231 justitize,
2176 5160 2536 5231 intelligatur
2567 5165 2776 5213 natura
2805 5158 2897 5213 Dei
2925 5176 2938 5224 ;
2993 5164 3319 5229 prasertim
3366 5177 3512 5217 vero
3549 5166 3616 5216 ut
3642 5158 3819 5232 ipsius
3846 5166 3918 5207 co-

486 5248 672 5321 gnitio
705 5254 1002 5321 quaeratur
1031 5264 1134 5319 per
1162 5248 1528 5312 charitatem,
1562 5246 1618 5300 in
1655 5263 1771 5317 qua
1802 5252 1914 5301 tria
1945 5249 2213 5318 quaedam
2244 5248 2398 5302 velut
2428 5246 2733 5301 Trinitatis
2765 5247 3075 5317 vestigium
3108 5246 3302 5303 inesse
3336 5249 3648 5305 observat.

558 5337 651 5393 IX.
684 5338 1031 5393 Trinitatem
1064 5338 1120 5391 in
1156 5335 1515 5404 homine,qui
1550 5336 1741 5407 imago
1776 5337 1870 5389 Dei
1903 5344 2011 5406 est,
2036 5338 2354 5409 quamdam
2376 5335 2620 5390 inveniri
2645 5334 2849 5390 docet:
2887 5341 3169 5400 mentem,
3201 5342 3257 5390 et
3286 5339 3581 5393 notitiam
3616 5351 3735 5408 qua
3764 5348 3821 5388 se
3842 5342 3920 5383 [ιο.

487 5424 589 5492 vit,
622 5430 678 5479 et
708 5442 965 5482 amorem
997 5442 1110 5496 quo
1141 5441 1203 5481 se
1231 5425 1614 5495 notitiamque
1646 5440 1812 5477 suam
1847 5424 2073 5496 diligit;
2105 5431 2163 5479 et
2194 5425 2315 5479 haec
2345 5424 2454 5479 tria
2485 5440 2613 5479 esse
2642 5424 2795 5479 inter
2825 5441 2885 5479 se
2911 5425 3156 5495 aequalia
3185 5430 3240 5479 et
3267 5426 3459 5483 unius
3492 5427 3786 5484 essentias.

558 5510 623 5565 X.
673 5513 860 5570 Aliam
910 5516 969 5571 in
1015 5516 1273 5571 hominis
1325 5520 1520 5570 mente
1561 5513 1981 5570 evidentiorem
2032 5515 2271 5587 reperiri
2323 5515 2687 5581 trinitatem;
2721 5513 2781 5567 in
2813 5513 3096 5569 memoria
3125 5513 3374 5583 scilicet,
3415 5512 3830 5588 intelligentia,
3872 5506 3920 5560 ei

482 5595 800 5668 voluntate.

553 5683 646 5744 ΧΙ.
681 5687 864 5749 Etiam
897 5692 960 5748 in
991 5694 1257 5753 exteriori
1295 5693 1531 5752 homine
1559 5692 1864 5751 Trinitatis
1894 5692 2093 5768 aliqua
2120 5694 2389 5769 vestigia,
2421 5693 2599 5752 veluti
2629 5691 2687 5748 in
2719 5691 3008 5765 corporali
3038 5693 3275 5763 visions,
3311 5694 3716 5769 deprehendi.
