4094 6188
261 354 379 415 817
1204 356 1645 417 ADMONITIO
1690 356 1766 415 IN
1815 356 2096 416 LIBROS
2143 356 2243 415 DE
2286 355 2739 416 TRINITATE.
3565 359 3687 417 818

336 489 463 543 XII.
498 485 806 542 Praemissa
839 486 1212 543 distinctione
1242 488 1541 561 sapientiae
1575 504 1607 542 a
1636 486 1903 555 scientia,
1936 487 2193 542 ostendit
2216 486 2273 540 in
2307 504 2374 542 ea
2402 503 2529 559 quae
2562 488 2794 561 proprie
2833 488 3081 546 scientia
3108 489 3341 555 dicitur,
3374 492 3687 563 quamdam

260 578 585 651 trinitatem
637 594 649 632 :
696 593 824 648 quae
866 577 998 633 licet
1045 578 1115 633 ad
1162 577 1495 634 interiorem
1547 577 1845 632 hominem
1888 578 2015 647 jam
2067 575 2375 648 pertineat,
2426 579 2690 633 nondum
2742 582 2938 633 tamen
2985 578 3178 651 imago
3221 580 3316 635 Dei
3363 580 3439 636 sit
3485 581 3688 654 appel-

261 666 460 722 landa.

334 756 475 811 XIII.
510 756 815 827 Repertam
849 756 908 809 in
940 756 1185 811 scientia
1217 756 1542 811 trinitatem
1577 756 1813 827 exponit
1842 771 1945 826 per
1974 753 2540 810 commendationem
2578 754 2709 809 fidei
2745 755 3099 811 Christianas.

336 844 480 900 XIV.
516 844 594 900 De
624 844 911 915 sapientia
941 844 1197 899 hominis
1229 861 1359 898 vera
1399 844 1561 909 dicit,
1594 862 1711 914 qua
1738 844 2005 899 videlicet
2035 843 2323 909 meminit,
2351 842 2645 914 intelligit,
2678 848 2735 898 et
2767 844 2958 917 diligit
2986 844 3168 899 Deum
3206 862 3217 899 :
3253 846 3505 902 ostendit
3536 848 3691 920 quod

256 934 320 988 in
355 951 421 988 eo
445 934 571 1006 ipso
603 933 679 988 sit
704 932 878 987 homo
910 933 1103 1006 imago
1135 932 1232 988 Dei
1265 934 1591 987 secundum
1627 938 1879 987 mentem
1910 951 1922 999 ;
1949 950 2076 1003 qua
2110 932 2349 1003 quidem
2382 932 2478 986 hic
2508 936 2817 987 renovatur
2845 934 2903 988 in
2936 932 3231 1006 agnitione
3259 934 3357 990 Dei
3392 939 3530 990 tunc
3558 952 3692 992 vero

260 1022 373 1077 erit
406 1024 463 1076 in
495 1040 562 1077 ea
594 1022 847 1095 imagine
878 1022 1131 1094 perfecta
1162 1022 1263 1077 Dei
1297 1021 1642 1090 similitudo,
1674 1023 1907 1094 quando
1944 1021 2035 1077 Dei
2068 1023 2324 1092 perfecta
2354 1021 2465 1076 erit
2492 1020 2660 1076 visio.

334 1111 449 1167 XV.
480 1111 768 1183 Quidquid
806 1112 862 1165 in
895 1111 1296 1183 superioribus
1325 1111 1614 1183 exposuit,
1648 1110 2081 1182 compendiario
2114 1126 2385 1166 sermone
2414 1109 2828 1181 complectitur
2861 1126 2873 1165 :
2910 1127 2974 1165 ac
3005 1114 3297 1182 postremo
3323 1112 3690 1185 Trinitatem,

260 1202 322 1256 in
355 1204 527 1271 cujus
556 1202 805 1271 perfecta
834 1200 1057 1257 visione
1088 1202 1256 1257 nobis
1292 1203 1464 1257 beata
1488 1202 1603 1255 vita
1635 1201 2019 1272 promittitur,
2054 1200 2310 1255 ostendit
2336 1217 2369 1255 a
2400 1199 2569 1255 nobis
2613 1199 2704 1254 hic
2735 1199 2916 1255 videri
2946 1203 3227 1273 tanquam
3256 1217 3358 1273 per
3386 1201 3693 1275 speculum

256 1297 318 1348 et
347 1291 405 1345 in
437 1291 762 1363 aenigmate,
798 1291 937 1345 dum
968 1290 1198 1346 videtur
1228 1308 1328 1363 per
1360 1290 1673 1362 imaginem
1711 1290 1811 1345 Dei
1843 1292 1993 1361 quod
2029 1307 2134 1345 nos
2166 1306 2396 1345 sumus.

335 1379 518 1435 Hosce
548 1379 726 1435 libros
759 1380 817 1434 in
850 1380 1377 1436 Retractationibus
1404 1381 1648 1435 collocat
1683 1379 1836 1434 inter
1856 1379 2139 1450 opuscula
2163 1380 2395 1434 circiter
2425 1395 2641 1433 annum
2670 1378 2885 1435 Christi
2909 1379 3010 1433 400
3041 1380 3539 1453 conscripta,quia
3561 1380 3692 1438 illos

258 1485 333 1525 eo
360 1472 620 1539 tempore
649 1468 960 1523 inchoavit.
1000 1470 1056 1524 ln
1090 1468 1335 1541 epistola
1370 1471 1493 1538 120,
1517 1470 1587 1524 ad
1624 1470 2003 1525 Consentium
2037 1485 2189 1525 anno
2226 1469 2330 1523 410
2358 1467 2561 1532 missa,
2584 1485 2640 1523 n.
2678 1468 3040 1537 13,meminit
3069 1469 3259 1542 operis
3290 1471 3359 1526 de
3386 1470 3689 1527 Trinitatc:

258 1558 419 1630 quod
453 1560 509 1612 in
544 1557 818 1614 manibus
844 1558 1179 1626 habebat,et
1200 1560 1271 1614 ob
1301 1559 1630 1629 argumenti
1656 1558 2049 1628 praestantiam
2074 1574 2139 1611 ac
2160 1557 2565 1611 difﬁcultatem
2592 1558 2853 1612 nondum
2884 1559 3161 1629 perficere
3184 1562 3537 1630 potuerat.In
3565 1563 3686 1626 162,

260 1645 336 1700 ad
369 1645 672 1712 Evodium,
704 1662 831 1717 quae
862 1646 932 1700 ad
967 1662 1186 1700 annum
1220 1646 1323 1699 414
1356 1645 1624 1716 pertinet,
1660 1646 1861 1700 scribit
1894 1663 1952 1700 n.
1997 1646 2031 1697 2
2062 1663 2124 1699 se
2155 1644 2335 1699 libros
2368 1645 2439 1699 de
2466 1644 2749 1700 Trinitate
2782 1646 3042 1700 nondum
3074 1646 3330 1702 edidisse
3363 1665 3375 1702 :
3410 1652 3467 1702 et
3495 1648 3553 1702 in
3590 1650 3690 1703 169

259 1735 337 1789 ad
371 1734 643 1789 eumdem
674 1733 941 1805 epistola,
977 1751 1103 1805 quas
1134 1738 1378 1789 exeunte
1415 1751 1566 1789 anno
1600 1734 1704 1788 415
1735 1735 1953 1806 scripta
1983 1738 2090 1801 est,
2125 1751 2185 1789 se
2218 1734 2479 1788 nondum
2512 1732 2645 1788 illos
2693 1733 3094 1805 complevisse,
3129 1752 3189 1790 n.
3241 1735 3265 1789 1
3315 1739 3579 1791 testatur.
3614 1738 3693 1792 Ex

258 1822 516 1895 epistola
548 1823 669 1888 143,
710 1824 781 1878 ad
816 1822 1221 1879 Marcellinum
1255 1824 1390 1878 data
1420 1824 1530 1877 sub
1563 1824 1738 1878 tinem
1774 1823 1911 1877 anni
1944 1824 2067 1890 412,
2102 1822 2236 1877 licet
2270 1822 2615 1894 intelligere,
2650 1839 2709 1877 n.
2744 1823 2795 1893 4,
2829 1823 3048 1878 amicos
3079 1824 3149 1878 ab
3183 1840 3249 1879 eo
3281 1823 3595 1896 ﬂagitasse,
3629 1822 3695 1880 ut

258 1912 375 1967 hos
407 1911 589 1968 libros
622 1912 975 1984 publicaret:
1013 1913 1208 1984 ipsum
1243 1916 1445 1966 contra
1471 1910 1695 1966 diutius
1730 1928 1829 1967 eos
1864 1912 2193 1979 retinuisse,
2230 1928 2406 1984 quam
2436 1910 2651 1966 vellent
2682 1915 2737 1966 et
2760 1912 2998 1968 ferrent.
3033 1912 3196 1969 Unde
3227 1913 3506 1983 conjicias
3536 1914 3689 1985 prio-

258 2016 393 2056 rem
432 2001 616 2072 ipsam
652 2001 1128 2073 publicationem,
1164 2016 1287 2073 quze
1320 2017 1491 2072 opere
1523 2001 1773 2055 necdum
1806 2002 2076 2056 absoluto
2108 2001 2260 2055 facta
2291 2004 2397 2067 est,
2432 2016 2545 2054 non
2590 2000 2956 2072 praecessisse
3005 2018 3225 2056 annum
3284 2002 3409 2056 112.
3457 2003 3697 2059 Constat

258 2095 462 2145 autem
500 2090 739 2145 alteram
780 2088 1008 2146 nonnisi
1047 2089 1221 2163 longo
1254 2096 1384 2161 post
1412 2096 1671 2161 tempore
1703 2090 1938 2157 factam,
1991 2106 2124 2144 cum
2157 2089 2282 2161 ipse
2315 2089 2373 2142 in
2418 2088 2569 2144 libro
2626 2090 2690 2144 13
2720 2089 2861 2145 citet
2908 2089 3051 2145 illud
3097 2092 3251 2163 quod
3288 2092 3602 2163 scripserat
3631 2093 3691 2148 in

260 2179 418 2237 libro
452 2180 517 2234 12
548 2180 619 2235 de
648 2179 893 2235 Civitate
922 2178 1041 2246 Dei,
1076 2179 1177 2251 qui
1211 2184 1344 2234 ante
1374 2196 1592 2234 annum
1626 2181 1731 2235 416
1764 2180 2051 2251 perfectus
2081 2196 2193 2235 non
2226 2178 2355 2235 fuit.
2390 2179 2560 2234 Libro
2610 2179 2678 2234 15
2727 2180 2869 2234 citat
2916 2184 3246 2235 Tractatum
3292 2181 3365 2235 90
3415 2182 3473 2236 in
3511 2184 3692 2237 Joan-

264 2285 426 2325 nem.
458 2269 541 2323 Ad
574 2268 729 2323 istud
766 2285 913 2340 opus
944 2272 1295 2340 Prosperum
1329 2268 1573 2323 remittit
1602 2268 1703 2323 lib.
1739 2269 1809 2323 de
1835 2268 2352 2325 Praedestinatione
2382 2272 2751 2339 Sanctorum,
2783 2284 2909 2341 cap.
2942 2270 2997 2338 8,
3044 2273 3206 2324 ratus
3237 2267 3292 2324 id
3316 2270 3441 2340 jam
3474 2270 3531 2325 in
3564 2270 3693 2327 Gal-

262 2356 372 2413 liis
406 2357 631 2413 haberi.

346 2448 727 2503 Cassiodorus
759 2451 1011 2511 senator,
1046 2446 1105 2502 in
1139 2446 1398 2502 Institut.
1429 2464 1555 2519 cap.
1600 2448 1677 2511 l6,
1710 2447 1910 2503 laudat
1939 2448 2274 2518 quindecim
2307 2448 2507 2513 libros,
2540 2463 2672 2518 quos
2702 2446 3071 2519 Augustinus
3102 2447 3167 2504 de
3193 2452 3387 2505 sancta
3430 2449 3695 2506 Trinitatis

276 2538 538 2591 mirabili
566 2538 952 2607 profunditate
975 2538 1545 2607 conscripsit,curiosa
1572 2539 1876 2592 intentione
1903 2536 2261 2592 meditandos.
2297 2537 2541 2591 Eosdem
2565 2536 2747 2591 libros
2778 2553 2808 2590 e
2838 2535 3016 2591 latino
3049 2552 3317 2593 sermone
3347 2538 3405 2593 in
3437 2553 3691 2609 graecum

266 2624 584 2681 transtulit
614 2624 901 2680 Maximus
944 2625 1233 2681 Planudes
1266 2624 1611 2690 monachus,
1646 2625 1743 2695 qui
1777 2626 1887 2680 sub
1918 2625 2247 2680 Andronico
2279 2624 2503 2680 seniore
2532 2625 2757 2681 vivebat
2785 2624 3015 2680 circiter
3045 2642 3265 2681 annum
3301 2628 3457 2681 1250.
3495 2630 3690 2683 Deme-

276 2714 431 2771 trius
460 2731 594 2769 vero
624 2713 918 2786 Cydonius
951 2714 1059 2769 sub
1091 2714 1315 2769 Joanne
1347 2718 1767 2780 Cantacuzeno,
1800 2714 1987 2785 capita
2019 2713 2239 2785 aliquot
2266 2713 2437 2768 vertit
2466 2730 2534 2768 ex
2562 2714 2826 2785 ejusdem
2878 2714 3271 2770 sermonibus.
3320 2715 3438 2772 Has
3468 2715 3693 2771 versio-

276 2820 386 2858 nes
418 2803 611 2858 Romae
665 2803 945 2858 asservari
999 2803 1054 2856 in
1109 2803 1464 2857 bibliotheca
1497 2804 1795 2869 Vaticana,
1845 2808 2097 2857 testatur
2152 2803 2503 2857 Possevinus
2534 2803 2593 2857 in
2639 2805 2959 2875 Apparatu,
2990 2803 3260 2859 Vidimus
3291 2804 3546 2860 Indicem
3578 2804 3689 2861 Ms.

275 2891 448 2947 codd.
484 2891 664 2947 Graec.
698 2891 968 2946 biblioth.
1006 2891 1188 2946 Vatic.
1217 2891 1311 2962 qui
1346 2897 1433 2947 est
1464 2908 1641 2963 penes
1671 2891 1737 2945 V.
1763 2891 1822 2945 C.
1856 2891 2168 2946 Antonium
2203 2892 2385 2946 Faure
2417 2891 2577 2947 Doct.
2610 2890 2883 2963 Theolog.
2918 2892 3100 2959 Paris,
3134 2898 3186 2947 et
3220 2892 3471 2947 similem
3504 2892 3687 2950 alium

273 2981 337 3036 in
370 2980 566 3036 codice
593 2980 931 3035 Colbertinae
963 2980 1323 3036 bibliothecae
1355 2982 1514 3051 5125,
1546 2980 1603 3034 in
1646 2981 1859 3053 quibus

2070 2986 2316 3052 Pgtlntur
2347 2996 2359 3036 ε
2388 2982 2492 3033 Τοὖ
2534 2978 2948 3055 μακαριωτάτου
2989 2979 3350 3056 Λύγουστίνου
3389 2978 3687 3036 ἐπισκόπου

270 3070 539 3129 Ἰππῶνος
555 3067 677 3144 περὶ
698 3065 924 3143 Τριάδος
953 3063 1140 3143 βιϐλία
1168 3067 1321 3123 πέντε
1358 3067 1497 3143 πρὸς
1524 3074 1642 3130 τοῖς
1683 3065 1829 3139 δέκα,
1858 3068 1991 3143 ἅπερ
2032 3066 2091 3122 ἐκ
2124 3075 2226 3137 τῆς
2269 3067 2507 3122 Λατίνων
2545 3064 2830 3122 διαλέκτου
2862 3067 2937 3129 εἷς
2960 3069 3060 3137 τὴν
3098 3066 3337 3124 Ἑλλάδα
3369 3071 3690 3147 μετήνεγκεν

270 3159 302 3213 ὁ
327 3159 641 3237 σοφώτατος
662 3157 751 3213 καὶ
774 3159 1106 3231 τιμιώτατθς
1141 3162 1395 3234 μοναχῶν
1422 3158 1665 3230 Μάξιμος
1690 3154 2031 3228 Ιιλανούδτ,ς.
2057 3158 2198 3214 Item
2227 3162 2367 3213 εΤοῦ
2396 3155 2661 3232 μακαρίου
2695 3156 3059 3233 Δῦγουστίνου
3102 3156 3398 3215 ἐπισκόπου
3427 3160 3693 3222 Ἰππῶνος

270 3245 543 3323 κεφαλαια
583 3246 641 3303 ἐκ
678 3252 785 3303 τῶν
827 3247 991 3302 αὐτοῦ
1021 3245 1203 3321 λόγων
1234 3242 1678 3322 παρεκϐληθὲντα
1710 3246 1769 3300 ἐκ
1795 3253 1894 3315 τῆς
1928 3246 2168 3301 Λατίνων
2214 3243 2499 3301 διαλέκτου
2531 3246 2606 3308 εἷς
2634 3247 2732 3315 τήν
2768 3244 2988 3302 Ελλάδα
3038 3249 3326 3324 μετήνεγκε
3373 3250 3691 3325 Δημήτριος

270 3338 303 3392 ὁ
337 3334 615 3408 Κυδώνης.
648 3339 790 3395 Vide
835 3338 1130 3404 Allatium,
1164 3338 1266 3393 lib.
1297 3340 1332 3393 2
1354 3340 1424 3394 de
1456 3339 1760 3409 utriusque
1792 3338 2057 3393 Ecclesize
2090 3337 2505 3408 Consensione,
2538 3354 2665 3411 cap.
2700 3338 2789 3405 17,
2822 3339 2849 3407 §
2879 3339 2935 3394 4.

274 3446 526 3503 Domino
579 3446 949 3514 beatissimo,
1001 3450 1059 3501 et
1107 3445 1512 3502 sincerissima
1554 3444 1834 3501 charitate
1884 3445 2233 3513 venerando,
2286 3448 2486 3500 sancto
2520 3444 2678 3500 fratri
2713 3448 2770 3500 et
2820 3445 3212 3503 consacerdoti
3243 3461 3405 3518 papae
3435 3446 3695 3504 Aunsuo

1454 3537 1847 3603 AUGUSTINUS,
1882 3534 1940 3588 in
1973 3534 2219 3589 Domino
2247 3534 2517 3589 salutem.

351 3629 430 3681 De
460 3624 763 3693 Trinitate,
797 3641 922 3696 quae
954 3624 1107 3680 Deus
1138 3641 1409 3679 summus
1440 3628 1495 3679 et
1524 3641 1695 3678 verus
1726 3628 1833 3691 est,
1867 3622 2047 3678 libros
2070 3623 2308 3692 juvenis
2339 3623 2629 3691 inchoavi,
2661 3640 2836 3678 senex
2878 3622 3056 3681 edidi.
3107 3623 3432 3680 Omiseram
3481 3625 3696 3698 quippe
3793 3684 3809 3697 ,

277 3715 389 3771 hoc
421 3731 591 3787 opus,
626 3718 1004 3786 posteaquam
1038 3713 1291 3786 comperi
1327 3717 1640 3785 praereptos
1670 3713 1812 3766 mihi
1846 3728 1974 3767 esse
2032 3712 2151 3768 sive
2203 3712 2510 3783 subreptos
2561 3716 2874 3782 antequam
2924 3728 3021 3767 eos
3073 3712 3452 3781 absolverem,
3495 3719 3552 3770 et
3607 3731 3695 3771 re-

278 3809 579 3872 tractatos,
610 3820 739 3859 mea
770 3803 1077 3875 dispositio
1112 3805 1316 3871 fuerat,
1349 3803 1686 3874 expolirem.
1719 3802 1845 3856 Non
1883 3802 2039 3857 enim
2072 3800 2438 3872 singillatim,
2472 3802 2569 3856 sed
2603 3817 2807 3856 omnes
2840 3800 3013 3856 simul
3054 3801 3221 3858 edere
3251 3820 3319 3858 ea
3348 3803 3574 3860 ratione
3605 3805 3700 3860 de-

278 3893 878 3964 creveram,quoniam
903 3892 1363 3965 praecedentibus
1386 3896 1809 3962 consequentes
1831 3890 2212 3962 inquisitione
2241 3889 2575 3962 proficiente
2598 3891 3085 3947 nectuntur.Cum
3110 3907 3246 3963 ergo
3270 3909 3371 3964 per
3392 3909 3493 3949 eos
3514 3893 3692 3950 homi-

277 3998 383 4039 nes
406 3982 567 4055 (quia
593 3983 933 4055 priusquam
956 3981 1264 4045 vellem,ad
1292 3981 1579 4054 quosdam
1616 3980 1848 4035 illorum
1880 3980 2177 4052 pervenire
2203 3983 2541 4051 potuerunt)
2565 3979 2870 4052 dispositio
2893 3996 3023 4035 mea
3053 3981 3412 4053 nequivisset
3439 3981 3693 4054 impleri,

274 4072 669 4143 interruptam
696 4072 1071 4127 dictationem
1106 4070 1479 4143 reliqueram,
1510 4071 1774 4141 cogitans
1802 4069 1910 4125 hoc
1942 4069 2135 4141 ipsum
2168 4069 2228 4125 in
2262 4068 2560 4142 aliquibus
2593 4069 2740 4125 meis
2772 4070 3003 4137 scriptis
3033 4071 3333 4142 conqueri,
3368 4076 3431 4127 ut
3460 4072 3695 4144 scirent,

278 4161 382 4234 qui
416 4166 676 4232 possent,
713 4178 827 4216 non
860 4178 893 4215 a
923 4177 1017 4216 me
1050 4161 1229 4216 fuisse
1261 4160 1496 4215 eosdem
1526 4158 1709 4215 libros
1739 4159 1949 4230 editos,
1974 4159 2072 4214 sed
2099 4158 2325 4213 ablatos
2357 4158 2702 4230 priusquam
2737 4157 2881 4213 mihi
2911 4157 3164 4214 editione
3194 4176 3321 4216 mea
3351 4160 3516 4233 digni
3546 4161 3698 4217 vide-

276 4255 502 4308 rentur.
535 4250 750 4305 Verum
785 4250 1099 4305 multorum
1135 4250 1382 4305 fratrum
1416 4248 1929 4305 vehementissima
1957 4247 2367 4321 postulatione,
2393 4251 2449 4302 et
2480 4247 2732 4303 maxime
2761 4252 2863 4303 tua
2886 4247 3154 4318 jussione
3186 4249 3698 4322 compulsus,opus

276 4344 397 4395 tam
430 4338 811 4406 laboriosum,
844 4340 1156 4411 adjuvante
1184 4339 1429 4394 Domino
1464 4338 1777 4393 terminare
1810 4337 2003 4393 curavi
2040 4353 2051 4392 ε
2086 4353 2304 4409 eosque
2333 4337 2693 4407 emendatos,
2719 4354 2831 4392 non
2866 4340 2929 4391 ut
2959 4336 3136 4403 volui,
3170 4338 3269 4392 sed
3306 4342 3370 4393 ut
3408 4339 3591 4409 potui,
3624 4356 3697 4395 ne

279 4430 351 4484 ab
386 4427 504 4483 illis
535 4428 635 4501 qui
660 4428 920 4501 subrepti
946 4429 1069 4498 jam
1103 4428 1160 4483 in
1197 4444 1408 4483 manus
1440 4428 1749 4483 hominum
1778 4426 2389 4498 exierant,plurimum
2414 4426 3212 4497 discreparent,Venerationi
3236 4431 3347 4481 tum
3379 4444 3481 4499 per
3507 4426 3695 4484 ﬁlium

284 4522 553 4573 nostrum
590 4518 1012 4574 condiaconum
1046 4517 1463 4573 charissimam
1498 4517 1716 4583 misi,et
1741 4516 2089 4588 cuicumque
2123 4515 2888 4583 audiendos,describendos
2916 4513 3310 4587 legendosque
3328 4517 3569 4588 permisi
3596 4536 3608 4575 :
3637 4518 3697 4574 in

280 4607 501 4679 quibus
533 4606 582 4662 si
613 4608 828 4663 servari
860 4625 989 4663 mea
1017 4608 1323 4680 dispositio
1358 4607 1661 4678 potuisset,
1695 4612 1891 4662 essent
1919 4605 2171 4678 profecto
2203 4605 2310 4661 etsi
2344 4605 2575 4661 easdem
2610 4604 2931 4660 sententias
2961 4603 3266 4674 habentes,
3287 4605 3470 4662 multo
3500 4610 3697 4663 tamen

281 4695 654 4752 enodatiores
678 4702 853 4769 atque
878 4696 1190 4768 planiores,
1218 4703 1502 4767 quantum
1537 4712 1731 4751 rerum
1766 4700 2059 4751 tantarum
2092 4694 2570 4767 explicandarum
2602 4692 2922 4749 difﬁcultas
2953 4701 3007 4750 et
3038 4692 3282 4751 facultas
3315 4700 3516 4753 nostra
3534 4702 3700 4769 pate-

284 4786 636 4841 retur.Sunt
667 4792 860 4841 autem
892 4787 989 4857 qui
1023 4785 1244 4859 primos
1276 4789 1526 4857 quatuor
1556 4784 1642 4841 vel
1678 4783 1870 4856 potius
1905 4787 2161 4857 quinque
2192 4784 2367 4840 etiam
2400 4783 2525 4840 sine
2555 4782 2847 4855 prommiis
2897 4782 3134 4852 habent,
3189 4788 3246 4839 et
3287 4784 3698 4841 duodecimum

283 4874 410 4930 sine
459 4879 720 4931 extrema
749 4880 913 4948 parte
943 4892 1056 4931 non
1091 4892 1297 4947 parva;
1332 4876 1432 4931 sed
1464 4874 1513 4930 si
1544 4875 1628 4930 eis
1653 4874 1775 4930 haec
1793 4875 1968 4929 editio
1992 4875 2240 4947 potuerit
2262 4875 2642 4945 innotescere,
2663 4874 2861 4930 omnia
2883 4873 2933 4929 si
2986 4872 3274 4930 voluerint
3304 4879 3359 4931 et
3390 4874 3697 4939 valuerint,

285 4980 453 5020 emen
488 4965 733 5020 dabunt.
779 4968 914 5020 Peto
948 4981 1087 5020 sane
1118 4969 1182 5020 ut
1212 4965 1362 5020 hanc
1394 4964 1723 5038 epistolam,
1754 4980 2018 5020 seorsum
2050 4964 2312 5036 quidem,
2344 4964 2445 5021 sed
2485 4966 2682 5020 tamen
2714 4964 2785 5021 ad
2841 4967 3021 5037 caput
3048 4964 3383 5021 earumdem
3414 4963 3697 5020 librorum

278 5055 491 5126 jubeas
514 5053 812 5127 anteponi.
847 5053 1002 5111 Vale.
1028 5054 1140 5111 Ora
1171 5072 1273 5128 pro
1306 5071 1419 5112 me.
3064 5057 3068 5061 ⁴

301 5183 3703 5212 Ἢ

363 5306 437 5368 In
469 5306 651 5368 libros
678 5305 749 5368 de
798 5307 1091 5369 Trtm'tate
1123 5306 1255 5388 vide
1287 5306 1393 5368 lib.
1440 5310 1499 5383 2,
1554 5326 1685 5388 cap.
1723 5309 1795 5368 15
1832 5307 2388 5379 Retractationum,
2437 5316 2579 5369 tom.
2632 5309 2690 5381 1,
2740 5307 2851 5369 col.
2883 5309 3026 5383 635,
3056 5325 3095 5369 a
3125 5303 3339 5369 verbis.
3371 5302 3590 5367 Libros
3620 5305 3698 5368 de

286 5388 611 5464 Trinitate,
646 5409 707 5448 η.
748 5391 804 5459 1,
837 5407 1021 5470 usque
1051 5387 1133 5449 ad
1161 5388 1366 5462 verba,
1399 5390 1485 5449 De
1516 5387 1817 5449 Trinitate
1848 5389 2230 5460 disserimus,
2261 5408 2325 5449 η.
2359 5391 2422 5458 2,
2455 5388 2567 5450 col.
2601 5390 2740 5451 636.
2826 5389 2912 5450 M.

1600 5638 2407 5692 W
