4100 6194
259 353 379 414 829

260 487 449 545 forma
470 486 572 545 Dei
595 488 753 544 idem
775 487 899 561 ipse
920 488 998 545 sit
1018 487 1197 543 Filius
1218 485 1558 558 unigenitus
1577 484 1678 541 Dei
1698 486 1907 555 Patris,

258 577 318 633 in
347 578 539 634 forma
563 577 658 634 Dei
681 576 925 649 aqualis
949 577 1129 647 Patri,
1154 576 1213 631 in
1236 575 1425 632 forma
1445 574 1597 631 servi
1624 575 1911 632 mediator

256 666 359 723 Dei
380 672 439 722 et
458 666 766 721 hominum
790 665 963 722 homo
980 665 1248 722 Christus
1267 665 1442 720 Jesus
1468 682 1481 732 ;
1515 663 1649 736 quis
1670 681 1787 721 non
1820 664 1909 719 in-

254 756 484 829 telligat
515 755 749 828 quodin
774 756 961 810 forma
982 754 1083 810 Dei
1114 754 1291 810 etiam
1325 754 1449 826 ipse
1481 770 1544 810 se
1573 753 1702 826 ipso
1724 755 1912 824 major

254 850 365 913 est,
399 845 459 901 in
491 846 678 901 forma
698 850 891 900 autem
928 843 1078 901 servi
1108 843 1283 899 etiam
1307 860 1368 900 se
1396 843 1524 915 ipso
1556 844 1748 899 minor
1775 842 1911 900 est?

258 935 387 992 Non
419 934 618 1006 itaque
650 933 943 990 immerito
976 932 1281 1006 Scriptura
1311 938 1631 1005 utrumque
1659 932 1821 1003 dicit,
1855 937 1913 988 et

266 1024 550 1095 aqualem
575 1022 733 1078 Patri
768 1022 1069 1088 Filium,et
1090 1025 1311 1078 Patrem
1344 1022 1624 1093 majorem
1646 1020 1810 1078 Filio.
1844 1022 1915 1077 Il-

257 1111 362 1169 lud
392 1113 551 1169 enim
585 1116 822 1185 propter
870 1112 1116 1167 formam
1153 1111 1277 1180 Dei,
1312 1110 1420 1167 hoc
1451 1116 1645 1168 autem
1676 1116 1914 1184 propter

260 1202 513 1259 formam
527 1201 830 1269 servi,sine
843 1200 963 1256 ulla
974 1201 1314 1257 confusione
1334 1199 1697 1273 intelligitur.
1714 1201 1913 1258 Ethaec

252 1290 427 1349 nobis
441 1291 646 1364 regula
658 1305 761 1363 per
773 1306 967 1346 omnes
978 1306 1174 1347 sacras
1185 1289 1515 1362 Scripturas
1528 1289 1912 1349 dissolvendm

253 1380 438 1451 hujus
467 1378 813 1451 questionis,
846 1395 916 1435 ex
974 1395 1090 1435 uno
1139 1377 1395 1451 capitulo
1432 1378 1701 1450 Epistolas
1750 1379 1913 1436 Pauli

252 1468 505 1542 apostoli
542 1468 851 1541 promitur,
894 1468 995 1525 ubi
1044 1468 1415 1525 manifestius
1455 1468 1569 1523 ista
1614 1468 1915 1526 distinctio

251 1556 828 1615 commendatur.Ait
853 1557 1008 1612 enim
1035 1572 1048 1612 :
1070 1559 1185 1627 Qui
1212 1572 1332 1612 cum
1364 1558 1426 1611 in
1445 1560 1630 1625 [arma
1646 1558 1742 1614 Dei
1757 1562 1911 1627 esset,

249 1663 363 1703 non
402 1647 673 1718 rapinam
699 1646 1007 1702 arbitratus
1038 1649 1117 1701 est
1153 1661 1265 1701 esse
1291 1646 1529 1718 aqualis
1557 1647 1663 1703 Deo
1674 1663 1695 1709 ;
1722 1647 1816 1702 sed
1837 1664 1916 1704 se-

250 1738 547 1807 metipsum
567 1736 903 1803 exinanivit,
926 1737 1147 1806 forman
1169 1751 1311 1790 servi
1341 1735 1634 1806 accipiens,
1665 1738 1726 1791 in
1754 1738 1914 1792 simi-

251 1824 558 1881 litudinem
597 1824 887 1880 hominum
912 1829 1115 1895 factus,
1147 1828 1198 1879 et
1226 1824 1419 1879 habitu
1448 1827 1701 1881 inventus
1730 1839 1791 1880 ut
1818 1826 1912 1882 ho-

250 1934 340 1974 mo
362 1918 630 1990 (Philipp.
665 1934 727 1988 ιι,
759 1916 917 1987 6,7).
960 1917 1062 1971 Est
1094 1932 1230 1990 ergo
1253 1915 1355 1972 Dei
1395 1916 1574 1973 Filius
1612 1917 1727 1974 Deo
1764 1918 1913 1974 Patri

253 2013 469 2063 natura
499 2006 760 2079 aqualis,
795 2005 998 2061 habitu
1033 2005 1243 2061 minor.
1283 2011 1344 2061 ln
1376 2007 1562 2062 forma
1581 2008 1737 2063 enim
1761 2008 1912 2063 servi

250 2114 434 2169 quam
459 2097 702 2167 accepit.
730 2096 924 2151 minor
943 2101 1034 2151 est
1054 2096 1222 2151 Patre
1249 2112 1261 2151 :
1292 2096 1351 2151 in
1372 2096 1559 2152 forma
1580 2101 1776 2153 autem
1811 2097 1912 2153 Dei

250 2186 309 2241 in
334 2204 454 2258 qua
475 2191 598 2241 erat
617 2186 794 2241 etiam
824 2190 1137 2257 antequam
1171 2183 1323 2240 hanc
1343 2186 1683 2253 accedisset,
1715 2203 1909 2258 aequa-

250 2273 330 2329 lis
363 2280 453 2329 est
475 2273 651 2329 Patri.
674 2274 736 2329 In
770 2274 957 2329 forma
978 2272 1100 2341 Dei,
1140 2274 1395 2329 Verbum
1438 2291 1539 2345 per
1566 2276 1721 2346 quod
1759 2276 1912 2331 facta

243 2368 390 2419 sunt
421 2364 620 2419 omnia
651 2364 828 2434 (Joan.
866 2364 916 2432 1,
949 2363 1041 2431 3):
1070 2362 1127 2417 in
1161 2363 1350 2419 forma
1379 2369 1575 2420 autem
1608 2365 1757 2420 servi
1790 2365 1908 2422 fac-

239 2458 339 2509 tus
371 2469 441 2509 ex
475 2453 738 2519 muliere,
770 2452 960 2508 factus
992 2453 1102 2507 sub
1140 2451 1303 2525 Lege,
1329 2456 1391 2507 ut
1424 2470 1522 2509 eos
1553 2453 1650 2524 qui
1670 2454 1779 2509 sub
1803 2455 1905 2510 Le-

238 2558 313 2616 ge
344 2546 535 2609 erant,
568 2542 880 2598 redimeret
929 2539 1130 2614 (Galat.
1182 2559 1259 2606 ιν,
1311 2542 1363 2611 4,
1394 2542 1474 2611 5).
1535 2542 1783 2599 Proinde
1846 2544 1906 2600 in

238 2633 431 2688 forma
459 2629 561 2687 Dei
595 2630 731 2687 fecit
760 2630 1094 2687 hominem:
1125 2630 1185 2686 in
1210 2631 1400 2687 forma
1428 2648 1579 2688 serv:
1614 2633 1803 2689 factus
1819 2637 1909 2689 est

242 2720 447 2777 homo.
485 2720 632 2777 Nam
665 2719 714 2775 si
747 2719 916 2775 Pater
942 2723 1173 2775 tantum
1201 2720 1328 2776 sine
1362 2719 1503 2776 Filio
1542 2719 1775 2776 fecisset
1804 2721 1905 2776 ho-

249 2809 501 2875 minem,
533 2825 647 2864 non
682 2808 967 2881 scriptum
998 2814 1175 2877 esset,
1207 2810 1493 2865 Faciamus
1521 2809 1799 2866 hominem
1833 2811 1910 2866 ad

236 2899 548 2970 imaginem
566 2901 619 2954 et
638 2898 1068 2954 similitudinem
1096 2907 1339 2954 nostram
1367 2898 1521 2970 (Gen.
1554 2917 1592 2969 ι,
1618 2899 1727 2967 26).
1762 2899 1908 2972 Ergo

240 2989 387 3060 quia
418 2988 605 3043 forma
653 2987 753 3043 Dei
787 2987 1012 3059 accepit
1067 2988 1317 3043 formam
1372 2987 1543 3055 servi,
1592 2992 1909 3060 utrumque

243 3083 400 3133 Deus
430 3081 489 3133 et
518 3082 834 3149 utrumque
864 3076 1041 3133 homo
1076 3094 1090 3133 :
1124 3078 1225 3133 sed
1262 3081 1582 3149 utrumque
1603 3078 1756 3134 Deus
1784 3096 1911 3151 pro-

236 3172 373 3240 pter
404 3165 784 3237 accipientem
844 3166 1053 3233 Deum,
1094 3171 1421 3239 utrumque
1479 3172 1673 3223 autem
1737 3167 1908 3224 homo

240 3262 488 3330 propter
515 3261 819 3328 acceptum
849 3256 1149 3312 hominem
1188 3273 1375 3330 neque
1419 3256 1575 3313 enim
1628 3256 1729 3313 illa
1775 3274 1906 3314 sus-

245 3345 526 3417 ceptione
550 3344 798 3400 alterum
833 3361 1035 3401 eorum
1069 3345 1127 3399 in
1155 3345 1402 3401 alterum
1454 3363 1798 3402 conversum
1822 3350 1907 3402 at-

242 3451 363 3508 que
386 3438 681 3490 mutatum
703 3438 792 3490 est
816 3450 829 3490 :
854 3450 959 3489 nec
974 3434 1249 3491 divinitas
1270 3434 1487 3507 quippe
1502 3435 1562 3490 in
1577 3442 1906 3493 creaturam

233 3529 469 3579 mutata
488 3528 597 3592 est,
624 3527 688 3578 ut
709 3523 1018 3579 desisteret
1037 3540 1166 3580 esse
1190 3524 1499 3593 divinitas;
1526 3541 1631 3580 nec
1642 3532 1909 3581 creatura

232 3611 297 3668 in
323 3612 716 3681 divinitatem,
749 3617 813 3667 ut
843 3612 1152 3669 desisteret
1176 3628 1309 3668 esse
1339 3618 1631 3669 creatura.

315 3700 553 3757 CAPUT
574 3700 726 3757 VllI.
755 3732 815 3742 -
847 3703 934 3758 15.
963 3703 1286 3771 Scripturas
1315 3702 1382 3758 de
1409 3704 1748 3774 subjectione
1771 3705 1910 3760 Filii

233 3790 339 3847 sub
369 3791 535 3845 Patre
560 3806 851 3861 perperam
873 3791 1179 3847 intellectas
1200 3791 1454 3863 explicat.
1488 3793 1727 3863 Regnum
1750 3794 1911 3848 Patri

233 3895 349 3935 non
370 3879 452 3935 sic
472 3879 650 3936 tradet
683 3879 963 3946 Christus,
996 3883 1059 3935 ut
1090 3879 1307 3935 adimat
1346 3881 1475 3935 sibi.
1508 3882 1908 3952 Contemplatio

231 3970 507 4040 promissa
536 3968 665 4038 ﬁnis
695 3970 952 4025 omnium
978 3970 1277 4025 actionum.
1306 3970 1552 4040 Spiritus
1580 3976 1805 4026 sanctus
1835 3971 1910 4026 ad

234 4058 595 4114 beatudinem
609 4061 855 4113 nostram
872 4059 1077 4129 sufﬁcit
1095 4058 1404 4130 perindeac
1422 4061 1605 4123 Pater,
1638 4058 1787 4114 Illud
1811 4076 1884 4115 au

231 4150 353 4202 tem
379 4146 537 4218 quod
571 4145 712 4202 dicit
743 4146 1072 4218 Apostolus,
1106 4149 1246 4204 Cum
1272 4150 1459 4203 autem
1487 4149 1543 4204 ei
1567 4149 1753 4203 omnia
1786 4148 1908 4204 ,ςιιῦ-

223 4238 379 4309 jecla
408 4237 643 4307 fuerint,
667 4239 799 4291 tunc
812 4240 865 4291 et
886 4237 1000 4307 ipse
1024 4237 1196 4292 Filius
1214 4237 1491 4309 subjectus
1509 4239 1677 4293 eritei
1698 4240 1795 4309 qui
1818 4238 1910 4294 illi

230 4326 471 4396 subjecit
491 4325 682 4381 omnia
695 4341 716 4386 ,·
734 4329 836 4380 aut
864 4325 992 4381 ideo
1013 4324 1231 4381 dictum
1256 4332 1444 4394 est,ne
1466 4326 1779 4399 quisquam
1805 4344 1909 4399 pu-

229 4418 386 4471 taret
408 4413 681 4470 habitum
705 4413 944 4484 Christi,
977 4415 1077 4487 qui
1100 4431 1168 4471 ex
1189 4415 1454 4471 humana
1474 4422 1741 4471 crcatura
1771 4433 1903 4473 sus-

232 4508 445 4577 ceptus
475 4507 587 4571 est,
620 4520 969 4560 conversum
996 4504 1066 4559 iri
1091 4509 1295 4576 postea
1322 4504 1383 4559 in
1416 4504 1605 4576 ipsam
1641 4504 1907 4562 divinita-

232 4592 505 4663 tem,vel,
532 4597 596 4649 ut
625 4594 839 4649 certius
870 4593 1280 4666 expresserim,
1309 4593 1610 4660 deitatem,
1637 4610 1764 4666 quae
1788 4612 1903 4650 non

240 4688 333 4740 est
372 4686 660 4754 creatura,
711 4683 811 4739 sed
856 4688 947 4739 est
985 4683 1181 4738 unitas
1220 4682 1522 4738 Trinitatis
1566 4682 1905 4755 incorporea

231 4777 295 4829 et
346 4771 854 4828 incommutabilis
900 4778 956 4828 et
1003 4772 1239 4828 sibimet
1286 4772 1807 4829 consubstantialis
1848 4778 1905 4831 et

240 4870 535 4918 coaeterna
583 4866 812 4917 natura.
857 4864 967 4916 Aut
1021 4861 1069 4917 si
1122 4861 1437 4933 quisquam
1487 4862 1805 4930 contendit,
1840 4867 1904 4919 ut

236 4950 429 5023 aliqui
461 4956 796 5015 senserunt,
827 4949 910 5006 ita
940 4950 1184 5017 dictum,
1216 4952 1280 5006 Et
1328 4953 1439 5023 ipse
1485 4952 1669 5009 Filius
1696 4953 1902 5024 subjec-

231 5048 329 5097 tus
358 5042 466 5097 erit
498 5041 550 5097 ei
577 5041 674 5113 qui
710 5040 801 5097 illi
840 5040 1098 5112 subjeccit
1122 5056 1330 5111 omnia,
1354 5045 1420 5097 ut
1446 5040 1636 5113 ipsam
1669 5041 1901 5113 subjec-

228 5129 478 5198 tionem,
528 5130 1053 5187 commutationem
1104 5133 1163 5185 et
1207 5130 1648 5187 conversionem
1706 5131 1903 5187 credat

230 5219 496 5275 futuram
529 5224 807 5275 creaturae
836 5218 897 5274 in
928 5218 1117 5290 ipsam
1151 5219 1547 5276 substantiam
1579 5219 1667 5275 vel
1698 5237 1896 5276 essen-

225 5308 377 5363 tiam
420 5308 730 5375 Creatoris,
778 5308 835 5363 id
886 5313 995 5375 est,
1044 5313 1111 5364 ut
1152 5324 1282 5380 quae
1332 5308 1523 5364 fuerat
1570 5310 1899 5366 substantia

224 5401 531 5464 creature,
566 5397 668 5453 ﬁat
698 5397 1030 5454 substantia
1059 5397 1386 5463 Creatoris;
1442 5403 1597 5453 certe
1639 5398 1729 5454 vel
1779 5399 1888 5456 hoc

224 5486 518 5555 concedit,
540 5485 696 5558 quod
731 5503 844 5543 non
877 5486 1054 5542 habet
1071 5485 1249 5542 ullam
1270 5485 1718 5555 dubitationem,
1744 5504 1895 5544 non—

229 5575 379 5629 dum
408 5574 521 5633 hoc
550 5575 733 5632 fuisse
763 5576 982 5632 factum
1014 5592 1150 5632 eum
1183 5574 1472 5632 Dominus
1502 5576 1743 5645 diceret,
1774 5579 1896 5635 Pa-

230 5666 323 5718 ter
346 5664 524 5735 major
551 5681 639 5721 me
662 5668 761 5721 est.
798 5664 951 5721 Dixit
994 5664 1151 5721 enim
1202 5663 1311 5721 hoc
1359 5680 1475 5720 non
1509 5664 1702 5722 solum
1733 5673 1896 5723 ante-

231 5768 420 5825 quam
464 5754 825 5810 ascendisset
869 5751 930 5812 in
980 5752 1216 5827 caelum,
1259 5769 1462 5811 verum
1507 5753 1685 5812 etiam
1730 5761 1895 5813 ante-

235 5856 421 5913 quam
446 5858 658 5915 passus
676 5842 1091 5903 resurrexisset
1110 5861 1145 5902 a
1164 5842 1434 5905 mortuis.
1460 5842 1551 5903 Illi
1568 5847 1766 5905 autem
1790 5845 1892 5919 qui

1663 353 1897 414 LIBER
1940 352 2263 415 PRIMUS.

3550 354 3669 416 830

2018 486 2563 559 putanthumanam
2590 488 2649 544 in
2672 504 2738 545 eo
2755 492 3026 546 naturam
3051 488 3107 544 in
3131 488 3363 545 deitatis
3394 488 3664 546 substan~

2019 575 2158 630 tiam
2185 577 2398 632 mutari
2443 582 2615 649 atque
2644 577 2922 650 converti,
2972 584 3028 635 et
3064 579 3143 634 ita
3175 580 3417 648 dictum,
3450 581 3596 635 Tunc
3613 590 3665 636 et

2019 667 2135 736 ipse
2181 664 2361 721 Filius
2396 668 2669 739 subjectus
2714 670 2820 724 erit
2850 670 2906 724 ei
2933 671 3034 741 qui
3073 670 3169 724 illi
3194 670 3423 740 subjecit
3455 672 3661 737 omnia,

2019 770 2087 811 ac
2109 754 2158 811 si
2180 754 2491 822 diceretur,
2510 760 2672 814 Tunc
2696 762 2752 813 et
2778 758 2903 830 ipse
2915 758 3093 813 Filius
3113 758 3370 814 hominis
3392 764 3448 815 et
3467 777 3498 815 a
3523 759 3663 815 Ver-

2020 844 2096 901 bo
2123 843 2218 900 Dei
2257 850 2530 918 suscepta
2558 845 2817 902 humana
2867 853 3076 903 natura
3109 849 3564 905 commutabitur
3601 849 3662 905 in

2021 933 2150 1005 ejus
2166 938 2457 1006 naturam,
2482 935 2583 1007 qui
2608 936 2658 991 ei
2683 937 2933 1009 subjecit
2965 937 3192 1005 omnia;
3228 944 3365 994 tunc
3398 940 3661 997 futurum

2021 1027 2253 1096 putant,
2287 1039 2411 1079 sum
2430 1030 2562 1097 post
2583 1026 2735 1081 diem
2751 1026 2959 1096 judicii
2982 1027 3284 1084 tradiderit
3307 1044 3541 1098 regnum
3570 1031 3667 1086 Dei

2020 1118 2073 1168 et
2094 1114 2273 1169 Patri.
2304 1116 2386 1170 Ac
2415 1131 2517 1186 per
2546 1115 2652 1171 hoc
2674 1115 2848 1171 etiam
2870 1118 3195 1173 secundum
3233 1119 3406 1174 istam
3439 1119 3663 1192 opinio-

2023 1218 2157 1257 nem
2187 1201 2380 1260 adhuc
2407 1204 2577 1260 Pater
2618 1205 2805 1277 major
2832 1210 2942 1271 est,
2983 1222 3159 1279 quam
3179 1224 3305 1281 quae
3328 1208 3398 1263 de
3438 1208 3664 1281 virgine

2023 1292 2175 1347 servi
2205 1293 2394 1349 forma
2419 1298 2656 1365 accepta
2676 1299 2785 1351 est.
2812 1295 2974 1359 Quod
3011 1296 3059 1351 si
3095 1296 3272 1367 aliqui
3296 1301 3352 1352 et
3380 1296 3486 1352 hoc
3505 1297 3661 1353 afﬁr-

2023 1385 2209 1449 mant,
2243 1382 2538 1454 quodjam
2568 1382 2744 1439 fuerit
2765 1384 2824 1439 in
2849 1384 2950 1439 Dei
2973 1385 3368 1441 substantiam
3398 1390 3664 1441 mutatus

2022 1469 2197 1527 homo
2229 1471 2495 1529 Christus
2517 1472 2725 1541 Jesus;
2757 1472 2903 1529 illud
2941 1478 3092 1529 certe
3131 1490 3341 1547 negare
3380 1492 3496 1530 non
3536 1492 3669 1547 pos—

2024 1563 2182 1628 sunt,
2207 1563 2358 1632 quod
2384 1561 2576 1617 adhuc
2606 1568 2817 1618 natura
2839 1562 3096 1618 hominis
3118 1562 3410 1629 manebat,
3434 1566 3670 1636 quando

2023 1654 2159 1705 ante
2190 1651 2521 1722 passionem
2564 1652 2816 1719 dicebat,
2861 1653 3132 1721 Quoniam
3172 1656 3338 1708 Pater
3381 1655 3557 1726 major
3585 1669 3673 1710 me

2024 1742 2103 1794 est
2123 1755 2142 1793 :
2165 1740 2320 1794 unde
2344 1739 2504 1795 nulla
2525 1741 2817 1797 cunctatio
2845 1745 2933 1796 est
2962 1742 3286 1796 secundum
3308 1740 3417 1797 hoc
3450 1743 3671 1797 dictum

2022 1842 2150 1883 esse
2206 1828 2393 1884 forma
2438 1830 2589 1884 servi
2624 1832 2813 1901 major
2860 1835 2950 1886 est
2996 1830 3184 1901 Pater,
3230 1830 3322 1886 cui
3355 1831 3541 1886 forma
3572 1831 3668 1887 Dei

2020 1916 2264 1989 aequalis
2306 1923 2396 1973 est
2444 1918 2645 1975 Filius.
2696 1919 2813 1974 Nec
2861 1919 3173 1991 quisquam
3236 1937 3368 1975 cum
3424 1920 3673 1976 audierit

2020 2007 2173 2077 quod
2207 2008 2289 2061 ait
2315 2007 2644 2079 Apostolus,
2678 2008 2810 2064 Cum
2842 2018 3030 2063 autem
3056 2009 3287 2077 dixerit,
3320 2011 3454 2081 quia
3481 2012 3671 2066 omnia

2017 2097 2259 2168 subjecta
2277 2101 2407 2152 sunt
2435 2099 2506 2162 ei,
2536 2100 2891 2168 manifestum
2919 2100 3052 2169 quia
3080 2102 3281 2169 praeter
3302 2116 3428 2156 eum
3455 2102 3552 2172 qui
3583 2101 3674 2156 illi

2016 2186 2247 2255 subjecit
2276 2189 2462 2242 omnia
2491 2187 2537 2255 (Ι
2585 2186 2706 2242 Cor.
2739 2205 2833 2256 xv,
2871 2189 2964 2253 28,
2989 2188 3080 2254 2’1,
3111 2188 3223 2259 27),
3269 2188 3350 2244 ita
3378 2189 3673 2246 existimet

2018 2275 2089 2331 de
2121 2275 2287 2331 Patre
2322 2275 2791 2348 intelligendum,
2822 2277 2977 2350 quod
3012 2276 3324 2347 subjecerit
3351 2278 3551 2334 omnia
3582 2279 3668 2333 Fi-

2015 2363 2116 2429 lio,
2149 2369 2215 2420 ut
2237 2364 2433 2438 ipsum
2458 2365 2670 2422 Filium
2692 2366 2805 2422 sibi
2827 2367 3027 2422 omnia
3059 2366 3382 2439 subjecisse
3412 2384 3526 2424 non
3561 2385 3667 2440 pu-

2014 2454 2283 2520 tet.Quod
2300 2452 2610 2527 Apostolus
2632 2456 2703 2510 ad
2730 2454 3128 2528 Philippenses
3150 2455 3408 2511 ostendit
3425 2454 3624 2512 dicens
3650 2473 3663 2511 :

2012 2543 2216 2600 Nostra
2244 2552 2431 2600 autem
2458 2546 2796 2601 conversatio
2835 2546 2897 2600 in
2921 2543 3075 2601 caelis
3104 2549 3182 2601 est
3207 2562 3228 2608 ;
3257 2545 3402 2602 unde
3446 2548 3498 2601 et
3544 2545 3669 2601 Sal-

2013 2641 2251 2689 vatorem
2282 2642 2655 2706 exspectamus
2688 2636 2984 2690 Dominum
3012 2639 3209 2691 Jesum
3240 2635 3546 2702 Christum,
3576 2652 3671 2707 qui

2015 2722 2435 2793 transﬁgurabit
2461 2739 2656 2796 corpus
2686 2723 3023 2779 humilitatis
3053 2732 3279 2790 nostrae,
3313 2727 3591 2793 conforme
3611 2712 3675 2780 ut

2013 2811 2111 2882 ﬁat
2140 2814 2357 2883 corpori
2384 2815 2583 2882 gloria
2610 2827 2748 2881 sum,
2771 2814 3077 2869 secundum
3092 2814 3466 2885 Operationem
3482 2830 3662 2882 suam,

2014 2917 2123 2972 qua
2147 2903 2327 2973 possit
2344 2904 2510 2957 etiam
2527 2903 2634 2958 sibi
2659 2903 2927 2973 subjicere
2954 2904 3141 2958 omnia
3168 2904 3434 2976 (Philipp.
3467 2918 3551 2970 ιιι,
3574 2905 3666 2972 20,

2011 2990 2124 3061 21).
2161 2990 2570 3061 Inseparabilis
2610 2992 2766 3047 enim
2799 2992 3057 3063 operatio
3088 2998 3176 3046 est
3212 2991 3398 3047 Patris
3439 2997 3495 3048 et
3516 2993 3665 3049 Filii.

2013 3078 2287 3151 Alioquin
2322 3096 2425 3136 nec
2458 3080 2581 3152 ipse
2609 3081 2778 3137 Paler
2804 3081 2918 3137 sibi
2937 3081 3422 3152 subjecit,omnia
3452 3082 3553 3138 sed
3587 3082 3665 3137 Fi-

2012 3167 2130 3226 lius
2158 3168 2209 3224 ei
2241 3168 2617 3241 subjecit,qui
2640 3169 2691 3225 ei
2718 3186 2965 3243 regnum
2990 3170 3262 3239 tradit,et
3291 3176 3533 3226 evacuat
3553 3187 3673 3226 om'

2013 3275 2145 3314 nem
2180 3257 2575 3330 principatum
2598 3266 2655 3315 et
2677 3276 2912 3315 omnem
2937 3264 3279 3332 potestatem
3296 3264 3352 3315 et
3372 3260 3665 3317 virtutem.

2012 3347 2094 3404 De
2124 3347 2264 3403 Filio
2295 3349 2508 3421 quippe
2540 3348 2651 3404 ista
2681 3349 2837 3404 dicta
2885 3355 3022 3405 sunt
3048 3366 3059 3405 :
3096 3353 3235 3406 Cum
3257 3349 3666 3418 tradiderit,in-

2013 3437 2160 3510 quit,
2194 3454 2420 3509 regnum
2452 3439 2551 3495 Deo
2581 3442 2632 3494 et
2679 3440 2862 3504 Patri,
2893 3455 3022 3495 cum
3066 3441 3412 3493 evacuaverit
3452 3455 3667 3493 omnem

2005 3528 2391 3600 principatum
2405 3530 2455 3582 et
2467 3543 2683 3583 omnem
2694 3535 3007 3598 potestatem
3018 3536 3068 3584 et
3080 3529 3386 3584 virtutemJ
3396 3544 3498 3599 pse
3508 3528 3599 3583 eni
3610 3544 3666 3581 ιιι

2013 3616 2272 3687 subjicit,
2306 3615 2406 3686 qui
2439 3620 2702 3672 evacuat.

2086 3706 2172 3761 16.
2196 3705 2312 3761 Nec
2342 3705 2426 3761 sic
2458 3705 2812 3761 arbitremur
2835 3704 3130 3761 Christum
3179 3705 3537 3763 traditurum
3570 3722 3665 3762 re-

2011 3810 2192 3867 gnum
2226 3795 2341 3850 Deo
2372 3799 2429 3849 et
2458 3794 2634 3854 Patri.
2669 3799 2730 3849 ut
2760 3794 2978 3850 adimat
3001 3795 3135 3850 sibi.
3163 3795 3305 3852 Nam
3326 3801 3383 3850 et
3411 3795 3519 3851 hoc
3540 3797 3666 3868 qui-

2011 3883 2148 3938 dam
2178 3882 2479 3956 vaniloqui
2510 3883 2902 3939 crediderunt.
2936 3885 3080 3941 Cum
3103 3884 3261 3941 enim
3295 3886 3527 3954 dicitur,
3554 3895 3663 3942 ινα-

2010 3972 2209 4028 diderit
2238 3990 2471 4044 regnum
2518 3973 2622 4029 Deo
2668 3978 2722 4030 et
2763 3974 2941 4041 Patri,
2990 3991 3104 4030 non
3159 3980 3465 4047 separatur
3501 3974 3665 4047 ipse;

2012 4062 2148 4134 quia
2166 4061 2341 4118 simul
2365 4079 2497 4117 cum
2524 4066 2695 4119 Patre
2723 4079 2877 4119 unus
2900 4061 3051 4119 Deus
3074 4070 3177 4120 est.
3207 4064 3314 4119 Sed
3333 4065 3662 4120 divinarum

2010 4151 2445 4224 Scripturarum
2486 4151 2836 4208 incuriosos‘
2884 4159 2942 4209 et
2974 4154 3415 4210 contentionum
3441 4154 3667 4210 studio-

2010 4256 2108 4296 sos
2139 4238 2284 4295 fallit
2314 4242 2553 4297 verbum
2584 4242 2738 4313 quod
2772 4242 3020 4312 positum
3049 4248 3156 4308 est,
3188 4242 3375 4298 donec.
3394 4243 3476 4298 Ita
3500 4260 3664 4298 nam-

2009 4345 2124 4401 que
2157 4330 2450 4401 sequitur,
2486 4329 2882 4398 0portetcnim
2906 4332 3065 4386 illum
3086 4347 3344 4403 regnare,
3370 4333 3544 4386 donec
3571 4348 3664 4401 po-

2007 4422 2106 4474 nat
2126 4434 2313 4474 omnes
2344 4420 2598 4475 inimicos
2635 4435 2761 4475 suos
2782 4420 2881 4474 sub
2906 4420 3135 4490 pedibus
3172 4422 3286 4475 suis
3323 4421 3365 4492 (l
3412 4420 3535 4475 Cor.
3572 4438 3661 4487 xv,

2005 4508 2207 4581 24,25)
2233 4526 2247 4565 :
2270 4514 2551 4580 tanquam
2584 4525 2719 4563 cum
2748 4509 3028 4580 posuerit,
3058 4526 3173 4564 non
3196 4510 3273 4565 sit
3290 4516 3660 4580 regnaturus.

2008 4597 2125 4656 Nec
2157 4597 2493 4669 intelligunt
2524 4597 2607 4651 ita
2638 4596 2879 4664 diclum,
2914 4597 3085 4652 sicuti
3118 4603 3208 4653 est
3237 4598 3420 4655 illud:
3448 4601 3659 4670 Conﬁr-

2005 4694 2215 4741 matum
2237 4691 2314 4742 est
2343 4702 2439 4742 cor
2466 4687 2584 4758 ejus
2609 4703 2630 4748 ;
2660 4702 2772 4742 non
2801 4687 3248 4755 commovebitur,
3279 4688 3446 4745 donec
3490 4690 3664 4745 videat

2004 4791 2170 4848 super
2202 4777 2455 4833 inimicos
2484 4792 2609 4832 suos
2639 4777 2814 4847 (Psal.
2847 4793 2961 4843 cxr,
3017 4777 3093 4849 8).
3145 4778 3269 4833 Non
3320 4778 3476 4834 enim
3527 4796 3660 4835 cum

2005 4865 2233 4937 viderit,
2260 4867 2384 4937 jam
2417 4865 2903 4924 commovebitur.
2923 4866 3069 4932 Quid
3101 4883 3238 4940 ergo
3260 4873 3368 4934 est,
3386 4869 3514 4923 Cum
3537 4871 3657 4925 tra-

2002 4952 2209 5009 diderit
2238 4971 2467 5027 regnum
2498 4956 2604 5011 Deo
2631 4958 2687 5011 et
2713 4957 2914 5012 Patri?
2961 4956 3131 5028 quasi
3179 4957 3345 5013 modo
3385 4973 3502 5012 non
3556 4956 3656 5012 ba-

2004 5042 2137 5099 beat
2168 5061 2412 5117 regnum
2446 5044 2602 5101 Deus
2632 5050 2689 5101 et
2712 5045 2921 5102 Pater?
2953 5046 3062 5103 Sed
3112 5045 3250 5117 quia
3299 5048 3655 5116 omnesjus-

2003 5137 2116 5198 tos,
2150 5133 2209 5188 in
2233 5133 2450 5205 quibus
2483 5151 2640 5190 nunc
2668 5139 2876 5208 regnat
2904 5152 2973 5191 ex
3015 5135 3129 5190 ﬁde
3157 5133 3486 5190 viventibus
3535 5152 3653 5191 me-

2002 5222 2193 5278 diator
2223 5222 2323 5279 Dei
2352 5228 2410 5279 et
2440 5223 2749 5281 hominum
2782 5225 2956 5283 homo
2979 5224 3248 5280 Christus
3292 5226 3487 5293 Jesus,
3521 5242 3654 5297 per-

2001 5312 2286 5368 ducturus
2337 5316 2427 5368 est
2474 5312 2547 5368 ad
2605 5312 2883 5385 speciem,
2934 5327 3113 5383 quam
3169 5310 3455 5367 visionem
3514 5313 3656 5369 dicit

2000 5400 2154 5457 idem
2187 5400 2509 5474 apostolus,
2540 5402 2703 5459 Facie
2731 5401 2802 5457 ad
2841 5402 3044 5473 faciem
3083 5400 3129 5469 (Ι
3176 5398 3297 5456 Cor.
3346 5418 3472 5469 xm,
3522 5404 3650 5475 12);

2000 5489 2083 5546 ita
2113 5490 2336 5548 dictum
2370 5495 2479 5561 est,
2513 5490 2647 5547 Cum
2678 5490 2963 5548 tradiderit
2992 5506 3227 5562 regnum
3256 5491 3361 5547 Deo
3390 5500 3443 5548 et
3468 5495 3652 5565 Patri,

2000 5596 2067 5637 ac
2090 5580 2139 5637 si
2170 5580 2478 5653 diceretur,
2529 5581 2673 5637 Cum
2707 5580 3044 5653 perduxerit
3073 5580 3375 5638 credentes
3408 5583 3480 5639 ad
3511 5600 3649 5641 con-

1997 5668 2437 5742 templationem
2468 5670 2565 5725 Dei
2596 5674 2653 5725 et
2684 5668 2893 5725 Patris.
2946 5668 3040 5726 Sic
3089 5670 3246 5727 enim
3296 5670 3438 5728 dicit
3472 5688 3486 5727 :
3524 5674 3648 5730 0m-

1996 5760 2097 5817 nia
2123 5759 2267 5815 mihi
2310 5758 2514 5816 tradita
2542 5767 2667 5815 sunt
2718 5776 2753 5816 a
2794 5760 2969 5816 Patre
2999 5776 3119 5822 meo
3152 5779 3167 5826 :
3198 5765 3251 5823 et
3296 5779 3452 5823 nemo
3499 5766 3652 5822 novit

2061 5860 2081 5897 ι
2107 5856 2193 5910 Sic
2218 5856 2342 5909 Mss.
2379 5856 2519 5911 Editi
2547 5859 2749 5923 autem,
2774 5857 3016 5911 curiosos.
