4100 6194
78 5666 93 5727 ζ
106 5710 109 5713 λ

3632 112 3649 123 κ
3664 112 3895 133 (imr-

482 324 595 386 831
1586 324 1688 384 DE
1732 322 2189 397 THINITATE,
2238 324 2303 384 S.
2349 322 2777 384 AUGUSTINI
3722 329 3818 390 83a

487 455 715 517 Filium,
746 456 860 509 nisi
885 455 1048 508 Pater
1072 470 1084 519 ;
1113 458 1165 508 et
1192 470 1348 509 nemo
1370 455 1521 509 novit
1544 460 1780 521 Patrem,
1799 455 1914 509 nisi
1933 454 2128 522 Filius,

2232 455 2407 526 (Joan.
2442 470 2556 522 xxv,
2588 456 2640 518 8,
2676 453 2762 525 10)
2789 456 2814 507 9
2847 452 3132 521 Quamdiu
3160 451 3314 507 enim
3344 469 3528 508 sumus
3548 455 3600 509 in
3624 472 3820 528 corpore,

485 551 538 599 ct
567 544 658 598 cui
685 544 916 598 voluerit
956 543 1128 597 Filius
1169 545 1412 598 revelare
1448 542 1657 613 (Matth.
1706 561 1783 608 x1,
1816 543 1931 614 27).
1966 543 2130 598 Tunc
2232 545 2656 614 peregrimanur
2687 559 2717 597 a
2752 543 2999 597 Domino.
3027 542 3131 596 Per
3154 541 3315 612 ﬁdem
3338 544 3483 596 enim
3505 543 3823 614 ambulamus,

488 631 1036 687 revelabituraFilio
1055 631 1368 695 Pater,cum
1383 633 1727 688 evacuaverit
1742 649 1959 687 omnem
1966 633 2131 703 prin-

481 724 731 793 eipalum
749 723 801 774 et
833 736 1045 775 omnem
1074 723 1393 791 potestatem
1424 730 1474 776 et
1504 723 1795 789 virtutem;
1836 721 1892 774 id
1926 726 2033 787 est,
2068 723 2133 775 ut

482 809 811 866 necessaria
842 826 956 863 non
1006 810 1079 863 sit
1125 809 1488 880 dispensatio
1536 809 1993 865 similitudinum
2031 825 2133 879 per

482 898 776 971 angelicas
806 899 1173 969 principatus
1205 904 1261 953 et
1293 903 1609 970 potestates
1654 905 1710 953 et
1757 900 2020 953 virtutes.
2054 898 2135 951 Ex

485 1004 734 1059 quarum
768 1004 1017 1058 persona
1048 1005 1161 1042 non
1194 987 2031 1059 inconvenienterintelligitur
2052 986 2136 1040 di-

485 1079 534 1133 ci
567 1077 625 1131 in
669 1077 906 1131 Cantico
954 1077 1313 1131 canticorum
1352 1077 1422 1132 ad
1457 1093 1755 1148 sponsam,
1799 1076 2132 1131 Similitudi-

494 1183 593 1222 nes
621 1168 749 1219 auri
781 1167 1046 1235 faciemus
1103 1166 1205 1219 tibi
1243 1181 1368 1219 cum
1407 1166 1845 1220 distinctionibus
1898 1164 2135 1233 argenti,

485 1255 832 1328 quoadusque
860 1270 961 1308 rea:
1005 1255 1063 1307 in
1094 1255 1343 1308 recubitu
1371 1270 1465 1308 suo
1516 1259 1596 1309 est
1625 1255 1805 1323 (Cant.
1840 1271 1878 1321 1,
1914 1255 2000 1315 11,
2028 1268 2133 1307 sec.

489 1345 652 1415 LXX)
681 1360 694 1399 :
723 1344 783 1413 id
814 1347 922 1405 est,
958 1343 1343 1414 quoadusque
1392 1342 1658 1397 Christus
1690 1343 1749 1397 in
1782 1346 1999 1397 secreto
2031 1356 2137 1395 suo

488 1440 605 1501 est;
641 1431 778 1504 quia
810 1434 919 1487 vita
972 1436 1149 1486 vestra
1188 1432 1503 1487 abscondita
1552 1439 1631 1486 est
1674 1448 1799 1486 cum
1837 1430 2049 1484 Christo
2080 1431 2139 1483 in

491 1525 595 1579 Deo
629 1539 642 1576 :
674 1539 796 1576 cum
823 1521 1102 1575 Christus1
1137 1523 1457 1591 apparuerit
1504 1523 1616 1576 vita
1666 1525 1872 1585 vestra,
1914 1522 2046 1574 tunc
2091 1527 2142 1574 et

486 1628 579 1669 vos
606 1628 733 1666 cum
762 1613 878 1680 ipso
921 1611 1255 1680 apparebitis
1286 1612 1345 1662 in
1374 1612 1562 1677 gloria
1591 1609 1815 1681 (Coloss.
1850 1626 1935 1674 III,
1974 1608 2028 1677 3,
2060 1608 2138 1677 4).

488 1702 648 1765 Quod
700 1705 1013 1770 antequam
1060 1700 1179 1768 list,
1231 1698 1475 1754 videmus
1528 1715 1675 1755 nunc
1717 1715 1815 1769 per
1860 1699 2143 1763 speculum

490 1792 550 1844 in
605 1791 919 1859 aenigmate,
962 1788 1070 1842 hoc
1101 1792 1189 1843 est
1216 1787 1276 1842 in
1310 1787 1832 1852 similitudinibus;
1876 1791 2004 1842 tunc
2037 1803 2142 1841 au-

493 1882 620 1947 tem,
653 1879 801 1949 [acie
845 1876 914 1930 ad
944 1880 1141 1937 lactem
1168 1880 1213 1944 (Ι
1255 1880 1508 1941 Cor.xm,
1537 1877 1643 1945 12).

562 2022 645 2075 17.
688 2021 811 2074 Haec
842 2020 995 2074 enim
1028 2018 1196 2073 nobis
1230 2017 1640 2091 contemplatio
1672 2017 2036 2090 promittitur
2056 2033 2148 2072 ac-

490 2109 716 2166 tionum
750 2108 1013 2162 omnium
1044 2106 1178 2163 linis
1211 2112 1383 2179 atque
1413 2116 1627 2163 aeterna
1676 2107 1953 2179 perfectio
2002 2123 2147 2177 gau-

490 2201 741 2255 diorum.
776 2199 909 2253 Filii
936 2196 1091 2253 enim
1122 2199 1221 2253 Dei
1266 2214 1479 2267 sumus,
1518 2202 1567 2253 et
1594 2199 1836 2253 nondum
1889 2198 2149 2268 apparuit

490 2289 624 2362 quid
643 2289 847 2344 erimus
876 2306 895 2345 :
924 2289 1123 2343 scimus
1173 2290 1302 2360 quia
1332 2305 1454 2343 cum
1491 2290 1811 2356 apparuerit
1838 2286 2058 2342 similes
2097 2288 2150 2341 ei

488 2380 723 2447 erimus,
776 2379 1039 2449 quoniam
1075 2376 1383 2432 videbimus
1411 2393 1539 2432 eum
1577 2378 1749 2432 sicuti
1793 2386 1876 2431 est
1906 2376 1949 2447 (ἱ
1976 2380 2144 2431 Joan.

490 2483 576 2531 IIl,
608 2467 685 2537 2).
720 2467 879 2530 Quod
914 2465 1071 2521 enim
1103 2466 1250 2520 dixit
1282 2465 1497 2521 famulo
1528 2483 1632 2521 suo
1665 2466 1867 2538 Moysi,
1894 2468 2007 2537 Ego
2026 2482 2149 2520 sum

491 2558 590 2629 qui
611 2572 749 2611 sum.
785 2556 911 2611 Haec
940 2555 1083 2609 dices
1112 2556 1246 2625 ﬁliis
1275 2556 1443 2610 Israel
1474 2575 1492 2610 :
1525 2557 1631 2624 Qui
1658 2564 1757 2622 est,
1784 2556 1937 2609 misit
1966 2571 2050 2610 me
2079 2553 2149 2609 ad

493 2661 581 2701 vos
616 2643 800 2713 (Exod.
832 2661 916 2709 Ill,
958 2645 1072 2715 14);
1108 2644 1215 2698 hoc
1259 2644 1792 2715 contemplabimur
1822 2660 1952 2699 cum
1996 2644 2146 2698 vive-

492 2751 626 2790 mus
656 2735 715 2787 in
746 2738 1049 2788 aeternum.
1112 2737 1196 2788 tta
1244 2733 1461 2804 quippe
1509 2733 1631 2788 ait:
1672 2738 1805 2790 Haec
1848 2742 2028 2787 autem
2074 2740 2151 2787 est

489 2826 606 2881 vita
633 2826 860 2889 aeterna,
896 2828 955 2877 ut
984 2828 1375 2891 cognoscanttc
1413 2840 1587 2877 unum
1628 2839 1816 2878 verum
1848 2824 2048 2886 Deum;
2097 2826 2150 2876 et

490 2929 651 2985 quem
679 2914 883 2967 misisti
909 2914 1096 2968 Iesum
1127 2911 1403 2967 Christum
1439 2914 1622 2984 (Joan.
1657 2929 1792 2976 xvn,
1826 2912 1901 2979 3).
1923 2911 2039 2965 Hoc
2054 2910 2151 2965 fiet

493 3018 626 3057 cum
661 3001 881 3057 venerit
917 3001 1219 3064 Dominus,
1253 3004 1308 3056 et
1353 3000 1771 3055 illuminaverit
1806 2999 2035 3054 occulta
2068 3003 2149 3053 te-

498 3091 811 3145 nebrarum
845 3091 889 3159 (l
924 3089 1043 3144 Cor.
1074 3106 1147 3155 ιν,
1179 3090 1259 3157 5),
1290 3106 1424 3144 cum
1472 3091 1722 3145 tenebrae
1774 3087 2150 3143 mortalitatis

494 3178 676 3248 hujus
726 3177 1230 3248 corruptionisque
1260 3178 1621 3233 transierint.
1654 3178 1818 3232 Tunc
1848 3176 1958 3232 erit
1981 3192 2150 3231 mane

501 3275 795 3333 nostrum,
824 3267 895 3322 de
944 3283 1057 3337 quo
1106 3266 1163 3321 in
1214 3266 1448 3321 Psalmo
1480 3265 1697 3321 dicitur
1727 3282 1740 3320 :
1773 3266 1930 3320 Mane
1965 3264 2151 3321 astabo

497 3359 622 3425 tibi,
647 3365 697 3413 et
719 3356 1127 3426 contemplabor
1157 3357 1327 3427 (Psal.
1354 3372 1409 3421 ν,
1438 3357 1515 3427 5).
1550 3355 1630 3410 De
1660 3355 1768 3410 hac
1800 3353 2154 3425 contempla-

498 3448 655 3503 tione
687 3444 946 3518 intelligo
998 3445 1245 3510 dictum,
1281 3444 1413 3499 Cum
1453 3444 1741 3499 tradiderit
1789 3460 2021 3515 regnum
2048 3443 2152 3498 Deo

496 3542 546 3593 et
577 3537 766 3598 Patri;
798 3535 853 3589 id
902 3538 1014 3601 est,
1049 3551 1179 3589 cum
1214 3534 1551 3605 perduxerit
1579 3534 1799 3604 justos,
1844 3533 1903 3587 in
1935 3531 2153 3605 quibus

498 3641 653 3682 nunc
676 3642 743 3680 ex
765 3624 876 3679 ﬁde
903 3622 1232 3679 viventibus
1262 3628 1468 3695 regnat
1499 3623 1785 3678 mediator
1817 3622 1915 3677 Dei
1963 3627 2019 3677 et
2049 3620 2154 3676 ho-

499 3716 726 3772 minum
754 3714 928 3768 homo
970 3712 1238 3768 Christus
1268 3713 1462 3778 Jesus,
1498 3713 1569 3768 ad
1604 3710 2153 3783 contemplationem

500 3806 599 3861 Dei
631 3810 686 3859 et
716 3804 921 3858 Patris.
960 3802 1020 3857 Si
1044 3801 1266 3874 desipio
1288 3802 1403 3868 hic,
1430 3800 1681 3873 corrigat
1708 3817 1799 3856 me
1821 3800 1922 3872 qui
1946 3799 2155 3855 melius

501 3894 654 3965 sapit
680 3912 692 3948 :
720 3893 861 3947 mihi
884 3891 1041 3947 aliud
1077 3909 1193 3947 non
1231 3892 1475 3946 videtur.
1520 3891 1717 3961 Neque
1739 3890 1894 3944 enim
1939 3906 2157 3961 quaere-

502 4000 636 4040 mus
667 3982 847 4047 aliud,
883 3998 1017 4035 cum
1062 3980 1134 4035 ad
1178 3979 1339 4035 illius
1375 3979 1927 4051 contemplationem
1961 3995 2156 4049 perve-

503 4071 789 4139 nerimus,
832 4087 958 4141 qua:
990 4085 1148 4124 nunc
1205 4085 1321 4123 non
1378 4077 1485 4137 est,
1538 4068 1823 4141 quamdiu
1875 4068 2156 4140 gaudium

507 4165 777 4217 nostrum
808 4157 868 4214 in
902 4175 1004 4231 spe
1035 4162 1143 4213 est.
1172 4158 1302 4229 Spes
1324 4162 1507 4214 autem
1538 4174 1658 4229 quae
1676 4158 1913 4223 videtur,
1944 4173 2054 4213 non
2083 4166 2161 4212 est

514 4266 675 4323 spes:
698 4249 839 4321 quod
886 4250 1033 4304 enim
1067 4248 1207 4303 videt
1240 4248 1382 4319 quis,
1429 4247 1561 4319 quid
1607 4249 1839 4319 sperat?
1875 4248 1938 4302 Si
1978 4251 2162 4302 autem

516 4340 655 4413 quod
676 4356 783 4394 non
816 4339 1055 4394 videmus
1084 4354 1365 4409 speramus
1390 4352 1490 4408 per
1534 4337 1866 4405 patientiam
1896 4338 2164 4407 exspecta-

512 4446 635 4485 mus
666 4429 838 4498 (Rom.
874 4445 994 4495 VIII,
1026 4427 1116 4493 24,
1147 4427 1262 4496 25),
1295 4434 1646 4497 quoadusque
1681 4442 1783 4480 rex
1812 4426 1873 4479 in
1917 4427 2166 4480 recubitu

513 4533 612 4573 suo
651 4523 752 4571 est.
785 4517 949 4570 Tunc
982 4516 1092 4571 erit
1136 4515 1291 4587 quod
1335 4515 1619 4586 scriptum
1667 4519 1756 4569 est
1786 4530 1798 4569 :
1831 4513 2165 4586 Adimptebis

513 4623 602 4662 me
633 4606 827 4659 lzetitia
855 4622 974 4660 cum
1006 4606 1162 4660 vultu
1208 4611 1303 4659 tuo
1334 4605 1508 4676 (Psal.
1538 4621 1632 4670 xv,
1682 4603 1789 4674 11).
1822 4602 1926 4658 Illa
1969 4602 2168 4658 laetitia

515 4694 661 4751 nihil
707 4693 965 4764 amplius
1014 4693 1368 4765 requiratur.
1420 4692 1773 4750 Ostendetur
1808 4692 1966 4747 enim
1999 4693 2166 4748 nobis

509 4788 703 4847 Pater,
726 4788 782 4838 et
803 4782 1255 4838 sufficietnobis.
1285 4783 1444 4849 Quod
1470 4783 1615 4837 bene
1636 4780 2002 4836 intellexerat
2030 4781 2165 4836 Phi-

509 4874 691 4946 lipus,
717 4879 783 4927 ut
818 4872 1036 4927 diceret
1056 4870 1324 4937 Domino,
1375 4870 1614 4927 Ostende
1655 4870 1810 4927 nobis
1838 4875 2083 4941 Patrem,
2113 4875 2167 4926 et

510 4963 713 5034 su/ﬁcit
754 4961 941 5017 nobis:
966 4959 1063 5016 sed
1108 4959 1368 5014 nondum
1410 4957 1796 5027 intellexerat,
1826 4975 1891 5014 eo
1933 4974 2168 5030 quoque

517 5053 691 5107 modo
731 5049 990 5122 idipsum
1016 5066 1077 5104 se
1097 5047 1357 5121 potuisse
1376 5047 1587 5104 dicere.
1622 5047 1886 5115 Domine,
1930 5047 2169 5102 ostende

517 5141 685 5197 nobis
718 5145 793 5204 te,
827 5145 884 5196 et
909 5137 1128 5195 sufﬁcit
1158 5138 1345 5193 nobis.
1368 5136 1440 5193 Ut
1473 5137 1629 5193 enim
1670 5138 1775 5192 hoc
1796 5135 2165 5209 intelligeret,

516 5246 862 5303 responsum
886 5230 935 5285 ei
956 5247 989 5283 a
1009 5228 1253 5283 Domino
1285 5232 1393 5292 est,
1420 5228 1582 5281 Tanto
1612 5235 1851 5298 tempore
1886 5226 2169 5282 vobiscum

514 5336 659 5384 sum,
681 5322 732 5374 et
765 5336 877 5375 non
912 5318 1236 5386 cognovistis
1274 5318 1400 5371 me?
1446 5316 1718 5387 Philippe,
1755 5316 1854 5386 qui
1896 5314 2035 5370 vidit
2060 5330 2167 5383 me,

516 5407 654 5461 vidit
681 5418 734 5462 et
769 5411 1013 5463 Patrem.
1033 5406 1141 5462 Sed
1165 5406 1304 5477 quia
1330 5403 1558 5460 volebat
1586 5418 1720 5458 eum
1753 5419 1821 5459 ex
1847 5403 1960 5459 fide
1981 5403 2169 5460 vivere

520 5499 831 5565 antequam
866 5495 1015 5550 illud
1036 5501 1233 5567 posset
1274 5494 1486 5561 videre,
1522 5497 1761 5548 secutus
1802 5497 1914 5561 est,
1947 5498 2004 5548 et
2049 5492 2165 5550 ait:

518 5583 635 5640 Non
679 5583 860 5639 credis
916 5586 1047 5657 quia
1075 5600 1171 5656 ego
1220 5584 1280 5638 in
1327 5588 1514 5653 Patre,
1564 5585 1617 5638 et
1658 5582 1827 5638 Pater
1869 5583 1931 5638 in
1977 5598 2063 5639 me
2090 5595 2173 5649 est

78 5736 293 6023 μβ.
462 5826 497 5847 ἱ
592 5768 611 5805 ι
633 5767 720 5819 Er.
750 5767 916 5833 Lugd.
947 5768 1078 5822 Ven.
1106 5771 1233 5822 Lov.
1263 5769 1350 5823 hic
1382 5769 1606 5834 addunt,
1636 5770 1824 5837 inquit.
1919 5771 1991 5822 Μ.

2238 650 2342 687 non
2372 649 2469 702 per
2496 634 2730 700 speciem
2755 632 2827 701 (II
2845 630 2965 686 Cor.
2987 647 3041 698 v,
3056 632 3113 695 6,
3129 630 3205 701 6).
3232 630 3631 702 contemplatio
3651 635 3825 707 quippe

2238 738 2457 777 merces
2480 727 2568 776 est
2600 720 2754 787 ﬁdei,
2779 720 2870 774 cui
2906 720 3159 774 mercedi
3194 736 3295 791 per
3323 720 3492 774 fidem
3516 721 3675 775 corda
3692 740 3825 779 mun-

2237 811 2481 877 dantur;
2503 810 2650 864 sicut
2675 811 2956 880 scriptum
2982 814 3094 873 est,
3117 808 3379 864 Mundans
3401 809 3501 879 ﬁde
3522 810 3672 865 corda
3685 827 3832 866 eorum

2238 900 2375 972 (Act.
2411 916 2504 965 xv,
2534 900 2611 971 9).
2649 900 2930 954 Probatur
2969 905 3166 953 autem
3209 900 3363 970 quod
3396 898 3479 952 illi
3526 900 3831 970 contempla-

2239 990 2385 1044 tioni
2409 989 2583 1044 corda
2604 989 2985 1058 mundentur,
3002 986 3101 1041 illa
3132 988 3381 1042 maxime
3404 988 3697 1043 sententia:
3713 994 3837 1045 Beati

2239 1078 2643 1145 mundicordes,
2684 1079 2946 1148 quoniam
2969 1078 3083 1149 ipsi
3112 1078 3281 1131 Deum
3312 1076 3560 1132 videbunt
3585 1077 3765 1148 (Matth.
3794 1096 3839 1148 v,

2241 1169 2316 1240 8).
2354 1169 2423 1223 Et
2452 1167 2590 1239 quia
2621 1167 2742 1223 haec
2768 1172 2856 1222 est
2880 1167 2998 1222 vita
3019 1172 3256 1233 mterne,
3304 1166 3446 1220 dicit
3470 1165 3615 1221 Deus
3643 1166 3695 1220 in
3715 1167 3840 1222 Psal-

2245 1273 2339 1311 mo
2370 1274 2383 1311 :
2418 1257 2779 1327 Longztwline
2820 1256 3034 1312 dierum
3079 1256 3294 1327 replebo
3331 1271 3479 1322 eum,
3509 1258 3563 1309 et
3604 1254 3841 1311 ostendam

2243 1346 2335 1401 illi
2357 1347 2604 1402 salutare
2629 1363 2810 1402 meum
2842 1346 3010 1418 (Psal.
3047 1361 3137 1414 xc,
3172 1344 3281 1415 16).
3335 1345 3465 1400 Sive
3503 1360 3632 1417 ergo
3679 1345 3845 1399 audia-

2246 1452 2400 1500 mus,
2434 1434 2686 1491 Ostende
2716 1434 2885 1491 nobis
2918 1434 3124 1489 Filium
3153 1452 3166 1502 ;
3198 1435 3317 1489 sive
3349 1433 3672 1499 audiamus,
3692 1436 3847 1491 Osten-

2244 1524 2310 1580 de
2355 1525 2512 1580 nobis
2560 1528 2823 1580 Patrem:
2865 1525 3236 1579 tantumdem
3276 1523 3466 1591 valet;
3516 1523 3645 1596 quia
3679 1530 3850 1577 neuter

2246 1614 2373 1668 sine
2395 1613 2575 1669 altero
2610 1618 2797 1686 potest
2826 1613 3075 1669 ostendi.
3111 1612 3301 1668 Unum
3325 1613 3541 1684 quippe
3562 1616 3706 1681 sunt,
3726 1612 3852 1665 sicut

2246 1708 2303 1758 et
2332 1704 2455 1774 ipse
2485 1703 2602 1758 ait:
2631 1703 2738 1771 Ego
2770 1712 2825 1758 et
2866 1704 3030 1758 Pater
3058 1718 3232 1757 unum
3262 1717 3455 1757 sumus
3486 1702 3659 1772 (Joan.
3690 1717 3741 1765 x,
3761 1702 3853 1767 30).

2247 1792 2507 1863 Denique
2566 1796 2802 1863 propter
2857 1791 3047 1864 ipsam
3122 1789 3658 1863 inseparabilitem,
3721 1790 3855 1844 suffi-

2249 1880 2472 1935 cienter
2534 1879 2848 1952 aliquando
2906 1880 3280 1945 nominatur,
3332 1879 3420 1935 vel
3474 1879 3637 1934 Pater
3687 1876 3854 1941 solus,

2248 1968 2335 2024 vel
2366 1968 2548 2025 Filius
2566 1968 2726 2025 solus
2758 1968 3187 2042 adimpleturus
3212 1986 3316 2024 nos
3339 1968 3542 2025 laetitia
3569 1985 3696 2024 cum
3722 1968 3858 2022 vultu

2252 2074 2379 2113 SUO.

2326 2202 2411 2256 18.
2435 2202 2549 2256 Nec
2572 2202 2704 2256 inde
2735 2206 3039 2272 separetur
3069 2200 3381 2273 utriusque
3402 2200 3669 2273 Spiritus,
3710 2199 3759 2254 id
3794 2209 3864 2254 est

2252 2290 2441 2346 Patris
2470 2296 2527 2345 et
2558 2290 2682 2345 Filii
2709 2290 2979 2362 Spiritus.
3005 2292 3111 2357 Qui
3136 2290 3392 2362 Spiritus
3414 2295 3649 2346 sanctus
3670 2288 3864 2361 proprie

2254 2379 2468 2434 dicitur
2496 2378 2739 2450 Spiritus
2768 2382 3043 2446 veritatis,
3074 2396 3235 2451 quem
3270 2380 3359 2434 hic
3386 2380 3623 2435 mundus
3651 2380 3869 2447 accipere

2252 2484 2359 2523 non
2382 2477 2555 2537 potest
2577 2469 2679 2540 (Id.
2711 2487 2825 2535 xiv,
2862 2469 2969 2540 17).
3021 2468 3138 2524 Hoc
3161 2474 3251 2524 est
3286 2469 3446 2524 enim
3491 2468 3721 2539 plenum
3751 2481 3865 2537 gau-

2254 2558 2418 2612 dium
2452 2567 2739 2628 nostrum,
2772 2575 2887 2629 quo
2918 2558 3173 2629 amplius
3205 2574 3319 2613 non
3341 2563 3455 2625 est,
3490 2556 3598 2612 frui
3626 2555 3868 2612 Trinitate

2254 2646 2370 2701 Deo
2393 2646 2462 2701 ad
2478 2647 2647 2718 cujus
2670 2646 2982 2717 imaginem
3010 2648 3145 2703 facti
3176 2651 3654 2718 sumus.Propter
3673 2645 3768 2699 hoc
3789 2641 3867 2697 ali-

2254 2736 2490 2807 quando
2520 2735 2602 2790 ita
2628 2736 3193 2807 loquiturdeSpiritu
3214 2740 3418 2791 sancto
3438 2741 3716 2807 tanquam
3732 2731 3864 2788 SOlUS

2254 2823 2382 2896 ipse
2398 2826 2653 2880 sufficiat
2673 2826 2744 2880 ad
2770 2825 3188 2880 beatitudinem
3215 2831 3483 2881 nostram
3501 2843 3514 2883 :
3533 2832 3589 2879 et
3607 2824 3724 2878 ideo
3738 2822 3869 2876 solus

2256 2914 2496 2984 sufficit,
2537 2914 2677 2984 quia
2709 2914 2969 2985 separari
3017 2931 3050 2969 a
3074 2914 3242 2969 Patre
3273 2920 3329 2970 et
3362 2914 3509 2969 Filio
3546 2930 3655 2968 non
3678 2914 3869 2985 potest;

2257 3004 2410 3057 sicut
2435 3003 2602 3058 Pater
2637 3002 2798 3058 solus
2820 3003 3202 3073 sufficit,quia
3225 3003 3487 3074 separari
3507 3001 3693 3057 aFiIio
3711 2998 3875 3069 etSpi-

2257 3092 2373 3147 ritu
2399 3098 2602 3147 sancto
2625 3109 2739 3147 non
2770 3096 2991 3163 potest;
3026 3093 3090 3147 Et
3116 3091 3297 3149 Filius
3338 3092 3471 3147 ideo
3505 3090 3715 3147 sufﬁcit
3741 3087 3875 3143 solus

2256 3181 2395 3253 quia
2426 3182 2681 3252 separari
2716 3182 2930 3237 aPatre
2952 3187 3007 3238 et
3036 3181 3250 3253 Spiritu
3285 3187 3493 3237 sancto
3535 3197 3645 3236 non
3694 3181 3871 3250 potest.

2255 3270 2402 3334 Quid
2426 3270 2582 3325 enim
2604 3269 2856 3325 sibivult
2886 3270 3041 3342 quod
3086 3271 3186 3337 ait,
3235 3270 3296 3325 Si
3338 3270 3578 3341 diligitis
3606 3284 3706 3334 me,
3745 3282 3873 3320 man-

2256 3359 2385 3415 data
2414 3376 2539 3417 mea
2553 3364 2797 3426 servate;
2829 3362 2879 3414 et
2899 3375 2996 3429 ego
3017 3360 3224 3431 rogabo
3248 3360 3493 3425 Patrem,
3524 3366 3574 3415 et
3602 3358 3768 3412 alium
3797 3352 3873 3407 ad-

2255 3451 2501 3503 vocatum
2514 3449 2667 3503 dabit
2694 3448 2862 3517 vobis,
2893 3452 2953 3502 ut
2980 3448 3251 3503 vobiscum
3278 3452 3353 3503 sit
3381 3450 3447 3503 in
3476 3452 3757 3511 aeternum,
3778 3442 3875 3513 Spi-

2255 3540 2432 3593 ritum
2460 3540 2728 3604 verilatzs,
2767 3553 2926 3608 quem
2961 3537 3053 3591 hic
3074 3537 3309 3593 mundus
3334 3540 3587 3610 accipere
3613 3552 3715 3591 non
3742 3538 3879 3605 potest

2258 3627 2422 3693 (Ibid.
2455 3628 2733 3696 5-15-17),
2765 3626 2823 3681 id
2855 3632 2965 3692 est,
3004 3625 3313 3682 dilectores
3359 3625 3609 3681 mundi?
3641 3620 3876 3680 Animalis

2258 3716 2414 3771 enim
2442 3715 2599 3772 homo
2628 3732 2737 3770 non
2768 3720 3002 3787 percipit
3038 3732 3102 3770 ea
3131 3733 3250 3787 quae
3288 3719 3415 3770 sunt
3468 3716 3709 3783 Spiritus
3736 3712 3821 3766 Dei
3842 3710 3874 3778 (l

2262 3803 2387 3860 Cor.
2422 3821 2483 3871 ιι,
2513 3804 2625 3872 14).
2657 3804 2763 3860 Sed
2816 3804 3005 3859 adhuc
3057 3810 3245 3872 potest
3289 3804 3472 3859 videri
3508 3804 3636 3859 ideo
3666 3803 3872 3865 dictum,

2264 3897 2328 3950 Et
2357 3908 2454 3962 ego
2484 3893 2687 3961 rogabo
2719 3895 2960 3955 Patrem.
2994 3900 3045 3947 et
3076 3893 3253 3947 alium
3282 3893 3611 3948 advocatum
3639 3892 3777 3947 dabit
3808 3902 3875 3942 vo-

2263 3984 2364 4049 bis,
2399 3981 2565 4053 quasi
2602 3997 2712 4037 non
2745 3980 2907 4037 solus
2939 3981 3121 4037 Filius
3151 3981 3424 4036 sufficiat.
3448 3981 3553 4037 Illo
3584 3977 3876 4036 autemloro

2265 4071 2345 4126 ita
2374 4070 2445 4125 de
2476 4069 2573 4124 illo
2606 4069 2827 4124 dictum
2862 4075 2951 4125 est
2966 4073 3249 4141 tanquam
3283 4070 3447 4125 solus
3471 4070 3727 4126 omnimo
3746 4064 3876 4120 sulfr

2265 4160 2415 4215 ciat:
2443 4159 2578 4214 Cum
2617 4160 2831 4213 venerit
2863 4159 2959 4213 ille
2999 4158 3240 4229 Spiritus
3260 4160 3537 4223 veritatis,
3588 4158 3785 4214 docebit
3812 4166 3879 4207 νος

2266 4264 2485 4304 omnem
2513 4248 2798 4302 veritatem
2828 4247 3009 4318 (Joan.
3035 4264 3118 4317 v1,
3157 4248 3265 4315 13).
3302 4248 3607 4319 Numquid
3662 4260 3785 4317 ergo
3813 4257 3877 4295 se-

2270 4341 2509 4410 paratur
2526 4336 2661 4391 hinc
2677 4336 3164 4406 Filius,tanquam
3180 4335 3305 4407 ipse
3318 4353 3435 4391 non
3461 4338 3665 4392 doceat
3683 4344 3876 4390 omnem

2268 4426 2591 4494 veritatem,
2633 4429 2735 4479 aut
2764 4424 2932 4495 quasi
2968 4425 3074 4479 hoc
3104 4424 3347 4495 impleat
3390 4427 3648 4496 Spiritus
3678 4426 3881 4478 sanctus

2271 4515 2426 4586 quod
2460 4515 2657 4569 minus
2688 4514 2879 4585 potuit
2907 4514 3112 4568 docere
3148 4513 3354 4568 Filius?
3399 4516 3607 4570 Dicant
3660 4527 3801 4583 ergo,
3846 4504 3881 4559 si

2272 4604 2483 4676 placet,
2506 4604 2787 4673 majorem
2812 4618 2940 4657 esse
2962 4602 3105 4656 Filio
3128 4602 3409 4673 Spiritum
3440 4608 3879 4670 sanctum,quem

2273 4692 2559 4747 minorem
2591 4690 2689 4747 illo
2717 4689 2907 4747 solent
2926 4690 3137 4746 dicere.
3164 4694 3247 4745 An
3282 4693 3421 4762 quia
3438 4709 3552 4747 non
3570 4692 3778 4747 dictum
3797 4690 3882 4743 est.

2271 4781 2604 4853 ipsesolus;
2629 4785 2753 4846 aut,
2775 4779 2975 4848 Nemo,
3002 4780 3115 4835 nisi
3143 4780 3288 4851 ipse,
3304 4797 3405 4836 vos
3426 4782 3656 4836 docebit
3684 4788 3879 4834 omnem

2270 4871 2597 4936 veritatem;
2623 4868 2751 4923 ideo
2775 4868 3128 4939 permittunt
3170 4874 3236 4923 ut
3268 4884 3403 4925 cum
3434 4868 3538 4924 illo
3567 4870 3759 4924 docere
3785 4878 3881 4919 cre-

2273 4960 2448 5014 datur
2466 4962 2523 5013 et
2550 4955 3098 5027 Filius?Apostolus
3122 4973 3259 5029 ergo
3280 4957 3493 5014 Filium
3533 4953 3804 5029 separavit
3829 4950 3880 5002 ab

2273 5046 2619 5104 sciendisiis
2641 5061 2771 5116 quae
2810 5044 2910 5099 Dei
2960 5051 3119 5112 sunt,
3163 5046 3261 5101 ubi
3314 5045 3413 5112 ait,
3460 5045 3557 5101 Sic
3584 5056 3636 5101 et
3663 5057 3777 5116 qua?
3810 5037 3885 5095 Dei

2271 5141 2417 5207 sunt,
2449 5150 2607 5191 nemo
2636 5135 2756 5204 scit,
2786 5134 2903 5190 nisi
2941 5133 3181 5207 Spiritus
3211 5137 3310 5192 Dei
3342 5136 3386 5209 (Ι
3438 5136 3555 5192 Cor.
3591 5151 3650 5201 ιι,
3686 5132 3764 5201 11)
3790 5147 3807 5182 :
3837 5130 3884 5179 ut

2266 5224 2393 5296 jam
2424 5226 2523 5281 isti
2558 5223 2813 5297 perversi
2845 5226 3075 5296 possint
3103 5241 3170 5281 ex
3194 5225 3303 5281 hoc
3333 5226 3541 5292 dicere,
3575 5220 3722 5295 quod
3742 5223 3792 5274 et
3818 5214 3884 5269 Fi-

2276 5315 2418 5371 lium
2448 5331 2559 5370 non
2586 5314 2789 5369 doceat
2817 5330 2944 5385 quae
2968 5313 3071 5369 Dei
3093 5319 3234 5370 sunt
3254 5313 3365 5370 nisi
3389 5312 3637 5385 Spiritus
3660 5310 3881 5366 sanctus,

2274 5409 2552 5475 tanquam
2570 5402 2758 5473 major
2782 5401 3088 5470 minorem;
3110 5402 3205 5457 cui
3229 5401 3546 5474 Filiusipse
3568 5402 3781 5455 tantum
3800 5391 3882 5447 tri-

2277 5494 2424 5560 buit,
2446 5496 2509 5548 ut
2543 5492 2780 5557 diceret,
2805 5491 2951 5559 Quia
2978 5492 3091 5547 haec
3115 5492 3326 5548 locutus
3354 5507 3475 5546 sum
3493 5488 3656 5557 vobis,
3688 5479 3881 5540 tristitia

2274 5583 2525 5655 implevit
2547 5596 2640 5637 cor
2666 5587 2926 5637 rastrum.
2957 5580 3059 5636 Sed
3087 5596 3184 5651 ego
3212 5582 3497 5637 veritatem
3517 5576 3669 5633 dico:
3698 5565 3883 5644 αρδάῦ

2276 5672 2424 5730 vobis
2454 5680 2513 5727 ut
2540 5686 2637 5741 ego
2664 5684 2811 5732 eam;
2838 5685 2971 5727 nam
2994 5672 3045 5727 si
3083 5684 3197 5728 non
3245 5670 3453 5743 abiero,
3494 5666 3769 5728 advocatus
3791 5670 3877 5713 non

2274 5761 2455 5822 veniet
2480 5759 2554 5820 ad
2579 5775 2669 5819 vos
2697 5759 2875 5835 (toan.
2904 5774 3018 5837 xw,
3048 5760 3105 5832 6,
3134 5761 3214 5836 7).
