  <div class='ocr_page' id='page_1' title='image "/cluster/home/n/w/nwhite01/storage/ocr_20150623/42/hvd.32044096580642/428.png"; bbox 0 0 4094 6188; ppageno 0'>
   <div class='ocr_carea' id='block_1_1' title="bbox 218 347 334 412">
    <p class='ocr_par' dir='ltr' id='par_1_1' title="bbox 218 347 334 412">
     <span class='ocr_line' id='line_1_1' title="bbox 218 347 334 412; baseline -0.034 0"><span class='ocrx_word' id='word_1_1' title='bbox 218 347 334 412; x_wconf 74' lang='grc'><strong>845</strong></span> 
     </span>
    </p>
   </div>
   <div class='ocr_carea' id='block_1_2' title="bbox 1562 342 2279 410">
    <p class='ocr_par' dir='ltr' id='par_1_2' title="bbox 1562 342 2279 410">
     <span class='ocr_line' id='line_1_2' title="bbox 1562 342 2279 410; baseline 0.004 -7"><span class='ocrx_word' id='word_1_2' title='bbox 1562 342 1797 404; x_wconf 85' lang='lat' dir='ltr'><strong>LIBER</strong></span> <span class='ocrx_word' id='word_1_3' title='bbox 1841 344 2279 410; x_wconf 87' lang='lat' dir='ltr'><strong>SECUNDUS.</strong></span> 
     </span>
    </p>
   </div>
   <div class='ocr_carea' id='block_1_3' title="bbox 3510 359 3629 420">
    <p class='ocr_par' dir='ltr' id='par_1_3' title="bbox 3510 359 3629 420">
     <span class='ocr_line' id='line_1_3' title="bbox 3510 359 3629 420; baseline 0.008 -2"><span class='ocrx_word' id='word_1_4' title='bbox 3510 359 3629 420; x_wconf 66' lang='lat'><strong>846</strong></span> 
     </span>
    </p>
   </div>
   <div class='ocr_carea' id='block_1_4' title="bbox 1350 574 2508 673">
    <p class='ocr_par' dir='ltr' id='par_1_4' title="bbox 1350 574 2508 673">
     <span class='ocr_line' id='line_1_4' title="bbox 1350 574 2508 673; baseline 0.002 -4"><span class='ocrx_word' id='word_1_5' title='bbox 1350 576 1729 669; x_wconf 84' lang='lat' dir='ltr'>LIBER</span> <span class='ocrx_word' id='word_1_6' title='bbox 1825 574 2508 673; x_wconf 86' lang='lat' dir='ltr'><strong>SECUNDUS.</strong></span> 
     </span>
    </p>
   </div>
   <div class='ocr_carea' id='block_1_5' title="bbox 289 738 1222 800">
    <p class='ocr_par' dir='ltr' id='par_1_5' title="bbox 289 738 1222 800">
     <span class='ocr_line' id='line_1_5' title="bbox 289 738 1222 800; baseline -0.006 -8"><span class='ocrx_word' id='word_1_7' title='bbox 289 746 515 792; x_wconf 82' lang='lat' dir='ltr'><strong>Rursum</strong></span> <span class='ocrx_word' id='word_1_8' title='bbox 548 738 789 789; x_wconf 78' lang='lat' dir='ltr'><strong>defendit</strong></span> <span class='ocrx_word' id='word_1_9' title='bbox 820 738 1147 800; x_wconf 76' lang='lat' dir='ltr'><strong>Augustinus</strong></span> <span class='ocrx_word' id='word_1_10' title='bbox 1177 751 1222 786; x_wconf 69' lang='lat' dir='ltr'><strong>ae</strong></span> 
     </span>
    </p>
   </div>
   <div class='ocr_carea' id='block_1_6' title="bbox 393 736 3634 848">
    <p class='ocr_par' dir='ltr' id='par_1_6' title="bbox 393 736 3634 848">
     <span class='ocr_line' id='line_1_6' title="bbox 393 736 3634 848; baseline 0.002 -58"><span class='ocrx_word' id='word_1_11' title='bbox 393 755 515 790; x_wconf 84' lang='lat' dir='ltr'><strong>sum</strong></span> <span class='ocrx_word' id='word_1_12' title='bbox 548 738 789 789; x_wconf 78' lang='lat' dir='ltr'><strong>defendit</strong></span> <span class='ocrx_word' id='word_1_13' title='bbox 820 738 1147 800; x_wconf 76' lang='lat' dir='ltr'><strong>Augustinus</strong></span> <span class='ocrx_word' id='word_1_14' title='bbox 1177 737 1531 848; x_wconf 53' lang='lat' dir='ltr'><strong>aequalitatem</strong></span> <span class='ocrx_word' id='word_1_15' title='bbox 1560 737 1853 795; x_wconf 76' lang='lat' dir='ltr'><strong>Trinitatis,</strong></span> <span class='ocrx_word' id='word_1_16' title='bbox 1877 740 1938 808; x_wconf 83' lang='lat' dir='ltr'><strong>_et</strong></span> <span class='ocrx_word' id='word_1_17' title='bbox 1966 736 2031 786; x_wconf 89' lang='lat' dir='ltr'><strong>de</strong></span> <span class='ocrx_word' id='word_1_18' title='bbox 2066 736 2182 810; x_wconf 80' lang='lat' dir='ltr'><strong>Filii</strong></span> <span class='ocrx_word' id='word_1_19' title='bbox 2209 738 2463 811; x_wconf 74' lang='lat' dir='ltr'><strong>missione</strong></span> <span class='ocrx_word' id='word_1_20' title='bbox 2496 753 2557 790; x_wconf 90' lang='lat' dir='ltr'><strong>ac</strong></span> <span class='ocrx_word' id='word_1_21' title='bbox 2580 741 2808 804; x_wconf 83' lang='lat' dir='ltr'><strong>Spiritus</strong></span> <span class='ocrx_word' id='word_1_22' title='bbox 2838 745 3008 793; x_wconf 88' lang='lat' dir='ltr'><strong>sancti</strong></span> <span class='ocrx_word' id='word_1_23' title='bbox 3038 759 3216 807; x_wconf 79' lang='lat' dir='ltr'><strong>agens,</strong></span> <span class='ocrx_word' id='word_1_24' title='bbox 3250 748 3518 811; x_wconf 78' lang='lat' dir='ltr'><strong>variisque</strong></span> <span class='ocrx_word' id='word_1_25' title='bbox 3540 749 3634 800; x_wconf 88' lang='lat' dir='ltr'><strong>Dei</strong></span> 
     </span>
     <span class='ocr_line' id='line_1_7' title="bbox 393 802 3631 848; baseline 0 0"><span class='ocrx_word' id='word_1_26' title='bbox 393 804 663 848; x_wconf 77' lang='lat' dir='ltr'><strong>itionibus.</strong></span> <span class='ocrx_word' id='word_1_27' title='bbox 696 802 1025 848; x_wconf 88' lang='lat' dir='ltr'><strong>demonstrat</strong></span> <span class='ocrx_word' id='word_1_28' title='bbox 1068 813 1177 848; x_wconf 90' lang='lat' dir='ltr'><strong>non</strong></span> <span class='ocrx_word' id='word_1_29' title='bbox 1210 815 1224 848; x_wconf 84' lang='lat'>1</span> <span class='ocrx_word' id='word_1_30' title='bbox 1270 814 1333 848; x_wconf 84' lang='lat' dir='ltr'><strong>eo</strong></span> <span class='ocrx_word' id='word_1_31' title='bbox 1366 813 1625 848; x_wconf 84' lang='lat' dir='ltr'><strong>minorem</strong></span> <span class='ocrx_word' id='word_1_32' title='bbox 1673 813 1789 848; x_wconf 86' lang='lat' dir='ltr'><strong>esse</strong></span> <span class='ocrx_word' id='word_1_33' title='bbox 1822 803 2063 848; x_wconf 85' lang='lat' dir='ltr'><strong>mittente</strong></span> <span class='ocrx_word' id='word_1_34' title='bbox 2093 814 2185 848; x_wconf 83' lang='lat' dir='ltr'><strong>aui</strong></span> <span class='ocrx_word' id='word_1_35' title='bbox 2228 814 2421 848; x_wconf 79' lang='lat' dir='ltr'><strong>missus</strong></span> <span class='ocrx_word' id='word_1_36' title='bbox 2451 808 2546 848; x_wconf 85' lang='lat' dir='ltr'><strong>est.</strong></span> <span class='ocrx_word' id='word_1_37' title='bbox 2582 806 2705 848; x_wconf 83' lang='lat' dir='ltr'><strong>auia</strong></span> <span class='ocrx_word' id='word_1_38' title='bbox 2742 807 2830 848; x_wconf 73' lang='lat' dir='ltr'><strong>ille</strong></span> <span class='ocrx_word' id='word_1_39' title='bbox 2863 808 3022 848; x_wconf 71' lang='lat' dir='ltr'><strong>minii-</strong></span> <span class='ocrx_word' id='word_1_40' title='bbox 3063 809 3145 848; x_wconf 72' lang='lat' dir='ltr'><strong>hin</strong></span> <span class='ocrx_word' id='word_1_41' title='bbox 3178 811 3366 848; x_wconf 65' lang='lat' dir='ltr'><strong>minans</strong></span> <span class='ocrx_word' id='word_1_42' title='bbox 3389 816 3464 848; x_wconf 67' lang='lat' dir='ltr'><strong>pel</strong></span> <span class='ocrx_word' id='word_1_43' title='bbox 3496 826 3507 839; x_wconf 82' lang='lat'><strong>-</strong></span> <span class='ocrx_word' id='word_1_44' title='bbox 3541 813 3631 848; x_wconf 69' lang='lat' dir='ltr'><strong>and</strong></span> 
     </span>
    </p>
   </div>
   <div class='ocr_carea' id='block_1_7' title="bbox 222 802 2546 869">
    <p class='ocr_par' dir='ltr' id='par_1_7' title="bbox 222 802 2546 869">
     <span class='ocr_line' id='line_1_8' title="bbox 222 802 2546 869; baseline -0.002 -14"><span class='ocrx_word' id='word_1_45' title='bbox 222 804 663 869; x_wconf 86' lang='lat' dir='ltr'><strong>apparitionibus,</strong></span> <span class='ocrx_word' id='word_1_46' title='bbox 696 802 1025 869; x_wconf 81' lang='lat' dir='ltr'><strong>demonstrat</strong></span> <span class='ocrx_word' id='word_1_47' title='bbox 1059 813 1177 869; x_wconf 73' lang='lat' dir='ltr'><strong>non</strong></span> <span class='ocrx_word' id='word_1_48' title='bbox 1210 802 1333 869; x_wconf 81' lang='lat' dir='ltr'><strong>ideo</strong></span> <span class='ocrx_word' id='word_1_49' title='bbox 1366 802 1625 869; x_wconf 79' lang='lat' dir='ltr'><strong>minorem</strong></span> <span class='ocrx_word' id='word_1_50' title='bbox 1673 813 1789 869; x_wconf 82' lang='lat' dir='ltr'><strong>esse</strong></span> <span class='ocrx_word' id='word_1_51' title='bbox 1822 802 2063 869; x_wconf 75' lang='lat' dir='ltr'><strong>mittente</strong></span> <span class='ocrx_word' id='word_1_52' title='bbox 2091 802 2185 869; x_wconf 83' lang='lat' dir='ltr'><strong>_q_ui</strong></span> <span class='ocrx_word' id='word_1_53' title='bbox 2228 802 2421 869; x_wconf 81' lang='lat' dir='ltr'><strong>missus</strong></span> <span class='ocrx_word' id='word_1_54' title='bbox 2451 808 2546 869; x_wconf 83' lang='lat' dir='ltr'><strong>est,</strong></span> 
     </span>
    </p>
   </div>
   <div class='ocr_carea' id='block_1_8' title="bbox 2582 806 3635 869">
    <p class='ocr_par' dir='ltr' id='par_1_8' title="bbox 2582 806 3635 869">
     <span class='ocr_line' id='line_1_9' title="bbox 2582 806 3635 869; baseline 0.009 -17"><span class='ocrx_word' id='word_1_55' title='bbox 2582 806 2705 869; x_wconf 87' lang='lat' dir='ltr'><strong>quia</strong></span> <span class='ocrx_word' id='word_1_56' title='bbox 2741 807 2830 855; x_wconf 92' lang='lat' dir='ltr'><strong>ille</strong></span> <span class='ocrx_word' id='word_1_57' title='bbox 2862 808 3024 869; x_wconf 82' lang='lat' dir='ltr'><strong>misit,</strong></span> <span class='ocrx_word' id='word_1_58' title='bbox 3061 806 3146 857; x_wconf 85' lang='lat' dir='ltr'><strong>hic</strong></span> <span class='ocrx_word' id='word_1_59' title='bbox 3178 811 3366 859; x_wconf 82' lang='lat' dir='ltr'><strong>missus</strong></span> <span class='ocrx_word' id='word_1_60' title='bbox 3389 806 3507 860; x_wconf 75' lang='lat' dir='ltr'><strong>est:</strong></span> <span class='ocrx_word' id='word_1_61' title='bbox 3540 813 3635 861; x_wconf 84' lang='lat' dir='ltr'><strong>sed</strong></span> 
     </span>
    </p>
   </div>
   <div class='ocr_carea' id='block_1_9' title="bbox 221 861 3634 934">
    <p class='ocr_par' dir='ltr' id='par_1_9' title="bbox 221 861 3634 934">
     <span class='ocr_line' id='line_1_10' title="bbox 221 861 3634 934; baseline 0.002 -16"><span class='ocrx_word' id='word_1_62' title='bbox 221 861 535 918; x_wconf 70' lang='lat' dir='ltr'><strong>Trinitatem</strong></span> <span class='ocrx_word' id='word_1_63' title='bbox 567 879 660 929; x_wconf 91' lang='lat' dir='ltr'><strong>per</strong></span> <span class='ocrx_word' id='word_1_64' title='bbox 688 864 869 934; x_wconf 78' lang='lat' dir='ltr'><strong>omnia</strong></span> <span class='ocrx_word' id='word_1_65' title='bbox 901 863 1176 934; x_wconf 70' lang='lat' dir='ltr'><strong>aequalem,</strong></span> <span class='ocrx_word' id='word_1_66' title='bbox 1202 862 1613 934; x_wconf 40' lang='lat' dir='ltr'><strong>parueris-sua</strong></span> <span class='ocrx_word' id='word_1_67' title='bbox 1640 866 1831 934; x_wconf 76' lang='lat' dir='ltr'><strong>natura</strong></span> <span class='ocrx_word' id='word_1_68' title='bbox 1867 861 2255 913; x_wconf 83' lang='lat' dir='ltr'><strong>immutabilem</strong></span> <span class='ocrx_word' id='word_1_69' title='bbox 2285 868 2340 913; x_wconf 88' lang='lat' dir='ltr'><strong>et</strong></span> <span class='ocrx_word' id='word_1_70' title='bbox 2368 861 2705 927; x_wconf 60' lang='lat' dir='ltr'><strong>invisibil&#39;em,</strong></span> <span class='ocrx_word' id='word_1_71' title='bbox 2739 873 2791 918; x_wconf 88' lang='lat' dir='ltr'><strong>et</strong></span> <span class='ocrx_word' id='word_1_72' title='bbox 2824 861 3021 933; x_wconf 76' lang='lat' dir='ltr'><strong>ubique</strong></span> <span class='ocrx_word' id='word_1_73' title='bbox 3051 876 3391 934; x_wconf 63' lang='lat' dir='ltr'><strong>praesentem,</strong></span> <span class='ocrx_word' id='word_1_74' title='bbox 3421 874 3475 923; x_wconf 94' lang='lat' dir='ltr'><strong>in</strong></span> <span class='ocrx_word' id='word_1_75' title='bbox 3508 875 3634 925; x_wconf 84' lang='lat' dir='ltr'><strong>mis-</strong></span> 
     </span>
    </p>
   </div>
   <div class='ocr_carea' id='block_1_10' title="bbox 221 925 1844 991">
    <p class='ocr_par' dir='ltr' id='par_1_10' title="bbox 221 925 1844 991">
     <span class='ocr_line' id='line_1_11' title="bbox 221 925 1844 991; baseline -0.005 -9"><span class='ocrx_word' id='word_1_76' title='bbox 221 934 371 982; x_wconf 83' lang='lat' dir='ltr'><strong>sione</strong></span> <span class='ocrx_word' id='word_1_77' title='bbox 400 944 496 980; x_wconf 88' lang='lat' dir='ltr'><strong>seu</strong></span> <span class='ocrx_word' id='word_1_78' title='bbox 524 925 858 991; x_wconf 74' lang='lat' dir='ltr'><strong>apparitione</strong></span> <span class='ocrx_word' id='word_1_79' title='bbox 887 925 1122 988; x_wconf 83' lang='lat' dir='ltr'><strong>qualibet</strong></span> <span class='ocrx_word' id='word_1_80' title='bbox 1150 926 1581 989; x_wconf 79' lang='lat' dir='ltr'><strong>inseparabiliter</strong></span> <span class='ocrx_word' id='word_1_81' title='bbox 1612 925 1844 988; x_wconf 79' lang='lat' dir='ltr'><strong>cperari.</strong></span> 
     </span>
    </p>
   </div>
   <div class='ocr_carea' id='block_1_11' title="bbox 295 1120 1881 1193">
    <p class='ocr_par' dir='ltr' id='par_1_11' title="bbox 295 1120 1881 1193">
     <span class='ocr_line' id='line_1_12' title="bbox 295 1120 1881 1193; baseline -0.001 -14"><span class='ocrx_word' id='word_1_82' title='bbox 295 1124 664 1180; x_wconf 70' lang='lat' dir='ltr'><strong>Paoosmuss.</strong></span> <span class='ocrx_word' id='word_1_83' title='bbox 690 1153 757 1164; x_wconf 89' lang='lat'><strong>——</strong></span> <span class='ocrx_word' id='word_1_84' title='bbox 781 1123 829 1177; x_wconf 92' lang='grc'><strong>1.</strong></span> <span class='ocrx_word' id='word_1_85' title='bbox 854 1122 997 1177; x_wconf 91' lang='lat' dir='ltr'><strong>Cum</strong></span> <span class='ocrx_word' id='word_1_86' title='bbox 1019 1120 1286 1177; x_wconf 88' lang='lat' dir='ltr'><strong>homines</strong></span> <span class='ocrx_word' id='word_1_87' title='bbox 1308 1120 1487 1175; x_wconf 91' lang='lat' dir='ltr'><strong>Deum</strong></span> <span class='ocrx_word' id='word_1_88' title='bbox 1517 1126 1804 1193; x_wconf 84' lang='lat' dir='ltr'><strong>quaerunt,</strong></span> <span class='ocrx_word' id='word_1_89' title='bbox 1825 1125 1881 1177; x_wconf 89' lang='lat' dir='ltr'><strong>et</strong></span> 
     </span>
    </p>
   </div>
   <div class='ocr_carea' id='block_1_12' title="bbox 226 1210 1882 1284">
    <p class='ocr_par' dir='ltr' id='par_1_12' title="bbox 226 1210 1882 1284">
     <span class='ocr_line' id='line_1_13' title="bbox 226 1210 1882 1284; baseline -0.002 -15"><span class='ocrx_word' id='word_1_90' title='bbox 226 1214 299 1270; x_wconf 91' lang='lat' dir='ltr'><strong>ad</strong></span> <span class='ocrx_word' id='word_1_91' title='bbox 319 1211 768 1284; x_wconf 84' lang='lat' dir='ltr'><strong>intelligentiam</strong></span> <span class='ocrx_word' id='word_1_92' title='bbox 784 1210 1087 1267; x_wconf 86' lang='lat' dir='ltr'><strong>Trinitatis</strong></span> <span class='ocrx_word' id='word_1_93' title='bbox 1103 1227 1203 1283; x_wconf 93' lang='lat' dir='ltr'><strong>pro</strong></span> <span class='ocrx_word' id='word_1_94' title='bbox 1218 1214 1390 1282; x_wconf 90' lang='lat' dir='ltr'><strong>captu</strong></span> <span class='ocrx_word' id='word_1_95' title='bbox 1410 1210 1765 1266; x_wconf 90' lang='lat' dir='ltr'><strong>inﬁrmitatis</strong></span> <span class='ocrx_word' id='word_1_96' title='bbox 1780 1211 1882 1266; x_wconf 92' lang='lat' dir='ltr'><strong>hu-</strong></span> 
     </span>
    </p>
   </div>
   <div class='ocr_carea' id='block_1_13' title="bbox 229 1298 1883 1373">
    <p class='ocr_par' dir='ltr' id='par_1_13' title="bbox 229 1298 1883 1373">
     <span class='ocr_line' id='line_1_14' title="bbox 229 1298 1883 1373; baseline -0.002 -14"><span class='ocrx_word' id='word_1_97' title='bbox 229 1321 415 1359; x_wconf 64' lang='lat' dir='ltr'><strong>manae</strong></span> <span class='ocrx_word' id='word_1_98' title='bbox 440 1303 701 1359; x_wconf 91' lang='lat' dir='ltr'><strong>animum</strong></span> <span class='ocrx_word' id='word_1_99' title='bbox 724 1300 1064 1368; x_wconf 87' lang='lat' dir='ltr'><strong>intendunt;</strong></span> <span class='ocrx_word' id='word_1_100' title='bbox 1089 1300 1307 1373; x_wconf 82' lang='lat' dir='ltr'><strong>experti</strong></span> <span class='ocrx_word' id='word_1_101' title='bbox 1335 1298 1708 1355; x_wconf 91' lang='lat' dir='ltr'><strong>difﬁcultates</strong></span> <span class='ocrx_word' id='word_1_102' title='bbox 1726 1299 1883 1355; x_wconf 79' lang='lat' dir='ltr'><strong>labo-</strong></span> 
     </span>
    </p>
   </div>
   <div class='ocr_carea' id='block_1_14' title="bbox 228 1388 1883 1463">
    <p class='ocr_par' dir='ltr' id='par_1_14' title="bbox 228 1388 1883 1463">
     <span class='ocr_line' id='line_1_15' title="bbox 228 1388 1883 1463; baseline -0.003 -14"><span class='ocrx_word' id='word_1_103' title='bbox 228 1393 441 1458; x_wconf 89' lang='lat' dir='ltr'><strong>riosas,</strong></span> <span class='ocrx_word' id='word_1_104' title='bbox 465 1392 583 1448; x_wconf 89' lang='lat' dir='ltr'><strong>sive</strong></span> <span class='ocrx_word' id='word_1_105' title='bbox 601 1391 658 1446; x_wconf 91' lang='lat' dir='ltr'><strong>in</strong></span> <span class='ocrx_word' id='word_1_106' title='bbox 682 1391 810 1463; x_wconf 90' lang='lat' dir='ltr'><strong>ipsa</strong></span> <span class='ocrx_word' id='word_1_107' title='bbox 831 1390 949 1446; x_wconf 85' lang='lat' dir='ltr'><strong>acie</strong></span> <span class='ocrx_word' id='word_1_108' title='bbox 975 1389 1187 1445; x_wconf 88' lang='lat' dir='ltr'><strong>mentis</strong></span> <span class='ocrx_word' id='word_1_109' title='bbox 1210 1388 1476 1444; x_wconf 88' lang='lat' dir='ltr'><strong>conantis</strong></span> <span class='ocrx_word' id='word_1_110' title='bbox 1498 1390 1711 1444; x_wconf 91' lang='lat' dir='ltr'><strong>intueri</strong></span> <span class='ocrx_word' id='word_1_111' title='bbox 1730 1389 1883 1445; x_wconf 83' lang='lat' dir='ltr'><strong>inac-</strong></span> 
     </span>
    </p>
   </div>
   <div class='ocr_carea' id='block_1_15' title="bbox 229 1477 1887 1550">
    <p class='ocr_par' dir='ltr' id='par_1_15' title="bbox 229 1477 1887 1550">
     <span class='ocr_line' id='line_1_16' title="bbox 229 1477 1887 1550; baseline -0.005 -11"><span class='ocrx_word' id='word_1_112' title='bbox 229 1482 565 1539; x_wconf 87' lang='lat' dir='ltr'><strong>cessibilem</strong></span> <span class='ocrx_word' id='word_1_113' title='bbox 598 1481 810 1550; x_wconf 88' lang='lat' dir='ltr'><strong>lucem,</strong></span> <span class='ocrx_word' id='word_1_114' title='bbox 854 1480 973 1536; x_wconf 84' lang='lat' dir='ltr'><strong>sive</strong></span> <span class='ocrx_word' id='word_1_115' title='bbox 1002 1478 1060 1533; x_wconf 89' lang='lat' dir='ltr'><strong>in</strong></span> <span class='ocrx_word' id='word_1_116' title='bbox 1094 1479 1223 1550; x_wconf 90' lang='lat' dir='ltr'><strong>ipsa</strong></span> <span class='ocrx_word' id='word_1_117' title='bbox 1263 1477 1572 1550; x_wconf 84' lang='lat' dir='ltr'><strong>multiplici</strong></span> <span class='ocrx_word' id='word_1_118' title='bbox 1604 1482 1659 1533; x_wconf 87' lang='lat' dir='ltr'><strong>et</strong></span> <span class='ocrx_word' id='word_1_119' title='bbox 1692 1477 1887 1532; x_wconf 89' lang='lat' dir='ltr'><strong>multi-</strong></span> 
     </span>
    </p>
   </div>
   <div class='ocr_carea' id='block_1_16' title="bbox 231 1567 1887 1631">
    <p class='ocr_par' dir='ltr' id='par_1_16' title="bbox 231 1567 1887 1631">
     <span class='ocr_line' id='line_1_17' title="bbox 231 1567 1887 1631; baseline -0.004 -2"><span class='ocrx_word' id='word_1_120' title='bbox 231 1573 406 1629; x_wconf 88' lang='lat' dir='ltr'><strong>moda</strong></span> <span class='ocrx_word' id='word_1_121' title='bbox 438 1570 729 1626; x_wconf 88' lang='lat' dir='ltr'><strong>locutione</strong></span> <span class='ocrx_word' id='word_1_122' title='bbox 752 1570 1102 1624; x_wconf 87' lang='lat' dir='ltr'><strong>Litterarum</strong></span> <span class='ocrx_word' id='word_1_123' title='bbox 1129 1584 1447 1631; x_wconf 86' lang='lat' dir='ltr'><strong>sacrarum,</strong></span> <span class='ocrx_word' id='word_1_124' title='bbox 1477 1568 1577 1621; x_wconf 90' lang='lat' dir='ltr'><strong>ubi</strong></span> <span class='ocrx_word' id='word_1_125' title='bbox 1604 1567 1746 1621; x_wconf 87' lang='lat' dir='ltr'><strong>mihi</strong></span> <span class='ocrx_word' id='word_1_126' title='bbox 1774 1584 1887 1622; x_wconf 93' lang='lat' dir='ltr'><strong>non</strong></span> 
     </span>
    </p>
   </div>
   <div class='ocr_carea' id='block_1_17' title="bbox 226 1655 1883 1727">
    <p class='ocr_par' dir='ltr' id='par_1_17' title="bbox 226 1655 1883 1727">
     <span class='ocr_line' id='line_1_18' title="bbox 226 1655 1883 1727; baseline -0.002 -12"><span class='ocrx_word' id='word_1_127' title='bbox 226 1662 463 1715; x_wconf 87' lang='lat' dir='ltr'><strong>videtur</strong></span> <span class='ocrx_word' id='word_1_128' title='bbox 483 1659 595 1715; x_wconf 88' lang='lat' dir='ltr'><strong>nisi</strong></span> <span class='ocrx_word' id='word_1_129' title='bbox 614 1659 778 1714; x_wconf 89' lang='lat' dir='ltr'><strong>atteri</strong></span> <span class='ocrx_word' id='word_1_130' title='bbox 806 1657 1061 1712; x_wconf 89' lang='lat' dir='ltr'><strong>animam</strong></span> <span class='ocrx_word' id='word_1_131' title='bbox 1079 1660 1119 1721; x_wconf 86' lang='grc'>¹,</span> <span class='ocrx_word' id='word_1_132' title='bbox 1145 1660 1207 1711; x_wconf 88' lang='lat' dir='ltr'><strong>ut</strong></span> <span class='ocrx_word' id='word_1_133' title='bbox 1226 1656 1437 1713; x_wconf 86' lang='lat' dir='ltr'><strong>Christi</strong></span> <span class='ocrx_word' id='word_1_134' title='bbox 1464 1655 1648 1727; x_wconf 88' lang='lat' dir='ltr'><strong>gratia</strong></span> <span class='ocrx_word' id='word_1_135' title='bbox 1667 1655 1883 1727; x_wconf 84' lang='lat' dir='ltr'><strong>gloriﬁ-</strong></span> 
     </span>
    </p>
   </div>
   <div class='ocr_carea' id='block_1_18' title="bbox 229 1744 1887 1817">
    <p class='ocr_par' dir='ltr' id='par_1_18' title="bbox 229 1744 1887 1817">
     <span class='ocr_line' id='line_1_19' title="bbox 229 1744 1887 1817; baseline -0.004 -12"><span class='ocrx_word' id='word_1_136' title='bbox 229 1756 364 1805; x_wconf 89' lang='lat' dir='ltr'><strong>cata</strong></span> <span class='ocrx_word' id='word_1_137' title='bbox 376 1748 865 1805; x_wconf 65' lang='lat' dir='ltr'><strong>dulcescat’wum</strong></span> <span class='ocrx_word' id='word_1_138' title='bbox 884 1747 953 1801; x_wconf 91' lang='lat' dir='ltr'><strong>ad</strong></span> <span class='ocrx_word' id='word_1_139' title='bbox 971 1745 1191 1817; x_wconf 90' lang='lat' dir='ltr'><strong>aliquid</strong></span> <span class='ocrx_word' id='word_1_140' title='bbox 1208 1750 1431 1800; x_wconf 91' lang='lat' dir='ltr'><strong>certum</strong></span> <span class='ocrx_word' id='word_1_141' title='bbox 1447 1745 1715 1800; x_wconf 88' lang='lat' dir='ltr'><strong>discussa</strong></span> <span class='ocrx_word' id='word_1_142' title='bbox 1728 1744 1887 1800; x_wconf 91' lang='lat' dir='ltr'><strong>omni</strong></span> 
     </span>
    </p>
   </div>
   <div class='ocr_carea' id='block_1_19' title="bbox 230 1833 1889 1911">
    <p class='ocr_par' dir='ltr' id='par_1_19' title="bbox 230 1833 1889 1911">
     <span class='ocr_line' id='line_1_20' title="bbox 230 1833 1889 1911; baseline -0.004 -16"><span class='ocrx_word' id='word_1_143' title='bbox 230 1838 617 1911; x_wconf 83' lang='lat' dir='ltr'><strong>ambiguitate</strong></span> <span class='ocrx_word' id='word_1_144' title='bbox 641 1834 1026 1909; x_wconf 86' lang='lat' dir='ltr'><strong>pervenerint,</strong></span> <span class='ocrx_word' id='word_1_145' title='bbox 1054 1833 1327 1889; x_wconf 83' lang='lat' dir='ltr'><strong>facillime</strong></span> <span class='ocrx_word' id='word_1_146' title='bbox 1347 1834 1559 1888; x_wconf 90' lang='lat' dir='ltr'><strong>debent</strong></span> <span class='ocrx_word' id='word_1_147' title='bbox 1591 1833 1889 1905; x_wconf 87' lang='lat' dir='ltr'><strong>ignoscere</strong></span> 
     </span>
    </p>
   </div>
   <div class='ocr_carea' id='block_1_20' title="bbox 230 1922 1889 1995">
    <p class='ocr_par' dir='ltr' id='par_1_20' title="bbox 230 1922 1889 1995">
     <span class='ocr_line' id='line_1_21' title="bbox 230 1922 1889 1995; baseline -0.003 -11"><span class='ocrx_word' id='word_1_148' title='bbox 230 1927 568 1984; x_wconf 84' lang='lat' dir='ltr'><strong>errantibus</strong></span> <span class='ocrx_word' id='word_1_149' title='bbox 598 1926 657 1980; x_wconf 93' lang='lat' dir='ltr'><strong>in</strong></span> <span class='ocrx_word' id='word_1_150' title='bbox 688 1926 834 1980; x_wconf 90' lang='lat' dir='ltr'><strong>tanti</strong></span> <span class='ocrx_word' id='word_1_151' title='bbox 860 1923 1345 1995; x_wconf 84' lang='lat' dir='ltr'><strong>pervestigatione</strong></span> <span class='ocrx_word' id='word_1_152' title='bbox 1379 1923 1605 1978; x_wconf 89' lang='lat' dir='ltr'><strong>secreti.</strong></span> <span class='ocrx_word' id='word_1_153' title='bbox 1640 1923 1748 1978; x_wconf 90' lang='lat' dir='ltr'><strong>Sed</strong></span> <span class='ocrx_word' id='word_1_154' title='bbox 1776 1922 1889 1979; x_wconf 92' lang='lat' dir='ltr'><strong>duo</strong></span> 
     </span>
    </p>
   </div>
   <div class='ocr_carea' id='block_1_21' title="bbox 234 2011 1886 2086">
    <p class='ocr_par' dir='ltr' id='par_1_21' title="bbox 234 2011 1886 2086">
     <span class='ocr_line' id='line_1_22' title="bbox 234 2011 1886 2086; baseline -0.004 -14"><span class='ocrx_word' id='word_1_155' title='bbox 234 2022 375 2072; x_wconf 88' lang='lat' dir='ltr'><strong>sunt</strong></span> <span class='ocrx_word' id='word_1_156' title='bbox 404 2034 527 2086; x_wconf 68' lang='lat' dir='ltr'><strong>qua:</strong></span> <span class='ocrx_word' id='word_1_157' title='bbox 546 2016 604 2070; x_wconf 92' lang='lat' dir='ltr'><strong>in</strong></span> <span class='ocrx_word' id='word_1_158' title='bbox 628 2032 819 2071; x_wconf 89' lang='lat' dir='ltr'><strong>errore</strong></span> <span class='ocrx_word' id='word_1_159' title='bbox 842 2013 1151 2069; x_wconf 89' lang='lat' dir='ltr'><strong>hominum</strong></span> <span class='ocrx_word' id='word_1_160' title='bbox 1176 2012 1519 2067; x_wconf 84' lang='lat' dir='ltr'><strong>difﬁcillime</strong></span> <span class='ocrx_word' id='word_1_161' title='bbox 1543 2011 1886 2081; x_wconf 88' lang='lat' dir='ltr'><strong>tolerantur;</strong></span> 
     </span>
    </p>
   </div>
   <div class='ocr_carea' id='block_1_22' title="bbox 232 2101 1889 2180">
    <p class='ocr_par' dir='ltr' id='par_1_22' title="bbox 232 2101 1889 2180">
     <span class='ocr_line' id='line_1_23' title="bbox 232 2101 1889 2180; baseline -0.004 -19"><span class='ocrx_word' id='word_1_162' title='bbox 232 2106 643 2180; x_wconf 74' lang='lat' dir='ltr'><strong>praesumptio,</strong></span> <span class='ocrx_word' id='word_1_163' title='bbox 670 2104 1009 2175; x_wconf 88' lang='lat' dir='ltr'><strong>priusquam</strong></span> <span class='ocrx_word' id='word_1_164' title='bbox 1035 2101 1244 2157; x_wconf 88' lang='lat' dir='ltr'><strong>veritas</strong></span> <span class='ocrx_word' id='word_1_165' title='bbox 1268 2107 1488 2174; x_wconf 85' lang='lat' dir='ltr'><strong>pateat;</strong></span> <span class='ocrx_word' id='word_1_166' title='bbox 1511 2106 1587 2167; x_wconf 92' lang='lat' dir='ltr'><strong>et,</strong></span> <span class='ocrx_word' id='word_1_167' title='bbox 1613 2118 1744 2157; x_wconf 91' lang='lat' dir='ltr'><strong>cum</strong></span> <span class='ocrx_word' id='word_1_168' title='bbox 1762 2102 1889 2172; x_wconf 86' lang='lat' dir='ltr'><strong>jam</strong></span> 
     </span>
    </p>
   </div>
   <div class='ocr_carea' id='block_1_23' title="bbox 231 2190 1889 2269">
    <p class='ocr_par' dir='ltr' id='par_1_23' title="bbox 231 2190 1889 2269">
     <span class='ocr_line' id='line_1_24' title="bbox 231 2190 1889 2269; baseline -0.003 -19"><span class='ocrx_word' id='word_1_169' title='bbox 231 2195 511 2269; x_wconf 88' lang='lat' dir='ltr'><strong>patuerit,</strong></span> <span class='ocrx_word' id='word_1_170' title='bbox 545 2197 914 2266; x_wconf 66' lang='lat' dir='ltr'><strong>praesumptis</strong></span> <span class='ocrx_word' id='word_1_171' title='bbox 959 2191 1217 2246; x_wconf 84' lang='lat' dir='ltr'><strong>defensio</strong></span> <span class='ocrx_word' id='word_1_172' title='bbox 1262 2190 1551 2246; x_wconf 82' lang='lat' dir='ltr'><strong>falsitatis.</strong></span> <span class='ocrx_word' id='word_1_173' title='bbox 1600 2194 1637 2246; x_wconf 83' lang='lat' dir='ltr'><strong>A</strong></span> <span class='ocrx_word' id='word_1_174' title='bbox 1674 2190 1889 2261; x_wconf 89' lang='lat' dir='ltr'><strong>quibus</strong></span> 
     </span>
    </p>
   </div>
   <div class='ocr_carea' id='block_1_24' title="bbox 229 2280 1892 2343">
    <p class='ocr_par' dir='ltr' id='par_1_24' title="bbox 229 2280 1892 2343">
     <span class='ocr_line' id='line_1_25' title="bbox 229 2280 1892 2343; baseline -0.004 -3"><span class='ocrx_word' id='word_1_175' title='bbox 229 2287 470 2340; x_wconf 87' lang='lat' dir='ltr'><strong>duobus</strong></span> <span class='ocrx_word' id='word_1_176' title='bbox 501 2282 658 2337; x_wconf 88' lang='lat' dir='ltr'><strong>vitiis</strong></span> <span class='ocrx_word' id='word_1_177' title='bbox 689 2281 865 2336; x_wconf 91' lang='lat' dir='ltr'><strong>nimis</strong></span> <span class='ocrx_word' id='word_1_178' title='bbox 890 2280 1148 2335; x_wconf 90' lang='lat' dir='ltr'><strong>inimicis</strong></span> <span class='ocrx_word' id='word_1_179' title='bbox 1178 2280 1499 2335; x_wconf 85' lang='lat' dir='ltr'><strong>inventioni</strong></span> <span class='ocrx_word' id='word_1_180' title='bbox 1528 2280 1809 2343; x_wconf 85' lang='lat' dir='ltr'><strong>veritatis,</strong></span> <span class='ocrx_word' id='word_1_181' title='bbox 1835 2282 1892 2334; x_wconf 88' lang='lat' dir='ltr'><strong>et</strong></span> 
     </span>
    </p>
   </div>
   <div class='ocr_carea' id='block_1_25' title="bbox 228 2367 1889 2440">
    <p class='ocr_par' dir='ltr' id='par_1_25' title="bbox 228 2367 1889 2440">
     <span class='ocr_line' id='line_1_26' title="bbox 228 2367 1889 2440; baseline -0.005 -10"><span class='ocrx_word' id='word_1_182' title='bbox 228 2373 567 2429; x_wconf 87' lang='lat' dir='ltr'><strong>tractationi</strong></span> <span class='ocrx_word' id='word_1_183' title='bbox 600 2370 929 2426; x_wconf 88' lang='lat' dir='ltr'><strong>divinorum</strong></span> <span class='ocrx_word' id='word_1_184' title='bbox 974 2374 1429 2440; x_wconf 87' lang='lat' dir='ltr'><strong>sanctorumque</strong></span> <span class='ocrx_word' id='word_1_185' title='bbox 1478 2369 1807 2437; x_wconf 87' lang='lat' dir='ltr'><strong>Librorum,</strong></span> <span class='ocrx_word' id='word_1_186' title='bbox 1839 2367 1889 2424; x_wconf 89' lang='lat' dir='ltr'><strong>si</strong></span> 
     </span>
    </p>
   </div>
   <div class='ocr_carea' id='block_1_26' title="bbox 229 2458 1889 2535">
    <p class='ocr_par' dir='ltr' id='par_1_26' title="bbox 229 2458 1889 2535">
     <span class='ocr_line' id='line_1_27' title="bbox 229 2458 1889 2535; baseline -0.004 -16"><span class='ocrx_word' id='word_1_187' title='bbox 229 2480 349 2530; x_wconf 89' lang='lat' dir='ltr'><strong>me,</strong></span> <span class='ocrx_word' id='word_1_188' title='bbox 376 2467 441 2517; x_wconf 93' lang='lat' dir='ltr'><strong>ut</strong></span> <span class='ocrx_word' id='word_1_189' title='bbox 474 2478 676 2535; x_wconf 91' lang='lat' dir='ltr'><strong>precor</strong></span> <span class='ocrx_word' id='word_1_190' title='bbox 706 2464 762 2515; x_wconf 87' lang='lat' dir='ltr'><strong>et</strong></span> <span class='ocrx_word' id='word_1_191' title='bbox 793 2475 983 2530; x_wconf 90' lang='lat' dir='ltr'><strong>spero,</strong></span> <span class='ocrx_word' id='word_1_192' title='bbox 1019 2458 1172 2513; x_wconf 90' lang='lat' dir='ltr'><strong>Deus</strong></span> <span class='ocrx_word' id='word_1_193' title='bbox 1207 2458 1530 2512; x_wconf 88' lang='lat' dir='ltr'><strong>defenderit</strong></span> <span class='ocrx_word' id='word_1_194' title='bbox 1550 2463 1723 2529; x_wconf 90' lang='lat' dir='ltr'><strong>atque</strong></span> <span class='ocrx_word' id='word_1_195' title='bbox 1756 2475 1889 2513; x_wconf 86' lang='lat' dir='ltr'><strong>mu-</strong></span> 
     </span>
    </p>
   </div>
   <div class='ocr_carea' id='block_1_27' title="bbox 229 2548 1893 2619">
    <p class='ocr_par' dir='ltr' id='par_1_27' title="bbox 229 2548 1893 2619">
     <span class='ocr_line' id='line_1_28' title="bbox 229 2548 1893 2619; baseline -0.004 -10"><span class='ocrx_word' id='word_1_196' title='bbox 229 2553 410 2609; x_wconf 89' lang='lat' dir='ltr'><strong>nierit</strong></span> <span class='ocrx_word' id='word_1_197' title='bbox 430 2557 596 2608; x_wconf 91' lang='lat' dir='ltr'><strong>scuto</strong></span> <span class='ocrx_word' id='word_1_198' title='bbox 618 2552 779 2605; x_wconf 63' lang='lat' dir='ltr'><strong>bona:</strong></span> <span class='ocrx_word' id='word_1_199' title='bbox 792 2548 1112 2603; x_wconf 90' lang='lat' dir='ltr'><strong>voluntatis</strong></span> <span class='ocrx_word' id='word_1_200' title='bbox 1127 2566 1243 2603; x_wconf 69' lang='lat' dir='ltr'><strong>suae</strong></span> <span class='ocrx_word' id='word_1_201' title='bbox 1263 2548 1430 2619; x_wconf 85' lang='lat' dir='ltr'><strong>(Psal.</strong></span> <span class='ocrx_word' id='word_1_202' title='bbox 1453 2564 1504 2613; x_wconf 92' lang='lat' dir='ltr'><strong>v,</strong></span> <span class='ocrx_word' id='word_1_203' title='bbox 1526 2548 1613 2619; x_wconf 88' lang='grc'><strong>13)</strong></span> <span class='ocrx_word' id='word_1_204' title='bbox 1631 2553 1687 2602; x_wconf 89' lang='lat' dir='ltr'><strong>et</strong></span> <span class='ocrx_word' id='word_1_205' title='bbox 1704 2548 1893 2619; x_wconf 90' lang='lat' dir='ltr'><strong>gratia</strong></span> 
     </span>
    </p>
   </div>
   <div class='ocr_carea' id='block_1_28' title="bbox 230 2636 1889 2709">
    <p class='ocr_par' dir='ltr' id='par_1_28' title="bbox 230 2636 1889 2709">
     <span class='ocr_line' id='line_1_29' title="bbox 230 2636 1889 2709; baseline -0.004 -11"><span class='ocrx_word' id='word_1_206' title='bbox 230 2641 649 2699; x_wconf 81' lang='lat' dir='ltr'><strong>misericordiae</strong></span> <span class='ocrx_word' id='word_1_207' title='bbox 688 2658 830 2705; x_wconf 77' lang='lat' dir='ltr'><strong>suae,</strong></span> <span class='ocrx_word' id='word_1_208' title='bbox 863 2655 976 2694; x_wconf 90' lang='lat' dir='ltr'><strong>non</strong></span> <span class='ocrx_word' id='word_1_209' title='bbox 1017 2654 1113 2693; x_wconf 89' lang='lat' dir='ltr'><strong>ero</strong></span> <span class='ocrx_word' id='word_1_210' title='bbox 1146 2636 1343 2709; x_wconf 84' lang='lat' dir='ltr'><strong>segnis</strong></span> <span class='ocrx_word' id='word_1_211' title='bbox 1374 2637 1443 2691; x_wconf 92' lang='lat' dir='ltr'><strong>ad</strong></span> <span class='ocrx_word' id='word_1_212' title='bbox 1479 2636 1889 2709; x_wconf 88' lang='lat' dir='ltr'><strong>inquirendam</strong></span> 
     </span>
    </p>
   </div>
   <div class='ocr_carea' id='block_1_29' title="bbox 224 2726 1893 2800">
    <p class='ocr_par' dir='ltr' id='par_1_29' title="bbox 224 2726 1893 2800">
     <span class='ocr_line' id='line_1_30' title="bbox 224 2726 1893 2800; baseline -0.005 -12"><span class='ocrx_word' id='word_1_213' title='bbox 224 2730 628 2787; x_wconf 88' lang='lat' dir='ltr'><strong>substantiam</strong></span> <span class='ocrx_word' id='word_1_214' title='bbox 668 2729 784 2800; x_wconf 85' lang='lat' dir='ltr'><strong>Dei,</strong></span> <span class='ocrx_word' id='word_1_215' title='bbox 811 2731 930 2783; x_wconf 87' lang='lat' dir='ltr'><strong>sive</strong></span> <span class='ocrx_word' id='word_1_216' title='bbox 963 2744 1065 2800; x_wconf 92' lang='lat' dir='ltr'><strong>per</strong></span> <span class='ocrx_word' id='word_1_217' title='bbox 1083 2727 1442 2798; x_wconf 84' lang='lat' dir='ltr'><strong>Scripturam</strong></span> <span class='ocrx_word' id='word_1_218' title='bbox 1470 2727 1619 2795; x_wconf 76' lang='lat' dir='ltr'><strong>eius,</strong></span> <span class='ocrx_word' id='word_1_219' title='bbox 1652 2726 1768 2781; x_wconf 88' lang='lat' dir='ltr'><strong>sive</strong></span> <span class='ocrx_word' id='word_1_220' title='bbox 1792 2744 1893 2796; x_wconf 87' lang='lat' dir='ltr'><strong>per</strong></span> 
     </span>
    </p>
   </div>
   <div class='ocr_carea' id='block_1_30' title="bbox 222 2816 1894 2891">
    <p class='ocr_par' dir='ltr' id='par_1_30' title="bbox 222 2816 1894 2891">
     <span class='ocr_line' id='line_1_31' title="bbox 222 2816 1894 2891; baseline -0.005 -12"><span class='ocrx_word' id='word_1_221' title='bbox 222 2826 583 2880; x_wconf 85' lang='lat' dir='ltr'><strong>creaturam.</strong></span> <span class='ocrx_word' id='word_1_222' title='bbox 617 2821 750 2884; x_wconf 62' lang='lat' dir='ltr'><strong>Qua</strong></span> <span class='ocrx_word' id='word_1_223' title='bbox 801 2825 1048 2891; x_wconf 89' lang='lat' dir='ltr'><strong>utraque</strong></span> <span class='ocrx_word' id='word_1_224' title='bbox 1092 2818 1260 2874; x_wconf 88' lang='lat' dir='ltr'><strong>nobis</strong></span> <span class='ocrx_word' id='word_1_225' title='bbox 1293 2818 1362 2872; x_wconf 92' lang='lat' dir='ltr'><strong>ad</strong></span> <span class='ocrx_word' id='word_1_226' title='bbox 1396 2818 1505 2872; x_wconf 87' lang='lat' dir='ltr'><strong>hoc</strong></span> <span class='ocrx_word' id='word_1_227' title='bbox 1548 2816 1894 2889; x_wconf 82' lang='lat' dir='ltr'><strong>preponitur</strong></span> 
     </span>
    </p>
   </div>
   <div class='ocr_carea' id='block_1_31' title="bbox 223 2906 1895 2981">
    <p class='ocr_par' dir='ltr' id='par_1_31' title="bbox 223 2906 1895 2981">
     <span class='ocr_line' id='line_1_32' title="bbox 223 2906 1895 2981; baseline -0.004 -15"><span class='ocrx_word' id='word_1_228' title='bbox 223 2912 540 2977; x_wconf 81' lang='lat' dir='ltr'><strong>intuenda,</strong></span> <span class='ocrx_word' id='word_1_229' title='bbox 577 2914 639 2965; x_wconf 89' lang='lat' dir='ltr'><strong>ut</strong></span> <span class='ocrx_word' id='word_1_230' title='bbox 670 2909 794 2981; x_wconf 88' lang='lat' dir='ltr'><strong>ipse</strong></span> <span class='ocrx_word' id='word_1_231' title='bbox 825 2915 1140 2981; x_wconf 64' lang='lat' dir='ltr'><strong>quaeratur,</strong></span> <span class='ocrx_word' id='word_1_232' title='bbox 1176 2908 1297 2978; x_wconf 89' lang='lat' dir='ltr'><strong>ipse</strong></span> <span class='ocrx_word' id='word_1_233' title='bbox 1329 2906 1608 2977; x_wconf 86' lang='lat' dir='ltr'><strong>diligatur</strong></span> <span class='ocrx_word' id='word_1_234' title='bbox 1634 2907 1674 2969; x_wconf 79' lang='grc'><strong>³,</strong></span> <span class='ocrx_word' id='word_1_235' title='bbox 1709 2906 1805 2976; x_wconf 91' lang='lat' dir='ltr'><strong>qui</strong></span> <span class='ocrx_word' id='word_1_236' title='bbox 1838 2910 1895 2960; x_wconf 90' lang='lat' dir='ltr'><strong>et</strong></span> 
     </span>
    </p>
   </div>
   <div class='ocr_carea' id='block_1_32' title="bbox 222 2994 1893 3070">
    <p class='ocr_par' dir='ltr' id='par_1_32' title="bbox 222 2994 1893 3070">
     <span class='ocr_line' id='line_1_33' title="bbox 222 2994 1893 3070; baseline -0.003 -15"><span class='ocrx_word' id='word_1_237' title='bbox 222 2999 400 3055; x_wconf 85' lang='lat' dir='ltr'><strong>illam</strong></span> <span class='ocrx_word' id='word_1_238' title='bbox 430 2998 758 3070; x_wconf 85' lang='lat' dir='ltr'><strong>inspiravit;</strong></span> <span class='ocrx_word' id='word_1_239' title='bbox 790 3003 846 3052; x_wconf 92' lang='lat' dir='ltr'><strong>et</strong></span> <span class='ocrx_word' id='word_1_240' title='bbox 880 2997 1054 3051; x_wconf 86' lang='lat' dir='ltr'><strong>istam</strong></span> <span class='ocrx_word' id='word_1_241' title='bbox 1087 2996 1322 3051; x_wconf 89' lang='lat' dir='ltr'><strong>creavit.</strong></span> <span class='ocrx_word' id='word_1_242' title='bbox 1359 2995 1472 3050; x_wconf 89' lang='lat' dir='ltr'><strong>Nec</strong></span> <span class='ocrx_word' id='word_1_243' title='bbox 1504 2994 1766 3066; x_wconf 90' lang='lat' dir='ltr'><strong>trepidus</strong></span> <span class='ocrx_word' id='word_1_244' title='bbox 1796 3011 1893 3051; x_wconf 90' lang='lat' dir='ltr'><strong>ero</strong></span> 
     </span>
    </p>
   </div>
   <div class='ocr_carea' id='block_1_33' title="bbox 226 3084 1893 3160">
    <p class='ocr_par' dir='ltr' id='par_1_33' title="bbox 226 3084 1893 3160">
     <span class='ocr_line' id='line_1_34' title="bbox 226 3084 1893 3160; baseline -0.004 -15"><span class='ocrx_word' id='word_1_245' title='bbox 226 3089 306 3145; x_wconf 90' lang='lat' dir='ltr'><strong>ad</strong></span> <span class='ocrx_word' id='word_1_246' title='bbox 341 3089 745 3160; x_wconf 86' lang='lat' dir='ltr'><strong>proferendam</strong></span> <span class='ocrx_word' id='word_1_247' title='bbox 797 3086 1150 3141; x_wconf 89' lang='lat' dir='ltr'><strong>sententiam</strong></span> <span class='ocrx_word' id='word_1_248' title='bbox 1186 3101 1397 3151; x_wconf 85' lang='lat' dir='ltr'><strong>meam,</strong></span> <span class='ocrx_word' id='word_1_249' title='bbox 1450 3085 1506 3137; x_wconf 92' lang='lat' dir='ltr'><strong>in</strong></span> <span class='ocrx_word' id='word_1_250' title='bbox 1543 3102 1657 3155; x_wconf 88' lang='lat' dir='ltr'><strong>qua</strong></span> <span class='ocrx_word' id='word_1_251' title='bbox 1707 3084 1893 3156; x_wconf 89' lang='lat' dir='ltr'><strong>magis</strong></span> 
     </span>
    </p>
   </div>
   <div class='ocr_carea' id='block_1_34' title="bbox 227 3174 1894 3247">
    <p class='ocr_par' dir='ltr' id='par_1_34' title="bbox 227 3174 1894 3247">
     <span class='ocr_line' id='line_1_35' title="bbox 227 3174 1894 3247; baseline -0.002 -14"><span class='ocrx_word' id='word_1_252' title='bbox 227 3178 449 3233; x_wconf 89' lang='lat' dir='ltr'><strong>amabo</strong></span> <span class='ocrx_word' id='word_1_253' title='bbox 474 3177 679 3247; x_wconf 89' lang='lat' dir='ltr'><strong>inspici</strong></span> <span class='ocrx_word' id='word_1_254' title='bbox 705 3195 738 3232; x_wconf 90' lang='lat' dir='ltr'><strong>a</strong></span> <span class='ocrx_word' id='word_1_255' title='bbox 771 3176 966 3241; x_wconf 88' lang='lat' dir='ltr'><strong>rectis,</strong></span> <span class='ocrx_word' id='word_1_256' title='bbox 989 3192 1164 3247; x_wconf 89' lang='lat' dir='ltr'><strong>quam</strong></span> <span class='ocrx_word' id='word_1_257' title='bbox 1188 3176 1408 3230; x_wconf 90' lang='lat' dir='ltr'><strong>timebo</strong></span> <span class='ocrx_word' id='word_1_258' title='bbox 1433 3174 1681 3229; x_wconf 90' lang='lat' dir='ltr'><strong>morderi</strong></span> <span class='ocrx_word' id='word_1_259' title='bbox 1707 3192 1740 3229; x_wconf 90' lang='lat' dir='ltr'><strong>a</strong></span> <span class='ocrx_word' id='word_1_260' title='bbox 1765 3191 1894 3246; x_wconf 91' lang='lat' dir='ltr'><strong>per-</strong></span> 
     </span>
    </p>
   </div>
   <div class='ocr_carea' id='block_1_35' title="bbox 225 3265 1893 3338">
    <p class='ocr_par' dir='ltr' id='par_1_35' title="bbox 225 3265 1893 3338">
     <span class='ocr_line' id='line_1_36' title="bbox 225 3265 1893 3338; baseline -0.002 -14"><span class='ocrx_word' id='word_1_261' title='bbox 225 3269 443 3325; x_wconf 87' lang='lat' dir='ltr'><strong>versis.</strong></span> <span class='ocrx_word' id='word_1_262' title='bbox 458 3272 765 3323; x_wconf 88' lang='lat' dir='ltr'><strong>Gratanter</strong></span> <span class='ocrx_word' id='word_1_263' title='bbox 781 3266 935 3323; x_wconf 91' lang='lat' dir='ltr'><strong>enim</strong></span> <span class='ocrx_word' id='word_1_264' title='bbox 952 3265 1439 3338; x_wconf 87' lang='lat' dir='ltr'><strong>suscipitoculum</strong></span> <span class='ocrx_word' id='word_1_265' title='bbox 1454 3266 1476 3299; x_wconf 75' lang='lat'><strong>‘</strong></span> <span class='ocrx_word' id='word_1_266' title='bbox 1491 3265 1893 3321; x_wconf 87' lang='lat' dir='ltr'><strong>columbinum</strong></span> 
     </span>
    </p>
   </div>
   <div class='ocr_carea' id='block_1_36' title="bbox 228 3355 1894 3433">
    <p class='ocr_par' dir='ltr' id='par_1_36' title="bbox 228 3355 1894 3433">
     <span class='ocr_line' id='line_1_37' title="bbox 228 3355 1894 3433; baseline -0.003 -19"><span class='ocrx_word' id='word_1_267' title='bbox 228 3358 635 3433; x_wconf 87' lang='lat' dir='ltr'><strong>pulcherrima</strong></span> <span class='ocrx_word' id='word_1_268' title='bbox 655 3362 711 3412; x_wconf 91' lang='lat' dir='ltr'><strong>et</strong></span> <span class='ocrx_word' id='word_1_269' title='bbox 746 3355 1175 3412; x_wconf 79' lang='lat' dir='ltr'><strong>modestissime</strong></span> <span class='ocrx_word' id='word_1_270' title='bbox 1206 3356 1492 3422; x_wconf 87' lang='lat' dir='ltr'><strong>charitas;</strong></span> <span class='ocrx_word' id='word_1_271' title='bbox 1525 3356 1760 3410; x_wconf 89' lang='lat' dir='ltr'><strong>dentem</strong></span> <span class='ocrx_word' id='word_1_272' title='bbox 1793 3372 1894 3409; x_wconf 81' lang='lat' dir='ltr'><strong>au-</strong></span> 
     </span>
    </p>
   </div>
   <div class='ocr_carea' id='block_1_37' title="bbox 227 3443 1895 3510">
    <p class='ocr_par' dir='ltr' id='par_1_37' title="bbox 227 3443 1895 3510">
     <span class='ocr_line' id='line_1_38' title="bbox 227 3443 1895 3510; baseline -0.002 -7"><span class='ocrx_word' id='word_1_273' title='bbox 227 3455 355 3505; x_wconf 87' lang='lat' dir='ltr'><strong>tem</strong></span> <span class='ocrx_word' id='word_1_274' title='bbox 381 3447 657 3504; x_wconf 89' lang='lat' dir='ltr'><strong>caninum</strong></span> <span class='ocrx_word' id='word_1_275' title='bbox 682 3446 768 3502; x_wconf 88' lang='lat' dir='ltr'><strong>vel</strong></span> <span class='ocrx_word' id='word_1_276' title='bbox 791 3448 967 3502; x_wconf 89' lang='lat' dir='ltr'><strong>evitat</strong></span> <span class='ocrx_word' id='word_1_277' title='bbox 988 3445 1330 3501; x_wconf 81' lang='lat' dir='ltr'><strong>cautissime</strong></span> <span class='ocrx_word' id='word_1_278' title='bbox 1352 3443 1676 3510; x_wconf 88' lang='lat' dir='ltr'><strong>humilitas,</strong></span> <span class='ocrx_word' id='word_1_279' title='bbox 1696 3443 1783 3499; x_wconf 90' lang='lat' dir='ltr'><strong>vel</strong></span> <span class='ocrx_word' id='word_1_280' title='bbox 1810 3461 1895 3499; x_wconf 88' lang='lat' dir='ltr'><strong>re-</strong></span> 
     </span>
    </p>
   </div>
   <div class='ocr_carea' id='block_1_38' title="bbox 224 3534 1896 3606">
    <p class='ocr_par' dir='ltr' id='par_1_38' title="bbox 224 3534 1896 3606">
     <span class='ocr_line' id='line_1_39' title="bbox 224 3534 1896 3606; baseline -0.004 -11"><span class='ocrx_word' id='word_1_281' title='bbox 224 3538 443 3595; x_wconf 90' lang='lat' dir='ltr'><strong>tundit</strong></span> <span class='ocrx_word' id='word_1_282' title='bbox 466 3536 828 3594; x_wconf 85' lang='lat' dir='ltr'><strong>solidissima</strong></span> <span class='ocrx_word' id='word_1_283' title='bbox 856 3536 1098 3591; x_wconf 87' lang='lat' dir='ltr'><strong>veritas:</strong></span> <span class='ocrx_word' id='word_1_284' title='bbox 1126 3534 1431 3606; x_wconf 88' lang='lat' dir='ltr'><strong>magisque</strong></span> <span class='ocrx_word' id='word_1_285' title='bbox 1454 3534 1666 3606; x_wconf 83' lang='lat' dir='ltr'><strong>Optabo</strong></span> <span class='ocrx_word' id='word_1_286' title='bbox 1689 3550 1722 3588; x_wconf 92' lang='lat' dir='ltr'><strong>a</strong></span> <span class='ocrx_word' id='word_1_287' title='bbox 1753 3550 1896 3604; x_wconf 90' lang='lat' dir='ltr'><strong>quo-</strong></span> 
     </span>
    </p>
   </div>
   <div class='ocr_carea' id='block_1_39' title="bbox 224 3623 1899 3698">
    <p class='ocr_par' dir='ltr' id='par_1_39' title="bbox 224 3623 1899 3698">
     <span class='ocr_line' id='line_1_40' title="bbox 224 3623 1899 3698; baseline -0.004 -15"><span class='ocrx_word' id='word_1_288' title='bbox 224 3627 383 3685; x_wconf 88' lang='lat' dir='ltr'><strong>libet</strong></span> <span class='ocrx_word' id='word_1_289' title='bbox 416 3624 782 3698; x_wconf 86' lang='lat' dir='ltr'><strong>reprehendi,</strong></span> <span class='ocrx_word' id='word_1_290' title='bbox 807 3641 982 3696; x_wconf 90' lang='lat' dir='ltr'><strong>quam</strong></span> <span class='ocrx_word' id='word_1_291' title='bbox 1009 3624 1129 3679; x_wconf 90' lang='lat' dir='ltr'><strong>sive</strong></span> <span class='ocrx_word' id='word_1_292' title='bbox 1152 3624 1224 3679; x_wconf 90' lang='lat' dir='ltr'><strong>ab</strong></span> <span class='ocrx_word' id='word_1_293' title='bbox 1246 3629 1493 3693; x_wconf 87' lang='lat' dir='ltr'><strong>errante,</strong></span> <span class='ocrx_word' id='word_1_294' title='bbox 1516 3624 1636 3678; x_wconf 76' lang='lat' dir='ltr'><strong>sive</strong></span> <span class='ocrx_word' id='word_1_295' title='bbox 1658 3623 1730 3677; x_wconf 90' lang='lat' dir='ltr'><strong>ab</strong></span> <span class='ocrx_word' id='word_1_296' title='bbox 1754 3623 1899 3677; x_wconf 90' lang='lat' dir='ltr'><strong>adu-</strong></span> 
     </span>
    </p>
   </div>
   <div class='ocr_carea' id='block_1_40' title="bbox 223 3712 1898 3783">
    <p class='ocr_par' dir='ltr' id='par_1_40' title="bbox 223 3712 1898 3783">
     <span class='ocr_line' id='line_1_41' title="bbox 223 3712 1898 3783; baseline -0.003 -11"><span class='ocrx_word' id='word_1_297' title='bbox 223 3716 399 3772; x_wconf 89' lang='lat' dir='ltr'><strong>lante</strong></span> <span class='ocrx_word' id='word_1_298' title='bbox 422 3714 671 3771; x_wconf 88' lang='lat' dir='ltr'><strong>laudari.</strong></span> <span class='ocrx_word' id='word_1_299' title='bbox 690 3713 898 3768; x_wconf 87' lang='lat' dir='ltr'><strong>Nullus</strong></span> <span class='ocrx_word' id='word_1_300' title='bbox 916 3713 1069 3768; x_wconf 90' lang='lat' dir='ltr'><strong>enim</strong></span> <span class='ocrx_word' id='word_1_301' title='bbox 1092 3713 1475 3783; x_wconf 86' lang='lat' dir='ltr'><strong>reprehensor</strong></span> <span class='ocrx_word' id='word_1_302' title='bbox 1494 3712 1898 3767; x_wconf 86' lang='lat' dir='ltr'><strong>formidandus</strong></span> 
     </span>
    </p>
   </div>
   <div class='ocr_carea' id='block_1_41' title="bbox 224 3800 1897 3871">
    <p class='ocr_par' dir='ltr' id='par_1_41' title="bbox 224 3800 1897 3871">
     <span class='ocr_line' id='line_1_42' title="bbox 224 3800 1897 3871; baseline -0.004 -10"><span class='ocrx_word' id='word_1_303' title='bbox 224 3810 327 3862; x_wconf 89' lang='lat' dir='ltr'><strong>est</strong></span> <span class='ocrx_word' id='word_1_304' title='bbox 348 3805 595 3861; x_wconf 90' lang='lat' dir='ltr'><strong>amatori</strong></span> <span class='ocrx_word' id='word_1_305' title='bbox 615 3803 894 3858; x_wconf 88' lang='lat' dir='ltr'><strong>veritatis.</strong></span> <span class='ocrx_word' id='word_1_306' title='bbox 920 3801 1147 3857; x_wconf 85' lang='lat' dir='ltr'><strong>Etenim</strong></span> <span class='ocrx_word' id='word_1_307' title='bbox 1168 3806 1267 3856; x_wconf 92' lang='lat' dir='ltr'><strong>aut</strong></span> <span class='ocrx_word' id='word_1_308' title='bbox 1288 3800 1563 3856; x_wconf 91' lang='lat' dir='ltr'><strong>inimicus</strong></span> <span class='ocrx_word' id='word_1_309' title='bbox 1585 3800 1897 3871; x_wconf 88' lang='lat' dir='ltr'><strong>reprehen-</strong></span> 
     </span>
    </p>
   </div>
   <div class='ocr_carea' id='block_1_42' title="bbox 222 3889 1897 3961">
    <p class='ocr_par' dir='ltr' id='par_1_42' title="bbox 222 3889 1897 3961">
     <span class='ocr_line' id='line_1_43' title="bbox 222 3889 1897 3961; baseline -0.004 -10"><span class='ocrx_word' id='word_1_310' title='bbox 222 3911 414 3951; x_wconf 86' lang='lat' dir='ltr'><strong>surus</strong></span> <span class='ocrx_word' id='word_1_311' title='bbox 437 3899 545 3960; x_wconf 91' lang='lat' dir='ltr'><strong>est,</strong></span> <span class='ocrx_word' id='word_1_312' title='bbox 573 3897 676 3947; x_wconf 90' lang='lat' dir='ltr'><strong>aut</strong></span> <span class='ocrx_word' id='word_1_313' title='bbox 696 3891 941 3947; x_wconf 90' lang='lat' dir='ltr'><strong>amicus.</strong></span> <span class='ocrx_word' id='word_1_314' title='bbox 968 3890 1026 3945; x_wconf 91' lang='lat' dir='ltr'><strong>Si</strong></span> <span class='ocrx_word' id='word_1_315' title='bbox 1051 3906 1185 3961; x_wconf 78' lang='lat' dir='ltr'><strong>ergo</strong></span> <span class='ocrx_word' id='word_1_316' title='bbox 1219 3890 1495 3945; x_wconf 88' lang='lat' dir='ltr'><strong>inimicus</strong></span> <span class='ocrx_word' id='word_1_317' title='bbox 1516 3889 1783 3958; x_wconf 90' lang='lat' dir='ltr'><strong>insultat,</strong></span> <span class='ocrx_word' id='word_1_318' title='bbox 1816 3891 1897 3944; x_wconf 86' lang='lat' dir='ltr'><strong>fe-</strong></span> 
     </span>
    </p>
   </div>
   <div class='ocr_carea' id='block_1_43' title="bbox 222 3977 1895 4046">
    <p class='ocr_par' dir='ltr' id='par_1_43' title="bbox 222 3977 1895 4046">
     <span class='ocr_line' id='line_1_44' title="bbox 222 3977 1895 4046; baseline -0.004 -7"><span class='ocrx_word' id='word_1_319' title='bbox 222 3984 459 4040; x_wconf 89' lang='lat' dir='ltr'><strong>rendus</strong></span> <span class='ocrx_word' id='word_1_320' title='bbox 476 3986 581 4037; x_wconf 90' lang='lat' dir='ltr'><strong>est:</strong></span> <span class='ocrx_word' id='word_1_321' title='bbox 601 3981 826 4037; x_wconf 90' lang='lat' dir='ltr'><strong>amicus</strong></span> <span class='ocrx_word' id='word_1_322' title='bbox 844 3984 1036 4035; x_wconf 88' lang='lat' dir='ltr'><strong>autem</strong></span> <span class='ocrx_word' id='word_1_323' title='bbox 1057 3979 1103 4035; x_wconf 92' lang='lat' dir='ltr'><strong>si</strong></span> <span class='ocrx_word' id='word_1_324' title='bbox 1119 3984 1291 4045; x_wconf 91' lang='lat' dir='ltr'><strong>errat,</strong></span> <span class='ocrx_word' id='word_1_325' title='bbox 1308 3978 1626 4044; x_wconf 84' lang='lat' dir='ltr'><strong>docendus;</strong></span> <span class='ocrx_word' id='word_1_326' title='bbox 1642 3977 1691 4032; x_wconf 89' lang='lat' dir='ltr'><strong>si</strong></span> <span class='ocrx_word' id='word_1_327' title='bbox 1709 3978 1895 4046; x_wconf 87' lang='lat' dir='ltr'><strong>docet,</strong></span> 
     </span>
    </p>
   </div>
   <div class='ocr_carea' id='block_1_44' title="bbox 222 4067 1899 4129">
    <p class='ocr_par' dir='ltr' id='par_1_44' title="bbox 222 4067 1899 4129">
     <span class='ocr_line' id='line_1_45' title="bbox 222 4067 1899 4129; baseline -0.004 -1"><span class='ocrx_word' id='word_1_328' title='bbox 222 4071 591 4129; x_wconf 84' lang='lat' dir='ltr'><strong>audiendus.</strong></span> <span class='ocrx_word' id='word_1_329' title='bbox 629 4070 921 4125; x_wconf 90' lang='lat' dir='ltr'><strong>Laudator</strong></span> <span class='ocrx_word' id='word_1_330' title='bbox 946 4084 1077 4124; x_wconf 91' lang='lat' dir='ltr'><strong>vero</strong></span> <span class='ocrx_word' id='word_1_331' title='bbox 1109 4072 1165 4123; x_wconf 90' lang='lat' dir='ltr'><strong>et</strong></span> <span class='ocrx_word' id='word_1_332' title='bbox 1186 4084 1387 4122; x_wconf 90' lang='lat' dir='ltr'><strong>errans</strong></span> <span class='ocrx_word' id='word_1_333' title='bbox 1409 4067 1721 4122; x_wconf 89' lang='lat' dir='ltr'><strong>conﬁrmat</strong></span> <span class='ocrx_word' id='word_1_334' title='bbox 1743 4083 1899 4122; x_wconf 90' lang='lat' dir='ltr'><strong>erro-</strong></span> 
     </span>
    </p>
   </div>
   <div class='ocr_carea' id='block_1_45' title="bbox 222 4156 1902 4231">
    <p class='ocr_par' dir='ltr' id='par_1_45' title="bbox 222 4156 1902 4231">
     <span class='ocr_line' id='line_1_46' title="bbox 222 4156 1902 4231; baseline -0.004 -14"><span class='ocrx_word' id='word_1_335' title='bbox 222 4178 380 4231; x_wconf 89' lang='lat' dir='ltr'><strong>rem,</strong></span> <span class='ocrx_word' id='word_1_336' title='bbox 401 4165 459 4216; x_wconf 93' lang='lat' dir='ltr'><strong>et</strong></span> <span class='ocrx_word' id='word_1_337' title='bbox 479 4158 725 4215; x_wconf 81' lang='lat' dir='ltr'><strong>adulans</strong></span> <span class='ocrx_word' id='word_1_338' title='bbox 748 4157 915 4213; x_wconf 90' lang='lat' dir='ltr'><strong>illicit</strong></span> <span class='ocrx_word' id='word_1_339' title='bbox 930 4157 990 4212; x_wconf 90' lang='lat' dir='ltr'><strong>in</strong></span> <span class='ocrx_word' id='word_1_340' title='bbox 1009 4172 1286 4212; x_wconf 89' lang='lat' dir='ltr'><strong>errorem.</strong></span> <span class='ocrx_word' id='word_1_341' title='bbox 1309 4156 1637 4212; x_wconf 79' lang='lat' dir='ltr'><strong>Emendabit</strong></span> <span class='ocrx_word' id='word_1_342' title='bbox 1660 4172 1795 4228; x_wconf 89' lang='lat' dir='ltr'><strong>ergo</strong></span> <span class='ocrx_word' id='word_1_343' title='bbox 1816 4170 1902 4211; x_wconf 90' lang='lat' dir='ltr'><strong>me</strong></span> 
     </span>
    </p>
   </div>
   <div class='ocr_carea' id='block_1_46' title="bbox 216 4245 1903 4321">
    <p class='ocr_par' dir='ltr' id='par_1_46' title="bbox 216 4245 1903 4321">
     <span class='ocr_line' id='line_1_47' title="bbox 216 4245 1903 4321; baseline -0.004 -15"><span class='ocrx_word' id='word_1_344' title='bbox 216 4250 411 4321; x_wconf 81' lang='lat' dir='ltr'><strong>iustus</strong></span> <span class='ocrx_word' id='word_1_345' title='bbox 442 4250 504 4304; x_wconf 87' lang='lat' dir='ltr'><strong>in</strong></span> <span class='ocrx_word' id='word_1_346' title='bbox 554 4245 955 4316; x_wconf 75' lang='lat' dir='ltr'><strong>misericordia,</strong></span> <span class='ocrx_word' id='word_1_347' title='bbox 1004 4245 1057 4301; x_wconf 82' lang='lat' dir='ltr'><strong>et</strong></span> <span class='ocrx_word' id='word_1_348' title='bbox 1098 4249 1292 4316; x_wconf 82' lang='lat' dir='ltr'><strong>arguet</strong></span> <span class='ocrx_word' id='word_1_349' title='bbox 1323 4260 1442 4311; x_wconf 74' lang='lat' dir='ltr'><strong>me,-</strong></span> <span class='ocrx_word' id='word_1_350' title='bbox 1487 4245 1666 4301; x_wconf 89' lang='lat' dir='ltr'><strong>oleum</strong></span> <span class='ocrx_word' id='word_1_351' title='bbox 1716 4249 1903 4299; x_wconf 89' lang='lat' dir='ltr'><strong>autem</strong></span> 
     </span>
    </p>
   </div>
   <div class='ocr_carea' id='block_1_47' title="bbox 216 4334 1900 4413">
    <p class='ocr_par' dir='ltr' id='par_1_47' title="bbox 216 4334 1900 4413">
     <span class='ocr_line' id='line_1_48' title="bbox 216 4334 1900 4413; baseline -0.004 -18"><span class='ocrx_word' id='word_1_352' title='bbox 216 4338 535 4413; x_wconf 74' lang='lat' dir='ltr'><strong>peccatoris</strong></span> <span class='ocrx_word' id='word_1_353' title='bbox 556 4352 665 4392; x_wconf 86' lang='lat' dir='ltr'><strong>non</strong></span> <span class='ocrx_word' id='word_1_354' title='bbox 688 4335 1064 4408; x_wconf 85' lang='lat' dir='ltr'><strong>impinguabit</strong></span> <span class='ocrx_word' id='word_1_355' title='bbox 1083 4339 1254 4407; x_wconf 85' lang='lat' dir='ltr'><strong>caput</strong></span> <span class='ocrx_word' id='word_1_356' title='bbox 1278 4350 1455 4389; x_wconf 86' lang='lat' dir='ltr'><strong>meum</strong></span> <span class='ocrx_word' id='word_1_357' title='bbox 1478 4335 1650 4406; x_wconf 85' lang='lat' dir='ltr'><strong>(Psal.</strong></span> <span class='ocrx_word' id='word_1_358' title='bbox 1676 4350 1800 4404; x_wconf 75' lang='lat' dir='ltr'><strong>CXL,</strong></span> <span class='ocrx_word' id='word_1_359' title='bbox 1823 4334 1900 4404; x_wconf 89' lang='lat'><strong>5).</strong></span> 
     </span>
    </p>
   </div>
   <div class='ocr_carea' id='block_1_48' title="bbox 306 4440 1903 4511">
    <p class='ocr_par' dir='ltr' id='par_1_48' title="bbox 306 4440 1903 4511">
     <span class='ocr_line' id='line_1_49' title="bbox 306 4440 1903 4511; baseline -0.004 -11"><span class='ocrx_word' id='word_1_360' title='bbox 306 4443 544 4501; x_wconf 80' lang='lat' dir='ltr'>CAPUT</span> <span class='ocrx_word' id='word_1_361' title='bbox 586 4442 889 4499; x_wconf 81' lang='lat' dir='ltr'><strong>PRIMUM.</strong></span> <span class='ocrx_word' id='word_1_362' title='bbox 923 4474 991 4483; x_wconf 91' lang='lat'><strong><em>—</em></strong></span> <span class='ocrx_word' id='word_1_363' title='bbox 1020 4443 1073 4496; x_wconf 82' lang='lat'><strong>2.</strong></span> <span class='ocrx_word' id='word_1_364' title='bbox 1118 4441 1327 4510; x_wconf 81' lang='lat' dir='ltr'><strong>Regula</strong></span> <span class='ocrx_word' id='word_1_365' title='bbox 1355 4441 1563 4511; x_wconf 76' lang='lat' dir='ltr'><strong>duplex</strong></span> <span class='ocrx_word' id='word_1_366' title='bbox 1591 4441 1661 4495; x_wconf 91' lang='lat' dir='ltr'><strong>ad</strong></span> <span class='ocrx_word' id='word_1_367' title='bbox 1692 4440 1903 4496; x_wconf 83' lang='lat' dir='ltr'><strong>intelli-</strong></span> 
     </span>
    </p>
   </div>
   <div class='ocr_carea' id='block_1_49' title="bbox 214 4531 1906 4608">
    <p class='ocr_par' dir='ltr' id='par_1_49' title="bbox 214 4531 1906 4608">
     <span class='ocr_line' id='line_1_50' title="bbox 214 4531 1906 4608; baseline -0.005 -17"><span class='ocrx_word' id='word_1_368' title='bbox 214 4535 441 4608; x_wconf 81' lang='lat' dir='ltr'><strong>gendas</strong></span> <span class='ocrx_word' id='word_1_369' title='bbox 458 4534 581 4590; x_wconf 56' lang='lat' dir='ltr'><strong>8137i</strong></span> <span class='ocrx_word' id='word_1_370' title='bbox 580 4542 870 4604; x_wconf 87' lang='lat' dir='ltr'><strong>pturarum</strong></span> <span class='ocrx_word' id='word_1_371' title='bbox 888 4532 1188 4587; x_wconf 85' lang='lat' dir='ltr'><strong>locutiones</strong></span> <span class='ocrx_word' id='word_1_372' title='bbox 1204 4531 1268 4586; x_wconf 88' lang='lat' dir='ltr'><strong>de</strong></span> <span class='ocrx_word' id='word_1_373' title='bbox 1283 4531 1422 4585; x_wconf 84' lang='lat' dir='ltr'><strong>Filio</strong></span> <span class='ocrx_word' id='word_1_374' title='bbox 1444 4532 1565 4585; x_wconf 88' lang='lat' dir='ltr'><strong>Dei.</strong></span> <span class='ocrx_word' id='word_1_375' title='bbox 1593 4531 1906 4585; x_wconf 84' lang='lat' dir='ltr'><strong>Locutiones</strong></span> 
     </span>
    </p>
   </div>
   <div class='ocr_carea' id='block_1_50' title="bbox 214 4619 1906 4696">
    <p class='ocr_par' dir='ltr' id='par_1_50' title="bbox 214 4619 1906 4696">
     <span class='ocr_line' id='line_1_51' title="bbox 214 4619 1906 4696; baseline -0.004 -15"><span class='ocrx_word' id='word_1_376' title='bbox 214 4625 476 4696; x_wconf 76' lang='lat' dir='ltr'><strong>triplicis</strong></span> <span class='ocrx_word' id='word_1_377' title='bbox 501 4624 741 4693; x_wconf 78' lang='lat' dir='ltr'><strong>generis.</strong></span> <span class='ocrx_word' id='word_1_378' title='bbox 763 4621 1174 4685; x_wconf 89' lang='lat' dir='ltr'><strong>Quamobrem,</strong></span> <span class='ocrx_word' id='word_1_379' title='bbox 1200 4635 1534 4690; x_wconf 83' lang='lat' dir='ltr'><strong>quanquam</strong></span> <span class='ocrx_word' id='word_1_380' title='bbox 1565 4619 1906 4674; x_wconf 89' lang='lat' dir='ltr'><strong>ﬁrmissime</strong></span> 
     </span>
    </p>
   </div>
   <div class='ocr_carea' id='block_1_51' title="bbox 219 4706 1909 4777">
    <p class='ocr_par' dir='ltr' id='par_1_51' title="bbox 219 4706 1909 4777">
     <span class='ocr_line' id='line_1_52' title="bbox 219 4706 1909 4777; baseline -0.006 -7"><span class='ocrx_word' id='word_1_381' title='bbox 219 4719 548 4769; x_wconf 80' lang='lat' dir='ltr'><strong>teneamus</strong></span> <span class='ocrx_word' id='word_1_382' title='bbox 589 4712 660 4766; x_wconf 92' lang='lat' dir='ltr'><strong>de</strong></span> <span class='ocrx_word' id='word_1_383' title='bbox 709 4709 955 4764; x_wconf 91' lang='lat' dir='ltr'><strong>Domino</strong></span> <span class='ocrx_word' id='word_1_384' title='bbox 988 4713 1187 4763; x_wconf 91' lang='lat' dir='ltr'><strong>nostro</strong></span> <span class='ocrx_word' id='word_1_385' title='bbox 1229 4710 1369 4762; x_wconf 90' lang='lat' dir='ltr'><strong>Jesu</strong></span> <span class='ocrx_word' id='word_1_386' title='bbox 1420 4706 1673 4775; x_wconf 89' lang='lat' dir='ltr'><strong>Christo,</strong></span> <span class='ocrx_word' id='word_1_387' title='bbox 1708 4712 1766 4761; x_wconf 91' lang='lat' dir='ltr'><strong>et</strong></span> <span class='ocrx_word' id='word_1_388' title='bbox 1809 4724 1909 4777; x_wconf 88' lang='lat' dir='ltr'><strong>per</strong></span> 
     </span>
    </p>
   </div>
   <div class='ocr_carea' id='block_1_52' title="bbox 222 4794 1908 4873">
    <p class='ocr_par' dir='ltr' id='par_1_52' title="bbox 222 4794 1908 4873">
     <span class='ocr_line' id='line_1_53' title="bbox 222 4794 1908 4873; baseline -0.006 -14"><span class='ocrx_word' id='word_1_389' title='bbox 222 4803 577 4873; x_wconf 84' lang='lat' dir='ltr'><strong>Scripturas</strong></span> <span class='ocrx_word' id='word_1_390' title='bbox 591 4798 1034 4855; x_wconf 75' lang='lat' dir='ltr'><strong>disseminatum</strong></span> <span class='ocrx_word' id='word_1_391' title='bbox 1050 4802 1107 4852; x_wconf 90' lang='lat' dir='ltr'><strong>et</strong></span> <span class='ocrx_word' id='word_1_392' title='bbox 1121 4814 1153 4851; x_wconf 94' lang='lat' dir='ltr'><strong>a</strong></span> <span class='ocrx_word' id='word_1_393' title='bbox 1165 4795 1351 4851; x_wconf 92' lang='lat' dir='ltr'><strong>doctis</strong></span> <span class='ocrx_word' id='word_1_394' title='bbox 1364 4794 1667 4850; x_wconf 89' lang='lat' dir='ltr'><strong>catholicis</strong></span> <span class='ocrx_word' id='word_1_395' title='bbox 1682 4812 1908 4851; x_wconf 87' lang='lat' dir='ltr'><strong>earum-</strong></span> 
     </span>
    </p>
   </div>
   <div class='ocr_carea' id='block_1_53' title="bbox 226 4885 1907 4959">
    <p class='ocr_par' dir='ltr' id='par_1_53' title="bbox 226 4885 1907 4959">
     <span class='ocr_line' id='line_1_54' title="bbox 226 4885 1907 4959; baseline -0.005 -12"><span class='ocrx_word' id='word_1_396' title='bbox 226 4894 379 4947; x_wconf 82' lang='lat' dir='ltr'><strong>dem</strong></span> <span class='ocrx_word' id='word_1_397' title='bbox 404 4890 839 4959; x_wconf 90' lang='lat' dir='ltr'><strong>Scripturarum</strong></span> <span class='ocrx_word' id='word_1_398' title='bbox 863 4886 1272 4941; x_wconf 85' lang='lat' dir='ltr'><strong>tractatoribus</strong></span> <span class='ocrx_word' id='word_1_399' title='bbox 1295 4885 1755 4940; x_wconf 89' lang='lat' dir='ltr'><strong>demonstratam</strong></span> <span class='ocrx_word' id='word_1_400' title='bbox 1778 4890 1907 4939; x_wconf 81' lang='lat' dir='ltr'><strong>tan-</strong></span> 
     </span>
    </p>
   </div>
   <div class='ocr_carea' id='block_1_54' title="bbox 228 4974 1906 5052">
    <p class='ocr_par' dir='ltr' id='par_1_54' title="bbox 228 4974 1906 5052">
     <span class='ocr_line' id='line_1_55' title="bbox 228 4974 1906 5052; baseline -0.004 -17"><span class='ocrx_word' id='word_1_401' title='bbox 228 4998 274 5052; x_wconf 89' lang='lat' dir='ltr'><strong>q</strong></span> <span class='ocrx_word' id='word_1_402' title='bbox 287 4996 426 5035; x_wconf 88' lang='lat' dir='ltr'><strong>uam</strong></span> <span class='ocrx_word' id='word_1_403' title='bbox 450 4979 790 5033; x_wconf 86' lang='lat' dir='ltr'><strong>canonicam</strong></span> <span class='ocrx_word' id='word_1_404' title='bbox 810 4976 1094 5048; x_wconf 89' lang='lat' dir='ltr'><strong>regulam,</strong></span> <span class='ocrx_word' id='word_1_405' title='bbox 1111 4976 1403 5049; x_wconf 90' lang='lat' dir='ltr'><strong>quomodo</strong></span> <span class='ocrx_word' id='word_1_406' title='bbox 1428 4974 1789 5046; x_wconf 89' lang='lat' dir='ltr'><strong>intelligatur</strong></span> <span class='ocrx_word' id='word_1_407' title='bbox 1804 4974 1906 5030; x_wconf 90' lang='lat' dir='ltr'><strong>Dei</strong></span> 
     </span>
    </p>
   </div>
   <div class='ocr_carea' id='block_1_55' title="bbox 227 5066 1909 5139">
    <p class='ocr_par' dir='ltr' id='par_1_55' title="bbox 227 5066 1909 5139">
     <span class='ocr_line' id='line_1_56' title="bbox 227 5066 1909 5139; baseline -0.002 -14"><span class='ocrx_word' id='word_1_408' title='bbox 227 5070 430 5127; x_wconf 86' lang='lat' dir='ltr'><strong>Filius</strong></span> <span class='ocrx_word' id='word_1_409' title='bbox 449 5074 507 5123; x_wconf 87' lang='lat' dir='ltr'><strong>et</strong></span> <span class='ocrx_word' id='word_1_410' title='bbox 527 5068 769 5139; x_wconf 73' lang='lat' dir='ltr'><strong>aequalis</strong></span> <span class='ocrx_word' id='word_1_411' title='bbox 792 5068 946 5122; x_wconf 89' lang='lat' dir='ltr'><strong>Patri</strong></span> <span class='ocrx_word' id='word_1_412' title='bbox 973 5070 1297 5122; x_wconf 90' lang='lat' dir='ltr'><strong>secundum</strong></span> <span class='ocrx_word' id='word_1_413' title='bbox 1322 5066 1422 5121; x_wconf 91' lang='lat' dir='ltr'><strong>Dei</strong></span> <span class='ocrx_word' id='word_1_414' title='bbox 1448 5068 1691 5121; x_wconf 85' lang='lat' dir='ltr'><strong>formam</strong></span> <span class='ocrx_word' id='word_1_415' title='bbox 1715 5068 1769 5120; x_wconf 91' lang='lat' dir='ltr'><strong>in</strong></span> <span class='ocrx_word' id='word_1_416' title='bbox 1791 5083 1909 5137; x_wconf 84' lang='lat' dir='ltr'><strong>qua</strong></span> 
     </span>
    </p>
   </div>
   <div class='ocr_carea' id='block_1_56' title="bbox 222 5153 1906 5223">
    <p class='ocr_par' dir='ltr' id='par_1_56' title="bbox 222 5153 1906 5223">
     <span class='ocr_line' id='line_1_57' title="bbox 222 5153 1906 5223; baseline -0.005 -9"><span class='ocrx_word' id='word_1_417' title='bbox 222 5164 353 5223; x_wconf 83' lang='lat' dir='ltr'><strong>est,</strong></span> <span class='ocrx_word' id='word_1_418' title='bbox 386 5162 445 5212; x_wconf 89' lang='lat' dir='ltr'><strong>et</strong></span> <span class='ocrx_word' id='word_1_419' title='bbox 478 5156 667 5211; x_wconf 90' lang='lat' dir='ltr'><strong>minor</strong></span> <span class='ocrx_word' id='word_1_420' title='bbox 700 5156 865 5210; x_wconf 89' lang='lat' dir='ltr'><strong>Patre</strong></span> <span class='ocrx_word' id='word_1_421' title='bbox 905 5154 1227 5211; x_wconf 78' lang='lat' dir='ltr'><strong>secundum</strong></span> <span class='ocrx_word' id='word_1_422' title='bbox 1268 5153 1415 5208; x_wconf 88' lang='lat' dir='ltr'><strong>servi</strong></span> <span class='ocrx_word' id='word_1_423' title='bbox 1448 5154 1694 5207; x_wconf 81' lang='lat' dir='ltr'><strong>formam</strong></span> <span class='ocrx_word' id='word_1_424' title='bbox 1728 5169 1906 5218; x_wconf 89' lang='lat' dir='ltr'><strong>quam</strong></span> 
     </span>
    </p>
   </div>
   <div class='ocr_carea' id='block_1_57' title="bbox 218 5240 1906 5319">
    <p class='ocr_par' dir='ltr' id='par_1_57' title="bbox 218 5240 1906 5319">
     <span class='ocr_line' id='line_1_58' title="bbox 218 5240 1906 5319; baseline -0.005 -16"><span class='ocrx_word' id='word_1_425' title='bbox 218 5246 474 5319; x_wconf 83' lang='lat' dir='ltr'><strong>accepit</strong></span> <span class='ocrx_word' id='word_1_426' title='bbox 503 5246 774 5318; x_wconf 74' lang='lat' dir='ltr'><strong>(Philipp.</strong></span> <span class='ocrx_word' id='word_1_427' title='bbox 814 5263 874 5315; x_wconf 81' lang='lat' dir='ltr'><strong>II,</strong></span> <span class='ocrx_word' id='word_1_428' title='bbox 907 5247 960 5311; x_wconf 89' lang='lat'><strong>6,</strong></span> <span class='ocrx_word' id='word_1_429' title='bbox 991 5244 1070 5316; x_wconf 90' lang='lat'><strong>7);</strong></span> <span class='ocrx_word' id='word_1_430' title='bbox 1105 5243 1162 5299; x_wconf 92' lang='lat' dir='ltr'><strong>in</strong></span> <span class='ocrx_word' id='word_1_431' title='bbox 1195 5260 1311 5314; x_wconf 91' lang='lat' dir='ltr'><strong>qua</strong></span> <span class='ocrx_word' id='word_1_432' title='bbox 1344 5242 1529 5296; x_wconf 86' lang='lat' dir='ltr'><strong>forma</strong></span> <span class='ocrx_word' id='word_1_433' title='bbox 1568 5259 1679 5296; x_wconf 91' lang='lat' dir='ltr'><strong>non</strong></span> <span class='ocrx_word' id='word_1_434' title='bbox 1714 5240 1906 5297; x_wconf 93' lang='lat' dir='ltr'><strong>solum</strong></span> 
     </span>
    </p>
   </div>
   <div class='ocr_carea' id='block_1_58' title="bbox 218 5334 1907 5410">
    <p class='ocr_par' dir='ltr' id='par_1_58' title="bbox 218 5334 1907 5410">
     <span class='ocr_line' id='line_1_59' title="bbox 218 5334 1907 5410; baseline -0.004 -15"><span class='ocrx_word' id='word_1_435' title='bbox 218 5342 444 5406; x_wconf 86' lang='lat' dir='ltr'><strong>Patre,</strong></span> <span class='ocrx_word' id='word_1_436' title='bbox 467 5339 568 5394; x_wconf 89' lang='lat' dir='ltr'><strong>sed</strong></span> <span class='ocrx_word' id='word_1_437' title='bbox 591 5338 767 5394; x_wconf 91' lang='lat' dir='ltr'><strong>etiam</strong></span> <span class='ocrx_word' id='word_1_438' title='bbox 790 5338 1009 5410; x_wconf 88' lang='lat' dir='ltr'><strong>Spiritu</strong></span> <span class='ocrx_word' id='word_1_439' title='bbox 1044 5342 1269 5400; x_wconf 89' lang='lat' dir='ltr'><strong>sancto,</strong></span> <span class='ocrx_word' id='word_1_440' title='bbox 1303 5349 1490 5405; x_wconf 91' lang='lat' dir='ltr'><strong>neque</strong></span> <span class='ocrx_word' id='word_1_441' title='bbox 1511 5334 1619 5387; x_wconf 89' lang='lat' dir='ltr'><strong>hoc</strong></span> <span class='ocrx_word' id='word_1_442' title='bbox 1653 5337 1907 5401; x_wconf 89' lang='lat' dir='ltr'><strong>tantum,</strong></span> 
     </span>
    </p>
   </div>
   <div class='ocr_carea' id='block_1_59' title="bbox 314 5515 1149 5579">
    <p class='ocr_par' dir='ltr' id='par_1_59' title="bbox 314 5515 1149 5579">
     <span class='ocr_line' id='line_1_60' title="bbox 314 5515 1149 5579; baseline -0.005 -14"><span class='ocrx_word' id='word_1_443' title='bbox 314 5520 329 5553; x_wconf 83' lang='grc'>¹</span> <span class='ocrx_word' id='word_1_444' title='bbox 360 5516 577 5579; x_wconf 79' lang='lat' dir='ltr'><strong>Aliquot</strong></span> <span class='ocrx_word' id='word_1_445' title='bbox 606 5517 751 5575; x_wconf 59' lang='lat' dir='ltr'><strong>Msa,</strong></span> <span class='ocrx_word' id='word_1_446' title='bbox 782 5515 935 5579; x_wconf 85' lang='lat' dir='ltr'><strong>atteri</strong></span> <span class='ocrx_word' id='word_1_447' title='bbox 968 5516 1149 5563; x_wconf 79' lang='lat' dir='ltr'><strong>Adam.</strong></span> 
     </span>
    </p>
   </div>
   <div class='ocr_carea' id='block_1_60' title="bbox 308 5578 1134 5639">
    <p class='ocr_par' dir='ltr' id='par_1_60' title="bbox 308 5578 1134 5639">
     <span class='ocr_line' id='line_1_61' title="bbox 308 5578 1134 5639; baseline -0.005 -10"><span class='ocrx_word' id='word_1_448' title='bbox 308 5582 332 5616; x_wconf 75' lang='grc' dir='ltr'>ί</span> <span class='ocrx_word' id='word_1_449' title='bbox 365 5578 548 5629; x_wconf 80' lang='lat' dir='ltr'><strong>Plures</strong></span> <span class='ocrx_word' id='word_1_450' title='bbox 578 5578 809 5639; x_wconf 89' lang='lat' dir='ltr'><strong>codices,</strong></span> <span class='ocrx_word' id='word_1_451' title='bbox 843 5578 1134 5639; x_wconf 80' lang='lat' dir='ltr'><strong>dilucescqt.</strong></span> 
     </span>
    </p>
   </div>
   <div class='ocr_carea' id='block_1_61' title="bbox 306 5638 1300 5704">
    <p class='ocr_par' dir='ltr' id='par_1_61' title="bbox 306 5638 1300 5704">
     <span class='ocr_line' id='line_1_62' title="bbox 306 5638 1300 5704; baseline -0.006 -11"><span class='ocrx_word' id='word_1_452' title='bbox 306 5645 329 5681; x_wconf 73' lang='grc'><strong><em>⁸</em></strong></span> <span class='ocrx_word' id='word_1_453' title='bbox 360 5641 713 5694; x_wconf 76' lang='lat' dir='ltr'><strong>Michaeliuus</strong></span> <span class='ocrx_word' id='word_1_454' title='bbox 742 5638 928 5699; x_wconf 86' lang='lat' dir='ltr'><strong>codex,</strong></span> <span class='ocrx_word' id='word_1_455' title='bbox 946 5638 1300 5704; x_wconf 62' lang='lat' dir='ltr'><strong>intelligatur.</strong></span> 
     </span>
    </p>
   </div>
   <div class='ocr_carea' id='block_1_62' title="bbox 310 5703 1062 5773">
    <p class='ocr_par' dir='ltr' id='par_1_62' title="bbox 310 5703 1062 5773">
     <span class='ocr_line' id='line_1_63' title="bbox 310 5703 1062 5773; baseline -0.005 -14"><span class='ocrx_word' id='word_1_456' title='bbox 310 5708 334 5747; x_wconf 67' lang='grc' dir='ltr'><strong>ι</strong></span> <span class='ocrx_word' id='word_1_457' title='bbox 362 5705 609 5773; x_wconf 81' lang='lat' dir='ltr'><strong>Plerique</strong></span> <span class='ocrx_word' id='word_1_458' title='bbox 638 5706 787 5768; x_wconf 67' lang='grc' dir='ltr'><strong>Μαι,</strong></span> <span class='ocrx_word' id='word_1_459' title='bbox 816 5703 1062 5755; x_wconf 78' lang='lat' dir='ltr'><strong>osculum.</strong></span> 
     </span>
    </p>
   </div>
   <div class='ocr_carea' id='block_1_63' title="bbox 1990 1122 3641 1205">
    <p class='ocr_par' dir='ltr' id='par_1_63' title="bbox 1990 1122 3641 1205">
     <span class='ocr_line' id='line_1_64' title="bbox 1990 1122 3641 1205; baseline 0.007 -27"><span class='ocrx_word' id='word_1_460' title='bbox 1990 1123 2089 1178; x_wconf 91' lang='lat' dir='ltr'><strong>sed</strong></span> <span class='ocrx_word' id='word_1_461' title='bbox 2122 1122 2297 1179; x_wconf 90' lang='lat' dir='ltr'><strong>etiam</strong></span> <span class='ocrx_word' id='word_1_462' title='bbox 2339 1140 2401 1181; x_wconf 87' lang='lat' dir='ltr'><strong>se</strong></span> <span class='ocrx_word' id='word_1_463' title='bbox 2424 1124 2552 1197; x_wconf 91' lang='lat' dir='ltr'><strong>ipso</strong></span> <span class='ocrx_word' id='word_1_464' title='bbox 2587 1126 2778 1182; x_wconf 91' lang='lat' dir='ltr'><strong>minor</strong></span> <span class='ocrx_word' id='word_1_465' title='bbox 2817 1127 3090 1186; x_wconf 91' lang='lat' dir='ltr'><strong>inventus</strong></span> <span class='ocrx_word' id='word_1_466' title='bbox 3130 1135 3239 1197; x_wconf 86' lang='lat' dir='ltr'><strong>est,</strong></span> <span class='ocrx_word' id='word_1_467' title='bbox 3271 1147 3386 1186; x_wconf 90' lang='lat' dir='ltr'><strong>non</strong></span> <span class='ocrx_word' id='word_1_468' title='bbox 3421 1150 3483 1188; x_wconf 87' lang='lat' dir='ltr'><strong>se</strong></span> <span class='ocrx_word' id='word_1_469' title='bbox 3513 1133 3641 1205; x_wconf 89' lang='lat' dir='ltr'><strong>ipso</strong></span> 
     </span>
    </p>
   </div>
   <div class='ocr_carea' id='block_1_64' title="bbox 1992 1213 3642 1290">
    <p class='ocr_par' dir='ltr' id='par_1_64' title="bbox 1992 1213 3642 1290">
     <span class='ocr_line' id='line_1_65' title="bbox 1992 1213 3642 1290; baseline 0.008 -23"><span class='ocrx_word' id='word_1_470' title='bbox 1992 1213 2091 1284; x_wconf 92' lang='lat' dir='ltr'><strong>qui</strong></span> <span class='ocrx_word' id='word_1_471' title='bbox 2113 1214 2247 1281; x_wconf 81' lang='lat' dir='ltr'><strong>fuit,</strong></span> <span class='ocrx_word' id='word_1_472' title='bbox 2277 1215 2377 1270; x_wconf 92' lang='lat' dir='ltr'><strong>sed</strong></span> <span class='ocrx_word' id='word_1_473' title='bbox 2399 1232 2461 1271; x_wconf 90' lang='lat' dir='ltr'><strong>se</strong></span> <span class='ocrx_word' id='word_1_474' title='bbox 2492 1216 2617 1288; x_wconf 90' lang='lat' dir='ltr'><strong>ipso</strong></span> <span class='ocrx_word' id='word_1_475' title='bbox 2641 1217 2741 1288; x_wconf 89' lang='lat' dir='ltr'><strong>qui</strong></span> <span class='ocrx_word' id='word_1_476' title='bbox 2763 1224 2877 1287; x_wconf 91' lang='lat' dir='ltr'><strong>est;</strong></span> <span class='ocrx_word' id='word_1_477' title='bbox 2915 1219 3055 1290; x_wconf 91' lang='lat' dir='ltr'><strong>quia</strong></span> <span class='ocrx_word' id='word_1_478' title='bbox 3085 1222 3270 1276; x_wconf 89' lang='lat' dir='ltr'><strong>forma</strong></span> <span class='ocrx_word' id='word_1_479' title='bbox 3300 1223 3450 1278; x_wconf 88' lang='lat' dir='ltr'><strong>servi</strong></span> <span class='ocrx_word' id='word_1_480' title='bbox 3474 1240 3642 1280; x_wconf 87' lang='lat' dir='ltr'><strong>acce-</strong></span> 
     </span>
    </p>
   </div>
   <div class='ocr_carea' id='block_1_65' title="bbox 1993 1304 3642 1386">
    <p class='ocr_par' dir='ltr' id='par_1_65' title="bbox 1993 1304 3642 1386">
     <span class='ocr_line' id='line_1_66' title="bbox 1993 1304 3642 1386; baseline 0.007 -29"><span class='ocrx_word' id='word_1_481' title='bbox 1993 1308 2112 1375; x_wconf 91' lang='lat' dir='ltr'><strong>pta,</strong></span> <span class='ocrx_word' id='word_1_482' title='bbox 2136 1304 2381 1359; x_wconf 91' lang='lat' dir='ltr'><strong>formam</strong></span> <span class='ocrx_word' id='word_1_483' title='bbox 2398 1304 2497 1359; x_wconf 91' lang='lat' dir='ltr'><strong>Dei</strong></span> <span class='ocrx_word' id='word_1_484' title='bbox 2517 1323 2627 1360; x_wconf 90' lang='lat' dir='ltr'><strong>non</strong></span> <span class='ocrx_word' id='word_1_485' title='bbox 2649 1306 2865 1373; x_wconf 89' lang='lat' dir='ltr'><strong>amisit,</strong></span> <span class='ocrx_word' id='word_1_486' title='bbox 2882 1308 3035 1363; x_wconf 90' lang='lat' dir='ltr'><strong>sicut</strong></span> <span class='ocrx_word' id='word_1_487' title='bbox 3050 1310 3642 1386; x_wconf 77' lang='lat' dir='ltr'><strong>Scripturarum,qua3</strong></span> 
     </span>
    </p>
   </div>
   <div class='ocr_carea' id='block_1_66' title="bbox 1993 1390 3643 1467">
    <p class='ocr_par' dir='ltr' id='par_1_66' title="bbox 1993 1390 3643 1467">
     <span class='ocr_line' id='line_1_67' title="bbox 1993 1390 3643 1467; baseline 0.008 -23"><span class='ocrx_word' id='word_1_488' title='bbox 1993 1390 2049 1445; x_wconf 89' lang='lat' dir='ltr'><strong>in</strong></span> <span class='ocrx_word' id='word_1_489' title='bbox 2073 1393 2369 1461; x_wconf 89' lang='lat' dir='ltr'><strong>superiore</strong></span> <span class='ocrx_word' id='word_1_490' title='bbox 2386 1392 2533 1448; x_wconf 92' lang='lat' dir='ltr'><strong>libro</strong></span> <span class='ocrx_word' id='word_1_491' title='bbox 2553 1398 3162 1467; x_wconf 88' lang='lat' dir='ltr'><strong>commemoravimus,</strong></span> <span class='ocrx_word' id='word_1_492' title='bbox 3188 1400 3523 1457; x_wconf 88' lang='lat' dir='ltr'><strong>testimonia</strong></span> <span class='ocrx_word' id='word_1_493' title='bbox 3540 1403 3643 1457; x_wconf 86' lang='lat' dir='ltr'><strong>do-</strong></span> 
     </span>
    </p>
   </div>
   <div class='ocr_carea' id='block_1_67' title="bbox 1999 1486 3646 1561">
    <p class='ocr_par' dir='ltr' id='par_1_67' title="bbox 1999 1486 3646 1561">
     <span class='ocr_line' id='line_1_68' title="bbox 1999 1486 3646 1561; baseline 0.007 -26"><span class='ocrx_word' id='word_1_494' title='bbox 1999 1487 2273 1535; x_wconf 86' lang='lat' dir='ltr'><strong>cuerunt:</strong></span> <span class='ocrx_word' id='word_1_495' title='bbox 2297 1487 2435 1536; x_wconf 91' lang='lat' dir='ltr'><strong>sunt</strong></span> <span class='ocrx_word' id='word_1_496' title='bbox 2469 1488 2657 1539; x_wconf 89' lang='lat' dir='ltr'><strong>tamen</strong></span> <span class='ocrx_word' id='word_1_497' title='bbox 2682 1486 3021 1555; x_wconf 69' lang='lat' dir='ltr'><strong>quaedamin</strong></span> <span class='ocrx_word' id='word_1_498' title='bbox 3045 1487 3255 1543; x_wconf 90' lang='lat' dir='ltr'><strong>divinis</strong></span> <span class='ocrx_word' id='word_1_499' title='bbox 3287 1488 3533 1561; x_wconf 90' lang='lat' dir='ltr'><strong>eloquiis</strong></span> <span class='ocrx_word' id='word_1_500' title='bbox 3564 1491 3646 1547; x_wconf 88' lang='lat' dir='ltr'><strong>ita</strong></span> 
     </span>
    </p>
   </div>
   <div class='ocr_carea' id='block_1_68' title="bbox 1999 1567 3647 1647">
    <p class='ocr_par' dir='ltr' id='par_1_68' title="bbox 1999 1567 3647 1647">
     <span class='ocr_line' id='line_1_69' title="bbox 1999 1567 3647 1647; baseline 0.008 -27"><span class='ocrx_word' id='word_1_501' title='bbox 1999 1567 2207 1637; x_wconf 89' lang='lat' dir='ltr'><strong>posita,</strong></span> <span class='ocrx_word' id='word_1_502' title='bbox 2230 1574 2291 1622; x_wconf 92' lang='lat' dir='ltr'><strong>ut</strong></span> <span class='ocrx_word' id='word_1_503' title='bbox 2308 1569 2649 1641; x_wconf 87' lang='lat' dir='ltr'><strong>ambiguum</strong></span> <span class='ocrx_word' id='word_1_504' title='bbox 2674 1572 2749 1625; x_wconf 91' lang='lat' dir='ltr'><strong>sit</strong></span> <span class='ocrx_word' id='word_1_505' title='bbox 2770 1573 2837 1627; x_wconf 91' lang='lat' dir='ltr'><strong>ad</strong></span> <span class='ocrx_word' id='word_1_506' title='bbox 2861 1590 3037 1644; x_wconf 91' lang='lat' dir='ltr'><strong>quam</strong></span> <span class='ocrx_word' id='word_1_507' title='bbox 3058 1574 3251 1645; x_wconf 90' lang='lat' dir='ltr'><strong>potius</strong></span> <span class='ocrx_word' id='word_1_508' title='bbox 3272 1577 3533 1647; x_wconf 91' lang='lat' dir='ltr'><strong>regulam</strong></span> <span class='ocrx_word' id='word_1_509' title='bbox 3558 1594 3647 1634; x_wconf 87' lang='lat' dir='ltr'><strong>rc-</strong></span> 
     </span>
    </p>
   </div>
   <div class='ocr_carea' id='block_1_69' title="bbox 2000 1656 3649 1735">
    <p class='ocr_par' dir='ltr' id='par_1_69' title="bbox 2000 1656 3649 1735">
     <span class='ocr_line' id='line_1_70' title="bbox 2000 1656 3649 1735; baseline 0.007 -26"><span class='ocrx_word' id='word_1_510' title='bbox 2000 1656 2289 1724; x_wconf 87' lang='lat' dir='ltr'><strong>ferantur;</strong></span> <span class='ocrx_word' id='word_1_511' title='bbox 2317 1664 2510 1713; x_wconf 90' lang='lat' dir='ltr'><strong>utrum</strong></span> <span class='ocrx_word' id='word_1_512' title='bbox 2546 1662 2616 1714; x_wconf 90' lang='lat' dir='ltr'><strong>ad</strong></span> <span class='ocrx_word' id='word_1_513' title='bbox 2649 1678 2775 1715; x_wconf 89' lang='lat' dir='ltr'><strong>eam</strong></span> <span class='ocrx_word' id='word_1_514' title='bbox 2808 1678 2923 1733; x_wconf 89' lang='lat' dir='ltr'><strong>qua</strong></span> <span class='ocrx_word' id='word_1_515' title='bbox 2948 1661 3334 1735; x_wconf 86' lang='lat' dir='ltr'><strong>intelligimus</strong></span> <span class='ocrx_word' id='word_1_516' title='bbox 3360 1665 3649 1721; x_wconf 88' lang='lat' dir='ltr'><strong>minorem</strong></span> 
     </span>
    </p>
   </div>
   <div class='ocr_carea' id='block_1_70' title="bbox 2001 1744 3648 1825">
    <p class='ocr_par' dir='ltr' id='par_1_70' title="bbox 2001 1744 3648 1825">
     <span class='ocr_line' id='line_1_71' title="bbox 2001 1744 3648 1825; baseline 0.004 -25"><span class='ocrx_word' id='word_1_517' title='bbox 2001 1744 2208 1800; x_wconf 80' lang='lat' dir='ltr'><strong>Filium</strong></span> <span class='ocrx_word' id='word_1_518' title='bbox 2233 1746 2289 1800; x_wconf 91' lang='lat' dir='ltr'><strong>in</strong></span> <span class='ocrx_word' id='word_1_519' title='bbox 2306 1754 2615 1818; x_wconf 89' lang='lat' dir='ltr'><strong>assumpta</strong></span> <span class='ocrx_word' id='word_1_520' title='bbox 2629 1754 2911 1815; x_wconf 84' lang='lat' dir='ltr'><strong>creatura,</strong></span> <span class='ocrx_word' id='word_1_521' title='bbox 2927 1768 2997 1804; x_wconf 91' lang='lat' dir='ltr'><strong>an</strong></span> <span class='ocrx_word' id='word_1_522' title='bbox 3014 1752 3085 1805; x_wconf 91' lang='lat' dir='ltr'><strong>ad</strong></span> <span class='ocrx_word' id='word_1_523' title='bbox 3100 1768 3227 1807; x_wconf 91' lang='lat' dir='ltr'><strong>eam</strong></span> <span class='ocrx_word' id='word_1_524' title='bbox 3243 1769 3359 1824; x_wconf 94' lang='lat' dir='ltr'><strong>qua</strong></span> <span class='ocrx_word' id='word_1_525' title='bbox 3377 1752 3648 1825; x_wconf 89' lang='lat' dir='ltr'><strong>intelligi-</strong></span> 
     </span>
    </p>
   </div>
   <div class='ocr_carea' id='block_1_71' title="bbox 2000 1836 3649 1914">
    <p class='ocr_par' dir='ltr' id='par_1_71' title="bbox 2000 1836 3649 1914">
     <span class='ocr_line' id='line_1_72' title="bbox 2000 1836 3649 1914; baseline 0.005 -26"><span class='ocrx_word' id='word_1_526' title='bbox 2000 1851 2152 1899; x_wconf 90' lang='lat' dir='ltr'><strong>mus,</strong></span> <span class='ocrx_word' id='word_1_527' title='bbox 2170 1852 2282 1890; x_wconf 92' lang='lat' dir='ltr'><strong>non</strong></span> <span class='ocrx_word' id='word_1_528' title='bbox 2298 1836 2531 1907; x_wconf 89' lang='lat' dir='ltr'><strong>quidem</strong></span> <span class='ocrx_word' id='word_1_529' title='bbox 2555 1840 2835 1893; x_wconf 89' lang='lat' dir='ltr'><strong>minorem</strong></span> <span class='ocrx_word' id='word_1_530' title='bbox 2855 1856 2983 1895; x_wconf 89' lang='lat' dir='ltr'><strong>esse</strong></span> <span class='ocrx_word' id='word_1_531' title='bbox 3002 1840 3234 1905; x_wconf 85' lang='lat' dir='ltr'><strong>Filium,</strong></span> <span class='ocrx_word' id='word_1_532' title='bbox 3251 1842 3349 1897; x_wconf 90' lang='lat' dir='ltr'><strong>sed</strong></span> <span class='ocrx_word' id='word_1_533' title='bbox 3366 1841 3649 1914; x_wconf 69' lang='lat' dir='ltr'><strong>aequalem</strong></span> 
     </span>
    </p>
   </div>
   <div class='ocr_carea' id='block_1_72' title="bbox 1998 1920 3651 1995">
    <p class='ocr_par' dir='ltr' id='par_1_72' title="bbox 1998 1920 3651 1995">
     <span class='ocr_line' id='line_1_73' title="bbox 1998 1920 3651 1995; baseline 0.007 -22"><span class='ocrx_word' id='word_1_534' title='bbox 1998 1920 2177 1986; x_wconf 90' lang='lat' dir='ltr'><strong>Patri,</strong></span> <span class='ocrx_word' id='word_1_535' title='bbox 2203 1926 2398 1977; x_wconf 87' lang='lat' dir='ltr'><strong>tamen</strong></span> <span class='ocrx_word' id='word_1_536' title='bbox 2431 1924 2503 1978; x_wconf 91' lang='lat' dir='ltr'><strong>ab</strong></span> <span class='ocrx_word' id='word_1_537' title='bbox 2531 1922 2627 1979; x_wconf 93' lang='lat' dir='ltr'><strong>illo</strong></span> <span class='ocrx_word' id='word_1_538' title='bbox 2653 1924 2805 1980; x_wconf 89' lang='lat' dir='ltr'><strong>hunc</strong></span> <span class='ocrx_word' id='word_1_539' title='bbox 2835 1943 2963 1982; x_wconf 89' lang='lat' dir='ltr'><strong>esse</strong></span> <span class='ocrx_word' id='word_1_540' title='bbox 2988 1933 3165 1983; x_wconf 86' lang='lat' dir='ltr'><strong>Deum</strong></span> <span class='ocrx_word' id='word_1_541' title='bbox 3192 1930 3262 1982; x_wconf 92' lang='lat' dir='ltr'><strong>de</strong></span> <span class='ocrx_word' id='word_1_542' title='bbox 3287 1934 3419 1995; x_wconf 92' lang='lat' dir='ltr'><strong>Deo,</strong></span> <span class='ocrx_word' id='word_1_543' title='bbox 3454 1928 3651 1985; x_wconf 87' lang='lat' dir='ltr'><strong>lumen</strong></span> 
     </span>
    </p>
   </div>
   <div class='ocr_carea' id='block_1_73' title="bbox 2001 2009 3649 2086">
    <p class='ocr_par' dir='ltr' id='par_1_73' title="bbox 2001 2009 3649 2086">
     <span class='ocr_line' id='line_1_74' title="bbox 2001 2009 3649 2086; baseline 0.006 -22"><span class='ocrx_word' id='word_1_544' title='bbox 2001 2011 2069 2064; x_wconf 90' lang='lat' dir='ltr'><strong>de</strong></span> <span class='ocrx_word' id='word_1_545' title='bbox 2100 2009 2343 2066; x_wconf 88' lang='lat' dir='ltr'><strong>lumine.</strong></span> <span class='ocrx_word' id='word_1_546' title='bbox 2376 2011 2586 2068; x_wconf 87' lang='lat' dir='ltr'><strong>Filium</strong></span> <span class='ocrx_word' id='word_1_547' title='bbox 2627 2016 2842 2086; x_wconf 87' lang='lat' dir='ltr'><strong>quippe</strong></span> <span class='ocrx_word' id='word_1_548' title='bbox 2882 2016 3131 2071; x_wconf 90' lang='lat' dir='ltr'><strong>dicimus</strong></span> <span class='ocrx_word' id='word_1_549' title='bbox 3163 2017 3347 2072; x_wconf 92' lang='lat' dir='ltr'><strong>Deum</strong></span> <span class='ocrx_word' id='word_1_550' title='bbox 3393 2020 3463 2073; x_wconf 88' lang='lat' dir='ltr'><strong>de</strong></span> <span class='ocrx_word' id='word_1_551' title='bbox 3496 2018 3649 2074; x_wconf 85' lang='lat' dir='ltr'><strong>Deo:</strong></span> 
     </span>
    </p>
   </div>
   <div class='ocr_carea' id='block_1_74' title="bbox 2002 2100 3655 2171">
    <p class='ocr_par' dir='ltr' id='par_1_74' title="bbox 2002 2100 3655 2171">
     <span class='ocr_line' id='line_1_75' title="bbox 2002 2100 3655 2171; baseline 0.005 -15"><span class='ocrx_word' id='word_1_552' title='bbox 2002 2100 2227 2156; x_wconf 82' lang='lat' dir='ltr'><strong>Patrem</strong></span> <span class='ocrx_word' id='word_1_553' title='bbox 2262 2107 2479 2168; x_wconf 90' lang='lat' dir='ltr'><strong>autem,</strong></span> <span class='ocrx_word' id='word_1_554' title='bbox 2511 2102 2694 2158; x_wconf 89' lang='lat' dir='ltr'><strong>Deum</strong></span> <span class='ocrx_word' id='word_1_555' title='bbox 2727 2109 2986 2169; x_wconf 89' lang='lat' dir='ltr'><strong>tantum;</strong></span> <span class='ocrx_word' id='word_1_556' title='bbox 3023 2122 3157 2171; x_wconf 88' lang='lat' dir='ltr'><strong>non,</strong></span> <span class='ocrx_word' id='word_1_557' title='bbox 3212 2105 3283 2161; x_wconf 91' lang='lat' dir='ltr'><strong>de</strong></span> <span class='ocrx_word' id='word_1_558' title='bbox 3323 2111 3457 2162; x_wconf 89' lang='lat' dir='ltr'><strong>Deo.</strong></span> <span class='ocrx_word' id='word_1_559' title='bbox 3493 2106 3655 2164; x_wconf 83' lang='lat' dir='ltr'><strong>Unde</strong></span> 
     </span>
    </p>
   </div>
   <div class='ocr_carea' id='block_1_75' title="bbox 2003 2192 3650 2271">
    <p class='ocr_par' dir='ltr' id='par_1_75' title="bbox 2003 2192 3650 2271">
     <span class='ocr_line' id='line_1_76' title="bbox 2003 2192 3650 2271; baseline 0.007 -27"><span class='ocrx_word' id='word_1_560' title='bbox 2003 2192 2379 2247; x_wconf 88' lang='lat' dir='ltr'><strong>manifestum</strong></span> <span class='ocrx_word' id='word_1_561' title='bbox 2401 2200 2491 2249; x_wconf 91' lang='lat' dir='ltr'><strong>est</strong></span> <span class='ocrx_word' id='word_1_562' title='bbox 2514 2194 2664 2265; x_wconf 91' lang='lat' dir='ltr'><strong>quod</strong></span> <span class='ocrx_word' id='word_1_563' title='bbox 2693 2193 2871 2251; x_wconf 85' lang='lat' dir='ltr'><strong>Filius</strong></span> <span class='ocrx_word' id='word_1_564' title='bbox 2893 2196 3103 2251; x_wconf 89' lang='lat' dir='ltr'><strong>habeat</strong></span> <span class='ocrx_word' id='word_1_565' title='bbox 3120 2195 3301 2251; x_wconf 92' lang='lat' dir='ltr'><strong>alium</strong></span> <span class='ocrx_word' id='word_1_566' title='bbox 3328 2198 3397 2253; x_wconf 91' lang='lat' dir='ltr'><strong>de</strong></span> <span class='ocrx_word' id='word_1_567' title='bbox 3416 2215 3530 2271; x_wconf 90' lang='lat' dir='ltr'><strong>quo</strong></span> <span class='ocrx_word' id='word_1_568' title='bbox 3553 2200 3650 2267; x_wconf 90' lang='lat' dir='ltr'><strong>sit,</strong></span> 
     </span>
    </p>
   </div>
   <div class='ocr_carea' id='block_1_76' title="bbox 1998 2280 3649 2357">
    <p class='ocr_par' dir='ltr' id='par_1_76' title="bbox 1998 2280 3649 2357">
     <span class='ocr_line' id='line_1_77' title="bbox 1998 2280 3649 2357; baseline 0.005 -22"><span class='ocrx_word' id='word_1_569' title='bbox 1998 2284 2055 2335; x_wconf 91' lang='lat' dir='ltr'><strong>et</strong></span> <span class='ocrx_word' id='word_1_570' title='bbox 2084 2281 2178 2335; x_wconf 91' lang='lat' dir='ltr'><strong>cui</strong></span> <span class='ocrx_word' id='word_1_571' title='bbox 2200 2280 2381 2335; x_wconf 88' lang='lat' dir='ltr'><strong>Filius</strong></span> <span class='ocrx_word' id='word_1_572' title='bbox 2405 2282 2509 2349; x_wconf 86' lang='lat' dir='ltr'><strong>sit;</strong></span> <span class='ocrx_word' id='word_1_573' title='bbox 2544 2283 2711 2338; x_wconf 88' lang='lat' dir='ltr'><strong>Pater</strong></span> <span class='ocrx_word' id='word_1_574' title='bbox 2731 2289 2924 2339; x_wconf 87' lang='lat' dir='ltr'><strong>autem</strong></span> <span class='ocrx_word' id='word_1_575' title='bbox 2958 2302 3071 2339; x_wconf 91' lang='lat' dir='ltr'><strong>non</strong></span> <span class='ocrx_word' id='word_1_576' title='bbox 3097 2285 3307 2340; x_wconf 89' lang='lat' dir='ltr'><strong>Filium</strong></span> <span class='ocrx_word' id='word_1_577' title='bbox 3331 2287 3402 2341; x_wconf 93' lang='lat' dir='ltr'><strong>de</strong></span> <span class='ocrx_word' id='word_1_578' title='bbox 3425 2303 3538 2357; x_wconf 91' lang='lat' dir='ltr'><strong>quo</strong></span> <span class='ocrx_word' id='word_1_579' title='bbox 3569 2288 3649 2343; x_wconf 89' lang='lat' dir='ltr'><strong>sit</strong></span> 
     </span>
    </p>
   </div>
   <div class='ocr_carea' id='block_1_77' title="bbox 2000 2370 3648 2435">
    <p class='ocr_par' dir='ltr' id='par_1_77' title="bbox 2000 2370 3648 2435">
     <span class='ocr_line' id='line_1_78' title="bbox 2000 2370 3648 2435; baseline 0.005 -12"><span class='ocrx_word' id='word_1_580' title='bbox 2000 2370 2231 2435; x_wconf 86' lang='lat' dir='ltr'><strong>habeat,</strong></span> <span class='ocrx_word' id='word_1_581' title='bbox 2255 2372 2354 2425; x_wconf 88' lang='lat' dir='ltr'><strong>sed</strong></span> <span class='ocrx_word' id='word_1_582' title='bbox 2385 2376 2614 2427; x_wconf 88' lang='lat' dir='ltr'><strong>tantum</strong></span> <span class='ocrx_word' id='word_1_583' title='bbox 2642 2373 2734 2427; x_wconf 92' lang='lat' dir='ltr'><strong>cui</strong></span> <span class='ocrx_word' id='word_1_584' title='bbox 2757 2373 2923 2428; x_wconf 91' lang='lat' dir='ltr'><strong>Pater</strong></span> <span class='ocrx_word' id='word_1_585' title='bbox 2944 2372 3039 2428; x_wconf 92' lang='lat' dir='ltr'><strong>sit.</strong></span> <span class='ocrx_word' id='word_1_586' title='bbox 3067 2374 3272 2431; x_wconf 88' lang='lat' dir='ltr'><strong>Omnis</strong></span> <span class='ocrx_word' id='word_1_587' title='bbox 3303 2376 3457 2431; x_wconf 89' lang='lat' dir='ltr'><strong>enim</strong></span> <span class='ocrx_word' id='word_1_588' title='bbox 3490 2376 3648 2431; x_wconf 90' lang='lat' dir='ltr'><strong>ﬁlius</strong></span> 
     </span>
    </p>
   </div>
   <div class='ocr_carea' id='block_1_78' title="bbox 2001 2460 3651 2533">
    <p class='ocr_par' dir='ltr' id='par_1_78' title="bbox 2001 2460 3651 2533">
     <span class='ocr_line' id='line_1_79' title="bbox 2001 2460 3651 2533; baseline 0.005 -20"><span class='ocrx_word' id='word_1_589' title='bbox 2001 2460 2071 2513; x_wconf 91' lang='lat' dir='ltr'><strong>de</strong></span> <span class='ocrx_word' id='word_1_590' title='bbox 2093 2464 2256 2529; x_wconf 87' lang='lat' dir='ltr'><strong>patre</strong></span> <span class='ocrx_word' id='word_1_591' title='bbox 2276 2464 2365 2515; x_wconf 91' lang='lat' dir='ltr'><strong>est</strong></span> <span class='ocrx_word' id='word_1_592' title='bbox 2385 2461 2538 2531; x_wconf 90' lang='lat' dir='ltr'><strong>quod</strong></span> <span class='ocrx_word' id='word_1_593' title='bbox 2562 2466 2667 2531; x_wconf 90' lang='lat' dir='ltr'><strong>est,</strong></span> <span class='ocrx_word' id='word_1_594' title='bbox 2683 2466 2738 2515; x_wconf 87' lang='lat' dir='ltr'><strong>et</strong></span> <span class='ocrx_word' id='word_1_595' title='bbox 2763 2462 2909 2533; x_wconf 91' lang='lat' dir='ltr'><strong>patri</strong></span> <span class='ocrx_word' id='word_1_596' title='bbox 2933 2462 3090 2519; x_wconf 90' lang='lat' dir='ltr'><strong>ﬁlius</strong></span> <span class='ocrx_word' id='word_1_597' title='bbox 3105 2469 3220 2519; x_wconf 88' lang='lat' dir='ltr'><strong>est:</strong></span> <span class='ocrx_word' id='word_1_598' title='bbox 3239 2463 3439 2520; x_wconf 90' lang='lat' dir='ltr'><strong>nullus</strong></span> <span class='ocrx_word' id='word_1_599' title='bbox 3455 2470 3651 2522; x_wconf 89' lang='lat' dir='ltr'><strong>autem</strong></span> 
     </span>
    </p>
   </div>
   <div class='ocr_carea' id='block_1_79' title="bbox 2000 2550 3471 2625">
    <p class='ocr_par' dir='ltr' id='par_1_79' title="bbox 2000 2550 3471 2625">
     <span class='ocr_line' id='line_1_80' title="bbox 2000 2550 3471 2625; baseline 0.003 -20"><span class='ocrx_word' id='word_1_600' title='bbox 2000 2555 2164 2622; x_wconf 91' lang='lat' dir='ltr'><strong>pater</strong></span> <span class='ocrx_word' id='word_1_601' title='bbox 2193 2551 2264 2605; x_wconf 92' lang='lat' dir='ltr'><strong>de</strong></span> <span class='ocrx_word' id='word_1_602' title='bbox 2295 2550 2414 2607; x_wconf 87' lang='lat' dir='ltr'><strong>ﬁlio</strong></span> <span class='ocrx_word' id='word_1_603' title='bbox 2445 2558 2536 2607; x_wconf 90' lang='lat' dir='ltr'><strong>est</strong></span> <span class='ocrx_word' id='word_1_604' title='bbox 2566 2552 2715 2622; x_wconf 88' lang='lat' dir='ltr'><strong>quod</strong></span> <span class='ocrx_word' id='word_1_605' title='bbox 2750 2557 2857 2623; x_wconf 90' lang='lat' dir='ltr'><strong>est,</strong></span> <span class='ocrx_word' id='word_1_606' title='bbox 2891 2554 2991 2609; x_wconf 91' lang='lat' dir='ltr'><strong>sed</strong></span> <span class='ocrx_word' id='word_1_607' title='bbox 3025 2553 3143 2609; x_wconf 88' lang='lat' dir='ltr'><strong>ﬁlio</strong></span> <span class='ocrx_word' id='word_1_608' title='bbox 3173 2560 3337 2625; x_wconf 90' lang='lat' dir='ltr'><strong>pater</strong></span> <span class='ocrx_word' id='word_1_609' title='bbox 3363 2560 3471 2611; x_wconf 88' lang='lat' dir='ltr'><strong>est.</strong></span> 
     </span>
    </p>
   </div>
   <div class='ocr_carea' id='block_1_80' title="bbox 2071 2660 3658 2736">
    <p class='ocr_par' dir='ltr' id='par_1_80' title="bbox 2071 2660 3658 2736">
     <span class='ocr_line' id='line_1_81' title="bbox 2071 2660 3658 2736; baseline 0.005 -22"><span class='ocrx_word' id='word_1_610' title='bbox 2071 2660 2125 2715; x_wconf 90' lang='lat'><strong>3.</strong></span> <span class='ocrx_word' id='word_1_611' title='bbox 2164 2661 2435 2724; x_wconf 65' lang='lat' dir='ltr'><strong>Quaedam</strong></span> <span class='ocrx_word' id='word_1_612' title='bbox 2468 2661 2666 2733; x_wconf 90' lang='lat' dir='ltr'><strong>itaque</strong></span> <span class='ocrx_word' id='word_1_613' title='bbox 2696 2664 2776 2717; x_wconf 89' lang='lat' dir='ltr'><strong>ita</strong></span> <span class='ocrx_word' id='word_1_614' title='bbox 2810 2670 3109 2734; x_wconf 80' lang='lat' dir='ltr'><strong>ponuntur</strong></span> <span class='ocrx_word' id='word_1_615' title='bbox 3137 2664 3195 2719; x_wconf 93' lang='lat' dir='ltr'><strong>in</strong></span> <span class='ocrx_word' id='word_1_616' title='bbox 3238 2665 3558 2736; x_wconf 90' lang='lat' dir='ltr'><strong>Scripturis</strong></span> <span class='ocrx_word' id='word_1_617' title='bbox 3586 2666 3658 2722; x_wconf 87' lang='lat' dir='ltr'><strong>de</strong></span> 
     </span>
    </p>
   </div>
   <div class='ocr_carea' id='block_1_81' title="bbox 2002 2750 3658 2825">
    <p class='ocr_par' dir='ltr' id='par_1_81' title="bbox 2002 2750 3658 2825">
     <span class='ocr_line' id='line_1_82' title="bbox 2002 2750 3658 2825; baseline 0.005 -23"><span class='ocrx_word' id='word_1_618' title='bbox 2002 2753 2169 2804; x_wconf 89' lang='lat' dir='ltr'><strong>Patre</strong></span> <span class='ocrx_word' id='word_1_619' title='bbox 2200 2756 2256 2804; x_wconf 90' lang='lat' dir='ltr'><strong>et</strong></span> <span class='ocrx_word' id='word_1_620' title='bbox 2279 2750 2442 2816; x_wconf 89' lang='lat' dir='ltr'><strong>Filio,</strong></span> <span class='ocrx_word' id='word_1_621' title='bbox 2474 2757 2537 2805; x_wconf 92' lang='lat' dir='ltr'><strong>ut</strong></span> <span class='ocrx_word' id='word_1_622' title='bbox 2560 2751 2818 2805; x_wconf 89' lang='lat' dir='ltr'><strong>indicent</strong></span> <span class='ocrx_word' id='word_1_623' title='bbox 2845 2752 3122 2808; x_wconf 86' lang='lat' dir='ltr'><strong>unitatem</strong></span> <span class='ocrx_word' id='word_1_624' title='bbox 3149 2753 3658 2825; x_wconf 66' lang='lat' dir='ltr'><strong>aequalitatemque</strong></span> 
     </span>
    </p>
   </div>
   <div class='ocr_carea' id='block_1_82' title="bbox 2002 2839 3659 2912">
    <p class='ocr_par' dir='ltr' id='par_1_82' title="bbox 2002 2839 3659 2912">
     <span class='ocr_line' id='line_1_83' title="bbox 2002 2839 3659 2912; baseline 0.003 -18"><span class='ocrx_word' id='word_1_625' title='bbox 2002 2839 2367 2903; x_wconf 67' lang='lat' dir='ltr'><strong>substantias,</strong></span> <span class='ocrx_word' id='word_1_626' title='bbox 2416 2839 2591 2894; x_wconf 89' lang='lat' dir='ltr'><strong>sicuti</strong></span> <span class='ocrx_word' id='word_1_627' title='bbox 2637 2845 2747 2906; x_wconf 91' lang='lat' dir='ltr'><strong>est,</strong></span> <span class='ocrx_word' id='word_1_628' title='bbox 2800 2841 2909 2912; x_wconf 86' lang='lat' dir='ltr'><strong>Ego</strong></span> <span class='ocrx_word' id='word_1_629' title='bbox 2950 2850 3001 2897; x_wconf 88' lang='lat' dir='ltr'><strong>et</strong></span> <span class='ocrx_word' id='word_1_630' title='bbox 3036 2844 3199 2897; x_wconf 84' lang='lat' dir='ltr'><strong>Pater</strong></span> <span class='ocrx_word' id='word_1_631' title='bbox 3244 2859 3421 2897; x_wconf 87' lang='lat' dir='ltr'><strong>unum</strong></span> <span class='ocrx_word' id='word_1_632' title='bbox 3465 2859 3659 2899; x_wconf 77' lang='lat' dir='ltr'><strong>sumus</strong></span> 
     </span>
    </p>
   </div>
   <div class='ocr_carea' id='block_1_83' title="bbox 2001 2929 3658 3006">
    <p class='ocr_par' dir='ltr' id='par_1_83' title="bbox 2001 2929 3658 3006">
     <span class='ocr_line' id='line_1_84' title="bbox 2001 2929 3658 3006; baseline 0.003 -21"><span class='ocrx_word' id='word_1_633' title='bbox 2001 2929 2177 3001; x_wconf 87' lang='lat' dir='ltr'><strong>(Joan.</strong></span> <span class='ocrx_word' id='word_1_634' title='bbox 2214 2947 2266 2997; x_wconf 88' lang='lat' dir='ltr'><strong>x,</strong></span> <span class='ocrx_word' id='word_1_635' title='bbox 2298 2930 2409 3000; x_wconf 89' lang='lat'><strong>30);</strong></span> <span class='ocrx_word' id='word_1_636' title='bbox 2457 2934 2532 2997; x_wconf 87' lang='lat' dir='ltr'><strong>et,</strong></span> <span class='ocrx_word' id='word_1_637' title='bbox 2568 2929 2704 2985; x_wconf 79' lang='lat' dir='ltr'><strong>Cum</strong></span> <span class='ocrx_word' id='word_1_638' title='bbox 2742 2932 2796 2985; x_wconf 88' lang='lat' dir='ltr'><strong>in</strong></span> <span class='ocrx_word' id='word_1_639' title='bbox 2826 2934 3005 3001; x_wconf 82' lang='lat' dir='ltr'><strong>forma</strong></span> <span class='ocrx_word' id='word_1_640' title='bbox 3037 2933 3134 2988; x_wconf 85' lang='lat' dir='ltr'><strong>Dei</strong></span> <span class='ocrx_word' id='word_1_641' title='bbox 3170 2938 3323 3000; x_wconf 88' lang='lat' dir='ltr'><strong>esset,</strong></span> <span class='ocrx_word' id='word_1_642' title='bbox 3365 2950 3475 2990; x_wconf 77' lang='lat' dir='ltr'><strong>non</strong></span> <span class='ocrx_word' id='word_1_643' title='bbox 3506 2936 3658 3006; x_wconf 85' lang='lat' dir='ltr'><strong>rapi-</strong></span> 
     </span>
    </p>
   </div>
   <div class='ocr_carea' id='block_1_84' title="bbox 2002 3019 3660 3096">
    <p class='ocr_par' dir='ltr' id='par_1_84' title="bbox 2002 3019 3660 3096">
     <span class='ocr_line' id='line_1_85' title="bbox 2002 3019 3660 3096; baseline 0.004 -23"><span class='ocrx_word' id='word_1_644' title='bbox 2002 3036 2135 3073; x_wconf 81' lang='lat' dir='ltr'><strong>nam</strong></span> <span class='ocrx_word' id='word_1_645' title='bbox 2163 3019 2465 3073; x_wconf 78' lang='lat' dir='ltr'><strong>arbitratus</strong></span> <span class='ocrx_word' id='word_1_646' title='bbox 2487 3027 2698 3074; x_wconf 84' lang='lat' dir='ltr'><strong>estesse</strong></span> <span class='ocrx_word' id='word_1_647' title='bbox 2724 3021 2958 3091; x_wconf 70' lang='lat' dir='ltr'><strong>aequalis</strong></span> <span class='ocrx_word' id='word_1_648' title='bbox 2992 3026 3098 3076; x_wconf 87' lang='lat' dir='ltr'><strong>Deo</strong></span> <span class='ocrx_word' id='word_1_649' title='bbox 3128 3022 3392 3093; x_wconf 84' lang='lat' dir='ltr'><strong>(Philipp.</strong></span> <span class='ocrx_word' id='word_1_650' title='bbox 3417 3040 3478 3090; x_wconf 89' lang='grc' dir='ltr'>ιι,</span> <span class='ocrx_word' id='word_1_651' title='bbox 3500 3025 3578 3096; x_wconf 83' lang='grc'><strong>6);</strong></span> <span class='ocrx_word' id='word_1_652' title='bbox 3602 3026 3660 3079; x_wconf 85' lang='lat' dir='ltr'><strong>et</strong></span> 
     </span>
    </p>
   </div>
   <div class='ocr_carea' id='block_1_85' title="bbox 2003 3107 3656 3180">
    <p class='ocr_par' dir='ltr' id='par_1_85' title="bbox 2003 3107 3656 3180">
     <span class='ocr_line' id='line_1_86' title="bbox 2003 3107 3656 3180; baseline 0.004 -19"><span class='ocrx_word' id='word_1_653' title='bbox 2003 3125 2198 3178; x_wconf 75' lang='lat' dir='ltr'><strong>quaacu</strong></span> <span class='ocrx_word' id='word_1_654' title='bbox 2211 3124 2383 3180; x_wconf 90' lang='lat' dir='ltr'><strong>mque</strong></span> <span class='ocrx_word' id='word_1_655' title='bbox 2404 3107 2540 3163; x_wconf 88' lang='lat' dir='ltr'><strong>talia</strong></span> <span class='ocrx_word' id='word_1_656' title='bbox 2552 3114 2710 3163; x_wconf 89' lang='lat' dir='ltr'><strong>sunt.</strong></span> <span class='ocrx_word' id='word_1_657' title='bbox 2731 3108 3001 3172; x_wconf 83' lang='lat' dir='ltr'><strong>Quaedam</strong></span> <span class='ocrx_word' id='word_1_658' title='bbox 3023 3111 3272 3178; x_wconf 88' lang='lat' dir='ltr'><strong>veroita,</strong></span> <span class='ocrx_word' id='word_1_659' title='bbox 3290 3117 3353 3167; x_wconf 86' lang='lat' dir='ltr'><strong>ut</strong></span> <span class='ocrx_word' id='word_1_660' title='bbox 3370 3112 3656 3169; x_wconf 90' lang='lat' dir='ltr'><strong>minorem</strong></span> 
     </span>
    </p>
   </div>
   <div class='ocr_carea' id='block_1_86' title="bbox 2005 3196 3701 3273">
    <p class='ocr_par' dir='ltr' id='par_1_86' title="bbox 2005 3196 3701 3273">
     <span class='ocr_line' id='line_1_87' title="bbox 2005 3196 3701 3273; baseline 0.004 -22"><span class='ocrx_word' id='word_1_661' title='bbox 2005 3197 2316 3251; x_wconf 88' lang='lat' dir='ltr'><strong>ostendant</strong></span> <span class='ocrx_word' id='word_1_662' title='bbox 2337 3196 2547 3251; x_wconf 89' lang='lat' dir='ltr'><strong>Filium</strong></span> <span class='ocrx_word' id='word_1_663' title='bbox 2574 3202 2809 3268; x_wconf 87' lang='lat' dir='ltr'><strong>propter</strong></span> <span class='ocrx_word' id='word_1_664' title='bbox 2828 3197 3074 3253; x_wconf 91' lang='lat' dir='ltr'><strong>formam</strong></span> <span class='ocrx_word' id='word_1_665' title='bbox 3102 3201 3269 3267; x_wconf 78' lang='lat' dir='ltr'><strong>servi,</strong></span> <span class='ocrx_word' id='word_1_666' title='bbox 3294 3200 3352 3255; x_wconf 92' lang='lat' dir='ltr'><strong>id</strong></span> <span class='ocrx_word' id='word_1_667' title='bbox 3378 3206 3485 3273; x_wconf 90' lang='lat' dir='ltr'><strong>est,</strong></span> <span class='ocrx_word' id='word_1_668' title='bbox 3522 3217 3656 3273; x_wconf 82' lang='lat' dir='ltr'><strong>pro-</strong></span> <span class='ocrx_word' id='word_1_669' title='bbox 3687 3219 3701 3257; x_wconf 69' lang='grc' dir='ltr'><em>ρ</em></span> 
     </span>
    </p>
   </div>
   <div class='ocr_carea' id='block_1_87' title="bbox 2006 3288 3659 3361">
    <p class='ocr_par' dir='ltr' id='par_1_87' title="bbox 2006 3288 3659 3361">
     <span class='ocr_line' id='line_1_88' title="bbox 2006 3288 3659 3361; baseline 0.005 -22"><span class='ocrx_word' id='word_1_670' title='bbox 2006 3288 2135 3357; x_wconf 89' lang='lat' dir='ltr'><strong>pter</strong></span> <span class='ocrx_word' id='word_1_671' title='bbox 2164 3290 2527 3354; x_wconf 88' lang='lat' dir='ltr'><strong>assumptam</strong></span> <span class='ocrx_word' id='word_1_672' title='bbox 2561 3291 2891 3342; x_wconf 92' lang='lat' dir='ltr'><strong>creaturam</strong></span> <span class='ocrx_word' id='word_1_673' title='bbox 2938 3290 3239 3344; x_wconf 89' lang='lat' dir='ltr'><strong>mutabilis</strong></span> <span class='ocrx_word' id='word_1_674' title='bbox 3266 3289 3659 3361; x_wconf 65' lang='lat' dir='ltr'><strong>humanaeque</strong></span> 
     </span>
    </p>
   </div>
   <div class='ocr_carea' id='block_1_88' title="bbox 2007 3374 3661 3450">
    <p class='ocr_par' dir='ltr' id='par_1_88' title="bbox 2007 3374 3661 3450">
     <span class='ocr_line' id='line_1_89' title="bbox 2007 3374 3661 3450; baseline 0.003 -20"><span class='ocrx_word' id='word_1_675' title='bbox 2007 3374 2368 3443; x_wconf 72' lang='lat' dir='ltr'><strong>substantias,</strong></span> <span class='ocrx_word' id='word_1_676' title='bbox 2394 3374 2564 3429; x_wconf 90' lang='lat' dir='ltr'><strong>sicuti</strong></span> <span class='ocrx_word' id='word_1_677' title='bbox 2592 3382 2680 3429; x_wconf 92' lang='lat' dir='ltr'><strong>est</strong></span> <span class='ocrx_word' id='word_1_678' title='bbox 2702 3376 2853 3445; x_wconf 91' lang='lat' dir='ltr'><strong>quod</strong></span> <span class='ocrx_word' id='word_1_679' title='bbox 2882 3376 2980 3445; x_wconf 87' lang='lat' dir='ltr'><strong>ait,</strong></span> <span class='ocrx_word' id='word_1_680' title='bbox 3008 3378 3270 3445; x_wconf 85' lang='lat' dir='ltr'><strong>Quoniam</strong></span> <span class='ocrx_word' id='word_1_681' title='bbox 3296 3383 3461 3433; x_wconf 85' lang='lat' dir='ltr'><strong>Pater</strong></span> <span class='ocrx_word' id='word_1_682' title='bbox 3479 3380 3661 3450; x_wconf 89' lang='lat' dir='ltr'><strong>major</strong></span> 
     </span>
    </p>
   </div>
   <div class='ocr_carea' id='block_1_89' title="bbox 2004 3464 3659 3539">
    <p class='ocr_par' dir='ltr' id='par_1_89' title="bbox 2004 3464 3659 3539">
     <span class='ocr_line' id='line_1_90' title="bbox 2004 3464 3659 3539; baseline 0.004 -22"><span class='ocrx_word' id='word_1_683' title='bbox 2004 3478 2090 3517; x_wconf 88' lang='lat' dir='ltr'><strong>me</strong></span> <span class='ocrx_word' id='word_1_684' title='bbox 2118 3469 2199 3519; x_wconf 85' lang='lat' dir='ltr'><strong>est</strong></span> <span class='ocrx_word' id='word_1_685' title='bbox 2232 3464 2407 3534; x_wconf 84' lang='lat' dir='ltr'><strong>(Joan.</strong></span> <span class='ocrx_word' id='word_1_686' title='bbox 2440 3480 2555 3532; x_wconf 80' lang='lat' dir='ltr'><strong>xiv,</strong></span> <span class='ocrx_word' id='word_1_687' title='bbox 2586 3464 2713 3534; x_wconf 87' lang='lat'><strong>28);</strong></span> <span class='ocrx_word' id='word_1_688' title='bbox 2746 3469 2823 3531; x_wconf 91' lang='lat' dir='ltr'><strong>et,</strong></span> <span class='ocrx_word' id='word_1_689' title='bbox 2873 3471 3042 3520; x_wconf 88' lang='lat' dir='ltr'><strong>Pater</strong></span> <span class='ocrx_word' id='word_1_690' title='bbox 3070 3482 3179 3521; x_wconf 84' lang='lat' dir='ltr'><strong>non</strong></span> <span class='ocrx_word' id='word_1_691' title='bbox 3226 3468 3441 3533; x_wconf 78' lang='lat' dir='ltr'><strong>iudicat</strong></span> <span class='ocrx_word' id='word_1_692' title='bbox 3471 3484 3659 3539; x_wconf 85' lang='lat' dir='ltr'><strong>quem-</strong></span> 
     </span>
    </p>
   </div>
   <div class='ocr_carea' id='block_1_90' title="bbox 2004 3552 3663 3627">
    <p class='ocr_par' dir='ltr' id='par_1_90' title="bbox 2004 3552 3663 3627">
     <span class='ocr_line' id='line_1_91' title="bbox 2004 3552 3663 3627; baseline 0.002 -21"><span class='ocrx_word' id='word_1_693' title='bbox 2004 3568 2188 3623; x_wconf 86' lang='lat' dir='ltr'><strong>quam,</strong></span> <span class='ocrx_word' id='word_1_694' title='bbox 2210 3553 2311 3607; x_wconf 86' lang='lat' dir='ltr'><strong>sed</strong></span> <span class='ocrx_word' id='word_1_695' title='bbox 2330 3567 2488 3606; x_wconf 87' lang='lat' dir='ltr'><strong>omne</strong></span> <span class='ocrx_word' id='word_1_696' title='bbox 2498 3553 2783 3621; x_wconf 87' lang='lat' dir='ltr'><strong>judicium</strong></span> <span class='ocrx_word' id='word_1_697' title='bbox 2804 3552 2951 3607; x_wconf 83' lang='lat' dir='ltr'><strong>dedit</strong></span> <span class='ocrx_word' id='word_1_698' title='bbox 2978 3556 3134 3610; x_wconf 84' lang='lat' dir='ltr'><strong>Filio.</strong></span> <span class='ocrx_word' id='word_1_699' title='bbox 3155 3555 3299 3609; x_wconf 90' lang='lat' dir='ltr'><strong>Nam</strong></span> <span class='ocrx_word' id='word_1_700' title='bbox 3325 3556 3499 3626; x_wconf 90' lang='lat' dir='ltr'><strong>paulo</strong></span> <span class='ocrx_word' id='word_1_701' title='bbox 3532 3559 3663 3627; x_wconf 89' lang='lat' dir='ltr'><strong>post</strong></span> 
     </span>
    </p>
   </div>
   <div class='ocr_carea' id='block_1_91' title="bbox 2007 3642 3663 3717">
    <p class='ocr_par' dir='ltr' id='par_1_91' title="bbox 2007 3642 3663 3717">
     <span class='ocr_line' id='line_1_92' title="bbox 2007 3642 3663 3717; baseline 0.001 -20"><span class='ocrx_word' id='word_1_702' title='bbox 2007 3644 2430 3710; x_wconf 86' lang='lat' dir='ltr'><strong>consequenter</strong></span> <span class='ocrx_word' id='word_1_703' title='bbox 2445 3643 2548 3706; x_wconf 87' lang='lat' dir='ltr'><strong>ait,</strong></span> <span class='ocrx_word' id='word_1_704' title='bbox 2568 3642 2629 3694; x_wconf 84' lang='lat' dir='ltr'><strong>Et</strong></span> <span class='ocrx_word' id='word_1_705' title='bbox 2648 3644 2969 3711; x_wconf 82' lang='lat' dir='ltr'><strong>potestatem</strong></span> <span class='ocrx_word' id='word_1_706' title='bbox 2984 3642 3129 3697; x_wconf 86' lang='lat' dir='ltr'><strong>dedit</strong></span> <span class='ocrx_word' id='word_1_707' title='bbox 3143 3644 3195 3698; x_wconf 88' lang='lat' dir='ltr'><strong>ei</strong></span> <span class='ocrx_word' id='word_1_708' title='bbox 3216 3647 3269 3697; x_wconf 86' lang='lat' dir='ltr'><strong>et</strong></span> <span class='ocrx_word' id='word_1_709' title='bbox 3274 3644 3560 3714; x_wconf 86' lang='lat' dir='ltr'><strong>judicium</strong></span> <span class='ocrx_word' id='word_1_710' title='bbox 3576 3645 3663 3717; x_wconf 81' lang='lat' dir='ltr'><strong>fa-</strong></span> 
     </span>
    </p>
   </div>
   <div class='ocr_carea' id='block_1_92' title="bbox 2006 3728 3659 3803">
    <p class='ocr_par' dir='ltr' id='par_1_92' title="bbox 2006 3728 3659 3803">
     <span class='ocr_line' id='line_1_93' title="bbox 2006 3728 3659 3803; baseline 0.001 -17"><span class='ocrx_word' id='word_1_711' title='bbox 2006 3746 2143 3795; x_wconf 86' lang='lat' dir='ltr'><strong>cere,</strong></span> <span class='ocrx_word' id='word_1_712' title='bbox 2177 3730 2436 3800; x_wconf 86' lang='lat' dir='ltr'><strong>quoniam</strong></span> <span class='ocrx_word' id='word_1_713' title='bbox 2462 3730 2635 3783; x_wconf 82' lang='lat' dir='ltr'><strong>Filius</strong></span> <span class='ocrx_word' id='word_1_714' title='bbox 2665 3728 2904 3785; x_wconf 80' lang='lat' dir='ltr'><strong>hominis</strong></span> <span class='ocrx_word' id='word_1_715' title='bbox 2933 3734 3027 3787; x_wconf 86' lang='lat' dir='ltr'><strong>est.</strong></span> <span class='ocrx_word' id='word_1_716' title='bbox 3062 3731 3333 3794; x_wconf 76' lang='lat' dir='ltr'><strong>Quaedam</strong></span> <span class='ocrx_word' id='word_1_717' title='bbox 3358 3748 3527 3803; x_wconf 87' lang='lat' dir='ltr'><strong>porro</strong></span> <span class='ocrx_word' id='word_1_718' title='bbox 3562 3733 3659 3800; x_wconf 90' lang='lat' dir='ltr'><strong>ita,</strong></span> 
     </span>
    </p>
   </div>
   <div class='ocr_carea' id='block_1_93' title="bbox 2010 3817 3660 3889">
    <p class='ocr_par' dir='ltr' id='par_1_93' title="bbox 2010 3817 3660 3889">
     <span class='ocr_line' id='line_1_94' title="bbox 2010 3817 3660 3889; baseline 0.002 -16"><span class='ocrx_word' id='word_1_719' title='bbox 2010 3824 2073 3874; x_wconf 91' lang='lat' dir='ltr'><strong>ut</strong></span> <span class='ocrx_word' id='word_1_720' title='bbox 2087 3834 2190 3872; x_wconf 88' lang='lat' dir='ltr'><strong>nec</strong></span> <span class='ocrx_word' id='word_1_721' title='bbox 2206 3818 2395 3872; x_wconf 91' lang='lat' dir='ltr'><strong>minor</strong></span> <span class='ocrx_word' id='word_1_722' title='bbox 2407 3833 2510 3872; x_wconf 91' lang='lat' dir='ltr'><strong>nec</strong></span> <span class='ocrx_word' id='word_1_723' title='bbox 2523 3817 2765 3889; x_wconf 73' lang='lat' dir='ltr'><strong>aequalis</strong></span> <span class='ocrx_word' id='word_1_724' title='bbox 2780 3824 2921 3873; x_wconf 91' lang='lat' dir='ltr'><strong>tunc</strong></span> <span class='ocrx_word' id='word_1_725' title='bbox 2934 3820 3296 3886; x_wconf 85' lang='lat' dir='ltr'><strong>ostendatur,</strong></span> <span class='ocrx_word' id='word_1_726' title='bbox 3313 3821 3413 3876; x_wconf 89' lang='lat' dir='ltr'><strong>sed</strong></span> <span class='ocrx_word' id='word_1_727' title='bbox 3429 3825 3660 3876; x_wconf 88' lang='lat' dir='ltr'><strong>tantum</strong></span> 
     </span>
    </p>
   </div>
   <div class='ocr_carea' id='block_1_94' title="bbox 2008 3906 3663 3979">
    <p class='ocr_par' dir='ltr' id='par_1_94' title="bbox 2008 3906 3663 3979">
     <span class='ocr_line' id='line_1_95' title="bbox 2008 3906 3663 3979; baseline 0.002 -18"><span class='ocrx_word' id='word_1_728' title='bbox 2008 3908 2163 3979; x_wconf 91' lang='lat' dir='ltr'><strong>quod</strong></span> <span class='ocrx_word' id='word_1_729' title='bbox 2188 3907 2258 3961; x_wconf 92' lang='lat' dir='ltr'><strong>de</strong></span> <span class='ocrx_word' id='word_1_730' title='bbox 2282 3906 2446 3961; x_wconf 86' lang='lat' dir='ltr'><strong>Patre</strong></span> <span class='ocrx_word' id='word_1_731' title='bbox 2470 3906 2546 3961; x_wconf 91' lang='lat' dir='ltr'><strong>sit</strong></span> <span class='ocrx_word' id='word_1_732' title='bbox 2570 3907 2837 3962; x_wconf 90' lang='lat' dir='ltr'><strong>intimetu</strong></span> <span class='ocrx_word' id='word_1_733' title='bbox 2850 3925 2894 3973; x_wconf 91' lang='lat' dir='ltr'><strong>r,</strong></span> <span class='ocrx_word' id='word_1_734' title='bbox 2921 3912 2984 3962; x_wconf 89' lang='lat' dir='ltr'><strong>ut</strong></span> <span class='ocrx_word' id='word_1_735' title='bbox 3013 3912 3101 3963; x_wconf 92' lang='lat' dir='ltr'><strong>est</strong></span> <span class='ocrx_word' id='word_1_736' title='bbox 3120 3907 3284 3977; x_wconf 92' lang='lat' dir='ltr'><strong>illud,</strong></span> <span class='ocrx_word' id='word_1_737' title='bbox 3318 3908 3466 3963; x_wconf 84' lang='lat' dir='ltr'><strong>Sicut</strong></span> <span class='ocrx_word' id='word_1_738' title='bbox 3499 3907 3663 3964; x_wconf 83' lang='lat' dir='ltr'><strong>habet</strong></span> 
     </span>
    </p>
   </div>
   <div class='ocr_carea' id='block_1_95' title="bbox 2008 3996 3663 4067">
    <p class='ocr_par' dir='ltr' id='par_1_95' title="bbox 2008 3996 3663 4067">
     <span class='ocr_line' id='line_1_96' title="bbox 2008 3996 3663 4067; baseline 0.001 -16"><span class='ocrx_word' id='word_1_739' title='bbox 2008 3998 2174 4051; x_wconf 84' lang='lat' dir='ltr'><strong>Pater</strong></span> <span class='ocrx_word' id='word_1_740' title='bbox 2202 3996 2370 4050; x_wconf 83' lang='lat' dir='ltr'><strong>vitam</strong></span> <span class='ocrx_word' id='word_1_741' title='bbox 2400 3996 2463 4050; x_wconf 86' lang='lat' dir='ltr'><strong>in</strong></span> <span class='ocrx_word' id='word_1_742' title='bbox 2492 3998 2799 4067; x_wconf 86' lang='lat' dir='ltr'><strong>semetipso,</strong></span> <span class='ocrx_word' id='word_1_743' title='bbox 2830 3999 2910 4052; x_wconf 83' lang='lat' dir='ltr'><strong>sic</strong></span> <span class='ocrx_word' id='word_1_744' title='bbox 2928 3997 3071 4053; x_wconf 83' lang='lat' dir='ltr'><strong>dedit</strong></span> <span class='ocrx_word' id='word_1_745' title='bbox 3100 3998 3239 4053; x_wconf 82' lang='lat' dir='ltr'><strong>Filio</strong></span> <span class='ocrx_word' id='word_1_746' title='bbox 3264 4000 3438 4054; x_wconf 86' lang='lat' dir='ltr'><strong>vitam</strong></span> <span class='ocrx_word' id='word_1_747' title='bbox 3459 3997 3663 4053; x_wconf 85' lang='lat' dir='ltr'><strong>habere</strong></span> 
     </span>
    </p>
   </div>
   <div class='ocr_carea' id='block_1_96' title="bbox 2012 4084 3664 4157">
    <p class='ocr_par' dir='ltr' id='par_1_96' title="bbox 2012 4084 3664 4157">
     <span class='ocr_line' id='line_1_97' title="bbox 2012 4084 3664 4157; baseline 0.001 -16"><span class='ocrx_word' id='word_1_748' title='bbox 2012 4088 2068 4141; x_wconf 86' lang='lat' dir='ltr'><strong>in</strong></span> <span class='ocrx_word' id='word_1_749' title='bbox 2099 4086 2412 4155; x_wconf 83' lang='lat' dir='ltr'><strong>semetipso;</strong></span> <span class='ocrx_word' id='word_1_750' title='bbox 2434 4090 2492 4140; x_wconf 90' lang='lat' dir='ltr'><strong>et</strong></span> <span class='ocrx_word' id='word_1_751' title='bbox 2525 4084 2689 4155; x_wconf 91' lang='lat' dir='ltr'><strong>illud,</strong></span> <span class='ocrx_word' id='word_1_752' title='bbox 2731 4087 2910 4157; x_wconf 86' lang='lat' dir='ltr'><strong>Neque</strong></span> <span class='ocrx_word' id='word_1_753' title='bbox 2938 4089 3089 4141; x_wconf 87' lang='lat' dir='ltr'><strong>enim</strong></span> <span class='ocrx_word' id='word_1_754' title='bbox 3118 4091 3289 4157; x_wconf 84' lang='lat' dir='ltr'><strong>potest</strong></span> <span class='ocrx_word' id='word_1_755' title='bbox 3318 4086 3513 4143; x_wconf 81' lang='lat' dir='ltr'><strong>Filius</strong></span> <span class='ocrx_word' id='word_1_756' title='bbox 3543 4104 3577 4141; x_wconf 89' lang='lat' dir='ltr'><strong>a</strong></span> <span class='ocrx_word' id='word_1_757' title='bbox 3603 4100 3664 4142; x_wconf 82' lang='lat' dir='ltr'><strong>se</strong></span> 
     </span>
    </p>
   </div>
   <div class='ocr_carea' id='block_1_97' title="bbox 2009 4174 3663 4247">
    <p class='ocr_par' dir='ltr' id='par_1_97' title="bbox 2009 4174 3663 4247">
     <span class='ocr_line' id='line_1_98' title="bbox 2009 4174 3663 4247; baseline 0 -17"><span class='ocrx_word' id='word_1_758' title='bbox 2009 4179 2190 4247; x_wconf 82' lang='lat' dir='ltr'><strong>facere</strong></span> <span class='ocrx_word' id='word_1_759' title='bbox 2216 4174 2537 4246; x_wconf 86' lang='lat' dir='ltr'><strong>quidquam,</strong></span> <span class='ocrx_word' id='word_1_760' title='bbox 2568 4175 2678 4229; x_wconf 79' lang='lat' dir='ltr'><strong>nisi</strong></span> <span class='ocrx_word' id='word_1_761' title='bbox 2709 4176 2846 4245; x_wconf 89' lang='lat' dir='ltr'><strong>quod</strong></span> <span class='ocrx_word' id='word_1_762' title='bbox 2886 4176 3082 4231; x_wconf 80' lang='lat' dir='ltr'><strong>viderit</strong></span> <span class='ocrx_word' id='word_1_763' title='bbox 3112 4177 3329 4231; x_wconf 89' lang='lat' dir='ltr'><strong>Patrem</strong></span> <span class='ocrx_word' id='word_1_764' title='bbox 3367 4179 3663 4246; x_wconf 78' lang='lat' dir='ltr'><strong>facientem</strong></span> 
     </span>
    </p>
   </div>
   <div class='ocr_carea' id='block_1_98' title="bbox 2012 4263 3663 4337">
    <p class='ocr_par' dir='ltr' id='par_1_98' title="bbox 2012 4263 3663 4337">
     <span class='ocr_line' id='line_1_99' title="bbox 2012 4263 3663 4337; baseline 0 -17"><span class='ocrx_word' id='word_1_765' title='bbox 2012 4265 2111 4337; x_wconf 88' lang='lat' dir='ltr'><strong>(Id.</strong></span> <span class='ocrx_word' id='word_1_766' title='bbox 2144 4282 2198 4331; x_wconf 93' lang='lat' dir='ltr'><strong>v,</strong></span> <span class='ocrx_word' id='word_1_767' title='bbox 2240 4264 2331 4326; x_wconf 83' lang='lat'><strong>22,</strong></span> <span class='ocrx_word' id='word_1_768' title='bbox 2362 4264 2453 4331; x_wconf 87' lang='lat'><strong>27,</strong></span> <span class='ocrx_word' id='word_1_769' title='bbox 2504 4265 2594 4332; x_wconf 89' lang='lat'><strong>26,</strong></span> <span class='ocrx_word' id='word_1_770' title='bbox 2632 4263 2740 4334; x_wconf 83' lang='grc'><strong>19).</strong></span> <span class='ocrx_word' id='word_1_771' title='bbox 2775 4264 2937 4329; x_wconf 89' lang='lat' dir='ltr'><strong>Quod</strong></span> <span class='ocrx_word' id='word_1_772' title='bbox 2989 4263 3039 4318; x_wconf 91' lang='lat' dir='ltr'><strong>si</strong></span> <span class='ocrx_word' id='word_1_773' title='bbox 3089 4269 3393 4335; x_wconf 88' lang='lat' dir='ltr'><strong>propterea</strong></span> <span class='ocrx_word' id='word_1_774' title='bbox 3440 4264 3663 4319; x_wconf 82' lang='lat' dir='ltr'><strong>dictum</strong></span> 
     </span>
    </p>
   </div>
   <div class='ocr_carea' id='block_1_99' title="bbox 2012 4351 3664 4425">
    <p class='ocr_par' dir='ltr' id='par_1_99' title="bbox 2012 4351 3664 4425">
     <span class='ocr_line' id='line_1_100' title="bbox 2012 4351 3664 4425; baseline -0.001 -16"><span class='ocrx_word' id='word_1_775' title='bbox 2012 4352 2429 4425; x_wconf 88' lang='lat' dir='ltr'><strong>acceperimus,</strong></span> <span class='ocrx_word' id='word_1_776' title='bbox 2454 4354 2593 4424; x_wconf 90' lang='lat' dir='ltr'><strong>quia</strong></span> <span class='ocrx_word' id='word_1_777' title='bbox 2625 4352 2681 4407; x_wconf 90' lang='lat' dir='ltr'><strong>in</strong></span> <span class='ocrx_word' id='word_1_778' title='bbox 2708 4354 2893 4407; x_wconf 89' lang='lat' dir='ltr'><strong>forma</strong></span> <span class='ocrx_word' id='word_1_779' title='bbox 2914 4358 3151 4423; x_wconf 91' lang='lat' dir='ltr'><strong>accepta</strong></span> <span class='ocrx_word' id='word_1_780' title='bbox 3179 4369 3247 4408; x_wconf 82' lang='lat' dir='ltr'><strong>ex</strong></span> <span class='ocrx_word' id='word_1_781' title='bbox 3268 4358 3531 4407; x_wconf 89' lang='lat' dir='ltr'><strong>creatura</strong></span> <span class='ocrx_word' id='word_1_782' title='bbox 3554 4351 3664 4407; x_wconf 86' lang='lat' dir='ltr'><strong>mi-</strong></span> 
     </span>
    </p>
   </div>
   <div class='ocr_carea' id='block_1_100' title="bbox 1986 4441 3672 4514">
    <p class='ocr_par' dir='ltr' id='par_1_100' title="bbox 1986 4441 3672 4514">
     <span class='ocr_line' id='line_1_101' title="bbox 1986 4441 3672 4514; baseline -0.001 -15"><span class='ocrx_word' id='word_1_783' title='bbox 1986 4460 2121 4499; x_wconf 87' lang='lat' dir='ltr'><strong>nor</strong></span> <span class='ocrx_word' id='word_1_784' title='bbox 2144 4447 2232 4497; x_wconf 89' lang='lat' dir='ltr'><strong>est</strong></span> <span class='ocrx_word' id='word_1_785' title='bbox 2261 4442 2462 4509; x_wconf 83' lang='lat' dir='ltr'><strong>Filius,</strong></span> <span class='ocrx_word' id='word_1_786' title='bbox 2486 4457 2850 4513; x_wconf 89' lang='lat' dir='ltr'><strong>consequens</strong></span> <span class='ocrx_word' id='word_1_787' title='bbox 2881 4441 2985 4496; x_wconf 81' lang='lat' dir='ltr'><strong>erit</strong></span> <span class='ocrx_word' id='word_1_788' title='bbox 3020 4446 3085 4495; x_wconf 89' lang='lat' dir='ltr'><strong>ut</strong></span> <span class='ocrx_word' id='word_1_789' title='bbox 3114 4441 3269 4512; x_wconf 91' lang='lat' dir='ltr'><strong>prior</strong></span> <span class='ocrx_word' id='word_1_790' title='bbox 3298 4441 3465 4496; x_wconf 89' lang='lat' dir='ltr'><strong>Pater</strong></span> <span class='ocrx_word' id='word_1_791' title='bbox 3494 4458 3672 4514; x_wconf 89' lang='lat' dir='ltr'><strong>super</strong></span> 
     </span>
    </p>
   </div>
   <div class='ocr_carea' id='block_1_101' title="bbox 2014 4529 3674 4603">
    <p class='ocr_par' dir='ltr' id='par_1_101' title="bbox 2014 4529 3674 4603">
     <span class='ocr_line' id='line_1_102' title="bbox 2014 4529 3674 4603; baseline 0 -16"><span class='ocrx_word' id='word_1_792' title='bbox 2014 4549 2198 4603; x_wconf 89' lang='lat' dir='ltr'><strong>aquas</strong></span> <span class='ocrx_word' id='word_1_793' title='bbox 2215 4530 2625 4597; x_wconf 89' lang='lat' dir='ltr'><strong>ambulaverit,</strong></span> <span class='ocrx_word' id='word_1_794' title='bbox 2645 4536 2747 4585; x_wconf 90' lang='lat' dir='ltr'><strong>aut</strong></span> <span class='ocrx_word' id='word_1_795' title='bbox 2767 4530 3019 4601; x_wconf 81' lang='lat' dir='ltr'><strong>alicujus</strong></span> <span class='ocrx_word' id='word_1_796' title='bbox 3038 4529 3280 4586; x_wconf 89' lang='lat' dir='ltr'><strong>alterius</strong></span> <span class='ocrx_word' id='word_1_797' title='bbox 3301 4530 3434 4587; x_wconf 68' lang='lat' dir='ltr'><strong>caeci</strong></span> <span class='ocrx_word' id='word_1_798' title='bbox 3456 4532 3577 4587; x_wconf 86' lang='lat' dir='ltr'><strong>nati</strong></span> <span class='ocrx_word' id='word_1_799' title='bbox 3602 4531 3674 4587; x_wconf 86' lang='lat' dir='ltr'><strong>de</strong></span> 
     </span>
    </p>
   </div>
   <div class='ocr_carea' id='block_1_102' title="bbox 2015 4618 3674 4692">
    <p class='ocr_par' dir='ltr' id='par_1_102' title="bbox 2015 4618 3674 4692">
     <span class='ocr_line' id='line_1_103' title="bbox 2015 4618 3674 4692; baseline 0 -16"><span class='ocrx_word' id='word_1_800' title='bbox 2015 4625 2189 4692; x_wconf 89' lang='lat' dir='ltr'><strong>sputo</strong></span> <span class='ocrx_word' id='word_1_801' title='bbox 2211 4626 2268 4675; x_wconf 91' lang='lat' dir='ltr'><strong>et</strong></span> <span class='ocrx_word' id='word_1_802' title='bbox 2298 4620 2418 4674; x_wconf 78' lang='lat' dir='ltr'><strong>luto</strong></span> <span class='ocrx_word' id='word_1_803' title='bbox 2450 4618 2646 4673; x_wconf 89' lang='lat' dir='ltr'><strong>oculos</strong></span> <span class='ocrx_word' id='word_1_804' title='bbox 2678 4619 2995 4690; x_wconf 88' lang='lat' dir='ltr'><strong>aperuerit,</strong></span> <span class='ocrx_word' id='word_1_805' title='bbox 3018 4624 3077 4674; x_wconf 92' lang='lat' dir='ltr'><strong>et</strong></span> <span class='ocrx_word' id='word_1_806' title='bbox 3105 4624 3313 4675; x_wconf 60' lang='lat' dir='ltr'><strong>caetera</strong></span> <span class='ocrx_word' id='word_1_807' title='bbox 3335 4638 3461 4692; x_wconf 70' lang='lat' dir='ltr'><strong>qua:</strong></span> <span class='ocrx_word' id='word_1_808' title='bbox 3493 4620 3674 4676; x_wconf 84' lang='lat' dir='ltr'><strong>Filius</strong></span> 
     </span>
    </p>
   </div>
   <div class='ocr_carea' id='block_1_103' title="bbox 2015 4706 3673 4780">
    <p class='ocr_par' dir='ltr' id='par_1_103' title="bbox 2015 4706 3673 4780">
     <span class='ocr_line' id='line_1_104' title="bbox 2015 4706 3673 4780; baseline -0.001 -16"><span class='ocrx_word' id='word_1_809' title='bbox 2015 4710 2075 4764; x_wconf 90' lang='lat' dir='ltr'><strong>in</strong></span> <span class='ocrx_word' id='word_1_810' title='bbox 2109 4726 2281 4764; x_wconf 83' lang='lat' dir='ltr'><strong>carne</strong></span> <span class='ocrx_word' id='word_1_811' title='bbox 2298 4723 2586 4779; x_wconf 90' lang='lat' dir='ltr'><strong>apparens</strong></span> <span class='ocrx_word' id='word_1_812' title='bbox 2606 4707 2758 4762; x_wconf 90' lang='lat' dir='ltr'><strong>inter</strong></span> <span class='ocrx_word' id='word_1_813' title='bbox 2772 4706 3039 4763; x_wconf 89' lang='lat' dir='ltr'><strong>homines</strong></span> <span class='ocrx_word' id='word_1_814' title='bbox 3068 4708 3421 4780; x_wconf 78' lang='lat' dir='ltr'><strong>fecit(Matth.</strong></span> <span class='ocrx_word' id='word_1_815' title='bbox 3444 4726 3560 4778; x_wconf 73' lang='lat' dir='ltr'><strong>xxv,</strong></span> <span class='ocrx_word' id='word_1_816' title='bbox 3580 4710 3673 4778; x_wconf 83' lang='lat'><strong>26,</strong></span> 
     </span>
    </p>
   </div>
   <div class='ocr_carea' id='block_1_104' title="bbox 2015 4796 3671 4868">
    <p class='ocr_par' dir='ltr' id='par_1_104' title="bbox 2015 4796 3671 4868">
     <span class='ocr_line' id='line_1_105' title="bbox 2015 4796 3671 4868; baseline -0.002 -14"><span class='ocrx_word' id='word_1_817' title='bbox 2015 4807 2066 4854; x_wconf 84' lang='lat' dir='ltr'><strong>et</strong></span> <span class='ocrx_word' id='word_1_818' title='bbox 2092 4799 2251 4853; x_wconf 88' lang='lat' dir='ltr'><strong>Joan.</strong></span> <span class='ocrx_word' id='word_1_819' title='bbox 2286 4813 2363 4859; x_wconf 81' lang='lat' dir='ltr'><strong>IX,</strong></span> <span class='ocrx_word' id='word_1_820' title='bbox 2394 4797 2449 4865; x_wconf 89' lang='lat'><strong>6,</strong></span> <span class='ocrx_word' id='word_1_821' title='bbox 2482 4796 2559 4867; x_wconf 90' lang='lat'><strong>7),</strong></span> <span class='ocrx_word' id='word_1_822' title='bbox 2595 4801 2658 4850; x_wconf 91' lang='lat' dir='ltr'><strong>ut</strong></span> <span class='ocrx_word' id='word_1_823' title='bbox 2697 4800 2894 4867; x_wconf 92' lang='lat' dir='ltr'><strong>posset</strong></span> <span class='ocrx_word' id='word_1_824' title='bbox 2923 4813 2992 4851; x_wconf 88' lang='lat' dir='ltr'><strong>ea</strong></span> <span class='ocrx_word' id='word_1_825' title='bbox 3032 4797 3219 4852; x_wconf 84' lang='lat' dir='ltr'><strong>facere</strong></span> <span class='ocrx_word' id='word_1_826' title='bbox 3250 4798 3351 4868; x_wconf 90' lang='lat' dir='ltr'><strong>qui</strong></span> <span class='ocrx_word' id='word_1_827' title='bbox 3383 4798 3527 4852; x_wconf 84' lang='lat' dir='ltr'><strong>dixit</strong></span> <span class='ocrx_word' id='word_1_828' title='bbox 3555 4812 3671 4851; x_wconf 91' lang='lat' dir='ltr'><strong>non</strong></span> 
     </span>
    </p>
   </div>
   <div class='ocr_carea' id='block_1_105' title="bbox 2018 4883 3676 4958">
    <p class='ocr_par' dir='ltr' id='par_1_105' title="bbox 2018 4883 3676 4958">
     <span class='ocr_line' id='line_1_106' title="bbox 2018 4883 3676 4958; baseline -0.001 -17"><span class='ocrx_word' id='word_1_829' title='bbox 2018 4903 2187 4958; x_wconf 87' lang='lat' dir='ltr'><strong>posse</strong></span> <span class='ocrx_word' id='word_1_830' title='bbox 2212 4884 2416 4941; x_wconf 85' lang='lat' dir='ltr'><strong>Filium</strong></span> <span class='ocrx_word' id='word_1_831' title='bbox 2438 4902 2470 4939; x_wconf 93' lang='lat' dir='ltr'><strong>a</strong></span> <span class='ocrx_word' id='word_1_832' title='bbox 2491 4901 2553 4939; x_wconf 89' lang='lat' dir='ltr'><strong>se</strong></span> <span class='ocrx_word' id='word_1_833' title='bbox 2575 4886 2759 4939; x_wconf 92' lang='lat' dir='ltr'><strong>facere</strong></span> <span class='ocrx_word' id='word_1_834' title='bbox 2776 4883 3125 4957; x_wconf 89' lang='lat' dir='ltr'><strong>quidquam,</strong></span> <span class='ocrx_word' id='word_1_835' title='bbox 3154 4885 3267 4941; x_wconf 91' lang='lat' dir='ltr'><strong>nisi</strong></span> <span class='ocrx_word' id='word_1_836' title='bbox 3290 4886 3443 4957; x_wconf 93' lang='lat' dir='ltr'><strong>quod</strong></span> <span class='ocrx_word' id='word_1_837' title='bbox 3469 4885 3676 4940; x_wconf 79' lang='lat' dir='ltr'><strong>viderit</strong></span> 
     </span>
    </p>
   </div>
   <div class='ocr_carea' id='block_1_106' title="bbox 2020 4974 3673 5044">
    <p class='ocr_par' dir='ltr' id='par_1_106' title="bbox 2020 4974 3673 5044">
     <span class='ocr_line' id='line_1_107' title="bbox 2020 4974 3673 5044; baseline -0.002 -14"><span class='ocrx_word' id='word_1_838' title='bbox 2020 4980 2243 5030; x_wconf 90' lang='lat' dir='ltr'><strong>Patrem</strong></span> <span class='ocrx_word' id='word_1_839' title='bbox 2275 4974 2610 5028; x_wconf 84' lang='lat' dir='ltr'><strong>facientem:</strong></span> <span class='ocrx_word' id='word_1_840' title='bbox 2656 4974 2791 5044; x_wconf 89' lang='lat' dir='ltr'><strong>quis</strong></span> <span class='ocrx_word' id='word_1_841' title='bbox 2822 4980 3017 5029; x_wconf 90' lang='lat' dir='ltr'><strong>autem</strong></span> <span class='ocrx_word' id='word_1_842' title='bbox 3065 4975 3149 5030; x_wconf 89' lang='lat' dir='ltr'><strong>vel</strong></span> <span class='ocrx_word' id='word_1_843' title='bbox 3182 4974 3397 5030; x_wconf 90' lang='lat' dir='ltr'><strong>delirus</strong></span> <span class='ocrx_word' id='word_1_844' title='bbox 3429 4974 3509 5027; x_wconf 90' lang='lat' dir='ltr'><strong>ita</strong></span> <span class='ocrx_word' id='word_1_845' title='bbox 3540 4988 3673 5027; x_wconf 90' lang='lat' dir='ltr'><strong>sen-</strong></span> 
     </span>
    </p>
   </div>
   <div class='ocr_carea' id='block_1_107' title="bbox 2016 5061 3673 5133">
    <p class='ocr_par' dir='ltr' id='par_1_107' title="bbox 2016 5061 3673 5133">
     <span class='ocr_line' id='line_1_108' title="bbox 2016 5061 3673 5133; baseline -0.002 -15"><span class='ocrx_word' id='word_1_846' title='bbox 2016 5062 2165 5119; x_wconf 84' lang='lat' dir='ltr'><strong>tiat?</strong></span> <span class='ocrx_word' id='word_1_847' title='bbox 2190 5064 2391 5118; x_wconf 82' lang='lat' dir='ltr'><strong>Restat</strong></span> <span class='ocrx_word' id='word_1_848' title='bbox 2412 5077 2546 5133; x_wconf 90' lang='lat' dir='ltr'><strong>ergo</strong></span> <span class='ocrx_word' id='word_1_849' title='bbox 2572 5066 2636 5115; x_wconf 91' lang='lat' dir='ltr'><strong>ut</strong></span> <span class='ocrx_word' id='word_1_850' title='bbox 2656 5061 2777 5117; x_wconf 70' lang='lat' dir='ltr'><strong>haec</strong></span> <span class='ocrx_word' id='word_1_851' title='bbox 2799 5062 2926 5118; x_wconf 92' lang='lat' dir='ltr'><strong>ideo</strong></span> <span class='ocrx_word' id='word_1_852' title='bbox 2949 5064 3104 5118; x_wconf 87' lang='lat' dir='ltr'><strong>dicta</strong></span> <span class='ocrx_word' id='word_1_853' title='bbox 3124 5062 3261 5128; x_wconf 87' lang='lat' dir='ltr'><strong>sint,</strong></span> <span class='ocrx_word' id='word_1_854' title='bbox 3291 5062 3428 5133; x_wconf 92' lang='lat' dir='ltr'><strong>quia</strong></span> <span class='ocrx_word' id='word_1_855' title='bbox 3450 5061 3673 5115; x_wconf 87' lang='lat' dir='ltr'><strong>incom-</strong></span> 
     </span>
    </p>
   </div>
   <div class='ocr_carea' id='block_1_108' title="bbox 2018 5150 3675 5217">
    <p class='ocr_par' dir='ltr' id='par_1_108' title="bbox 2018 5150 3675 5217">
     <span class='ocr_line' id='line_1_109' title="bbox 2018 5150 3675 5217; baseline -0.002 -10"><span class='ocrx_word' id='word_1_856' title='bbox 2018 5151 2320 5207; x_wconf 87' lang='lat' dir='ltr'><strong>mutabilis</strong></span> <span class='ocrx_word' id='word_1_857' title='bbox 2342 5152 2567 5205; x_wconf 76' lang='lat' dir='ltr'><strong>estvita</strong></span> <span class='ocrx_word' id='word_1_858' title='bbox 2587 5150 2711 5204; x_wconf 78' lang='lat' dir='ltr'><strong>Filii</strong></span> <span class='ocrx_word' id='word_1_859' title='bbox 2742 5152 2893 5206; x_wconf 91' lang='lat' dir='ltr'><strong>sicut</strong></span> <span class='ocrx_word' id='word_1_860' title='bbox 2922 5152 3128 5217; x_wconf 88' lang='lat' dir='ltr'><strong>Patris,</strong></span> <span class='ocrx_word' id='word_1_861' title='bbox 3151 5158 3207 5207; x_wconf 92' lang='lat' dir='ltr'><strong>et</strong></span> <span class='ocrx_word' id='word_1_862' title='bbox 3232 5156 3425 5205; x_wconf 90' lang='lat' dir='ltr'><strong>tamen</strong></span> <span class='ocrx_word' id='word_1_863' title='bbox 3460 5150 3530 5204; x_wconf 92' lang='lat' dir='ltr'><strong>de</strong></span> <span class='ocrx_word' id='word_1_864' title='bbox 3564 5153 3675 5204; x_wconf 89' lang='lat' dir='ltr'><strong>Pa-</strong></span> 
     </span>
    </p>
   </div>
   <div class='ocr_carea' id='block_1_109' title="bbox 2018 5237 3677 5311">
    <p class='ocr_par' dir='ltr' id='par_1_109' title="bbox 2018 5237 3677 5311">
     <span class='ocr_line' id='line_1_110' title="bbox 2018 5237 3677 5311; baseline -0.002 -15"><span class='ocrx_word' id='word_1_865' title='bbox 2018 5246 2106 5296; x_wconf 91' lang='lat' dir='ltr'><strong>tre</strong></span> <span class='ocrx_word' id='word_1_866' title='bbox 2129 5246 2218 5295; x_wconf 89' lang='lat' dir='ltr'><strong>est</strong></span> <span class='ocrx_word' id='word_1_867' title='bbox 2245 5265 2259 5305; x_wconf 85' lang='lat'><strong>;</strong></span> <span class='ocrx_word' id='word_1_868' title='bbox 2290 5246 2347 5294; x_wconf 92' lang='lat' dir='ltr'><strong>et</strong></span> <span class='ocrx_word' id='word_1_869' title='bbox 2372 5238 2780 5309; x_wconf 83' lang='lat' dir='ltr'><strong>inseparabilis</strong></span> <span class='ocrx_word' id='word_1_870' title='bbox 2813 5247 2901 5296; x_wconf 91' lang='lat' dir='ltr'><strong>est</strong></span> <span class='ocrx_word' id='word_1_871' title='bbox 2930 5241 3187 5311; x_wconf 90' lang='lat' dir='ltr'><strong>operatio</strong></span> <span class='ocrx_word' id='word_1_872' title='bbox 3224 5240 3407 5295; x_wconf 86' lang='lat' dir='ltr'><strong>Patris</strong></span> <span class='ocrx_word' id='word_1_873' title='bbox 3439 5244 3493 5293; x_wconf 90' lang='lat' dir='ltr'><strong>et</strong></span> <span class='ocrx_word' id='word_1_874' title='bbox 3522 5237 3677 5306; x_wconf 89' lang='lat' dir='ltr'><strong>Filii,</strong></span> 
     </span>
    </p>
   </div>
   <div class='ocr_carea' id='block_1_110' title="bbox 2019 5328 3680 5401">
    <p class='ocr_par' dir='ltr' id='par_1_110' title="bbox 2019 5328 3680 5401">
     <span class='ocr_line' id='line_1_111' title="bbox 2019 5328 3680 5401; baseline -0.001 -16"><span class='ocrx_word' id='word_1_875' title='bbox 2019 5330 2120 5385; x_wconf 90' lang='lat' dir='ltr'><strong>sed</strong></span> <span class='ocrx_word' id='word_1_876' title='bbox 2146 5336 2340 5384; x_wconf 90' lang='lat' dir='ltr'><strong>tamen</strong></span> <span class='ocrx_word' id='word_1_877' title='bbox 2392 5329 2475 5383; x_wconf 89' lang='lat' dir='ltr'><strong>ita</strong></span> <span class='ocrx_word' id='word_1_878' title='bbox 2504 5329 2727 5401; x_wconf 91' lang='lat' dir='ltr'><strong>operari</strong></span> <span class='ocrx_word' id='word_1_879' title='bbox 2763 5328 2901 5382; x_wconf 84' lang='lat' dir='ltr'><strong>Filio</strong></span> <span class='ocrx_word' id='word_1_880' title='bbox 2931 5330 3001 5383; x_wconf 92' lang='lat' dir='ltr'><strong>de</strong></span> <span class='ocrx_word' id='word_1_881' title='bbox 3032 5328 3129 5383; x_wconf 90' lang='lat' dir='ltr'><strong>illo</strong></span> <span class='ocrx_word' id='word_1_882' title='bbox 3161 5334 3268 5395; x_wconf 89' lang='lat' dir='ltr'><strong>est,</strong></span> <span class='ocrx_word' id='word_1_883' title='bbox 3302 5328 3373 5382; x_wconf 91' lang='lat' dir='ltr'><strong>de</strong></span> <span class='ocrx_word' id='word_1_884' title='bbox 3406 5343 3525 5398; x_wconf 90' lang='lat' dir='ltr'><strong>quo</strong></span> <span class='ocrx_word' id='word_1_885' title='bbox 3554 5328 3680 5399; x_wconf 87' lang='lat' dir='ltr'><strong>ipse</strong></span> 
     </span>
    </p>
   </div>
   <div class='ocr_carea' id='block_1_111' title="bbox 2019 5416 3682 5486">
    <p class='ocr_par' dir='ltr' id='par_1_111' title="bbox 2019 5416 3682 5486">
     <span class='ocr_line' id='line_1_112' title="bbox 2019 5416 3682 5486; baseline -0.002 -11"><span class='ocrx_word' id='word_1_886' title='bbox 2019 5424 2129 5485; x_wconf 87' lang='lat' dir='ltr'><strong>est,</strong></span> <span class='ocrx_word' id='word_1_887' title='bbox 2163 5419 2217 5473; x_wconf 91' lang='lat' dir='ltr'><strong>id</strong></span> <span class='ocrx_word' id='word_1_888' title='bbox 2252 5423 2342 5474; x_wconf 87' lang='lat' dir='ltr'><strong>est</strong></span> <span class='ocrx_word' id='word_1_889' title='bbox 2373 5419 2442 5473; x_wconf 92' lang='lat' dir='ltr'><strong>de</strong></span> <span class='ocrx_word' id='word_1_890' title='bbox 2474 5417 2667 5486; x_wconf 89' lang='lat' dir='ltr'><strong>Patre;</strong></span> <span class='ocrx_word' id='word_1_891' title='bbox 2702 5422 2759 5471; x_wconf 89' lang='lat' dir='ltr'><strong>et</strong></span> <span class='ocrx_word' id='word_1_892' title='bbox 2792 5418 2872 5472; x_wconf 93' lang='lat' dir='ltr'><strong>ita</strong></span> <span class='ocrx_word' id='word_1_893' title='bbox 2900 5418 3054 5471; x_wconf 75' lang='lat' dir='ltr'><strong>videt</strong></span> <span class='ocrx_word' id='word_1_894' title='bbox 3098 5416 3276 5472; x_wconf 82' lang='lat' dir='ltr'><strong>Filius</strong></span> <span class='ocrx_word' id='word_1_895' title='bbox 3322 5416 3580 5484; x_wconf 89' lang='lat' dir='ltr'><strong>Patrem,</strong></span> <span class='ocrx_word' id='word_1_896' title='bbox 3613 5418 3682 5471; x_wconf 81' lang='lat' dir='ltr'><strong>ut</strong></span> 
     </span>
    </p>
   </div>
   <div class='ocr_carea' id='block_1_112' title="bbox 2020 5503 3678 5581">
    <p class='ocr_par' dir='ltr' id='par_1_112' title="bbox 2020 5503 3678 5581">
     <span class='ocr_line' id='line_1_113' title="bbox 2020 5503 3678 5581; baseline -0.002 -16"><span class='ocrx_word' id='word_1_897' title='bbox 2020 5525 2136 5581; x_wconf 90' lang='lat' dir='ltr'><strong>quo</strong></span> <span class='ocrx_word' id='word_1_898' title='bbox 2168 5525 2303 5563; x_wconf 90' lang='lat' dir='ltr'><strong>eum</strong></span> <span class='ocrx_word' id='word_1_899' title='bbox 2330 5507 2487 5561; x_wconf 90' lang='lat' dir='ltr'><strong>videt</strong></span> <span class='ocrx_word' id='word_1_900' title='bbox 2516 5505 2626 5561; x_wconf 84' lang='lat' dir='ltr'><strong>hoc</strong></span> <span class='ocrx_word' id='word_1_901' title='bbox 2654 5506 2782 5577; x_wconf 91' lang='lat' dir='ltr'><strong>ipso</strong></span> <span class='ocrx_word' id='word_1_902' title='bbox 2813 5507 2889 5561; x_wconf 75' lang='lat' dir='ltr'><strong>sit</strong></span> <span class='ocrx_word' id='word_1_903' title='bbox 2920 5505 3117 5562; x_wconf 84' lang='lat' dir='ltr'><strong>Filius.</strong></span> <span class='ocrx_word' id='word_1_904' title='bbox 3150 5504 3273 5561; x_wconf 89' lang='lat' dir='ltr'><strong>Non</strong></span> <span class='ocrx_word' id='word_1_905' title='bbox 3326 5505 3483 5563; x_wconf 90' lang='lat' dir='ltr'><strong>enim</strong></span> <span class='ocrx_word' id='word_1_906' title='bbox 3515 5503 3678 5561; x_wconf 87' lang='lat' dir='ltr'><strong>aliud</strong></span> 
     </span>
    </p>
   </div>
   <div class='ocr_carea' id='block_1_113' title="bbox 2019 5593 3679 5668">
    <p class='ocr_par' dir='ltr' id='par_1_113' title="bbox 2019 5593 3679 5668">
     <span class='ocr_line' id='line_1_114' title="bbox 2019 5593 3679 5668; baseline -0.002 -13"><span class='ocrx_word' id='word_1_907' title='bbox 2019 5599 2105 5655; x_wconf 89' lang='lat' dir='ltr'><strong>illi</strong></span> <span class='ocrx_word' id='word_1_908' title='bbox 2133 5602 2223 5655; x_wconf 87' lang='lat' dir='ltr'><strong>est</strong></span> <span class='ocrx_word' id='word_1_909' title='bbox 2244 5613 2372 5654; x_wconf 88' lang='lat' dir='ltr'><strong>esse</strong></span> <span class='ocrx_word' id='word_1_910' title='bbox 2394 5596 2463 5651; x_wconf 89' lang='lat' dir='ltr'><strong>de</strong></span> <span class='ocrx_word' id='word_1_911' title='bbox 2486 5599 2672 5661; x_wconf 87' lang='lat' dir='ltr'><strong>Patre,</strong></span> <span class='ocrx_word' id='word_1_912' title='bbox 2699 5594 2756 5648; x_wconf 90' lang='lat' dir='ltr'><strong>id</strong></span> <span class='ocrx_word' id='word_1_913' title='bbox 2788 5599 2875 5650; x_wconf 88' lang='lat' dir='ltr'><strong>est</strong></span> <span class='ocrx_word' id='word_1_914' title='bbox 2896 5594 3055 5650; x_wconf 89' lang='lat' dir='ltr'><strong>nasci</strong></span> <span class='ocrx_word' id='word_1_915' title='bbox 3076 5595 3146 5651; x_wconf 92' lang='lat' dir='ltr'><strong>de</strong></span> <span class='ocrx_word' id='word_1_916' title='bbox 3168 5594 3357 5664; x_wconf 89' lang='lat' dir='ltr'><strong>Patre,</strong></span> <span class='ocrx_word' id='word_1_917' title='bbox 3382 5611 3558 5668; x_wconf 89' lang='lat' dir='ltr'><strong>quam</strong></span> <span class='ocrx_word' id='word_1_918' title='bbox 3591 5593 3679 5651; x_wconf 76' lang='lat' dir='ltr'><strong>vi-</strong></span> 
     </span>
    </p>
   </div>
   <div class='ocr_carea' id='block_1_114' title="bbox 2023 5680 3676 5764">
    <p class='ocr_par' dir='ltr' id='par_1_114' title="bbox 2023 5680 3676 5764">
     <span class='ocr_line' id='line_1_115' title="bbox 2023 5680 3676 5764; baseline -0.002 -17"><span class='ocrx_word' id='word_1_919' title='bbox 2023 5689 2157 5747; x_wconf 87' lang='lat' dir='ltr'><strong>dere</strong></span> <span class='ocrx_word' id='word_1_920' title='bbox 2174 5686 2425 5758; x_wconf 86' lang='lat' dir='ltr'><strong>Patrem;</strong></span> <span class='ocrx_word' id='word_1_921' title='bbox 2444 5687 2545 5743; x_wconf 85' lang='lat' dir='ltr'><strong>aut</strong></span> <span class='ocrx_word' id='word_1_922' title='bbox 2561 5682 2720 5741; x_wconf 87' lang='lat' dir='ltr'><strong>aliud</strong></span> <span class='ocrx_word' id='word_1_923' title='bbox 2738 5680 2928 5742; x_wconf 87' lang='lat' dir='ltr'><strong>videre</strong></span> <span class='ocrx_word' id='word_1_924' title='bbox 2943 5688 3305 5764; x_wconf 85' lang='lat' dir='ltr'><strong>operantem,</strong></span> <span class='ocrx_word' id='word_1_925' title='bbox 3325 5699 3502 5762; x_wconf 78' lang='lat' dir='ltr'><strong>quam</strong></span> <span class='ocrx_word' id='word_1_926' title='bbox 3519 5681 3676 5762; x_wconf 81' lang='lat' dir='ltr'><strong>pari-</strong></span> 
     </span>
    </p>
   </div>
  </div>
