4094 6188
3464 110 3473 119 .
3506 88 3521 121 ἰ
3578 120 3581 121 ,
3606 88 3945 121 ’ἥδε-Μ

547 304 664 363 847
1662 305 1763 362 DE
1807 302 2259 375 TRINITATE,
2309 303 2371 359 S.
2422 300 2857 361 AUGUSTINI
3772 315 3864 378 848
3938 378 3941 379 ν

548 440 638 491 ter
667 435 891 506 operari
918 452 929 489 :
964 437 1063 490 sed
1096 434 1224 490 ideo
1249 452 1359 490 non
1395 452 1426 489 a
1455 452 1535 501 se,
1566 436 1703 507 quia
1726 452 1837 489 non
1862 439 1950 489 est
1974 452 2004 488 a
2027 451 2107 488 se.
2134 435 2196 487 Et
2314 435 2502 486 Patre.
2537 433 2616 487 De
2650 449 2711 487 se
2740 432 2958 504 quippe
3002 433 3244 502 dixerat,
3293 438 3407 491 Mea
3436 434 3664 495 doctrina
3700 459 3786 499 non
3808 459 3866 503 est

548 524 676 579 ideo
698 539 824 595 quas
847 523 1046 579 viderit
1070 526 1289 578 Patrem
1308 526 1623 594 facientem,
1648 524 1762 579 hwc
1782 524 1970 579 eadem
1991 525 2126 594 facit
2145 528 2199 576 et
2303 538 2445 591 mea,
2473 521 2562 575 sed
2591 522 2705 593 ejus
2735 523 2835 593 qui
2852 539 2938 577 me
2964 524 3145 578 misit:
3170 524 3239 577 de
3261 523 3471 595 Spiritu
3496 532 3665 584 autem
3693 542 3863 597 sancto,

547 614 733 668 Filius
763 613 1038 678 similiter,
1075 613 1213 684 quia
1242 614 1311 667 de
1340 613 1507 667 Patre
1536 619 1644 668 est.
1668 614 1867 684 Neque
1898 614 2049 668 enim
2085 611 2199 667 alia
2304 610 2424 664 Non
2455 612 2603 664 enim
2636 611 2937 681 loquetura
2964 614 3263 682 semetipso,
3287 612 3377 667 sed
3396 628 3711 688 quacumque
3728 624 3868 678 audiet

548 700 1351 772 similiter,sicutpictoralias
1372 703 1601 757 tabulas
1618 703 2199 774 pingit,quemadmo-
2307 700 2580 770 loquetur;
2603 705 2679 768 et,
2704 701 2847 764 Quia
2868 700 3320 772 demeoaccipiet,
3344 709 3720 763 etannuntiabit
3738 713 3865 769 vobis.

548 791 689 844 dum
705 789 849 845 alias
865 791 935 845 ab
951 790 1063 844 alio
1080 790 1262 861 pictas
1282 792 1456 860 videt;
1476 792 1790 847 neceadem
1812 791 2198 855 dissimiliter,
2306 789 2414 842 Sed
2450 788 2587 860 quia
2620 789 2870 843 reddidit
2900 807 3138 844 causam
3180 807 3285 845 cur
3315 792 3533 861 dixerit,
3570 795 3625 850 de
3664 815 3747 867 quo
3769 804 3872 855 acci-

548 880 701 934 sicut
734 896 944 951 corpus
967 879 1201 934 easdem
1235 878 1462 933 litteras
1485 880 1776 952 exprimit,
1799 898 1945 951 quas
1967 881 2201 934 animus
2303 878 2449 947 piel;
2478 878 2555 932 ait
2588 879 2762 941 enim,
2806 877 3001 933 Omnia.
3040 895 3387 951 quacumque
3424 881 3571 937 habet
3606 884 3762 951 Pater,
3785 906 3873 945 mea

548 967 857 1038 cogitavit:
890 969 989 1023 sed
1034 983 1413 1041 quaecumque,
1445 968 1657 1041 inquit,
1698 971 1865 1024 Pater
1901 972 2058 1041 facit,
2090 970 2204 1023 huic
2306 975 2467 1032 sunt;
2493 974 2781 1037 prapterea
2808 967 2952 1036 dixi,
2988 968 3127 1034 Quia
3157 968 3221 1023 de
3249 984 3367 1022 meo
3397 971 3640 1041 accipiet:
3661 979 3809 1031 restat
3831 982 3879 1032 ut

546 1056 733 1111 eadem
761 1058 974 1126 etfacit
1012 1056 1199 1113 Filius
1228 1058 1491 1113 similiter
1529 1060 1707 1129 (Joan.
1743 1076 1792 1112 ν.
1831 1060 1935 1130 19).
1974 1060 2058 1127 Et,
2093 1059 2205 1113 haec
2310 1054 2672 1126 intelligatur
2701 1056 2873 1110 etiam
2916 1058 3166 1127 Spiritus
3208 1061 3445 1113 sanctus
3482 1060 3547 1113 dc
3576 1060 3770 1117 Patrisl
3804 1064 3879 1119 ba-

544 1149 746 1202 eadem
769 1147 941 1214 dixit;
963 1152 1038 1212 et,
1062 1149 1363 1204 similiter:
1387 1166 1452 1203 ac
1476 1167 1577 1220 per
1599 1149 1705 1204 hoc
1726 1148 2130 1221 inseparabilis
2152 1154 2206 1203 et
2311 1146 2462 1213 bere,
2496 1144 2649 1199 sicut
2678 1150 2735 1199 et
2780 1145 2980 1200 Filius.
3030 1146 3351 1209 Quomodo.
3402 1147 3507 1202 oiSi
3539 1152 3812 1210 secundum
3838 1154 3881 1209 id

546 1250 651 1305 par
671 1239 760 1289 est
790 1235 1045 1306 operatio
1071 1234 1222 1289 Patri
1250 1240 1303 1291 et
1337 1236 1500 1305 Filio,
1536 1238 1635 1291 sed
1668 1256 1698 1291 a
1730 1237 1894 1292 Patre
1924 1241 2011 1291 est
2040 1235 2201 1291 Filio.
2311 1234 2464 1303 quod
2498 1250 2677 1302 supra
2699 1233 2955 1288 diximus
2980 1250 2991 1288 :
3029 1236 3169 1289 Cum
3200 1244 3383 1290 autem
3407 1239 3603 1292 venerit
3626 1239 3885 1296 Paraeletus

542 1326 679 1381 Ideo
710 1343 824 1381 non
874 1330 1063 1397 potest
1106 1326 1284 1382 Filius
1316 1346 1349 1382 a
1394 1345 1454 1383 se
1490 1329 1672 1383 facere
1703 1329 2043 1399 quidquam,
2090 1328 2203 1383 nisi
2309 1338 2466 1392 quem
2497 1339 2590 1393 ego
2622 1325 2832 1376 mittam
2863 1324 3008 1378 vobis
3038 1341 3068 1377 a
3095 1328 3277 1391 Patre,
3311 1325 3569 1395 Spiritum
3590 1329 3803 1384 veritatis
3817 1333 3887 1401 qui

545 1416 699 1487 quod
732 1415 1191 1471 videritPatrem
1219 1416 1544 1471 facientem.
1574 1418 1655 1472 Ex
1688 1419 1795 1473 hac
1817 1434 1951 1490 ergo
1984 1416 2201 1489 regula,
2308 1430 2343 1466 α
2379 1417 2547 1466 Patre
2574 1412 2838 1483 procedit,
2887 1411 2990 1466 ille
3018 1414 3393 1467 testimonium
3425 1414 3712 1482 perhibebit
3749 1418 3800 1472 de
3828 1435 3891 1473 me

545 1521 661 1577 qua
680 1506 760 1561 ita
780 1504 1104 1576 loquuntur
1120 1505 1453 1577 Scriptura,
1474 1513 1670 1563 utnon
1691 1506 1873 1563 alium
1891 1508 2001 1562 alio
2019 1508 2197 1562 mino-

2309 1503 2486 1572 (Joan.
2512 1519 2605 1567 xv,
2626 1502 2749 1571 26)?
2764 1502 3130 1557 Procedendo
3152 1502 3350 1574 itaque
3368 1521 3401 1558 a
3414 1503 3588 1569 Patre,
3603 1504 3789 1561 dicitur
3804 1523 3891 1563 non

544 1609 692 1659 rem,
725 1594 826 1648 sed
871 1598 1100 1648 tantum
1134 1593 1313 1649 velint
1344 1596 1650 1650 ostendere
1692 1597 1825 1667 quis
1858 1596 1929 1650 de
1962 1611 2074 1666 quo
2104 1595 2200 1670 sit,
2308 1590 2466 1662 loqui
2500 1607 2533 1646 a
2554 1592 2900 1661 semetipso:
2926 1595 2984 1646 et
3013 1591 3167 1645 sicut
3191 1608 3303 1646 non
3330 1608 3396 1646 ex
3417 1610 3481 1647 eo
3504 1593 3564 1647 lit
3585 1598 3644 1648 ut
3663 1594 3825 1650 minor
3841 1597 3896 1651 sit

548 1682 814 1737 nonnulli
845 1699 979 1737 eum
1003 1700 1241 1738 sensum
1267 1690 1674 1755 conceperunt,
1701 1690 1981 1755 tanquam
2013 1685 2206 1739 minor
2310 1679 2491 1735 Filius
2521 1680 2658 1750 quia
2690 1680 2854 1747 dixit,
2888 1680 3009 1734 Non
3041 1684 3212 1750 potest
3247 1683 3431 1736 Filius
3458 1698 3491 1736 a
3518 1698 3572 1737 se
3596 1684 3756 1753 facere
3781 1684 3898 1755 quid-

550 1770 731 1825 Filius
753 1771 1057 1826 diceretur.
1079 1774 1325 1836 Quidam
1350 1778 1543 1828 autem
1568 1774 1748 1829 nostri
1772 1774 2205 1839 indoctiores,et
2308 1770 2762 1840 quam,nisiquod
2778 1770 3661 1841 videritPatremfacientem(non
3675 1771 3900 1827 enimboo

551 1859 609 1913 in
644 1859 733 1914 his
772 1860 1012 1915 minime
1034 1862 1268 1928 eruditi,
1293 1862 1433 1916 dum
1460 1863 1576 1917 haec
1607 1864 1929 1917 secundum
1956 1864 2202 1918 formam
2306 1876 2374 1912 ex
2388 1859 2569 1913 forma
2587 1859 2735 1912 servi
2756 1859 2918 1929 dixit,
2934 1859 3034 1913 sed
3052 1875 3119 1913 ex
3135 1859 3315 1913 forma
3340 1860 3454 1927 Dei,
3472 1862 3730 1928 stcutjam
3746 1866 3898 1915 osten-

549 1947 699 2002 servi
721 1952 1004 2003 conantur
1024 1950 1303 2020 accipere,
1320 1955 1375 2005 et
1396 1968 1492 2005 eos
1516 1956 1713 2006 rectus
1736 1951 2066 2007 intellectus
2089 1968 2201 2006 non
2307 1949 2523 2002 dimus:
2543 1952 2661 2002 haec
2675 1953 2865 2002 autem
2890 1948 3057 2002 verba
3074 1964 3188 2002 non
3206 1947 3467 2003 indicant
3482 1949 3630 2020 quod
3650 1949 3815 2003 minor
3829 1949 3901 2013 sit,

550 2036 831 2107 sequitur,
855 2038 1287 2108 perturbantur.
1310 2039 1470 2104 Quod
1491 2055 1559 2093 ne
1579 2040 1821 2109 accidat,
1842 2041 2095 2094 tenenda
2117 2045 2203 2094 est
2306 2038 2403 2091 sed
2422 2038 2575 2107 quod
2592 2037 2830 2091 dePatre
2844 2036 3052 2107 sit);itu
3069 2054 3183 2092 non
3198 2036 3335 2091 hinc
3348 2037 3594 2092 efﬁcitur
3609 2037 3902 2092 utminorsit

2307 2126 2562 2197 Spiritus
2595 2132 2850 2195 sanctus,
2875 2126 3011 2196 quia
3044 2126 3262 2181 dictum
3297 2132 3389 2181 est
3417 2128 3486 2181 de
3515 2126 3630 2196 illo,
3663 2127 3764 2182 Non
3790 2128 3903 2181 enim

2307 2215 2555 2285 loquetur
2575 2233 2607 2268 a
2628 2218 2935 2285 semetipso,
2958 2215 3050 2269 sed
3073 2230 3433 2287 quacumque
3452 2215 3651 2279 audiet,
3674 2216 3904 2286 loquetur:

2305 2305 2626 2358 secundum
2651 2304 2760 2358 hoc
2782 2305 2937 2357 enim
2963 2304 3181 2358 dictum
3208 2309 3295 2358 est
3316 2305 3467 2375 quod
3494 2304 3731 2358 dePatre
3750 2320 3904 2375 proce-

2305 2393 2409 2446 dit.
2434 2393 2576 2447 Cum
2603 2408 2730 2447 vero
2764 2398 2819 2446 et
2850 2392 3031 2447 Filius
3055 2393 3129 2446 de
3150 2392 3315 2447 Patre
3348 2394 3447 2457 sit,
3471 2398 3524 2446 nt
3552 2393 3786 2463 Spiritus
3804 2409 3908 2447 san-

2307 2487 2433 2536 ctus
2455 2499 2488 2536 a
2519 2481 2682 2536 Patre
2705 2481 2998 2552 procedat,
3032 2497 3136 2535 cur
3160 2497 3271 2535 non
3310 2482 3485 2535 ambo
3506 2480 3627 2536 Filii
3661 2481 3909 2549 dicantur,

549 2124 669 2180 haec
701 2125 920 2197 regula,
952 2144 1066 2197 qua
1098 2143 1209 2181 non
1246 2130 1437 2182 minor
1467 2134 1555 2183 est
1583 2128 1783 2199 Filius,
1808 2130 1906 2184 sed
1943 2130 2097 2200 quod
2133 2129 2203 2183 de

547 2218 716 2270 Patre
748 2215 826 2269 sit
845 2215 1177 2271 intimatur:
1212 2218 1427 2287 quibus
1451 2218 1641 2273 verbis
1666 2235 1778 2272 non
1806 2218 2200 2289 inaequalitas,

544 2304 647 2358 sed
680 2303 952 2359 nativitas
982 2305 1111 2375 ejus
1142 2306 1487 2360 ostenditur.

616 2409 844 2466 CAPUT
875 2410 942 2464 Il.
970 2441 1036 2450 —-
1065 2412 1116 2465 4.
1150 2412 1232 2465 Ea:
1254 2412 1507 2466 utratibet
1541 2414 1726 2483 regula
1760 2414 2007 2483 intelligi
2034 2431 2198 2484 quas-

547 2497 676 2553 dam
692 2500 985 2554 locutiones
1011 2500 1075 2554 de
1092 2500 1253 2555 Filio.
1279 2500 1428 2554 Sunt
1452 2517 1587 2571 ergo
1610 2503 1873 2572 quaedam
1902 2503 1957 2556 in
1983 2503 2202 2558 sanctis

555 2587 765 2653 Libris,
786 2592 849 2642 ut
869 2588 1060 2643 dicere
1081 2605 1386 2660 coeperam,
1424 2590 1504 2643 ita
1526 2591 1737 2660 posita,
1765 2598 1824 2645 ut
1857 2591 2201 2662 ambiguum

553 2676 630 2731 sit
652 2692 906 2747 quonam
930 2678 1231 2733 referenda
1252 2678 1398 2733 sint:
1424 2684 1620 2733 utrum
1642 2679 1711 2733 ad
1732 2678 1874 2734 illud
1900 2681 2048 2750 quod
2073 2698 2201 2751 pro-

2308 2588 2410 2625 nec
2434 2571 2603 2624 ambo
2627 2569 2825 2642 geniti,
2851 2570 2950 2625 sed
2974 2569 3070 2624 ille
3103 2586 3255 2624 unus
3280 2569 3463 2625 Filius
3488 2570 3822 2641 unigenitus,
3843 2568 3910 2622 hic

2307 2666 2499 2713 autem
2523 2659 2772 2730 Spiritus
2796 2665 3030 2713 sanctus
3052 2658 3334 2715 nectilius
3356 2676 3461 2714 nec
3482 2658 3725 2731 genitus,
3744 2660 3859 2727 quia
3875 2656 3910 2709 si

556 2769 683 2836 pter
712 2771 1076 2838 assumptum
1101 2772 1427 2822 creaturam
1464 2765 1651 2822 minor
1681 2772 1769 2821 est
1802 2767 2009 2835 Filius;
2036 2787 2107 2823 an
2131 2770 2201 2823 ad

556 2853 723 2920 illud,
743 2856 891 2923 quod
918 2854 1181 2926 quamvis
1202 2854 1463 2926 mqualis,
1487 2860 1681 2910 tamen
1707 2856 1843 2927 quia
1861 2858 1929 2911 de
1949 2857 2111 2911 Patre
2129 2859 2205 2912 sit

555 2942 867 2998 indicatur.
889 2944 957 2997 Et
979 2944 1119 2998 mihi
1152 2944 1387 3015 quidem
1418 2944 1666 3011 videtur,
1700 2946 1747 3000 si
1782 2962 1847 3001 eo
1878 2946 2048 3001 modo
2079 2963 2203 3001 am-

562 3031 806 3104 biguum
837 3036 944 3096 est,
978 3037 1041 3085 ut
1069 3031 1343 3103 explicari
1366 3032 1734 3104 discernique
1766 3052 1876 3089 non
1902 3036 2105 3107 possit,
2138 3052 2205 3091 ex

562 3120 836 3175 utralibet
868 3120 1067 3193 regula
1095 3120 1222 3175 sine
1254 3120 1508 3192 periculo
1554 3138 1723 3193 posse
1754 3123 2022 3195 intelligi,
2055 3124 2207 3180 sicut

560 3214 648 3263 est
670 3210 823 3280 quod
843 3210 943 3276 ait,
966 3211 1077 3264 Mea
1097 3210 1353 3265 doctrina
1372 3225 1482 3264 non
1504 3220 1578 3265 est
1600 3228 1740 3282 mea,
1762 3213 1854 3266 sed
1874 3214 1987 3285 ejus
2010 3216 2104 3284 qui
2122 3230 2207 3270 me

556 3301 710 3353 misit
730 3299 827 3371 (Id.
861 3316 962 3364 vn,
987 3300 1095 3366 16).
1129 3298 1275 3353 Nam
1306 3303 1362 3353 et
1400 3315 1467 3354 ex
1500 3299 1685 3355 forma
1712 3302 1858 3355 servi
1891 3308 2081 3372 potest
2110 3320 2203 3358 ac-

557 3388 694 3458 cipi,
718 3389 1005 3460 sicutjam
1027 3388 1083 3442 in
1103 3387 1248 3443 libro
1272 3389 1571 3458 superiore
1586 3392 1964 3445 tractavimus
1981 3392 2199 3463 (Supra,

555 3478 655 3533 lib.
685 3480 734 3545 1,
758 3496 881 3550 cap.
918 3479 1026 3546 12);
1059 3482 1114 3533 et
1144 3494 1212 3533 ex
1244 3480 1429 3531 forma
1462 3476 1581 3541 Dei,
1616 3477 1671 3531 in
1707 3495 1822 3549 qua
1854 3480 1936 3534 sic
1962 3481 2202 3552 aequalis

554 3574 642 3623 est
658 3568 837 3635 Patri,
858 3573 921 3622 ut
940 3573 1134 3623 tamen
1160 3567 1229 3622 de
1248 3567 1415 3623 Patre
1434 3566 1526 3621 sit.
1552 3569 1612 3622 In
1633 3567 1731 3623 Dei
1757 3568 1971 3641 quippe
1997 3572 2199 3641 forma,

554 3657 703 3711 sicut
738 3673 850 3712 non
884 3661 971 3711 est
1001 3655 1159 3710 aliud
1194 3654 1390 3723 Filius,
1426 3654 1583 3710 aliud
1618 3657 1734 3712 vita
1767 3659 1917 3729 ejus,
1948 3660 2046 3714 sed
2075 3660 2201 3731 ipsa

552 3748 670 3801 vita
693 3746 870 3801 Filius
887 3753 995 3813 est;
1016 3747 1096 3800 ita
1115 3762 1228 3799 non
1252 3752 1341 3799 est
1357 3745 1514 3799 aliud
1543 3746 1741 3810 Filius,
1762 3747 1918 3802 aliud
1939 3749 2203 3805 doctrina

553 3838 702 3907 ejus,
727 3837 827 3890 sed
846 3837 973 3907 ipsa
995 3836 1259 3890 doctrina
1283 3834 1459 3890 Filius
1479 3840 1586 3889 est.
1611 3838 1687 3890 Ac
1709 3852 1812 3908 per
1832 3837 1939 3893 hoc
1962 3838 2113 3893 sicut
2144 3840 2198 3894 id

554 3926 705 3996 quod
740 3925 959 3979 dictum
982 3928 1089 3991 est,
1112 3923 1260 3979 dedit
1289 3926 1427 3979 Filio
1447 3926 1635 3992 vitam,
1670 3942 1782 3979 non
1805 3927 1963 3981 aliud
1989 3928 2199 3983 intelli-

556 4014 923 4085 giturquam,
947 4012 1158 4067 Genuit
1179 4012 1386 4067 Filium
1403 4013 1601 4083 quiest
1618 4013 1750 4081 vita;
1768 4015 1851 4069 sic
1872 4016 2045 4071 etiam
2065 4034 2197 4073 cum

552 4103 784 4169 dicitur,
808 4103 979 4157 Dedit
1003 4100 1143 4155 Filio
1168 4102 1515 4167 doctrinam,
1541 4103 1683 4157 bene
1705 4102 2067 4179 intelligitur,
2094 4108 2200 4163 Ge-

553 4192 683 4247 nuit
712 4192 918 4247 Filium
958 4191 1057 4262 qui
1090 4195 1179 4245 est
1217 4190 1506 4245 doctrina:
1550 4197 1613 4245 ut
1642 4192 1797 4261 quod
1838 4193 2055 4249 dictum
2088 4202 2196 4261 est,

550 4283 659 4337 Mea
680 4282 927 4337 doctrina
947 4297 1057 4335 non
1077 4283 1152 4334 est
1173 4296 1315 4344 mea,
1338 4280 1429 4334 sed
1449 4282 1565 4349 eius
1587 4283 1682 4351 qui
1702 4298 1790 4337 me
1808 4284 1978 4351 misit,
2012 4284 2094 4339 sic
2116 4286 2199 4340 in-

548 4372 845 4444 telligatur
866 4387 931 4426 ac
949 4371 995 4425 si
1026 4369 1244 4424 dictum
1271 4370 1367 4437 sit,
1398 4370 1509 4440 Ego
1544 4386 1655 4423 non
1691 4388 1822 4425 sum
1857 4387 1889 4425 a
1922 4390 2011 4427 me
2044 4373 2192 4445 ipso,

548 4462 648 4515 sed
683 4462 753 4516 ab
784 4460 881 4515 illo
910 4459 1009 4531 qui
1044 4475 1135 4514 me
1168 4458 1347 4513 misit.

615 4570 838 4627 CAPUT
868 4572 959 4626 ΙΙΙ.
992 4601 1061 4609 -
1081 4571 1134 4624 5.
1166 4575 1240 4625 De
1272 4569 1489 4640 Spiritu
1518 4575 1708 4625 sancto
1731 4572 1982 4641 quantum
2003 4589 2070 4628 ex
2100 4574 2195 4628 al-

544 4670 660 4715 tera
692 4663 908 4715 tantum
938 4661 1131 4728 regula
1160 4660 1574 4731 intelliguntur.
1604 4659 1750 4714 Nam
1782 4666 1838 4715 et
1869 4662 1937 4715 de
1976 4662 2193 4732 Spiritu

544 4755 762 4819 sancto,
778 4750 848 4803 de
872 4765 985 4820 quo
1001 4765 1114 4803 non
1130 4747 1347 4802 dictum
1363 4754 1471 4813 est,
1490 4750 1845 4817 Semetipsum
1860 4752 2193 4819 exinanivit,

540 4845 779 4911 formam
794 4840 938 4893 servi
958 4838 1249 4908 accipiens;
1271 4837 1351 4892 ait
1367 4841 1561 4891 tamen
1583 4838 1703 4908 ipse
1722 4837 1883 4892 Domi
1897 4856 2035 4895 nus:
2060 4842 2193 4895 Cum

540 4935 721 4986 autem
753 4929 962 4983 venerit
984 4927 1078 4981 ille
1095 4928 1336 4998 Spiritus
1356 4928 1621 4991 veritatis,
1646 4926 1849 4981 docebit
1875 4944 1961 4982 vos
1983 4945 2192 4985 omnem

537 5022 843 5076 veritatem.
858 5019 974 5073 Non
993 5018 1141 5071 enim
1162 5018 1412 5087 loquetur
1430 5034 1460 5070 a
1481 5018 1783 5086 semetipso,
1806 5020 1899 5072 sed
1916 5035 2191 5087 quaecum-

538 5127 642 5183 que
664 5109 849 5164 audiet
863 5110 1133 5177 loquetur,
1152 5110 1201 5159 et
1217 5121 1337 5175 qum
1358 5106 1581 5159 ventura
1596 5109 1723 5158 sunt
1740 5109 2088 5162 annuntiabit
2107 5124 2193 5164 vo-

539 5202 639 5257 bis.
670 5199 771 5255 Ille
800 5214 886 5253 me
923 5196 1282 5265 clariﬁeabit;
1314 5196 1442 5265 quia
1473 5194 1537 5248 de
1566 5209 1681 5247 meo
1728 5197 1973 5264 accipiet,
2006 5206 2056 5251 et
2084 5215 2190 5252 an-

534 5288 819 5345 nuntiabil
836 5287 997 5342 vobis.
1023 5290 1157 5340 Post
1173 5285 1293 5339 haec
1310 5284 1503 5350 verba,
1524 5281 1633 5336 nisi
1659 5287 1929 5338 continuo
1953 5292 2189 5341 secutus

536 5379 799 5444 dixisset,
835 5377 1031 5432 Omnia
1079 5389 1425 5445 quaecumque
1460 5371 1618 5426 habet
1664 5373 1847 5438 Pater,
1881 5389 2002 5427 mea
2030 5384 2188 5431 sunt:

534 5475 821 5537 propterea
838 5465 979 5536 dixi,
1003 5464 1141 5532 Quia
1159 5465 1226 5519 de
1248 5480 1363 5518 meo
1385 5462 1631 5533 accipiet,
1650 5468 1703 5515 et
1724 5464 2082 5517 an‘nuntiabit
2104 5481 2188 5520 vo-

539 5555 624 5611 bis
646 5556 818 5621 (Joan.
842 5572 955 5625 xv1,
992 5554 1203 5625 13-15);
1236 5554 1571 5609 crederetur
1611 5551 1855 5605 fortasse
1891 5549 1972 5607 ita
2014 5557 2187 5611 natus

538 5642 613 5701 de
641 5640 866 5699 Christo
896 5642 1149 5719 Spiritus
1179 5648 1442 5712 sanctus,
1470 5639 1968 5715 quemadmodum
2001 5641 2095 5698 ille
2115 5644 2185 5700 de

2307 2748 2538 2821 genitus
2559 2748 2759 2818 utique
2781 2747 2979 2815 Filius,
3004 2747 3117 2802 alio
3142 2746 3287 2811 loco,
3311 2748 3361 2803 si
3387 2747 3540 2802 Deus
3562 2746 3853 2811 donaverit,
3873 2748 3913 2797 et

2308 2842 2591 2907 quantum
2607 2836 3600 2906 donaverit,disseremus(tnfra,lib.
3619 2831 3907 2904 l5,cap.25).

2376 2943 2607 3000 CAPUT
2636 2942 2721 2997 IV.
2757 2945 2893 2997 --6.
2919 2942 3253 3014 Gloriﬁcatio
3283 2944 3424 2998 Filii
3442 2960 3476 2998 a
3509 2947 3686 3011 Patre,
3716 2957 3809 2996 non
3838 2954 3912 2993 ar-

2307 3035 2425 3102 guit
2442 3034 2901 3103 ianuatitatem.
2923 3032 3196 3087 Verumta
3208 3048 3338 3087 men
3358 3033 3455 3088 hic
3469 3031 3749 3104 evigileut,
3766 3029 3805 3085 si
3820 3044 3917 3100 pos-

2309 3129 2467 3192 sunt,
2491 3123 2591 3194 qui
2612 3122 2719 3176 hoc
2738 3121 2908 3177 etiam
2933 3121 3039 3176 sibi
3062 3121 3370 3193 suffragari
3398 3125 3763 3194 putaverunt,
3786 3115 3917 3189 quasi

2309 3214 2379 3267 ad
2398 3212 2919 3267 demonstrandum
2938 3215 3163 3265 Patrem
3181 3210 3324 3265 Filio
3346 3212 3651 3281 majorem,
3670 3206 3917 3280 quiadixit

2309 3302 2509 3368 Filius,
2548 3303 2726 3370 Pater,
2758 3300 3003 3370 clariﬁca
3030 3316 3133 3354 me.
3180 3300 3323 3354 Ecce
3350 3305 3407 3354 et
3439 3299 3693 3372 Spiritus
3723 3302 3919 3353 sanctus
4024 3294 4025 3297 “

2307 3392 2586 3445 clariticat
2605 3406 2771 3445 eum:
2806 3389 3234 3460 numquidnam
3270 3394 3327 3443 et
3360 3389 3489 3461 ipse
3514 3389 3698 3459 major
3717 3393 3796 3441 est
3816 3382 3917 3437 illo?

2310 3486 2483 3535 Porro
2517 3485 2710 3534 autem
2735 3480 2782 3534 si
2809 3484 3111 3551 propterea
3132 3477 3387 3550 Spiritus
3420 3484 3661 3533 sanctus
3683 3473 3917 3531 clariﬁcat

2307 3570 2511 3625 Filium
2540 3569 2676 3641 quia
2699 3570 2768 3623 de
2795 3568 2913 3622 Filii
2947 3566 3209 3638 accipiet,
3235 3571 3291 3621 et
3313 3568 3447 3623 ideo
3471 3570 3542 3622 de
3564 3569 3690 3637 ejus
3721 3561 3918 3631 accipiet

2308 3661 2444 3733 quia
2465 3659 2799 3729 omniaquae
2816 3658 2990 3712 habet
3005 3658 3172 3711 Pater
3187 3656 3377 3728 ipsius
3393 3664 3566 3723 sunt;
3587 3653 3915 3710 manifestum

2307 3750 2550 3821 estquia
2568 3766 2699 3804 cum
2716 3747 2972 3819 Spiritus
2995 3753 3232 3800 sanctus
3254 3746 3553 3817 glorificat
3566 3744 3920 3806 Filium,Pater

2306 3840 2591 3911 glorilicat
2613 3838 2844 3893 Filium.
2862 3836 3024 3891 Unde
3045 3836 3424 3907 cognoscitur
3445 3836 3602 3907 quod
3623 3832 3807 3888 omnia
3824 3842 3916 3898 qua

2306 3930 2481 3984 habet
2496 3933 2662 3983 Pater
2676 3944 2786 3981 non
2801 3931 3024 3981 tantum
3044 3924 3295 3992 Filii,sed
3313 3924 3495 3979 etiam
3514 3924 3761 3993 Spiritus
3773 3914 3919 3974 sancti

2304 4026 2463 4083 sunt,
2483 4018 2616 4089 quia
2635 4021 2837 4089 potens
2860 4021 2948 4070 est
2970 4014 3221 4083 Spiritus
3243 4020 3493 4068 sanctus
3515 4011 3823 4084 gloriﬁcare
3850 4004 3918 4059 Fi-

2305 4109 2471 4176 lium,
2486 4124 2656 4178 quem
2672 4105 2959 4178 gloriﬁcat
2974 4104 3155 4158 Pater.
3173 4102 3335 4165 Quod
3350 4102 3402 4157 si
3422 4103 3521 4157 ille
3541 4101 3640 4173 qui
3657 4096 3923 4173 gloriﬁcat,

2304 4215 2367 4253 co
2390 4214 2559 4270 quem
2586 4195 2872 4268 glorificat
2894 4196 3081 4261 major
3099 4196 3187 4246 est
3212 4208 3224 4257 ;
3249 4192 3456 4246 sinant
3484 4198 3551 4246 ut
3572 4188 3811 4261 mquales
3829 4184 3918 4270 sint

2304 4268 2486 4360 quise
2507 4287 2748 4340 invicem
2780 4282 3124 4354 gloriﬁcent.
3150 4280 3455 4352 Scriptum
3480 4285 3573 4336 est
3594 4284 3779 4335 autem
3802 4268 3920 4368 quod

2302 4385 2356 4431 et
2388 4376 2563 4431 Filius
2584 4372 2867 4446 gloriﬁcet
2902 4370 3154 4425 Patrem:
3182 4371 3286 4440 Ego
3306 4371 3377 4437 te,
3406 4369 3627 4441 inquit,
3648 4366 3917 4439 gloriﬁcent

2299 4482 2462 4538 super
2490 4474 2694 4520 terram
2723 4462 2900 4530 (toan.
2926 4476 3060 4525 xvu,
3095 4462 3138 4524 l,
3165 4458 3232 4525 4).
3263 4458 3420 4514 Sane
3444 4461 3693 4513 caveant
3712 4471 3777 4510 ne
3796 4454 3922 4525 pute-

2301 4564 2394 4612 tur
2424 4553 2675 4627 Spiritus
2703 4554 2944 4605 lanctus
2968 4549 3154 4619 major
3174 4548 3493 4615 ambobus,
3520 4546 3658 4618 quia
3678 4540 3920 4617 gloriﬁcat

2301 4645 2508 4701 Filium
2561 4658 2735 4714 quem
2786 4639 3070 4711 gloriﬁcat
3102 4638 3287 4705 Pater,
3323 4637 3530 4708 ipsum
3566 4640 3755 4691 autem
3786 4643 3873 4683 nec
3899 4640 3923 4679 α

2300 4739 2465 4788 Patre
2498 4747 2600 4785 nec
2631 4749 2664 4785 a
2696 4728 2837 4784 Filio
2870 4727 3152 4797 scriptum
3186 4730 3274 4781 est
3306 4725 3657 4797 gloriticari.

2366 4838 2594 4897 CAPUT
2636 4837 2701 4890 V.
2753 4866 2819 4874 —
2866 4836 2920 4887 7.
2970 4833 3144 4887 Filius
3191 4841 3239 4887 et
3289 4834 3537 4903 Spiritus
3586 4838 3798 4887 sanctus
3840 4836 3923 4877 non

2296 4932 2413 4986 ideo
2442 4930 2624 4983 minor
2650 4927 2781 4997 quia
2801 4926 3018 4978 missus.
3042 4924 3218 4977 Filius
3240 4924 3412 4977 etiam
3444 4939 3476 4976 a
3508 4939 3568 4976 se
3599 4923 3711 4992 ipso
3740 4918 3921 4972 missus.

2297 5023 2367 5075 De
2412 5019 2675 5072 missione
2723 5014 2965 5084 Spiritus
3012 5012 3213 5065 sancti.
3264 5012 3374 5065 Sed
3430 5010 3489 5064 in
3545 5010 3638 5064 bis
3687 4998 3925 5062 convicti,

2295 5110 2367 5164 ad
2401 5106 2539 5161 illud
2593 5120 2653 5159 se
2704 5107 3048 5156 convertunt
3098 5107 3161 5154 ut
3210 5098 3432 5164 dicant,
3488 5101 3675 5169 Major
3719 5100 3801 5151 est
3844 5087 3924 5160 qui

2296 5197 2495 5261 mittit,
2528 5209 2703 5263 quam
2730 5190 2828 5261 qui
2859 5190 3145 5243 mittitur:
3180 5188 3428 5260 proinde
3454 5189 3648 5257 major
3675 5188 3762 5240 est
3789 5181 3927 5236 Pater

2294 5290 2455 5353 Filio,
2488 5285 2625 5357 quia
2656 5282 2837 5339 Filius
2868 5298 2901 5336 a
2932 5281 3095 5335 Patre
3138 5297 3198 5334 se
3232 5280 3489 5334 missum
3526 5279 3762 5335 assidue
3790 5285 3925 5357 com-

2296 5354 2614 5440 memorat;
2650 5373 2835 5442 major
2864 5376 2951 5425 est
2981 5375 3034 5424 et
3064 5368 3283 5440 Spiritu
3318 5373 3554 5436 sancto,
3580 5366 3719 5437 quia
3748 5363 3813 5417 de
3842 5354 3922 5412 illo

2357 5528 2371 5560 ί
2408 5523 2563 5578 Editi,
2602 5520 2665 5568 Ile
2695 5520 2860 5566 Patre.
2890 5518 2956 5565 At
3001 5518 3145 5573 Mss,
3175 5516 3236 5564 de
3272 5516 3468 5565 Putris.
3522 5515 3623 5576 Sic,
3652 5509 3923 5578 exprimet?

2292 5562 3358 5641 soletﬂxu-gus'tinus,idest:de'Pa'ttis;
3379 5562 3497 5639 aut,
3526 5562 3819 5641 ac'ipsius:
3844 5562 3919 5616 ubi

2290 5653 2415 5702 citat
2443 5642 2576 5699 illud
2605 5645 2753 5697 Filii:
2785 5644 2859 5694 De
2888 5656 2997 5691 meo
3028 5642 3252 5709 accipiet.
