2047 3094
72 85 99 100 λι
115 100 118 101 ,

50 102 86 122 5‘1"
112 110 118 122 Α

67 126 122 179 ξς

52 195 93 225 5“

72 227 95 246 ,ἴα
111 230 114 233 ‘

48 262 94 285 .i-
119 257 122 259 Δ

52 290 73 307 τε
97 295 100 297 ·

59 320 86 330 η

82 335 96 345 \w

48 370 85 395 Vl
105 381 112 391 ι

72 421 83 432 ΙΔ
96 418 115 434 "V

78 434 94 450 <

41 474 50 484 ι
61 465 73 483 2
85 471 99 483 ’ν
117 475 120 478 ~

44 486 67 498 ,ι
95 488 109 495 ,η

78 504 85 513 .

55 518 74 535 ι’

48 543 101 567 ’ῖῖ

45 642 74 661 is
88 647 114 655 ιι.

35 702 41 704 .
53 675 98 704 :'~

55 710 83 730 ,Ρ
104 706 122 731 Ἰ,

45 745 51 748 .
62 755 66 758 ⁴
78 734 98 764 λ.)
119 743 121 745 .

42 794 61 803 -›
71 798 76 803 ,
87 795 96 802 .
108 801 114 804 .

50 815 62 825 η,
86 807 109 821 Τ

37 844 48 849 Γ
74 828 98 841 Ψ,

59 858 65 865 ,
78 857 83 862 .

39 884 94 918 .
119 904 123 906 _

52 940 55 945 λ
72 918 102 950 if

51 950 63 964 ν
74 951 82 956 ν

52 984 102 1007 ,χ

66 1038 102 1057 ;..

69 1071 102 1096 .1’.

43 1103 66 1117 ,ν
81 1100 86 1111 ι

71 1122 88 1134 ην

42 1135 98 1164 χξὶξ

63 1167 97 1179 ,Α

30 1507 72 1530 ΕΞ

53 1529 71 1542 Π

45 1553 64 1565 ζέ

495 48 508 54 ι.
606 47 611 51 -
742 43 752 49 ι
778 36 1024 55 -nW
1070 50 1086 56 .-

253 86 270 101 ⁴.
298 83 327 103 ,"
603 84 605 86 ’
1125 82 1157 93 ’“
1287 87 1298 103 '.
1342 81 1451 102 ““,.’ν-“
1483 80 1510 103 ⁴⁴.
1551 84 1583 103 δέ
1618 88 1634 103 1

234 188 293 223 εει
789 190 841 222 nn
852 168 1067 222 cunmm

1119 190 1147 222 ε.
1170 191 1386 224 AUGUSTINI
1598 166 1620 180 ‘7
1648 176 1650 178 ’
1774 163 1778 185 ί

237 255 294 290 nis,
306 255 372 285 Filii
387 265 512 294 persona
525 259 582 291 est,
592 265 650 286 non
666 257 753 286 etiam
769 257 1060 294 Patris.Quapropter

236 303 323 331 Pater
336 301 493 330 invisibilis
520 310 579 330 una
598 311 664 331 cum
690 302 762 330 Filio
784 311 883 330 secum
908 301 1059 336 invisibili,

237 346 375 374 eumdem
395 346 501 374 Filium
522 346 667 375 visibilem
694 347 827 375 faciendo
853 347 970 375 misisse
994 355 1061 375 eum

238 390 335 419 dictus
345 393 390 419 est
405 399 411 418 :
427 391 479 427 qui
494 391 518 419 si
534 399 567 419 eo
589 391 673 419 modo
689 391 814 419 visibilis
837 391 926 427 ﬁeret,
941 393 981 421 ,ιιι
995 399 1062 418 cum

239 434 323 463 Patre
336 435 493 464 invisibilis
509 443 574 464 esse
588 436 751 470 desisteret,
767 436 795 463 id
813 440 865 471 est,
886 437 909 464 si
927 436 1064 464 substan-

238 479 282 507 tia
299 479 454 508 invisibilis
468 480 554 507 Verbi
568 480 597 508 in
615 483 779 508 creaturam
795 480 938 508 visibilem
954 482 1066 507 mutata

239 525 270 553 et
285 523 432 552 transiens
447 527 619 559 verteretur,
635 525 676 552 ita
691 524 801 552 missus
817 534 834 552 a
858 527 942 552 Patre
956 523 1064 551 intelli-

241 570 359 604 geretur
373 568 476 603 Filius,
495 571 526 596 ut
539 571 655 596 tantum
681 569 802 603 missus,
820 578 876 597 non
893 569 981 597 etiam
997 577 1064 596 cum

241 613 326 641 Patre
343 613 464 641 mittens
478 614 743 642 inveniretur.Cum
758 622 826 641 vero
837 614 879 641 sic
895 616 1012 649 accepla
1023 615 1067 640 est

242 657 338 686 forma
352 658 474 694 servi,ut
488 661 620 686 maneret
634 658 885 686 incommutabilis
897 658 990 685 forma
1007 658 1065 690 Dei,

243 702 434 730 manifestum
450 704 495 730 est
509 703 586 739 quod
601 711 618 730 a
631 703 715 730 Patre
729 705 758 730 et
768 702 839 730 Filio
854 711 910 730 non
927 710 1067 738 apparen-

243 746 325 775 tibus
340 747 448 775 factum
465 747 503 774 sit
518 748 595 783 quod
613 750 765 783 appareret
777 747 806 774 in
824 747 905 782 Filio,
922 747 950 774 id
969 749 1023 781 est,
1035 749 1068 774 ut

245 793 282 822 ab
298 791 437 820 invisibili
455 793 537 820 Patre
552 800 619 820 cum
646 791 784 819 invisibili
811 791 892 826 Filio,
913 792 989 819 idem
1006 791 1068 827 ipse

245 837 336 866 Filius
350 835 475 864 visibilis
497 836 672 865 mitteretur.
698 838 755 864 Cur
776 844 845 873 ergo
869 836 919 869 ait,
936 837 967 863 Et
990 844 1007 864 a
1026 844 1069 863 me

247 883 307 918 ipso
321 889 376 909 non
391 881 475 909 veni?
488 881 553 910 Jam
579 881 633 909 hoc
658 881 819 909 secundum
847 881 969 908 formam
994 880 1069 908 servi

249 926 360 954 dictum
375 928 430 959 est,
446 926 607 953 secundum
624 934 711 962 quam
735 926 847 953 dictum
870 928 924 958 est,
946 926 1001 961 Ego
1014 933 1068 952 non

249 970 340 1007 iudico
365 978 528 1007 quemquam
540 971 630 1006 (Joan.
645 979 706 1004 vm,
723 971 767 1005 42,
785 970 838 1006 15).

287 1015 330 1043 18.
347 1014 376 1043 Si
391 1023 459 1051 ergo
474 1015 583 1043 missus
598 1015 706 1043 dicitur
721 1015 749 1042 in
766 1016 909 1051 quantum
933 1013 1071 1050 apparuit

251 1059 322 1089 foris
337 1060 366 1088 in
382 1062 516 1088 creatura
524 1059 729 1096 corporali,qui
745 1059 825 1087 intus
839 1059 869 1086 in
892 1061 995 1086 natura
1009 1058 1070 1094 spi-

250 1105 349 1135 rituali
364 1104 457 1133 oculis
472 1104 641 1132 mortalium
657 1112 773 1140 semper
797 1103 927 1131 occultus
942 1105 996 1137 est,
1006 1103 1069 1138 jam

248 1151 280 1180 in
295 1153 431 1188 promptu
446 1151 489 1177 est
514 1148 674 1185 intelligere
688 1148 773 1176 etiam
795 1148 830 1176 de
844 1147 952 1184 Spiritu
969 1149 1070 1175 sancto

247 1204 301 1225 cur
315 1195 425 1224 missus
440 1196 468 1222 et
484 1194 546 1230 ipse
559 1193 682 1221 dicatur.
697 1195 781 1221 Facta
792 1194 836 1220 est
846 1192 924 1219 enim
934 1192 1068 1227 quaedam

246 1242 385 1270 creaturas
400 1238 511 1276 species
527 1246 561 1266 ex
576 1240 707 1274 tempore
723 1238 752 1265 in
772 1245 831 1273 qua
845 1236 998 1264 visibiliter
1022 1245 1068 1264 os-

245 1286 414 1315 tenderetur
428 1283 556 1320 Spiritus
567 1282 763 1314 sanctus,sive
779 1290 845 1310 cum
861 1281 890 1309 in
904 1282 1002 1317 ipsum
1016 1282 1067 1309 Do-

245 1330 360 1360 minum
377 1327 521 1364 corporali
547 1327 644 1364 specie
661 1326 741 1355 velut
763 1326 899 1354 columba
918 1326 1069 1354 descendit

244 1375 350 1412 (Matth.
368 1382 409 1408 nr,
427 1372 544 1408 16),sive
559 1380 625 1400 cum
637 1372 736 1399 decem
748 1371 850 1399 diebus
866 1371 992 1407 peractis
1003 1373 1068 1406 post

244 1421 310 1456 ejus
325 1418 538 1453 ascensionem,
551 1417 597 1444 die
611 1418 792 1453 pentecostes
804 1416 898 1443 factus
910 1418 955 1443 est
970 1414 1067 1442 subito

243 1464 280 1493 de
294 1463 365 1491 ccelo
381 1470 472 1491 sonus
491 1461 575 1497 quasi
602 1461 724 1488 ferretur
748 1460 835 1487 ﬂatus
856 1460 1023 1493 vehemens,
1039 1461 1068 1487 et

243 1507 311 1536 visa
327 1508 397 1535 sunt
411 1505 469 1533 illis
487 1505 595 1541 lingua
610 1504 707 1532 divisas
719 1506 858 1540 tanquam
874 1504 961 1539 ignis,
974 1504 1024 1539 qui
1040 1505 1068 1531 et

244 1551 352 1580 insedit
367 1559 454 1587 super
469 1557 710 1585 unumquemque
731 1557 831 1577 eorum
856 1549 923 1584 (Act.
947 1557 978 1576 Il.
995 1549 1065 1584 2-4).

243 1596 309 1624 Illac
332 1595 461 1631 operatio
482 1593 634 1621 visibiliter
652 1601 797 1629 expressa.
815 1595 844 1621 et
858 1592 950 1620 oculis
970 1593 1068 1621 oblata

243 1638 430 1672 mortalibus,
446 1638 548 1666 missio
572 1638 699 1674 Spiritus
722 1638 814 1665 sancti
837 1637 914 1665 dicta
927 1639 991 1671 est;
1009 1646 1066 1665 non

243 1686 275 1712 nt
296 1685 449 1720 appareret
463 1683 527 1718 ejus
551 1682 614 1718 ipsa
630 1682 806 1715 substantia,
824 1690 882 1717 qua
901 1685 930 1710 et
945 1682 1006 1718 ipse
1022 1682 1066 1710 in-

241 1727 368 1757 visibilis
383 1729 412 1755 et
426 1726 677 1755 incommutabilis
692 1729 746 1758 est,
764 1727 841 1754 sicut
864 1728 946 1754 Pater
968 1729 996 1754 et
1010 1727 1065 1761 ,Ρι-

241 1772 316 1807 lius;
332 1772 382 1800 sed
400 1774 433 1800 ut
443 1772 634 1800 exterioribus
644 1771 715 1798 visis
726 1771 876 1798 hominum
889 1771 975 1798 corda
986 1779 1065 1799 com-

242 1820 333 1851 mota,
350 1825 367 1844 a
382 1815 536 1852 temporali
553 1815 789 1843 manifestatione
807 1815 950 1843 venientis
965 1815 999 1843 ad
1017 1823 1066 1843 oc-

242 1861 352 1891 cultam
367 1861 558 1890 «sternitatem
574 1868 689 1896 semper
704 1860 854 1896 prsasentis
867 1863 1066 1888 converteren-

242 1908 303 1935 tur-

280 1950 399 1978 GAPUT
413 1949 461 1978 VI.
477 1965 511 1970 ——
528 1949 570 1977 11.
596 1949 655 1977 Νοη
678 1950 719 1977 sic
742 1951 883 1985 assumpta
906 1951 1034 1977 creatura
1049 1957 1067 1977 a

245 1995 354 2032 Spiritu
368 1995 504 2030 sancto,ul
519 2001 583 2022 caro
593 2002 610 2021 ιι
624 1995 712 2022 verba.
730 1994 796 2022 Ideo
812 1996 908 2023 autem
920 2002 1066 2030 nusquam

245 2039 387 2075 scriptum
397 2039 529 2073 est,quod
543 2038 620 2066 Deus
631 2038 715 2066 Pater
725 2039 818 2073 major
829 2039 867 2066 sit
875 2038 983 2074 Spiritu
998 2047 1067 2066 san-

244 2086 301 2119 eto,
312 2083 356 2113 vel
372 2082 498 2120 Spiritus
513 2085 632 2110 sanctus
648 2082 745 2110 minor
757 2083 814 2111 Deo
830 2083 995 2118 Patre,quia
1010 2091 1066 2110 non

229 2129 286 2158 ‘sic
301 2131 345 2157 est
360 2129 511 2164 assumpta
523 2127 697 2158 creatura,in
709 2135 768 2163 qua
781 2130 932 2163 appareret
942 2127 1068 2163 Spiritus

243 2175 373 2208 sanctus,
389 2173 467 2200 sicut
480 2174 651 2208 assumptus
666 2175 709 2200 est
724 2172 803 2200 ﬁlius
819 2171 994 2206 bominis,in
1010 2181 1068 2208 qua

243 2218 437 2254 formaipsius
448 2216 536 2244 Verbi
547 2217 595 2244 Dei
616 2224 740 2252 persona
759 2219 1067 2252 praesentareturznon

242 2265 277 2292 ut
290 2263 411 2291 haberet
424 2262 554 2290 Verbum
570 2261 631 2295 Dei,
644 2262 719 2289 sicut
734 2261 782 2289 alii
804 2261 897 2289 sancti
911 2262 1066 2296 sapientes,

243 2307 295 2336 sed
312 2316 368 2344 prie
385 2306 578 2342 participibus
593 2306 656 2333 suis
671 2306 765 2341 (Hebr.
783 2315 801 2339 ι,
820 2306 867 2343 9);
893 2315 950 2334 non
967 2306 1068 2342 utique

246 2352 323 2388 quod
336 2351 462 2387 amplius
473 2350 777 2384 babebatVerbum,ut
787 2354 864 2379 esset
874 2359 961 2387 quam
974 2351 1068 2378 caeteri

246 2395 661 2431 excellentioresapientia,sed
669 2396 745 2431 quod
754 2396 850 2431 ipsum
858 2395 985 2423 Verbum
997 2398 1067 2424 erat.

246 2441 332 2470 Aliud
343 2443 387 2469 est
397 2440 475 2468 enim
486 2440 610 2467 Verbum
623 2440 651 2466 in
663 2440 841 2471 carne,aliud
852 2440 978 2467 Verbum
991 2448 1068 2473 caro;

246 2486 277 2515 id
292 2488 347 2518 est,
363 2485 442 2519 aliud
459 2486 503 2512 est
516 2484 642 2512 Verbum
660 2484 688 2511 in
706 2484 833 2518 homine,
846 2484 924 2512 aliud
942 2485 1068 2512 Verbum

249 2531 346 2560 homo.
358 2530 431 2558 Caro
439 2529 517 2557 enim
534 2537 586 2565 pro
602 2528 719 2556 homine
735 2529 830 2565 posita
844 2532 889 2556 est
904 2529 932 2556 in
948 2537 980 2557 eo
991 2529 1070 2564 quod

248 2576 301 2611 ait,
319 2575 432 2604 Verbum
447 2582 510 2601 caro
520 2574 624 2609 factum
638 2575 677 2601 est
692 2573 780 2609 (Joan.
798 2582 816 2606 ι,
834 2574 891 2609 lli):
902 2573 978 2601 sicut
992 2577 1019 2602 et
1034 2573 1070 2601 il-

247 2621 310 2656 lud,
317 2621 349 2648 Et
358 2619 461 2648 videbit
470 2619 559 2647 omnis
569 2626 633 2646 caro
643 2618 748 2653 pariter
756 2618 876 2646 salutare
888 2619 940 2646 Dei
949 2618 1069 2653 (Lumil,

245 2666 284 2704 6).
296 2666 357 2694 Non
371 2665 448 2693 enim
461 2664 523 2692 sine
534 2663 632 2691 anima
644 2662 687 2690 vel
699 2662 761 2690 sine
777 2665 883 2691 mente:
897 2663 947 2691 sed
961 2664 1001 2690 ita
1011 2671 1070 2691 om-

246 2712 292 2738 nis
305 2718 380 2744 caro,
394 2717 427 2737 ac
442 2709 467 2737 si
482 2708 638 2740 diceretur,
654 2707 757 2735 Omnis
771 2707 938 2735 bomo.Non
950 2716 1018 2744 ergo
1030 2707 1071 2736 sic

247 2756 294 2782 est
301 2756 455 2790 assumpta
463 2752 638 2782 creatura.in
648 2760 706 2787 qua
716 2755 867 2787 appareret
873 2752 998 2788 Spiritus
1005 2761 1071 2779 san~

249 2799 404 2826 etussicut
414 2800 568 2833 assumpta
579 2800 624 2824 est
634 2805 700 2824 caro
711 2795 762 2823 illa
776 2798 805 2824 et
816 2796 945 2824 humana
957 2796 1006 2824 illa
1016 2797 1071 2824 l‘or-

250 2850 301 2869 ma
315 2851 348 2870 ex
363 2843 475 2878 virgine
485 2841 684 2877 Maria.Neque
695 2842 773 2868 enim
783 2842 947 2869 columbam
961 2842 1071 2868 beatiﬁ-

251 2885 325 2914 cavit
334 2885 519 2922 Spiritus,vel
529 2885 611 2914 illum
624 2885 784 2920 ﬂatum,val
794 2885 878 2913 illum
889 2885 1072 2921 ignem,sibi-

252 2936 309 2964 qua
333 2932 362 2959 et
375 2937 506 2966 personae
522 2937 580 2958 sua:
595 2930 625 2959 in
641 2929 784 2959 unitatem
799 2930 993 2966 habitumque
1004 2938 1072 2958 con-

1111 257 1211 293 junxit
1226 258 1256 286 in
1272 260 1413 286 internum
1423 266 1430 286 :
1442 261 1493 287 aut
1506 267 1574 287 vero
1589 259 1734 291 mutabilis
1749 263 1777 290 et
1786 264 1898 294 eam.

1116 302 1185 330 bilis
1199 305 1244 330 est
1259 305 1364 331 natura
1378 303 1505 340 Spiritus
1516 304 1658 336 sancti,ut
1673 313 1727 333 non
1734 305 1830 336 haec:
1840 316 1899 339 cru.

1114 349 1181 374 tura
1195 348 1306 380 ﬂerent,
1316 348 1366 375 sed
1382 348 1484 384 ipsein
1496 348 1568 376 illud
1580 351 1668 385 atque
1676 348 1743 377 illud
1753 351 1900 382 mutabiliter

1115 395 1284 425 verteretur,
1298 392 1374 420 sicut
1389 401 1465 427 aqua
1476 392 1504 420 in
1518 392 1653 428 glaciem.
1668 393 1720 422 Sed
1736 399 1901 430 apparuerunt

1115 436 1182 468 ista,
1195 437 1271 464 sicut
1285 440 1447 473 opportune
1464 446 1604 474 apparere
1622 438 1786 474 debuerunt,
1797 443 1903 469 creatura

1116 481 1259 508 serviente
1271 482 1440 517 Creatori,et
1453 482 1488 509 ad
1503 485 1606 510 nutum
1617 482 1681 517 ejus
1691 483 1902 513 incommutabili-

1115 527 1158 552 ter
1174 525 1202 552 in
1221 533 1252 553 se
1267 525 1330 562 ipso
1347 526 1555 562 permanentia,
1572 527 1607 554 ad
1625 534 1691 554 eum
1713 526 1904 563 signiﬁcandum

1117 571 1146 596 et
1160 569 1434 603 demonstrandum,
1451 570 1527 598 sicut
1542 570 1701 606 signiﬁcari
1713 573 1740 598 et
1752 570 1906 599 demonstra-

1118 614 1140 641 ri
1158 614 1333 641 mortalibus
1359 615 1520 650 oportebat,
1545 617 1661 642 mutata
1683 617 1766 650 atque
1786 622 1907 644 conversa.

1118 658 1251 693 Proinde,
1269 667 1438 695 quanquam
1453 658 1502 686 illa
1519 658 1655 686 columba
1670 658 1789 694 Spiritus
1802 659 1868 687 dicta
1878 659 1909 687 sit

1118 702 1222 739 (Ma/th.
1238 710 1280 737 ιιι,
1294 704 1348 739 16),
1365 706 1393 731 et
1413 703 1448 730 ds
1463 702 1513 731 illo
1529 704 1596 739 igne
1612 711 1679 731 cum
1692 703 1835 737 diceretur,
1854 704 1911 732 Visae

1117 749 1181 774 sunt
1196 748 1263 781 illis,
1286 748 1392 784 inquit,
1409 748 1516 783 lingua
1531 748 1630 777 divise
1652 747 1729 776 velut
1744 748 1821 782 ignis,
1842 748 1912 784 quiet

1119 792 1219 819 insedit
1233 800 1314 827 super
1329 800 1548 829 unumquemque
1560 800 1666 828 eorum,
1688 796 1714 820 ει
1726 793 1851 828 ceperunt
1869 792 1912 820 lin-

1119 837 1181 871 guis
1197 837 1281 872 loqui,
1298 837 1526 873 quemadmodum
1540 837 1661 873 Spiritus
1674 837 1752 865 dabat
1766 837 1803 864 eis
1813 843 1916 873 pronun-

1121 881 1268 917 tiare(Act.
1286 890 1316 914 ιι,
1332 882 1359 917 3,
1376 882 1412 918 li),
1430 883 1463 909 ut
1478 882 1645 909 ostenderet
1668 890 1718 918 per
1740 880 1817 908 illum
1836 880 1916 918 ignem

1121 925 1261 961 Spiritum
1279 927 1524 960 demonstratum,
1536 926 1613 954 sicut
1623 935 1672 963 per
1687 926 1844 954 columbam
1856 933 1917 954 :non

1120 972 1217 998 tamen
1233 970 1274 998 ita
1290 979 1448 1007 possumus
1470 971 1565 998 dicere
1591 971 1729 1007 Spiritum
1751 972 1874 998 sanctum
1895 971 1918 997 et

1123 1017 1212 1042 Deum
1237 1018 1266 1042 et
1292 1015 1458 1043 columbam
1474 1016 1494 1050 ¹,
1510 1018 1560 1043 aut
1576 1018 1604 1043 et
1623 1015 1716 1043 Deum
1730 1017 1759 1043 et
1772 1015 1870 1051 ignem,
1888 1013 1919 1041 ιὶ-

1122 1062 1172 1087 cut
1191 1059 1314 1087 dicimus
1332 1060 1438 1088 Filium
1452 1063 1480 1087 et
1494 1060 1586 1088 Deum
1602 1062 1631 1088 et
1646 1059 1792 1088 hominem
1807 1067 1815 1086 :
1830 1066 1876 1087 nec
1887 1057 1919 1086 si-

1122 1107 1171 1132 cut
1184 1104 1311 1132 dicimus
1333 1105 1438 1132 Filium
1454 1113 1562 1141 agnum
1577 1104 1639 1138 Dei,
1650 1113 1708 1133 non
1725 1104 1816 1133 solum
1830 1103 1921 1132 Jeannc

1122 1149 1254 1185 Baptista
1262 1150 1343 1177 dicen
1349 1151 1456 1182 te,Ecr:e
1463 1150 1556 1184 Agnus
1570 1150 1618 1177 Dei
1626 1148 1844 1184 (Joan.i.29);sed
1851 1147 1922 1176 etiam

1121 1193 1232 1222 Joanne
1243 1194 1423 1230 evangelista
1433 1194 1551 1221 vidente
1561 1194 1678 1230 Agnum
1693 1192 1853 1222 occisumin
1862 1192 1923 1227 Apo‘

1121 1238 1269 1275 pocalypsi
1278 1238 1439 1274 (Apoc.v,6).
1446 1238 1497 1266 illa
1506 1239 1614 1274 quippe
1624 1238 1698 1266 visio
1710 1236 1868 1275 prophetica
1877 1242 1922 1263 non

1120 1286 1164 1310 est
1179 1283 1308 1310 exhibita
1323 1282 1416 1310 oculis
1431 1283 1578 1318 corporeis
1595 1291 1646 1319 per
1657 1283 1767 1311 formas
1781 1287 1923 1317 corpore”.

1120 1328 1171 1355 sed
1188 1327 1215 1355 in
1232 1327 1336 1363 spiritu
1358 1335 1409 1363 per
1433 1327 1600 1363 spirituales
1621 1327 1766 1363 imagines
1780 1332 1923 1362 corporum.

1119 1372 1290 1401 Columbam
1303 1380 1369 1400 vero
1381 1372 1461 1399 illam
1473 1374 1502 1399 et
1515 1372 1612 1408 ignem
1628 1371 1725 1400 oculis
1735 1368 1923 1405 viderungqui-

1119 1425 1246 1453 cumque
1256 1417 1578 1452 viderunt.0uanquam
1595 1417 1630 1444 de
1646 1416 1715 1452 igne
1731 1414 1925 1451 disceptade-

1118 1463 1184 1496 test,
1202 1464 1300 1489 utrum
1313 1461 1417 1494 oculis,
1425 1469 1461 1488 an
1478 1460 1581 1496 spiritu
1597 1461 1680 1488 visus
1696 1461 1861 1496 sit,propter
1873 1466 1925 1486 ver-

1120 1505 1158 1534 ba
1174 1506 1216 1533 sic
1232 1505 1335 1541 posita.
1353 1505 1414 1533 Non
1430 1505 1508 1533 enim
1525 1505 1575 1538 ait,
1590 1505 1736 1533 Viderunt
1747 1504 1857 1541 linguas
1869 1501 1926 1530 divi«

1117 1559 1166 1578 sas
1179 1550 1258 1578 velut
1274 1550 1370 1586 ignem
1383 1559 1390 1584 ;
1407 1550 1540 1582 sed,Visae
1554 1553 1618 1577 sunt
1628 1550 1680 1577 eis.
1699 1549 1763 1577 Non
1780 1550 1871 1576 autem
1883 1546 1925 1574 sub

1118 1596 1218 1623 eadem
1234 1594 1448 1630 significatione
1464 1594 1592 1622 solemus
1607 1593 1818 1629 dicere,Visum
1832 1590 1925 1620 estmi-

1118 1639 1159 1672 bi,
1175 1648 1233 1675 qua
1249 1639 1386 1671 dicimus,
1398 1638 1474 1666 Vidi.
1487 1639 1523 1666 Et
1535 1639 1564 1665 in
1578 1638 1637 1665 illis
1653 1638 1773 1674 quidem
1788 1634 1926 1674 spirituali-

1119 1684 1174 1711 bus
1189 1683 1258 1711 visis
1275 1683 1435 1719 imaginum
1452 1682 1648 1719 corporalium
1665 1683 1743 1711 solet
1758 1681 1825 1715 dici,
1841 1683 1876 1714 et,
1892 1678 1928 1707 Vi“

1119 1736 1185 1756 sum
1201 1730 1246 1756 est
1261 1728 1333 1755 mihi
1347 1740 1353 1761 ;
1369 1730 1408 1762 et,
1428 1727 1494 1755 Vidi
1515 1735 1522 1755 :
1540 1727 1570 1755 in
1583 1727 1651 1755 istis
1665 1736 1735 1756 vero
1750 1735 1815 1764 quas
1828 1733 1875 1762 per
1890 1732 1927 1752 sx-

1119 1781 1249 1808 pressam
1259 1772 1437 1808 corporalem
1449 1774 1576 1808 speciem
1588 1772 1684 1800 oculis
1693 1770 1925 1802 demonstrantur,

1119 1826 1175 1845 non
1192 1817 1266 1845 solet
1280 1817 1348 1851 dici,
1364 1816 1467 1844 Visum
1483 1819 1527 1844 est
1542 1816 1615 1844 mihi
1630 1825 1639 1845 ι
1653 1817 1719 1852 sed,
1745 1815 1820 1843 Vidi.
1842 1814 1880 1843 De
1889 1811 1928 1841 illo

1117 1870 1186 1898 ergo
1202 1862 1268 1898 igne
1284 1863 1379 1897 potest
1393 1870 1458 1889 esse
1472 1860 1603 1897 quaestio,
1626 1861 1779 1897 quomodo
1793 1859 1871 1888 visne
1882 1856 1926 1891 sit;

1118 1907 1216 1933 utrum
1233 1905 1312 1932 intus
1330 1904 1358 1932 in
1375 1904 1479 1940 spiritu
1496 1908 1635 1940 tanquam
1654 1905 1738 1939 foris,
1748 1913 1785 1933 an
1801 1911 1863 1932 vere
1871 1900 1927 1942 fql'll

1119 1957 1215 1977 coram
1233 1949 1323 1976 oculis
1337 1949 1487 1977 carnis.De
1498 1949 1548 1977 illa
1562 1957 1629 1977 vero
1645 1949 1787 1978 columba
1797 1956 1858 1986 quae
1866 1946 1928 1975 dicta

1119 1996 1163 2022 est
1194 1993 1336 2029 corporali
1353 1994 1449 2029 specie
1477 1994 1675 2028 descendisse,
1699 1993 1802 2022 nullus
1816 1997 1927 2028 unquam

1118 2038 1270 2066 dubitavit
1280 2038 1356 2073 quod
1365 2038 1457 2066 oculis
1464 2038 1526 2066 visa
1540 2038 1650 2066 sit.Nec
1671 2038 1751 2066 sicut
1765 2037 1883 2066 dicimus
1893 2033 1930 2063 Fi-

1118 2083 1190 2110 lium
1209 2085 1318 2119 petram
1334 2082 1490 2119 (scriptum
1509 2086 1552 2110 est
1568 2083 1658 2116 enim,
1678 2087 1763 2112 Petra
1787 2080 1931 2110 autetiam!

1119 2127 1243 2155 Christus
1257 2127 1278 2163 [Ι
1296 2127 1356 2155 Cor.
1370 2136 1397 2160 ι,
1409 2127 1460 2163 4]),
1471 2127 1510 2155 ita
1523 2135 1685 2163 possumus
1696 2128 1796 2156 dicere
1809 2124 1928 2163 Spiritum

1119 2172 1284 2200 columbam
1301 2171 1345 2199 vel
1360 2171 1470 2208 ignem.
1488 2171 1538 2199 illa
1553 2172 1631 2200 enim
1649 2175 1736 2208 petra
1756 2172 1830 2208 jam.
1843 2167 1930 2199 eratin

1120 2219 1263 2251 creatura,
1280 2219 1308 2244 et
1321 2223 1372 2252 per
1386 2216 1510 2244 actionis
1522 2217 1641 2244 modum
1655 2218 1830 2253 nuncupata
1842 2215 1884 2243 est
1893 2219 1930 2240 Ilo-

1120 2261 1198 2289 mine
1208 2261 1313 2289 Christi
1323 2269 1410 2297 quem
1422 2261 1621 2297 signiﬁcabat:
1630 2261 1794 2297 sicutlapis
1804 2259 1932 2294 illequam

1119 2306 1207 2334 Jacob
1224 2305 1351 2341 positum
1364 2305 1398 2332 ad
1416 2307 1503 2341 caput
1518 2305 1606 2333 etiam
1623 2305 1785 2333 unctione'
1795 2304 1830 2332 ad
1842 2299 1933 2341 signiﬁ-

1120 2351 1246 2378 candum
1264 2350 1421 2377 Dominum
1438 2350 1599 2385 assumpsit
1610 2349 1689 2385 (Gen.
1701 2344 1934 2384 xxvni,18):siﬂlt

1122 2396 1202 2423 Isaac
1218 2394 1351 2422 Christus
1367 2397 1437 2427 erat,
1454 2402 1521 2421 cum
1536 2395 1571 2422 ad
1589 2403 1619 2422 se
1634 2394 1855 2423 immolandum
1868 2391 1933 2427 ligni

1122 2440 1256 2475 portabat
1270 2439 1320 2474 (Id.
1340 2448 1411 2472 xxu,
1431 2439 1469 2473 6).
1493 2439 1622 2467 Accessit
1637 2439 1706 2467 istis
1728 2438 1804 2467 actio
1818 2435 1933 2474 qnsdlm

1122 2484 1383 2520 signiticativajam
1395 2484 1606 2511 existentibus:
1620 2492 1679 2511 non
1691 2486 1805 2517 autem,
1816 2481 1886 2510 sicut
1894 2477 1934 2506 illi

1123 2528 1259 2556 columba
1274 2531 1302 2556 et
1316 2528 1403 2564 ignis,
1421 2528 1455 2555 ad
1473 2527 1534 2555 haec
1561 2527 1774 2556 tantummodo
1788 2524 1935 2564 signiﬂoﬂ'

1123 2574 1161 2601 da
1177 2574 1293 2608 repente
1314 2572 1498 2600 exstiterunt.
1512 2572 1604 2608 Magis
1619 2572 1679 2600 ista
1696 2571 1807 2600 similia
1825 2567 1892 2599 mihi
1902 2565 1936 2593 νί-

1123 2619 1229 2646 dentur
1240 2617 1363 2645 ﬂamma:
1373 2616 1412 2644 illi
1420 2625 1482 2652 qua
1490 2616 1519 2644 in
1527 2617 1600 2645 rubo
1607 2616 1749 2652 apparuit
1757 2613 1846 2652 Moysi
1852 2608 1934 2650 (Stoli-

1124 2671 1165 2696 in,
1176 2663 1215 2698 2),
1231 2664 1259 2689 et
1274 2661 1314 2689 illi
1329 2662 1471 2689 columnae
1495 2669 1585 2696 quam
1601 2660 1734 2697 populus
1748 2661 1779 2688 in
1794 2664 1887 2688 eremo
1897 2662 1936 2683 Ιο·

1124 2707 1269 2743 quebatur
1283 2706 1332 2742 (Id.
1349 2705 1458 2739 xm,21,
1475 2705 1531 2741 22),
1542 2707 1572 2733 et
1587 2705 1758 2741 fulguribus
1773 2706 1804 2732 et
1815 2697 1936 2732 tonitnlil

1119 2806 1133 2813 ‘
1157 2811 1163 2827 ¹
1184 2809 1273 2833 Plures
1287 2809 1359 2836 Mss.
1374 2815 1423 2832 non
1439 2809 1525 2832 tamen
1539 2808 1577 2831 Ita
1585 2812 1723 2834 ιιοεηιπιιιι
1736 2806 1822 2832 diem

1123 2844 1240 2864 senatuin
1255 2847 1334 2864 unam
1350 2846 1485 2864 personam
1501 2838 1626 2864 Spiritum
1648 2844 1773 2864 sanctum
1794 2838 1819 2863 οι
1917 2829 1937 2857 ἀ

1123 2829 1240 2895 sapt-ia}?
1246 2829 1338 2864 ῖιιῖἷιῐ
1343 2829 1628 2871 testestestes;
1633 2829 1640 2831 ⁷
1648 2829 1777 2864 iam;
1781 2829 1819 2863 ὀἱ
1834 2829 1908 2864 uiu-
1917 2829 1938 2857 ἀ

1125 2880 1153 2897 σο
1165 2879 1206 2895 um
1226 2879 1276 2895 am.
1733 2881 1736 2882 '
1887 2894 1902 2897 ﬂ

1306 2902 1347 2928 Er.
1364 2903 1391 2928 et
1404 2901 1468 2927 Mn.
1488 2901 1609 2933 AtLov.,
1621 2900 1712 2934 pomi
1729 2894 1936 2933 eam.“
