4100 6194
312 384 428 448 857

311 525 495 578 etnon
519 522 627 578 hoc
650 521 760 579 isto
777 538 1043 579 sermone
1065 524 1455 595 suscepimus.
1472 522 1885 578 Verumtamen
1911 522 1960 576 si

311 611 449 666 solae
469 628 636 667 voces
658 620 715 667 et
732 613 960 668 sonitus
996 613 1229 677 ﬁebant,
1254 613 1467 684 quibus
1492 613 1757 683 quaedam
1783 612 1964 667 sensi-

309 700 445 755 bilis
471 701 773 771 praasentia
812 701 907 756 Dei
933 702 1134 770 primis
1158 702 1275 756 illis
1320 702 1659 756 hominibus
1684 702 1961 771 praabere-

309 793 425 855 tur,
455 806 560 843 cur
580 790 658 843 ibi
699 807 1003 861 personam
1030 792 1125 845 Dei
1152 792 1339 846 Patris
1365 809 1476 845 non
1503 790 1823 862 intelligam
1859 806 1961 844 ne-

310 878 458 933 scio:
482 877 953 949 quandoquidem
980 895 1223 950 persona
1244 882 1370 949 ejus
1392 880 1722 934 ostenditur
1742 883 1799 933 et
1816 878 1871 931 in
1896 894 1964 932 ea

312 982 473 1030 voce,
508 982 640 1021 cum
664 971 838 1021 Jesus
871 968 926 1021 in
962 973 1159 1023 monte
1193 985 1388 1023 coram
1434 968 1622 1023 tribus
1656 967 1964 1038 discipulis

310 1054 663 1127 praefulgens
724 1057 994 1126 apparuit
1053 1059 1258 1127 (Matth.
1302 1075 1440 1123 xvu,
1482 1059 1577 1123 5);
1634 1063 1691 1112 et
1731 1056 1789 1110 in
1842 1056 1961 1120 illa,

311 1146 548 1216 quando
572 1162 746 1213 super
770 1147 1123 1215 baptizatum
1147 1148 1416 1203 columba
1438 1147 1739 1201 descendit
1760 1146 1858 1215 (Id.
1876 1162 1960 1214 ιιι,

310 1234 428 1304 17);
461 1240 517 1288 et
546 1234 604 1288 in
648 1233 746 1288 illa
788 1236 885 1289 ubi
931 1237 1000 1290 ad
1035 1237 1263 1291 Patrem
1299 1238 1369 1291 de
1418 1254 1525 1290 sua
1553 1235 1963 1290 clariiicatione

306 1322 773 1393 clamavit,eique
804 1340 1151 1394 responsum
1185 1331 1292 1395 est,
1329 1326 1391 1379 Et
1412 1325 1739 1395 clariﬁbavi,
1772 1328 1822 1377 et
1856 1325 1963 1377 ite-

308 1428 431 1466 rum
488 1411 802 1481 clariﬁcabo
833 1414 1009 1483 (Joan.
1044 1430 1147 1480 xu,
1195 1414 1307 1479 28).
1349 1413 1470 1468 Non
1522 1414 1661 1484 quia
1695 1412 1815 1467 ﬁeri
1857 1428 1962 1483 po-

309 1500 424 1554 tuit
454 1517 562 1554 vox
583 1500 710 1555 sine
737 1517 907 1572 opere
942 1501 1069 1555 Filii
1093 1508 1150 1556 et
1181 1502 1434 1573 Spiritus
1465 1502 1652 1556 sancti
1684 1500 1963 1561 (Trinitas

309 1588 526 1661 quippe
560 1590 1028 1661 inseparabiliter
1068 1593 1402 1663 operatur);
1440 1593 1537 1646 sed
1585 1590 1721 1661 quia
1760 1606 1827 1645 ea
1856 1606 1963 1644 vox

310 1678 464 1733 facta
494 1684 604 1747 est,
629 1696 757 1750 qua
789 1680 971 1735 solius
1019 1697 1323 1749 personam
1362 1681 1549 1735 Patris
1581 1680 1913 1735 ostenderet
1945 1694 1957 1732 :

307 1767 795 1824 sicuthumanam
812 1769 968 1823 illam
991 1774 1234 1825 tormam
1252 1787 1317 1824 ex
1338 1770 1555 1841 virgine
1579 1767 1961 1823 Maria'l‘rini-

308 1868 397 1912 tas
419 1863 655 1928 operata
675 1865 781 1923 est,
809 1860 908 1913 sed
934 1858 1117 1914 solius
1146 1860 1266 1914 Filii
1286 1876 1531 1931 persona
1548 1865 1657 1925 est;
1674 1857 1959 1912 visibilem

306 1963 567 2017 namque
599 1947 726 2001 Filii
764 1949 949 2002 solius
974 1965 1308 2018 personam,
1352 1947 1664 2002 invisibilis
1704 1948 1961 2002 Trinitas

310 2041 545 2107 operata
564 2042 670 2092 est.
696 2037 809 2091 Nec
834 2054 939 2092 nos
961 2038 1181 2108 aliquid
1204 2038 1488 2108 prohibet,
1522 2037 1653 2093 illas
1683 2053 1851 2091 voces
1873 2036 1959 2091 fa-

311 2130 436 2179 ctas
460 2125 528 2179 ad
557 2126 762 2194 Adam,
798 2143 910 2181 non
943 2126 1129 2181 solum
1164 2144 1196 2181 a
1225 2126 1507 2182 'l‘rinitate
1541 2128 1721 2181 factas
1749 2125 1958 2180 intelli-

310 2230 464 2283 gere,
500 2216 600 2269 sed
643 2216 818 2269 etiam
852 2231 1156 2286 personam
1194 2216 1663 2271 demonstrantes
1694 2216 1959 2286 ejusdem

309 2302 612 2357 Trinitatis
636 2304 917 2374 accipere.
944 2305 1023 2359 lbi
1046 2304 1198 2360 enim
1225 2306 1507 2377 cogimur,
1526 2304 1756 2359 nonnisi
1774 2303 1961 2359 Patris

309 2394 587 2463 accipere,
614 2392 711 2446 ubi
735 2394 958 2447 dictum
982 2396 1203 2460 est,llic
1219 2403 1295 2449 est
1320 2395 1501 2449 Filius
1538 2410 1691 2448 meus
1720 2395 1961 2448 dilectus

305 2480 530 2547 (Matth.
555 2497 639 2544 ιιι,
668 2481 979 2552 17).Neque
1000 2483 1157 2537 enim
1174 2482 1347 2538 Jcsus
1368 2482 1537 2537 etiam
1560 2482 1809 2555 Spiritus
1833 2500 1962 2537 san-

308 2569 382 2624 cti
408 2569 584 2637 tilius,
608 2575 708 2624 aut
732 2570 905 2625 etiam
930 2588 1077 2626 suus
1100 2572 1257 2627 {ilius
1286 2572 1441 2627 credi
1462 2578 1565 2626 aut
1588 2571 1834 2643 intelligi
1860 2588 1958 2643 po-

307 2662 440 2713 test.
463 2659 530 2713 Et
548 2659 646 2713 ubi
664 2661 879 2726 sonuit,
904 2662 1306 2731 Etclari/icavi,
1330 2666 1380 2717 et
1404 2664 1604 2715 iterum
1623 2662 1957 2731 elariﬁcabo,

306 2763 420 2801 non
432 2748 569 2802 nisti
595 2749 785 2804 Patris
808 2765 1113 2819 personam
1133 2750 1732 2820 latemur.Responsio
1746 2750 1959 2821 quippe

307 2846 393 2891 est
424 2838 492 2890 ad
518 2836 681 2891 illam
709 2838 930 2892 Domini
952 2854 1149 2894 vocem
1173 2839 1545 2911 quadixerat,
1574 2840 1766 2902 Pater,
1789 2840 1957 2893 clari-

307 2926 412 2995 ﬁca
432 2926 635 2980 Filium
660 2936 814 2981 tuum
836 2944 854 2980 :
900 2928 1050 2999 quod
1102 2944 1215 2982 non
1261 2929 1449 2998 potuit
1479 2927 1669 2981 dicere
1700 2926 1809 2981 nisi
1846 2931 1959 2983 Deo

308 3015 466 3067 Patri
490 3019 744 3083 tantum,
766 3032 877 3070 non
904 3022 960 3070 et
980 3015 1213 3087 spiritui
1239 3021 1461 3081 sancto,
1485 3018 1655 3084 cujus
1695 3032 1809 3071 non
1838 3020 1960 3071 erat

306 3101 487 3158 illius.
520 3103 623 3159 Hic
645 3109 841 3159 autem
866 3104 963 3159 ubi
996 3104 1277 3176 scriptum
1303 3111 1413 3173 est,
1438 3109 1510 3159 Et
1530 3106 1671 3160 dixit
1693 3107 1958 3160 Dominus

305 3192 536 3247 Deusad
572 3193 764 3262 Adam,
794 3210 899 3248 cur
942 3211 1053 3249 non
1107 3194 1235 3266 ipsa
1274 3195 1529 3250 Trinitas
1576 3194 1955 3266 intelligatur,

311 3280 458 3335 nihil
479 3281 590 3335 dici
624 3287 835 3354 potest.

381 3404 466 3457 19.
492 3405 770 3460 Similiter
789 3406 963 3461 etiam
984 3408 1137 3478 quod
1163 3408 1446 3478 scriptum
1471 3411 1579 3472 est,
1604 3408 1665 3463 Et
1683 3408 1828 3463 dixit
1850 3410 1957 3464 Do-

304 3496 496 3549 minus
522 3496 592 3549 ad
634 3496 903 3550 Abraham
928 3514 945 3550 :
964 3497 1069 3551 Exi
1089 3498 1153 3551 de
1176 3502 1326 3551 terra
1347 3506 1453 3550 tua.
1483 3506 1532 3551 et
1551 3498 1614 3551 de
1641 3502 1959 3568 cognatione

306 3589 488 3647 tua.et
506 3584 572 3639 de
588 3585 741 3640 domo
759 3587 935 3656 patris
958 3587 1185 3654 tui,non
1205 3592 1292 3641 est
1314 3593 1809 3656 apertum,utrum
1833 3588 1958 3644 sola

306 3688 417 3727 vox
450 3675 598 3728 facta
628 3673 704 3728 sit
746 3675 815 3728 ad
850 3691 1020 3728 aures
1046 3674 1309 3741 Abrahae,
1338 3692 1410 3729 an
1437 3681 1493 3729 et
1514 3674 1735 3745 aliquid
1769 3676 1956 3732 oculis

308 3761 437 3832 ejus
458 3763 810 3833 apparuerit.
869 3762 1045 3817 Paulo
1072 3767 1201 3834 post
1231 3768 1423 3818 autem
1448 3762 1745 3834 aliquanto
1790 3782 1955 3837 aper-

308 3852 429 3905 tius
458 3851 680 3905 dictum
695 3856 801 3915 est,
834 3853 1058 3907 Etvisus
1088 3856 1165 3907 est
1197 3854 1455 3907 Dominus
1488 3853 1956 3917 {brahwmtdixit

310 3941 399 3995 illi
429 3957 441 3994 :
486 3940 698 3995 Semini
724 3945 816 3996 tuo
856 3942 999 3996 dabo
1030 3945 1233 3995 terram
1267 3943 1408 3996 hanc
1454 3941 1606 4013 (Gen.
1656 3960 1755 4011 xu,
1791 3945 1841 4010 1,
1874 3944 1951 4015 7).

307 4029 417 4085 Sed
448 4046 550 4084 nec
584 4030 660 4084 ibi
692 4046 1028 4101 expressum
1078 4036 1187 4099 est,
1221 4030 1278 4083 in
1322 4048 1439 4102 qua
1468 4032 1657 4103 specie
1688 4033 1850 4087 visus
1879 4033 1956 4089 sit

305 4120 357 4174 ei
388 4118 697 4185 Dominus;
740 4124 841 4173 aut
891 4124 1086 4173 utrum
1136 4118 1325 4183 Pater,
1358 4137 1430 4173 an
1465 4120 1665 4188 Filius,
1717 4138 1788 4175 an
1824 4122 1954 4193 Spi-

307 4208 453 4263 ritus
484 4214 723 4263 sanctus
753 4210 801 4263 ei
834 4209 994 4262 visus
1028 4210 1122 4264 sit.
1149 4208 1268 4264 Nisi
1304 4211 1445 4264 forte
1477 4210 1603 4264 ideo
1639 4216 1845 4281 putant
1869 4212 1955 4266 Fi-

302 4297 448 4353 lium
498 4298 688 4353 visum
728 4314 855 4352 esse
886 4298 1149 4367 Abrahae,
1177 4299 1313 4370 quia
1358 4316 1469 4353 non
1512 4300 1795 4370 scriptum
1842 4306 1951 4367 est,

300 4388 479 4442 Visus
510 4391 598 4442 est
628 4387 677 4441 ei
706 4389 881 4448 Deus;
915 4388 1038 4450 sed,
1076 4387 1225 4442 Visus
1253 4392 1332 4442 est
1377 4390 1429 4442 ei
1474 4389 1756 4443 Dominus.
1799 4390 1952 4444 Tan-

304 4493 483 4547 quam
514 4477 670 4532 enim
696 4476 927 4547 proprie
957 4476 1188 4530 videtur
1211 4475 1391 4530 Filius
1423 4476 1706 4531 Dominus
1733 4479 1950 4546 vocari,

301 4566 530 4621 dicente
562 4564 1000 4635 Apostolo,Nam
1020 4573 1069 4619 et
1092 4566 1139 4618 si
1158 4572 1283 4618 sunt
1312 4566 1407 4634 qui
1426 4564 1693 4620 dicuntur
1721 4568 1806 4621 dii
1834 4570 1951 4622 sive

303 4658 361 4711 in
392 4658 523 4710 creto
551 4655 668 4709 sive
698 4656 757 4709 in
789 4662 958 4722 terra,
988 4655 1152 4707 sicuti
1198 4657 1328 4706 sunt
1358 4653 1440 4707 dii
1470 4656 1631 4707 multi
1661 4658 1710 4709 et
1739 4655 1952 4710 domini

299 4747 464 4800 multi
491 4763 509 4799 :
538 4745 694 4800 nobis
740 4752 923 4798 tamen
956 4759 1094 4797 unus
1126 4744 1265 4797 Deus
1294 4744 1481 4811 Pater,
1514 4760 1584 4797 ea;
1612 4760 1714 4814 quo
1764 4747 1950 4799 omnia

300 4840 348 4892 et
378 4852 474 4890 nos
505 4837 565 4890 in
596 4837 751 4905 ipso;
778 4836 828 4888 et
860 4849 999 4886 unus
1030 4833 1293 4887 Dominus
1340 4836 1498 4887 Jesus
1548 4833 1813 4899 Christus,
1848 4850 1950 4901 per

299 4941 456 4997 quem
479 4926 688 4987 omnia,
725 4927 777 4977 et
807 4940 906 4976 nos
922 4939 1026 4993 per
1045 4924 1223 4991 ipsum
1252 4921 1295 4989 (Ι
1330 4921 1449 4976 Cor.
1482 4939 1608 4984 VIII.
1640 4924 1693 4993 5,
1733 4924 1808 4987 6).
1836 4924 1946 4978 Sed

299 5030 432 5070 cum
460 5019 516 5069 et
536 5013 690 5069 Deus
709 5012 873 5066 Pater
898 5011 1097 5065 multis
1123 5010 1261 5065 locis
1284 5011 1821 5066 inveniaturdictus
1846 5017 1947 5067 Do-

300 5104 517 5171 minus,
546 5101 713 5157 sicuti
741 5104 827 5154 est
867 5098 1305 5163 illud,Dominus
1330 5100 1481 5154 dixit
1516 5100 1585 5154 ad
1625 5116 1743 5155 me:
1769 5102 1947 5156 Filius

296 5210 447 5250 meus
469 5211 525 5249 es
555 5196 634 5255 tu,
667 5208 762 5260 ego
784 5189 943 5245 hodie
976 5191 1147 5260 genui
1174 5196 1228 5244 te
1250 5191 1423 5260 (Psul.
1450 5208 1510 5260 ιι,
1534 5193 1589 5262 7)
1617 5208 1629 5258 ;
1681 5196 1737 5246 et
1776 5191 1944 5257 illud,

296 5287 449 5343 Dixit
473 5284 739 5339 Dominus
763 5281 992 5336 Domino
1014 5295 1133 5333 meo
1156 5297 1175 5333 :
1192 5279 1325 5334 Sede
1346 5280 1423 5334 ad
1442 5282 1724 5336 dexteram
1744 5299 1941 5347 meam,

296 5375 610 5448 (Psul.c1x,
649 5373 733 5445 1):
761 5388 893 5426 cum
917 5370 1093 5425 etiam
1126 5370 1378 5441 Spiritus
1401 5377 1639 5427 sanctus
1662 5372 1945 5428 Dominus

296 5466 488 5521 dictus
520 5461 866 5525 inveniatur,
885 5458 981 5513 ubi
1004 5458 1317 5530 Apostolus
1343 5459 1444 5527 ait,
1474 5462 1739 5515 Dominus
1762 5470 1946 5516 autem

295 5556 531 5628 Spiritus
558 5560 657 5619 est;
679 5555 737 5606 et
758 5566 828 5604 ne
854 5548 1168 5620 quisquam
1207 5547 1588 5603 arbitraretur
1628 5550 1836 5605 Filium
1860 5551 1943 5606 si-

293 5639 872 5717 gnificatum,etideo
896 5638 1117 5692 dictum
1133 5636 1407 5707 spiritum
1433 5640 1944 5711 propterincorpo-

294 5749 455 5791 ream
473 5728 1143 5795 subetantisem,secutus
1163 5726 1473 5784 contexuit.
1493 5728 1592 5784 Ubi
1609 5733 1797 5785 autem
1813 5729 1944 5803 Spi-

1664 386 1896 448 LIBER
1938 383 2368 448 SECUNDUS.

3597 377 3716 440 858

2068 521 2211 575 ritus
2236 522 2474 588 Domini,
2509 520 2591 575 ibi
2611 520 2835 576 libertas
2852 521 2925 591 (tl
2948 518 3287 589 Cor.m,t7);
3313 516 3589 589 Spiritum
3614 532 3712 570 au-

2068 616 2186 665 tem
2217 610 2447 664 Domini
2479 610 2763 681 Spiritum
2791 616 3200 665 sanctumesse
3225 607 3712 663 nemodubitave-

2067 700 2143 754 rit
2167 718 2179 754 :
2202 717 2389 771 neque
2408 700 2501 754 hic
2530 718 2666 771 ergo
2688 700 2983 754 evidenter
3013 705 3269 769 apparet,
3296 704 3491 751 utrum
3518 696 3716 766 aliqua

2066 805 2134 843 ex
2162 789 2443 843 Trinitate
2466 804 2730 859 persona,
2757 806 2827 842 an
2870 789 3023 843 Deus
3044 788 3169 859 ipse
3210 786 3483 847 Trinitas,
3510 786 3577 838 de
3602 801 3717 853 quo

2069 894 2183 932 uno
2216 877 2329 932 Deo
2360 878 2580 931 dictum
2604 884 2711 940 est,
2739 880 3027 932 Dominum
3064 879 3232 931 Deum
3255 882 3413 930 tuum
3442 875 3716 939 adorabis,

2068 972 2121 1023 et
2144 964 2237 1021 illi
2257 968 2361 1021 soli
2380 970 2583 1021 svrvies
2605 968 2781 1036 (Deut.
2807 984 2880 1029 νι,
2920 968 3024 1037 13),
3052 966 3209 1021 visus
3252 966 3427 1019 fuerit
3449 962 3713 1017 Abrahae.

2066 1057 2182 1109 Sub
2212 1056 2339 1111 ilice
2361 1061 2555 1110 autem
2590 1055 2847 1110 Mambre
2870 1062 2986 1110 tres
3011 1058 3160 1110 viros
3193 1055 3353 1119 vidit,
3402 1053 3616 1125 quibus
3661 1056 3717 1107 et

2069 1144 2328 1198 invitatis
2352 1144 2717 1215 hospitioque
2738 1146 3027 1215 susceptis
3041 1143 3480 1215 etepulantibus
3506 1140 3712 1196 ruinis-

2066 1233 2362 1287 travit.Sic
2388 1239 2579 1287 tamen
2600 1233 2901 1304 Scriptura
2922 1232 3079 1287 illam
3098 1250 3215 1287 rem
3241 1237 3459 1303 gestam
3480 1246 3716 1285 narrare

2068 1323 2260 1392 coepit.
2296 1327 2357 1376 ut
2389 1340 2502 1377 non
2524 1322 2699 1388 dicat,
2732 1322 2854 1377 Visi
2876 1324 3085 1377 suntet
3108 1329 3223 1377 tres
3249 1321 3374 1388 viri;
3407 1321 3532 1385 sed,
3569 1321 3718 1374 Visus

2066 1415 2141 1466 est
2166 1413 2219 1466 ei
2250 1412 2529 1467 Dominus.
2583 1417 2767 1482 Atque
2808 1412 2941 1465 inde
2974 1416 3395 1481 consequenter
3424 1426 3718 1480 exponens

2068 1500 2359 1571 quomodo
2398 1502 2448 1554 ei
2486 1501 2639 1556 visus
2663 1502 2739 1555 sit
2761 1500 3067 1565 Dominus,
3092 1500 3291 1553 attexit
3323 1498 3716 1553 narrationem

2067 1590 2137 1644 de
2168 1590 2356 1644 tribus
2376 1591 2535 1657 viris,
2564 1608 2711 1661 quos
2748 1590 3041 1645 Abraham
3079 1606 3179 1660 per
3203 1588 3480 1659 pluralem
3508 1604 3710 1641 nume-

2067 1694 2198 1731 rum
2218 1678 2443 1748 invitat,
2471 1686 2531 1731 ut
2554 1679 2804 1750 hospitio
2823 1678 3123 1749 suscipiat;
3150 1682 3206 1731 et
3231 1683 3427 1747 postea
3448 1675 3708 1745 singula-

2066 1767 2205 1820 riter
2226 1767 2380 1821 sicut
2400 1784 2581 1822 unum
2603 1768 2936 1836 alloquitur;
2961 1772 3017 1821 et
3046 1767 3197 1821 sicut
3232 1783 3382 1820 unus
3406 1765 3455 1819 ei
3481 1766 3549 1819 de
3571 1764 3716 1818 Sara

2068 1855 2254 1910 tilium
2290 1856 2617 1927 pollicetur,
2663 1874 2837 1928 quem
2864 1855 3175 1910 Dominum
3209 1854 3352 1908 dicit
3390 1854 3711 1924 Scriptura,

2065 1945 2285 1999 sicutin
2309 1946 2571 2014 ejusdem
2591 1945 2936 2001 narrationis
2951 1944 3204 2009 exordio,
3221 1948 3379 1998 Visus
3400 1942 3711 2013 est,inquit,

2064 2035 2327 2089 Dominus
2357 2036 2828 2091 AbrahéeJnvitat
2855 2052 3011 2109 ergo,
3041 2037 3098 2087 et
3127 2033 3301 2103 [.edes
3330 2035 3503 2100 lavat,
3537 2040 3593 2089 et
3622 2034 3715 2087 de—

2065 2124 2225 2179 ducit
2260 2126 2539 2181 abeuntes
2560 2138 2836 2197 tanquam
2870 2128 3137 2183 homines
3169 2144 3181 2181 :
3218 2126 3479 2198 loquitur
3518 2130 3712 2179 autem

2064 2217 2346 2285 tanquam
2372 2231 2500 2271 cum
2536 2216 2777 2271 Domino
2812 2222 2942 2281 Deo,
2966 2217 3084 2272 sive
3115 2233 3247 2271 cum
3280 2216 3328 2271 ei
3362 2214 3716 2286 promittitur

2066 2302 2241 2371 (ilius,
2262 2304 2381 2358 sive
2403 2321 2536 2360 cum
2555 2306 2605 2359 ei
2630 2306 2900 2361 Sodomis
2922 2305 3237 2361 imminens
3262 2304 3529 2359 interitus
3561 2302 3709 2357 indi-

2067 2397 2233 2447 (atur
2254 2392 2403 2463 (Gen.
2432 2400 2611 2460 xvm).

2135 2499 2371 2555 CAPUT
2409 2500 2501 2556 ΧΙ.
2535 2503 2704 2557 -20.
2743 2502 2815 2557 De
2844 2502 3030 2557 eadem
3050 2503 3279 2558 visione.
3314 2502 3438 2557 Non
3472 2517 3711 2573 parvam

2065 2605 2254 2660 neque
2294 2591 2688 2645 transitoriam
2737 2591 3261 2647 considerationem
3312 2591 3567 2662 postulat
3605 2591 3713 2645 iste

2064 2678 2377 2749 Scripturaa
2409 2678 2591 2734 locus.
2616 2680 2673 2733 Si
2704 2680 2857 2734 enim
2881 2681 2967 2733 vir
2999 2697 3153 2734 unus
3184 2680 3341 2734 visus
3358 2680 3710 2750 fuisset,jam

2064 2765 2147 2820 illi
2186 2766 2283 2837 qui
2318 2768 2521 2821 dicunt
2542 2775 2599 2822 et
2642 2769 2982 2839 priusquam
3008 2769 3079 2823 de
3118 2769 3337 2841 virgine
3380 2775 3715 2823 nasceretur

2064 2872 2165 2927 per
2196 2872 2364 2910 suam
2388 2857 2778 2912 substantiam
2802 2857 3091 2912 visibilem
3116 2858 3348 2927 Filium,
3378 2858 3515 2928 quid
3552 2858 3707 2911 aliud

2062 2961 2237 3015 quam
2260 2945 2454 3017 ipsum
2479 2963 2607 3002 esse
2637 2947 3284 3011 clamarent?0uoniam
3310 2946 3378 3000 de
3401 2947 3587 3014 Patre,
3622 2945 3709 2999 in-

2062 3034 2293 3104 quiunt,
2318 3036 2540 3090 dictum
2566 3040 2672 3099 est,
2699 3037 2976 3091 lnvisibiii
3010 3037 3114 3091 soli
3142 3038 3309 3107 Deo(l
3336 3037 3478 3091 Tim.
3514 3052 3552 3099 ι,
3602 3036 3711 3106 17).

2062 3124 2336 3178 Ettamen
2366 3141 2588 3194 possem
2614 3126 2803 3180 adhuc
2826 3127 3401 3195 quairere,quomodo
3433 3129 3708 3179 antesus-

2062 3217 2289 3283 ceptam
2327 3230 2586 3277 carnem,
2610 3214 2801 3268 habitu
2821 3218 2901 3269 est
2931 3217 3186 3269 inventus-
3208 3223 3266 3269 ut
3296 3216 3454 3271 homo
3482 3231 3492 3269 :
3520 3231 3707 3285 quan-

2062 3302 2377 3373 doquidem
2397 3304 2446 3357 ei
2464 3304 2639 3375 pedes
2662 3302 2760 3358 loti
2778 3304 3284 3367 sunt,ethumanis
3304 3303 3709 3375 epulisepula-

2062 3395 2160 3445 tus
2181 3391 2627 3455 est'lQuomodo
2664 3393 2817 3447 istud
2843 3394 2961 3447 ﬁeri
2992 3399 3234 3463 poterat,
3260 3410 3391 3446 cum
3436 3393 3624 3446 adhuc
3657 3395 3712 3445 in

2060 3483 2242 3549 [arma
2272 3482 2369 3535 Dei
2399 3485 2551 3545 esset,
2578 3498 2686 3536 non
2712 3484 2967 3551 rapinam
3002 3482 3301 3535 arbitratus
3327 3498 3440 3536 esse
3467 3482 3711 3552 afquu/is

2060 3570 2200 3623 Deo/
2214 3570 2508 3641 Numquid
2524 3572 2676 3624 enim
2696 3573 2821 3639 jam
2848 3572 3708 3641 serite/ipsumexaniaierathr-

2059 3675 2209 3712 mam
2233 3662 2376 3713 servi
2399 3661 2688 3730 accipiens,
2716 3662 2771 3712 in
2805 3660 3172 3714 similitudine
3194 3661 3481 3713 hominum
3508 3662 3707 3729 factus,

2059 3752 2111 3803 et
2130 3748 2321 3802 habitu
2343 3750 2594 3803 inventus
2614 3758 2671 3801 ut
2692 3750 2847 3802 homo
2872 3748 3137 3818 (Philipp.
3168 3766 3226 3816 ιι,
3251 3749 3305 3814 6,
3328 3748 3412 3816 7)?
3433 3764 3565 3802 cum
3600 3750 3705 3801 hoc

2060 3837 2293 3906 quando
2317 3838 2508 3891 l'ecerit
2532 3853 2628 3907 per
2648 3842 2876 3907 partum
2906 3836 3155 3906 Virginis
3178 3837 3529 3891 noverimus.
3556 3839 3707 3902 Quo-

2063 3926 2234 3980 modo
2259 3925 2434 3996 igitur
2456 3932 2766 3996 antequam
2791 3925 2899 3980 hoc
2916 3926 3333 3987 fecisset,utvir
3357 3942 3509 3979 unus
3526 3942 3705 3997 appa-

2060 4015 2179 4068 ruit
2198 4015 2438 4069 Abrahae
2458 4016 2485 4069 ‘I
2532 4017 2615 4069 An
2640 4015 2742 4069 illa
2763 4015 2950 4069 forma
2987 4032 3119 4069 vera
3138 4032 3251 4069 non
3280 4015 3441 4069 erat?
3471 4015 3707 4069 Possem

2059 4103 2172 4159 ista
2194 4120 2473 4175 quaerere,
2492 4104 2542 4158 si
2568 4104 2654 4158 vir
2675 4121 2828 4158 unus
2852 4105 3217 4175 apparuisset
3246 4105 3503 4170 Abrahae,
3529 4106 3707 4159 idem-

2059 4210 2172 4265 que
2209 4193 2308 4248 Dei
2347 4193 2528 4248 Filius
2568 4195 2917 4249 crederetur.
2949 4194 3089 4249 Cum
3134 4212 3265 4249 vero
3305 4201 3420 4249 tres
3465 4194 3569 4248 viri
3601 4194 3704 4249 visi

2060 4288 2217 4345 sunt,
2243 4300 2343 4337 nec
2368 4284 2677 4353 quisquam
2704 4283 2757 4337 id
2780 4283 2864 4338 eis
2889 4284 2971 4337 vel
3015 4284 3219 4349 forma,
3260 4285 3343 4338 vel
3383 4288 3571 4350 aztate,
3619 4283 3704 4336 vel

2060 4378 2344 4442 potestate
2373 4374 2559 4443 major
2589 4372 2812 4427 caeteris
2835 4372 3027 4427 dictus
3053 4380 3279 4440 est;cur
3302 4390 3413 4427 non
3438 4372 3530 4425 hic
3553 4373 3700 4427 acci-

2059 4460 2290 4531 piamus
2313 4461 2615 4516 visibiliter
2652 4461 3007 4516 insinuatam
3038 4479 3135 4531 per
3155 4467 3478 4516 creaturam
3506 4461 3703 4515 visibi-

2058 4548 2170 4604 lem
2192 4550 2493 4605 Trinitatis
2511 4550 2924 4622 aequalitatem,
2955 4558 3126 4621 atque
3149 4550 3201 4604 in
3228 4552 3416 4605 tribus
3441 4552 3705 4622 personis

2058 4658 2237 4695 unam
2264 4642 2649 4713 eamdemque
2680 4642 3070 4697 substantiam
3097 4643 3123 4696 ἱ)

2124 4749 2211 4802 21.
2232 4748 2373 4802 Nam
2401 4766 2469 4802 ne
2493 4748 2806 4819 quisquam
2824 4755 3050 4820 putaret
3069 4749 3500 4804 sicintimatum
3523 4766 3703 4803 unum

2054 4837 2113 4891 in
2140 4838 2324 4891 tribus
2362 4836 2542 4891 fuisse
2564 4839 2866 4908 majorem,
2891 4844 2947 4893 et
2976 4856 3108 4893 eum
3144 4840 3455 4893 Dominum
3494 4840 3585 4893 Dei
3620 4840 3707 4893 ιδι-

2053 4925 2197 4981 lium
2231 4926 2693 4996 intelligendum,
2726 4927 2835 4981 dus
2867 4936 3059 4981 autem
3086 4927 3229 4982 alios
3249 4930 3487 4997 angelos
3517 4928 3697 4995 ejus',

2053 5016 2189 5088 quia
2207 5033 2339 5070 eum
2364 5021 2482 5070 tres
2510 5016 2613 5069 visi
2649 5015 2786 5081 sint,
2840 5017 2940 5070 uni
2987 5016 3231 5072 Domino
3281 5016 3399 5070 illic
3440 5015 3700 5085 loquitur

2054 5105 2363 5171 Abraham;
2388 5110 2587 5159 sancta
2612 5105 2911 5176 Scriptura
2934 5106 3146 5160 futuris
3166 5105 3379 5159 talibus
3402 5104 3699 5175 cogitetim

2054 5196 2227 5249 nibus
2259 5200 2432 5264 atque
2461 5194 2834 5264 opinionibus
2864 5195 3310 5249 contradicendo
3334 5210 3445 5247 non
3478 5202 3703 5264 praeter-

2054 5283 2213 5338 misit
2227 5284 2793 5354 occurrere,quando
2809 5282 2978 5354 paulo
3004 5288 3131 5353 post
3153 5283 3299 5337 duos
3313 5282 3551 5353 angelos
3566 5283 3704 5336 dicit

2052 5373 2279 5427 venisse
2302 5373 2370 5426 ad
2399 5372 2565 5442 Loth,
2591 5372 2648 5425 in
2698 5370 2909 5441 quibus
2936 5375 2991 5424 et
3025 5370 3119 5425 ille
3152 5370 3462 5441 virjustus
3492 5371 3591 5441 qui
3634 5374 3701 5424 de

2049 5463 2439 5517 Sodomorum
2474 5460 2741 5515 incendio
2773 5459 2985 5512 meruit
3022 5458 3276 5522 liberari,
3299 5460 3369 5513 ad
3390 5477 3570 5513 unum
3596 5460 3702 5513 Do-

2052 5552 2278 5606 minum
2302 5548 2689 5621 loquitur.Sic
2709 5547 2861 5601 enim
2888 5546 3435 5619 sequiturScripura
3457 5550 3693 5605 dicens:

2050 5642 2199 5697 Abiit
2228 5647 2409 5693 autem
2448 5639 2710 5692 Dominus
2753 5646 3038 5707 postquam
3074 5648 3304 5694 cessuvit
3350 5640 3570 5710 loquens
3626 5640 3695 5695 ad

2115 5740 2132 5774 ί
2169 5739 2411 5798 Plerique
2441 5737 2581 5793 5133.,
2617 5732 2742 5783 duos
2769 5736 2939 5782 autem
2964 5734 3079 5783 illos
3108 5735 3317 5800 angelos
3343 5737 3473 5800 eius.
