4100 6194
462 331 580 393 859

463 466 756 527 Abraham,
793 468 841 519 et
894 462 1167 518 Abraham
1214 477 1457 516 reversus
1494 469 1572 516 est
1602 460 1670 516 ad
1710 469 1887 516 locum
1915 476 2101 514 suum.

520 556 602 610 CA
616 552 751 608 PUT
769 552 959 606 th.——
971 553 1106 606 Visio
1122 550 1251 606 Loth
1272 551 1928 607 excutitur.—Venurunt
1940 552 2119 605 autem

470 644 576 698 duo
607 643 795 710 angeli
814 643 869 695 in
894 641 1136 696 Sodomis
1157 657 1392 711 vespere.
1420 640 1521 695 Hic
1554 641 1831 694 attentius
1859 639 2120 693 conside-

466 733 713 788 randum
729 731 997 800 est,quod
1014 730 1752 785 ostendereinstituit.Cum
1770 729 1956 783 tribus
1970 732 2123 782 certe

467 822 812 892 loquebatur
832 819 1142 883 Abraham,
1170 824 1377 874 eteum
1404 819 1711 874 Dominum
1744 816 2123 888 singulariter

472 910 804 982 appellavit.
860 909 1025 963 Forte
1074 907 1268 977 inquit
1300 907 1541 979 aliquis‘
1570 926 1582 963 ;
1611 907 1800 963 Unum
1834 923 1900 960 ex
1932 906 2121 960 tribus

481 999 832 1071 agnoscebat
863 997 1174 1051 Dominum
1204 1014 1217 1064 ;
1250 995 1395 1051 alios
1440 1002 1637 1051 autem
1677 997 1845 1065 duos,
1887 994 2124 1066 angelos

483 1090 633 1160 ejus.
668 1086 811 1151 Quid
838 1086 946 1141 sibi
984 1102 1120 1157 ergo
1158 1085 1301 1151 vult,
1339 1086 1492 1157 quod
1526 1089 1947 1157 consequenter
1984 1083 2126 1139 dicit

485 1178 804 1249 Scriptura,
836 1176 1175 1231 Abiitautem
1200 1176 1459 1230 Dominus
1480 1180 1763 1246 postquam
1803 1174 2032 1229 cessavit
2054 1174 2126 1228 lo-

474 1283 646 1340 quens
683 1265 752 1321 ad
777 1265 1071 1331 Abraham,
1104 1268 1155 1320 et
1186 1265 1456 1319 Abraham
1476 1280 1720 1319 reversus
1752 1267 1828 1319 est
1848 1263 1917 1317 ad
1948 1264 2127 1318 locum

473 1372 667 1412 suum:
690 1359 961 1411 venerunt
990 1359 1179 1409 autem
1198 1354 1303 1409 duo
1328 1355 1513 1423 angeli
1532 1356 1592 1408 in
1616 1353 1865 1409 Sodomis
1880 1354 2128 1424 vespere?

478 1448 563 1502 An
588 1445 841 1501 forteille
859 1462 1011 1499 unus
1026 1446 1407 1507 abscesserat,
1433 1446 1526 1516 qui
1548 1445 1828 1499 Dominus
1859 1458 2130 1514 agnosce-

481 1537 653 1593 batur
682 1536 738 1589 in
771 1535 1044 1597 tribus,et
1063 1535 1209 1589 duos
1231 1533 1467 1605 angelos
1491 1534 1589 1605 qui
1608 1550 1739 1589 cum
1757 1533 1854 1587 illo
1873 1535 2037 1587 erant
2058 1529 2128 1585 ad

482 1624 881 1681 consumenda
900 1622 1140 1677 miserat
1162 1623 1445 1678 Sodoma?
1459 1624 1601 1695 Ergo
1620 1622 1927 1694 sequentia
1949 1619 2135 1675 videa-

485 1732 620 1770 mus
647 1716 931 1778 Vencrunt,
956 1712 1170 1782 inquit,
1193 1712 1297 1766 duo
1318 1713 1525 1783 angelis
1550 1714 1609 1767 in
1631 1711 1873 1766 Sodomis
1897 1725 2131 1781 vespere.

493 1803 626 1860 Loth
649 1806 833 1857 autem
853 1801 1071 1857 sedebat
1091 1801 1161 1856 ad
1177 1804 1401 1872 portam
1422 1801 1799 1856 Sodomorum.
1822 1803 2023 1855 Etcum
2056 1801 2133 1854 vi-

486 1894 655 1948 disset
678 1909 765 1947 eos
794 1891 945 1960 Loth,
973 1894 1213 1945 surrexit
1237 1894 1296 1945 in
1322 1892 1533 1946 obviam
1554 1890 1689 1956 illis,
1721 1900 1769 1945 et
1800 1890 2049 1944 adoravit
2080 1890 2138 1943 in

490 1984 689 2055 faciem
707 1998 867 2053 super
893 1986 1116 2046 terram,
1158 1986 1210 2035 et
1229 1980 1373 2035 dixit
1402 1998 1420 2034 :
1445 1982 1592 2050 Ecce,
1616 1980 1846 2048 domini,
1891 1980 2140 2034 divertite

494 2073 552 2126 in
575 2071 793 2125 domum
829 2071 989 2140 pueri
1011 2070 1190 2124 vestri.
1221 2068 1323 2122 Hic
1358 2068 1730 2123 manifestum
1764 2072 1872 2131 est,
1912 2070 1969 2121 et
1992 2066 2140 2119 duos

489 2157 728 2231 angelos
754 2159 951 2224 fuisse,
983 2164 1039 2213 et
1071 2158 1126 2211 in
1161 2158 1482 2228 hospitium
1516 2156 2137 2232 pluraliterinvitatos,

486 2252 544 2303 et
575 2246 889 2301 honorifice
923 2243 1244 2317 appellatos
1290 2246 1570 2311 dominos,
1606 2260 1739 2299 cum
1773 2243 2017 2298 fortasse
2039 2242 2143 2298 ho-

488 2337 678 2392 mines
702 2340 1070 2407 putarentur.

556 2426 643 2479 22.
671 2426 777 2478 Sed
804 2439 1041 2478 rursum
1068 2429 1273 2491 movet,
1304 2424 1441 2495 quia
1463 2423 1571 2477 nisi
1599 2424 1789 2495 angeli
1816 2421 1911 2477 Dei
1935 2438 2144 2493 cogno-

489 2518 810 2581 scerentur,
832 2529 944 2566 non
965 2512 1232 2566 adoraret
1251 2511 1389 2565 Loth
1408 2514 1461 2566 in
1485 2512 1689 2567 faciem
1714 2516 2139 2583 supurterram.

498 2608 616 2657 Cur
637 2618 774 2673 ergo
808 2608 1088 2672 tanquam
1114 2601 1212 2655 tali
1243 2601 1603 2656 humanitate
1636 2601 2056 2672 indigentibus,
2090 2604 2146 2655 et

498 2692 824 2763 hospitium
877 2692 1166 2762 praebetur
1198 2696 1254 2746 et
1279 2690 1495 2746 victus?
1510 2691 1617 2745 Sed
1640 2692 1792 2763 quod
1811 2688 2145 2745 libethicla-

493 2787 613 2838 teat
636 2780 776 2835 illud
799 2797 954 2835 nunc
983 2780 1135 2850 quod
1173 2782 1542 2851 suscepimus
1573 2797 1982 2851 exsequamur.
2021 2779 2144 2834 Duo

491 2874 791 2941 apparent,
826 2870 1012 2940 angeli
1037 2871 1208 2923 ambo
1231 2869 1552 2934 dicuntur”,
1575 2868 1878 2939 pluraliter
1896 2868 2144 2922 invitan-

496 2964 905 3030 tur,tanquam
931 2975 1060 3013 cum
1089 2958 1316 3013 duobus
1340 2957 1941 3029 pluraliterloquitur,
1964 2958 2146 3012 donec

493 3054 733 3103 exestur
754 3065 785 3101 a
806 3048 1097 3101 Sodomis.
1124 3046 1335 3101 Deinde
1367 3046 1632 3119 sequitur
1653 3046 1953 3117 Scriptura
1982 3052 2039 3100 et
2068 3046 2152 3100 di-

497 3138 614 3192 cit:
644 3139 704 3191 Et
725 3140 932 3207 factum
949 3145 1025 3190 est
1046 3138 1337 3207 postquam
1385 3135 1789 3191 eduxerunteos
1808 3136 2149 3207 foras,dixe-

500 3230 629 3281 runt
651 3243 663 3280 :
689 3225 917 3279 Salvans
937 3226 1092 3279 salva
1103 3227 1349 3279 animam
1373 3236 1554 3287 tuam;
1572 3242 1640 3279 ne
1669 3228 1973 3296 respexeris
1986 3234 2147 3291 retro,

503 3331 674 3386 neque
694 3319 800 3369 stes
841 3316 899 3369 in
926 3320 1025 3368 hac
1045 3315 1299 3369 unirersa
1331 3316 1672 3383 regione:in
1721 3325 1959 3369 montem
1998 3316 2147 3382 vade,

503 3412 556 3463 et
588 3408 664 3461 ibi
683 3406 1000 3467 salvaberis,
1024 3421 1093 3460 ne
1111 3408 1251 3475 forte
1268 3407 1761 3478 comprehendaris.
1794 3408 1947 3461 Dixit
1967 3410 2152 3461 autem

505 3496 637 3552 Loth
673 3496 743 3550 ad
794 3512 880 3550 eos
900 3512 920 3554 ,·
964 3497 1119 3565 Rogo,
1168 3497 1406 3561 domine,
1456 3499 1716 3568 quoniam
1764 3499 1973 3552 invenit
2018 3512 2155 3567 puer

512 3595 639 3641 tuus
677 3593 802 3640 ante
825 3594 874 3640 te
898 3584 1336 3638 misericordiam
1359 3586 1509 3657 (Gen.
1532 3604 1644 3648 xu,
1674 3587 1844 3657 1-19),
1877 3592 1984 3641 etc.
2011 3585 2157 3648 Quid

505 3680 594 3730 est
624 3674 732 3729 hoc
754 3676 906 3745 quod
933 3674 1078 3728 dixit
1108 3675 1177 3730 ad
1212 3691 1330 3741 eos,
1362 3679 1521 3745 Rogo,
1565 3676 1800 3742 domine,
1835 3676 1881 3730 si
1907 3678 2031 3745 jam
2059 3674 2155 3729 ille

506 3764 855 3818 discesserat
879 3764 974 3834 qui
1001 3765 1278 3819 Dominus
1296 3772 1438 3830 erat,
1455 3766 1759 3835 etangelos
1775 3764 2042 3819 miserat?
2055 3781 2159 3819 cur

509 3853 744 3922 dicitur,
778 3855 922 3921 Rogo
945 3856 1217 3915 Domine;
1248 3859 1303 3909 et
1343 3872 1478 3923 non,
1518 3855 1695 3925 Rogo,
1742 3855 2014 3909 domini?
2046 3856 2160 3908 Aut

512 3942 561 3996 si
598 3959 776 3995 unum
811 3958 877 3995 ex
900 3941 981 3996 eis
1023 3943 1204 3997 voluit
1243 3943 1554 4013 appellare,
1597 3960 1701 3997 cur
1732 3944 1807 3997 ait
1838 3943 2158 4013 Scriptura,

518 4032 683 4085 Dixit
706 4035 889 4085 autem
912 4032 1040 4085 Loth
1064 4032 1133 4085 ad
1152 4048 1241 4086 eos
1262 4052 1280 4087 :
1303 4035 1465 4102 Rogo,
1490 4033 1706 4089 domine
1727 4035 1985 4105 quoniam
2008 4034 2160 4087 inve-

514 4122 597 4174 nit
614 4138 753 4191 puer
772 4124 899 4174 tuus
927 4130 1052 4176 ante
1080 4130 1129 4175 te
1156 4122 1626 4176 misericordiam?
1664 4131 1750 4176 An
1783 4129 1839 4177 et
1876 4122 1970 4176 hic
1991 4119 2154 4175 intel«

510 4208 752 4281 ligimus
774 4210 830 4263 in
845 4210 1053 4282 plurali
1069 4226 1312 4265 numero
1330 4210 1475 4265 duas
1492 4212 1799 4283 personas?
1818 4228 1949 4266 cum
1966 4215 2159 4266 autem

514 4299 691 4355 iidem
717 4302 830 4355 duo
860 4306 1138 4371 tanquam
1166 4317 1319 4354 unus
1349 4301 1795 4372 compellantur,
1822 4301 1999 4355 unius
2030 4300 2163 4355 sub-

515 4391 743 4444 stantia:
764 4408 947 4444 unum
967 4390 1274 4444 hominum
1291 4389 1623 4445 Deum?Sed
1651 4408 1795 4461 quas
1809 4390 1956 4444 duas
1972 4406 2166 4461 perso-

517 4496 625 4533 nas
640 4479 729 4533 hic
744 4478 1171 4550 intelligimus?
1201 4478 1352 4533 Patri
1368 4486 1423 4534 et
1440 4479 1588 4541 Filii,
1614 4496 1685 4533 an
1702 4479 1887 4533 Patris
1906 4486 1963 4533 et
1980 4478 2162 4549 Spiri-

515 4571 613 4621 tus
632 4567 838 4635 sancti,
863 4585 934 4621 an
960 4568 1083 4621 Filii
1117 4575 1173 4622 et
1195 4567 1447 4637 Spiritus
1478 4568 1694 4623 sancti?
1728 4573 1843 4623 Hoc
1864 4569 2006 4622 forte
2029 4584 2163 4622 con-

520 4655 825 4728 gruentius
849 4658 999 4727 quod
1038 4657 1309 4710 ultimum
1335 4658 1471 4712 dixi.
1506 4658 1717 4712 Missos
1744 4657 1898 4712 enim
1923 4674 1983 4712 se
2006 4657 2165 4711 dixe-

519 4746 837 4815 runt,qu0d
855 4746 922 4800 de
944 4745 1083 4799 Filio
1105 4747 1243 4801 etde
1258 4746 1475 4818 Spiritu
1500 4752 1701 4801 sancto
1724 4746 1995 4801 dicimus.
2022 4745 2164 4799 Nam

522 4835 748 4890 Patrem
767 4834 1014 4890 missum
1035 4853 1327 4907 nusquam
1344 4838 1770 4906 Scripturarum
1793 4836 2168 4891 nobisoccur-

523 4926 614 4980 rit.

589 5015 823 5071 CAPUT
872 5016 1019 5072 XIII.
1054 5047 1123 5057 —
1151 5018 1238 5071 23.
1284 5017 1432 5072 Visio
1452 5016 1512 5070 in
1541 5017 1695 5070 rubo.
1730 5019 1949 5088 Moyses
1974 5020 2164 5071 autem

517 5107 752 5177 quando
774 5106 845 5161 ad
883 5104 1164 5177 populum
1194 5105 1366 5160 Israel
1398 5122 1467 5161 ex
1514 5106 1757 5177 [Egypto
1801 5106 2164 5161 educendum

521 5196 738 5251 missus
760 5200 848 5249 est
879 5196 959 5250 sic
973 5194 1023 5265 ei
1046 5194 1357 5248 Dominum
1378 5195 1721 5265 apparuisse
1735 5194 2017 5266 scriptum
2040 5200 2129 5250 est
2152 5212 2165 5250 :

523 5286 798 5349 Pascebat,
820 5285 1028 5356 inquit,
1080 5300 1198 5339 oves
1221 5284 1404 5340 Jethro
1424 5286 1597 5339 soceri
1622 5285 1712 5338 sui
1738 5284 2027 5340 sacerdotis
2058 5284 2167 5339 Ma-

523 5374 674 5435 dian.
700 5383 753 5427 et
783 5377 894 5442 egit
918 5391 1036 5429 oves
1060 5391 1119 5428 in
1146 5375 1430 5440 :lesertum,
1463 5382 1514 5429 et
1546 5376 1689 5427 venit
1715 5376 1775 5429 in
1804 5377 2043 5429 montem
2073 5375 2170 5430 Dei

526 5463 715 5516 Horeb.
742 5466 1005 5533 Apparuit
1034 5469 1217 5518 autem
1247 5465 1337 5518 illi
1364 5464 1589 5534 angelus
1609 5463 1831 5517 Domini
1861 5465 1919 5518 in
1943 5464 2169 5533 ﬂamma

596 5598 610 5659 ξ
763 5596 933 5659 Lugd.
958 5596 1101 5653 Lov.,
1135 5597 1317 5644 Forte:
1338 5596 1537 5659 inquiet
1566 5594 1751 5658 aliquis
1854 5596 1917 5645 Μ.

592 5657 613 5691 ³
636 5658 783 5706 Unus
822 5670 848 5723 ρ
895 5657 1161 5723 Vaticanis
1188 5660 1333 5718 Msa,
1366 5657 1477 5708 Duo
1517 5657 1767 5723 apparent
1796 5658 1987 5723 angeli,
2019 5658 2170 5709 ambo

525 5719 768 5771 dicuntur
797 5718 1010 5768 domini.

1578 330 1681 388 DE
1722 326 2177 397 TRINITATE,
2225 326 2288 387 S.
2336 326 2766 390 AUGUSTINI

3460 112 3475 119 ί
3538 128 3545 131 .
3600 112 3631 131 4⁷
3666 112 3901 131 ”’³Ἦε

3656 134 3673 145 ι-
3722 126 3745 143 ιν.

3717 331 3817 396 860

2222 459 2368 529 ignis
2389 460 2452 516 de
2471 460 2626 517 rubo.
2656 469 2707 517 et
2736 461 2872 517 vidit
2894 462 3025 531 quia
3056 461 3116 515 in
3145 460 3276 515 rubo
3297 460 3509 516 arderet
3525 462 3820 533 ignis,rubus

2222 566 2347 605 vero
2370 566 2477 605 non
2515 552 2954 606 comburebatur.
2980 551 3041 604 Et
3070 553 3151 604 ait
3176 552 3375 622 Moyses
3400 568 3417 604 :
3447 552 3551 618 Ibo,
3590 557 3637 608 el
3669 555 3821 613 videbo

2223 640 2401 693 visum
2422 639 2737 710 istud,quod
2768 647 2883 695 tam
2900 656 3163 712 magnum
3187 640 3579 710 ridi,quoniam
3594 658 3694 696 non
3704 660 3821 699 com~

2226 727 2443 782 buritur
2453 730 2621 783 rubus
2631 733 2787 785 .Cum
2797 745 2923 799 ergo
2944 729 3080 785 vidit
3097 730 3358 784 Dominus
3372 731 3495 799 quia
3510 732 3642 785 venit
3654 732 3826 798 videre,

2225 818 2485 873 clamaait
2506 822 2656 873 eum1
2687 820 2951 874 Dominus
2981 820 3052 875 de
3072 820 3207 873 rubo
3226 818 3410 874 dicens
3424 836 3441 871 :
3456 820 3557 889 Ego
3577 836 3691 874 sum
3718 823 3828 877 Deus

2226 910 2400 977 patris
2423 910 2527 974 tui,
2559 911 2698 964 Deus
2727 908 3020 973 Abraham,
3050 917 3101 963 et
3123 909 3262 963 Deus
3282 909 3450 973 Isaac,
3476 916 3526 964 et
3552 914 3679 965 Deus
3700 912 3830 966 Jacob

2230 997 2423 1068 (Exod.
2451 1015 2534 1066 ιιι,
2562 998 2699 1069 1-6).
2725 999 2793 1052 Et
2824 998 2916 1052 hic
2948 997 3133 1069 primo
3155 996 3399 1070 angelus
3431 997 3647 1053 Domini
3672 999 3834 1054 dictus

2231 1090 2338 1156 est,
2372 1086 2580 1141 deinde
2602 1087 2776 1143 Deus.
2805 1087 3104 1158 Numquid
3145 1103 3281 1159 ergo
3334 1085 3572 1158 angelus
3602 1093 3685 1142 est
3713 1092 3835 1143 Deus

2234 1176 2547 1243 Abraham,
2581 1181 2637 1231 et
2666 1176 2819 1232 Deus
2844 1177 3022 1243 Isaac,
3045 1180 3102 1232 et
3132 1175 3283 1231 Deus
3313 1174 3528 1231 Jacob?
3566 1178 3745 1232 Potest
3761 1194 3833 1233 er-

2238 1282 2311 1338 go
2343 1270 2495 1319 recte
2515 1265 2753 1334 intelligi
2781 1266 2904 1338 ipse
2925 1265 3209 1333 Salvator,
3229 1266 3301 1321 de
3330 1282 3445 1336 quo
3466 1265 3603 1321 dicit
3630 1268 3838 1337 Aposto-

2233 1354 2358 1409 lus:
2385 1355 2627 1422 Quorum
2650 1360 2852 1426 patres,
2875 1363 2924 1411 ct
2948 1371 3017 1410 ea:
3065 1355 3260 1427 quibus
3309 1355 3551 1410 Christus
3577 1358 3839 1412 secundum

2235 1460 2476 1513 carnem,
2509 1446 2603 1515 qui
2624 1447 2706 1499 est
2723 1446 3082 1516 superomnia
3110 1445 3253 1500 Deus
3266 1446 3578 1500 benedictus
3591 1448 3647 1499 in
3672 1448 3845 1501 sa’cula

2237 1534 2410 1604 (Rom.
2440 1551 2515 1599 ιιι,
2536 1535 2612 1600 5).
2639 1534 2744 1599 Qui
2776 1550 2913 1605 ergo
2944 1550 3119 1605 super
3148 1534 3347 1590 omnia
3391 1538 3480 1589 est
3524 1534 3667 1590 Deus
3695 1535 3846 1590 bene-

2238 1622 2506 1678 dictusin
2530 1623 2762 1692 saecula,
2796 1640 2911 1678 non
2934 1624 3187 1679 absurde
3208 1624 3388 1679 etiam
3423 1623 3514 1680 hic
3545 1624 3664 1693 ipse
3706 1624 3848 1679 intel~

2239 1711 2441 1784 Iigitur
2493 1714 2642 1768 Deus
2672 1712 2984 1776 Abraham,
3017 1718 3073 1768 et
3105 1715 3251 1769 Deus
3299 1714 3481 1780 Isaac,
3521 1717 3575 1768 et
3603 1713 3744 1769 Deus
3768 1713 3847 1768 Ja-

2240 1802 2486 1858 cob.Sed
2511 1819 2615 1857 cur
2635 1802 2796 1874 prius
2808 1801 3053 1875 angelus
3076 1801 3306 1859 Domini
3329 1804 3523 1858 dictus
3543 1806 3774 1872 est,cum
3795 1803 3850 1856 de

2243 1893 2385 1947 rubo
2416 1891 2475 1945 in
2510 1891 3227 1964 ﬂammaignisapparuit?
3265 1896 3460 1948 utrum
3486 1891 3622 1963 quia
3642 1908 3782 1947 unus
3801 1909 3856 1946 ex

2246 1979 2449 2036 multis
2469 1979 2704 2051 Angelis
2725 1986 2867 2051 erat,
2888 1981 2987 2036 sed
3012 1998 3112 2053 per
3151 1980 3646 2052 dispensationem
3688 1997 3855 2052 perso-

2245 2088 2378 2126 nam
2410 2069 2632 2126 Domini
2658 2070 2748 2125 sui
2772 2071 3025 2141 gerebat;
3047 2087 3118 2126 an
3143 2075 3649 2141 assumptumerat
3665 2068 3855 2140 aliquid

2247 2164 2544 2222 creaturas,
2564 2160 2711 2230 quod
2748 2160 2818 2214 ad
2846 2176 3101 2231 praesens
3140 2160 3443 2231 negotium
3468 2158 3759 2214 visibiliter
3775 2174 3857 2228 ap-

2247 2253 2491 2320 pareret,
2510 2254 2568 2303 et
2592 2248 2743 2303 unde
2763 2266 2928 2304 voces
2951 2248 3309 2304 sensibiliter
3327 2249 3656 2316 ederentur,
3675 2246 3860 2317 quibus

2250 2335 2559 2409 praesentia
2592 2336 2818 2392 Domini
2856 2354 2958 2408 per
2980 2338 3302 2408 subjectum
3339 2342 3664 2392 creaturam
3690 2348 3861 2405 corpo-

2248 2426 2361 2481 reis
2383 2426 2558 2481 etiam
2583 2425 2855 2481 sensibus
2879 2425 3153 2495 hominis,
3177 2427 3332 2481 sicut
3371 2425 3689 2497 oportebat,
3728 2421 3862 2477 exhi-

2249 2516 2529 2571 beretur?
2569 2515 2628 2570 Si
2659 2515 2812 2571 enim
2839 2532 2993 2570 unus
3023 2532 3090 2571 ex
3110 2514 3347 2587 Angelis
3371 2520 3518 2579 erat,
3559 2514 3689 2585 quis
3726 2510 3867 2567 facile

2250 2606 2542 2660 afﬁrmare
2570 2605 2755 2677 possit
2776 2611 2974 2660 utrum
3015 2605 3067 2661 ei
3110 2603 3239 2660 Filii
3290 2621 3542 2677 persona
3582 2600 3870 2657 nuntianda

2249 2693 2526 2763 imposita
2556 2694 2746 2759 fuerit,
2784 2711 2853 2749 an
2896 2693 3148 2765 Spiritus
3195 2692 3409 2759 sancti,
3444 2709 3519 2748 an
3555 2692 3647 2747 Dei
3688 2688 3866 2755 Patris,

2251 2800 2323 2837 an
2355 2783 2541 2853 ipsius
2573 2782 2812 2838 omnino
2842 2782 3169 2850 Trinitatis,
3194 2782 3293 2854 qui
3327 2788 3418 2837 est
3452 2798 3605 2837 unus
3636 2785 3691 2836 et
3735 2777 3869 2833 solus

2256 2874 2424 2939 Deus,
2460 2878 2523 2927 ut
2554 2873 2788 2927 diceret.
2834 2878 2941 2943 Ego
2983 2889 3105 2926 sum
3153 2879 3298 2927 Deus
3345 2872 3639 2936 Abraham,
3669 2872 3719 2925 et
3754 2869 3868 2922 Deus

2250 2964 2424 3027 Isaac,
2449 2972 2498 3017 et
2526 2963 2667 3017 Deus
2694 2963 2882 3018 Iacob?
2916 2962 3114 3033 Neque
3166 2962 3320 3017 enim
3365 2976 3679 3033 possumus
3712 2957 3871 3012 dicere

2255 3053 2432 3107 Deum
2466 3050 2783 3119 Abraham,
2816 3056 2873 3106 et
2923 3055 3100 3106 Deum
3135 3056 3317 3117 Isaac,
3370 3058 3429 3104 et
3477 3050 3657 3105 Deum
3700 3044 3870 3107 Jacob,

2253 3140 2461 3195 Filium
2501 3141 2594 3195 Dei
2626 3156 2775 3205 esse,
2810 3146 2866 3195 et
2898 3140 3123 3195 Patrem
3156 3156 3267 3195 non
3301 3156 3464 3207 esse;
3498 3143 3599 3194 aut
3625 3135 3871 3207 Spiritum

2252 3235 2542 3297 sanctum,
2578 3234 2676 3285 aut
2707 3229 2897 3301 ipsam
2928 3228 3295 3298 Trinitatem,
3324 3245 3504 3299 quam
3537 3226 3871 3282 credimuset

2254 3317 2641 3391 intelligimus
2690 3336 2870 3373 unum
2922 3323 3123 3385 Deum,
3175 3318 3416 3372 audebit
3464 3315 3671 3387 aliquis
3693 3326 3871 3383 negare

2254 3408 2435 3463 Deum
2470 3406 2785 3477 Abraham,
2837 3413 2893 3462 et
2926 3409 3102 3462 Deum
3156 3407 3334 3471 Isaac,
3368 3410 3427 3461 et
3466 3406 3646 3461 Deum
3701 3400 3869 3456 Jacob.

2260 3498 2358 3553 lIle
2378 3498 2533 3553 enim
2566 3514 2680 3553 non
2712 3502 2801 3552 est
2833 3496 3065 3552 illorum
3103 3500 3333 3567 patrum
3371 3495 3541 3561 Deus,
3560 3492 3656 3565 qui
3683 3508 3784 3546 non
3804 3491 3873 3543 est

2264 3589 2614 3644 Deus.Porro
2646 3586 2695 3642 si
2730 3604 2844 3642 non
2877 3586 3065 3642 solum
3099 3586 3271 3640 Pater
3297 3586 3449 3639 Deus
3482 3589 3589 3646 est,
3612 3574 3873 3637 Sicutom-

2261 3694 2365 3733 nes
2405 3677 2577 3733 etiam
2616 3676 2871 3731 haeretici
2924 3676 3289 3741 concedunt;
3334 3674 3436 3729 sed
3482 3672 3655 3728 etiam
3706 3668 3872 3732 Filius,

2264 3767 2438 3838 quod,
2464 3766 2642 3821 velint
2689 3764 2895 3830 nolint,
2921 3768 3213 3837 coguntur
3266 3762 3456 3827 fateri,
3509 3762 3727 3816 dicente
3753 3760 3875 3826 Apo-

2265 3856 2435 3919 stolo,
2461 3857 2566 3924 Qui
2594 3864 2671 3911 est
2698 3871 2863 3923 super
2893 3856 3085 3910 omnia
3102 3858 3241 3908 Deus
3264 3852 3580 3907 benedictus
3609 3852 3665 3905 in
3683 3846 3875 3904 swrula:

2264 3951 2321 4001 et
2349 3945 2602 4016 Spiritus
2635 3949 2894 4009 sanctus,
2928 3942 3157 3998 dicente
3188 3942 3314 4013 ipso
3349 3939 3648 4011 Apostolo,
3678 3934 3874 4002 Clariﬁ-

2265 4044 2381 4090 cate
2402 4051 2531 4105 ergo
2564 4034 2734 4088 Deum
2763 4034 2824 4087 in
2852 4048 3071 4104 corpore
3088 4040 3299 4092 vestro;
3324 4046 3459 4084 cum
3477 4048 3543 4084 su
3556 4045 3655 4101 pra
3674 4026 3871 4081 diceret.

2268 4125 2495 4180 Nescitis
2525 4124 2657 4193 quia
2683 4138 2916 4193 corpora
2940 4125 3114 4176 vestra
3138 4119 3403 4188 templum
3427 4120 3491 4173 in
3522 4118 3663 4173 vobis
3679 4123 3750 4170 est
3777 4112 3874 4181 Spi-

2266 4216 2410 4268 ritus
2440 4215 2801 4282 saucti,quem
2827 4211 3036 4265 habetis
3055 4226 3090 4264 a
3122 4209 3229 4281 Deo
3251 4209 3295 4279 (Ι
3319 4207 3442 4263 Cor.
3471 4224 3546 4273 v1,
3570 4198 3877 4274 20,19’lethi

2266 4308 2383 4358 tres
2409 4319 2561 4357 unus
2582 4301 2755 4369 Deus,
2780 4300 2932 4355 sicut
2952 4297 3237 4354 catholica
3270 4296 3498 4351 sanitas
3542 4293 3752 4350 credit:
3784 4303 3876 4344 non

2267 4392 2408 4447 satis
2439 4391 2628 4447 elucet
2656 4406 2832 4461 quam
2867 4390 2924 4442 in
2958 4386 3243 4442 Trinitate
3266 4400 3605 4456 personam,
3625 4388 3680 4437 et
3712 4385 3876 4434 utrum

2266 4477 2835 4550 aliquam,anipsius
2867 4474 3168 4531 Trinitatis
3199 4478 3436 4545 gerebat
3458 4472 3555 4526 ille
3570 4469 3813 4542 angelus,
3840 4462 3876 4517 si

2270 4585 2422 4623 unus
2451 4584 2519 4622 ex
2549 4566 2769 4621 caeteris
2786 4563 3019 4636 Angelis
3040 4566 3185 4618 erat.
3219 4560 3275 4615 Si
3311 4564 3509 4616 autem
3546 4562 3601 4613 in
3638 4572 3793 4612 usum
3814 4550 3877 4606 rei

2269 4656 2570 4729 praesentis
2600 4660 2905 4724 assumpta
2935 4657 3201 4708 creatura
3235 4656 3342 4715 est,
3386 4666 3514 4721 quae
3543 4654 3598 4704 et
3640 4640 3878 4701 humanis

2269 4746 2455 4801 oculis
2476 4747 2737 4817 apparet,
2760 4750 2816 4798 et
2844 4742 3086 4798 auribus
3109 4741 3428 4808 insonaret,
3451 4743 3507 4793 et
3529 4735 3879 4808 appellaretur

2270 4834 2512 4906 angelus
2526 4833 2780 4899 Domini,
2802 4838 2859 4887 et
2880 4831 3176 4895 Dominus,
3200 4835 3255 4883 et
3271 4833 3441 4895 Deus;
3468 4844 3581 4882 non
3606 4827 3782 4898 potest
3805 4819 3877 4873 hic

2272 4925 2420 4979 Deus
2437 4922 2682 4993 intelligi
2698 4921 2886 4984 Pater,
2911 4920 3013 4975 sed
3037 4925 3138 4974 aut
3158 4916 3362 4984 Filius,
3386 4926 3481 4971 aut
3504 4914 3744 4986 Spiritus
3772 4924 3878 4963 san-

2269 5018 2421 5068 ctus.
2446 5013 2788 5082 Quanquam
2816 5008 3098 5080 Spiritum
3117 5011 3385 5062 sanctum
3406 5003 3615 5059 alicubi
3640 4998 3875 5082 angelum

2270 5102 2492 5157 dictum
2521 5081 3035 5162 nonrecolam,sed
3056 5113 3123 5151 ex
3145 5110 3317 5167 opere
3332 5093 3517 5165 possit
3537 5088 3769 5160 intelligi
3786 5103 3797 5139 :
3813 5081 3877 5136 di-

2271 5196 2425 5246 ctum
2450 5190 2603 5243 enim
2628 5189 2699 5242 de
2720 5186 2818 5242 illo
2841 5192 2948 5257 est,
2974 5187 3106 5255 Quae
3138 5187 3364 5239 ventura
3384 5185 3516 5237 sunt
3551 5172 3877 5235 annuntiabit

2271 5281 2418 5335 vobis
2440 5278 2614 5349 (Joan.
2640 5294 2755 5346 xv1,
2782 5277 2965 5347 13):et
2999 5281 3198 5347 utique
3231 5271 3487 5343 Angelus
3508 5284 3707 5342 graece,
3729 5262 3876 5318 latine

2270 5368 2523 5424 Nuntius
2537 5364 3055 5438 interpretaturzde
3073 5362 3313 5418 Domino
3327 5366 3518 5416 autem
3534 5358 3665 5414 Jesu
3681 5350 3878 5445 Christo

2271 5454 2972 5527 evidentissimelegimus
2992 5450 3147 5524 apud
3172 5449 3537 5522 prophetam,
3553 5444 3698 5517 quod
3718 5451 3875 5533 maga!

2270 5546 2497 5603 consilii
2518 5545 2754 5613 Angelus
2778 5526 2969 5597 dictus
2992 5540 3069 5596 sit
3100 5540 3250 5611 (lsai.
3276 5555 3355 5606 χι,
3376 5537 3428 5607 6)
3454 5552 3466 5590 :
3492 5550 3620 5590 cum
3644 5535 3696 5588 et
3723 5526 3874 5600 Spiri-

2340 5656 2355 5689 ¹
2383 5652 2539 5711 Editi,
2571 5650 2813 5701 clamavit
2840 5649 2914 5700 ad
2946 5662 3084 5699 eum.
3108 5645 3385 5707 Particula,
3417 5642 3498 5704 ad,
3523 5640 3666 5693 abest
3712 5650 3740 5686 α
3774 5633 3873 5684 Mal.

2272 5720 2325 5771 et
2353 5731 2385 5769 δ
2412 5728 2585 5781 graeco
2614 5714 2755 5765 LXX.
