4094 6188
341 377 457 441 861

346 521 444 574 tus
475 522 735 589 sanctus,
767 524 823 575 et
853 519 953 576 Dei
985 520 1187 591 Filius,
1222 521 1300 578 sit
1320 523 1475 580 Deus
1505 526 1561 579 et
1589 523 1875 582 Dominus
1904 543 2007 582 an-

347 608 636 683 gelorum.

418 716 670 773 CAPUT.
698 717 840 773 XIV.
870 749 932 759 —
952 720 1043 773 24.
1072 725 1148 776 De
1178 723 1388 776 visione
1408 723 1467 776 in
1489 723 1747 778 columna
1770 724 1932 778 nubis
1949 729 2002 780 et

350 809 512 879 ignis.
536 807 678 862 Item
704 810 760 861 in
783 808 941 864 exitu
966 809 1217 866 ﬁliorum
1244 812 1418 866 Israel
1451 813 1521 867 de
1550 813 1793 885 {Egypto
1826 814 2006 885 scrip-

347 902 477 953 tum
507 903 631 953 est:
666 898 804 953 Deus
853 903 1034 955 autem
1078 902 1315 972 praeibat
1359 901 1510 968 illos,
1557 903 1647 958 die
1676 903 1897 973 quidem
1948 904 2007 959 in

345 990 606 1042 columna
634 990 813 1057 nubis,
845 998 895 1044 et
925 991 1240 1046 ostendebat
1274 993 1389 1047 illis
1413 995 1561 1048 viam
1584 1010 1606 1055 ,·
1638 1003 1794 1050 nocte
1827 1002 2010 1049 autem

345 1079 408 1132 in
438 1077 698 1133 columna
724 1080 903 1147 ignis:
926 1090 976 1136 et
1003 1097 1109 1135 non
1131 1081 1415 1151 deﬁciebat
1435 1084 1694 1138 columna
1714 1084 1875 1138 nubis
1896 1086 2006 1155 die,

342 1172 395 1222 et
423 1166 687 1223 columna
718 1170 867 1239 ignis
895 1177 1052 1226 nocte
1084 1177 1212 1228 ante
1238 1173 1501 1243 pupulum
1537 1174 1729 1242 (Exod.
1760 1190 1883 1243 xnr,
1914 1173 2007 1229 21.

341 1258 457 1329 22).
493 1256 634 1323 Quis
666 1262 723 1313 et
764 1258 858 1313 hic
887 1259 1117 1315 dubitet
1154 1278 1255 1332 per
1307 1262 1631 1331 subjectam
1681 1267 2005 1319 creaturam

342 1347 731 1420 eamdemque
749 1364 1108 1420 corpoream,
1134 1368 1249 1406 non
1273 1368 1374 1423 per
1391 1369 1558 1406 suam
1584 1352 2005 1420 substantiam,

340 1438 525 1494 Deum
550 1438 734 1494 oculis
766 1440 1110 1511 apparuisse
1134 1441 1512 1497 mortalium?
1542 1443 1643 1498 sed
1676 1449 1872 1498 utrum
1906 1447 2008 1497 Pa°

340 1531 514 1592 trem,
548 1544 621 1582 an
650 1527 882 1597 Filium,
928 1546 1002 1585 an
1034 1530 1318 1601 Spiritum
1366 1537 1661 1597 sanctum,
1710 1549 1783 1587 an
1814 1531 2003 1603 ipsam

339 1615 688 1672 Trinitatem
722 1635 904 1673 unum
937 1622 1137 1684 Deum,
1163 1619 1436 1676 similiter
1458 1638 1571 1675 non
1605 1627 1869 1693 apparet.
1894 1626 2005 1676 Nec

337 1704 421 1760 ibi
443 1708 550 1761 hoc
567 1706 969 1777 distinguitur,
986 1714 1277 1778 quantum
1301 1709 1590 1775 existimo,
1610 1712 1706 1764 ubi
1723 1710 2002 1781 scriptum

338 1800 459 1850 est:
498 1799 568 1850 Et
596 1798 849 1866 majestas
880 1798 1101 1852 Domini
1128 1800 1409 1867 apparuit
1439 1800 1497 1853 in
1526 1799 1688 1863 nube,
1720 1808 1770 1853 et
1796 1799 2004 1853 locutus

337 1887 421 1939 est
448 1885 711 1939 Dominus
742 1884 812 1939 ad
860 1889 1108 1956 Moysen,
1142 1886 1335 1941 dicens
1356 1904 1376 1941 :
1426 1887 1702 1943 Exaudivi
1748 1904 2007 1943 murmur

334 1973 588 2044 ﬁliorum
616 1974 784 2029 Israel
804 1974 902 2046 (Id.
932 1990 1047 2043 xvx,
1085 1976 1295 2046 10-12),

409 2080 643 2137 CAPUT
673 2079 789 2136 XV.
814 2112 885 2123 —
912 2082 1001 2137 25.
1030 2086 1107 2137 De
1128 2083 1340 2137 visione
1364 2084 1423 2136 in
1455 2082 1610 2138 Sina.
1635 2083 1717 2137 An
1744 2084 2000 2154 Trinitas,

334 2186 409 2224 an
432 2170 623 2242 aliqua
640 2173 865 2241 proprie
880 2187 1113 2242 persona
1128 2173 1185 2225 in
1209 2188 1275 2226 ea
1292 2172 1853 2243 visioneloquebatur.
1869 2172 1898 2228 J
1907 2189 2001 2228 am

332 2274 470 2314 vero
492 2259 562 2313 de
586 2259 860 2327 nubibus,
894 2266 951 2315 et
980 2261 1243 2329 vocibus,
1271 2264 1329 2315 et
1365 2259 1718 2331 fulguribus,
1752 2266 1809 2316 et
1839 2262 1999 2317 tuba.

335 2353 396 2404 et
427 2348 587 2403 fumo
617 2348 676 2403 in
706 2354 903 2403 monte
934 2349 1093 2414 Sina,
1119 2366 1254 2405 cum
1289 2350 1614 2405 diceretur:
1649 2349 1785 2404 Sina
1815 2360 2003 2405 autem

334 2453 493 2492 mons
520 2438 777 2507 fumabat
807 2446 968 2505 totus,
996 2447 1294 2510 prolaterea
1328 2439 1468 2511 quod
1488 2439 1841 2494 descendisset
1862 2441 2003 2494 Deus

334 2528 399 2581 in
414 2542 543 2581 eum
562 2528 621 2581 in
636 2529 781 2598 igne,
794 2531 846 2582 et
862 2528 1185 2583 ascendebat
1195 2530 1385 2599 fumus
1408 2532 1673 2599 tanquam
1690 2530 1879 2598 fumus
1892 2530 2003 2599 for-

334 2616 531 2682 nacis;
560 2624 611 2671 et
640 2625 821 2671 mente
849 2619 1114 2687 confusus
1136 2626 1213 2673 est
1244 2620 1421 2673 omnis
1447 2618 1681 2689 populus
1709 2618 2000 2673 vehemen-

334 2708 453 2773 ter;
476 2704 677 2776 ﬁebant
696 2710 879 2761 autem
898 2723 1048 2761 voces
1070 2708 1217 2764 tubae
1233 2707 1567 2779 prodeuntes
1586 2708 1801 2777 fortiter
1822 2708 2001 2763 valde:

336 2794 543 2865 Moyses
591 2794 939 2866 loquebatur,
972 2804 1021 2851 et
1062 2798 1199 2851 Deus
1248 2797 1611 2867 respondebat
1657 2798 1711 2851 ei
1742 2813 1864 2851 voce
1896 2797 1997 2867 (Id.

336 2901 459 2950 xxx,
485 2885 701 2955 18,19).
728 2885 794 2939 Et
817 2884 988 2956 paulo
1004 2892 1135 2955 post
1156 2886 1292 2940 data
1319 2892 1460 2957 Lege
1480 2886 1539 2940 in
1563 2886 1764 2940 decem
1790 2902 1998 2957 praece-

336 2973 477 3045 ptis,
510 2979 931 3042 consequenter
951 2974 1193 3030 dicitur:
1222 2976 1283 3028 Et
1321 2976 1493 3029 omnis
1515 2975 1744 3045 populus
1776 2972 1999 3030 videbat

334 3079 507 3131 voces,
540 3068 593 3117 et
627 3061 939 3133 lampadas,
972 3074 1023 3119 et
1053 3079 1204 3119 voces
1235 3065 1402 3131 tubae,
1424 3068 1477 3119 et
1505 3070 1748 3119 mon/em
1772 3065 1997 3135 fuman-

336 3157 469 3209 tem.
494 3152 560 3207 Et
582 3152 754 3224 paulo
777 3157 909 3225 post
931 3170 944 3207 :
968 3156 1041 3208 Et
1062 3154 1258 3220 stabat,
1284 3154 1495 3225 inquit,
1518 3157 1695 3209 omnis
1711 3154 1945 3225 populus
1966 3172 1999 3209 a

337 3244 496 3313 longe
507 3260 526 3303 ;
544 3243 745 3313 Moyses
766 3251 952 3297 autem
974 3245 1203 3299 intravit
1225 3246 1284 3299 in
1301 3244 1557 3298 nebulam
1578 3245 1677 3299 ubi
1690 3253 1813 3298 erat
1836 3245 1994 3309 Deus,

337 3342 392 3389 et
419 3332 564 3387 dixit
585 3332 846 3387 Dominus
876 3332 946 3386 ad
977 3336 1203 3403 Moysen
1238 3333 1336 3403 (Id.
1371 3350 1464 3400 xx,
1506 3334 1586 3398 18,
1618 3334 1706 3400 21,
1737 3334 1851 3403 21),
1884 3338 1990 3389 etc.

338 3421 488 3488 Quid
526 3420 660 3476 hinc
691 3422 878 3476 dicam
908 3438 920 3487 ;
968 3420 1078 3476 nisi
1110 3422 1265 3493 quod
1302 3440 1471 3477 nemo
1502 3427 1621 3477 tam
1654 3440 1854 3478 vecors
1884 3427 1992 3492 est,

334 3510 435 3582 qui
467 3511 667 3565 credat
698 3510 948 3575 fumum,
981 3510 1198 3581 ignem,
1225 3511 1430 3576 nubes,
1464 3515 1517 3564 et
1549 3509 1845 3579 nebulam,
1868 3514 1925 3567 et
1945 3510 1993 3566 si

335 3616 455 3672 qua
473 3600 835 3670 hujusmodi,
860 3599 1031 3653 Verbi
1056 3604 1111 3655 et
1126 3599 1436 3671 Sapientiae
1452 3600 1549 3654 Dei
1565 3599 1718 3670 quod
1738 3605 1826 3655 est
1841 3600 1996 3654 Chri-

335 3694 488 3756 stus,
516 3688 603 3744 vel
635 3688 885 3761 Spiritus
909 3688 1094 3743 sancti
1127 3706 1255 3744 esse
1286 3690 1677 3744 substantiam
1701 3688 1729 3742 ‘I
1758 3688 1902 3743 Nam
1924 3690 1995 3745 de

333 3778 505 3834 Patre
536 3778 673 3843 Deo,
700 3794 805 3832 nec
831 3777 1028 3832 Ariani
1052 3777 1160 3832 hoc
1182 3794 1443 3849 unquam
1470 3776 1597 3832 ausi
1620 3782 1759 3831 sunt
1781 3777 1991 3833 dicere.

331 3868 485 3939 Ergo
500 3872 770 3922 creatura
783 3867 1064 3922 serviente
1079 3866 1330 3921 Creatori
1352 3866 1501 3921 facta
1514 3883 1579 3920 sn
1591 3864 1993 3936 utillaomnia,

332 3961 393 4011 et
411 3956 689 4011 humanis
712 3955 985 4010 sensibus
1004 3972 1105 4026 pro
1127 3955 1563 4025 dispensatione
1582 3971 1836 4025 congrua
1860 3972 1997 4025 prai-

333 4050 594 4101 sentata:
623 4043 733 4098 nisi
759 4044 924 4109 forte,
950 4044 1089 4115 quia
1105 4043 1326 4098 dictum
1345 4047 1453 4111 est,
1476 4044 1674 4115 Moyses
1697 4052 1881 4098 autem
1908 4047 1995 4098 in-

333 4135 505 4189 travit
520 4135 577 4187 in
593 4133 848 4187 nebulam
862 4134 958 4187 ubi
974 4138 1094 4187 erat
1108 4134 1268 4192 Deus.
1285 4132 1391 4187 hoc
1405 4132 1525 4186 arbi
1539 4134 1749 4187 trabitu
1761 4150 1786 4186 r
1802 4149 2001 4187 carna-

336 4221 416 4278 lis
441 4221 735 4293 cogitatio,
760 4238 794 4275 a
818 4221 1029 4292 populo
1053 4220 1289 4292 quidem
1316 4220 1586 4275 nebulam
1614 4220 1821 4285 visam,
1848 4220 2003 4275 intra

338 4309 619 4366 nebulam
652 4326 788 4365 vero
818 4313 1048 4381 Moysen
1072 4310 1256 4364 oculis
1279 4309 1505 4364 carneis
1536 4310 1751 4364 vidisse
1785 4308 1998 4365 Filium

339 4400 437 4455 Dei
457 4414 633 4470 quem
649 4398 967 4453 delirantes
982 4397 1229 4453 haeretici
1247 4398 1302 4451 in
1319 4415 1425 4453 sua
1440 4398 1769 4453 substantia
1784 4399 1905 4453 visu
1918 4401 1996 4453 m‘

336 4488 562 4543 volunt.
598 4487 751 4542 Sane
780 4487 990 4542 viderit
1019 4504 1150 4541 eum
1187 4487 1412 4559 Moyses
1444 4486 1628 4541 oculis
1662 4488 1911 4552 carneis,
1947 4487 1997 4542 si

338 4578 529 4633 oculis
559 4575 785 4631 carneis
808 4580 994 4645 potest
1016 4575 1217 4640 videri,
1244 4592 1360 4630 non
1385 4576 1556 4630 modo
1578 4575 1875 4646 Sapientia
1898 4576 1998 4632 Dei

339 4667 497 4739 quod
521 4670 611 4720 est
630 4665 918 4729 Christus,
942 4666 1041 4719 sed
1067 4663 1151 4718 vel
1176 4664 1302 4735 ipsa
1322 4663 1634 4732 cujuslibet
1656 4664 1915 4719 hominis
1946 4670 2003 4720 et

341 4756 793 4827 qualiscumque
812 4754 1093 4824 sapientis
1116 4769 1127 4806 :
1151 4758 1251 4806 aut
1268 4753 1405 4822 quia
1423 4752 1701 4823 scriptum
1719 4754 1887 4807 estde
1910 4769 1999 4809 se-

340 4845 609 4900 nioribus
642 4840 839 4908 Israel,
863 4840 1001 4914 quia
1031 4841 1279 4896 viderunt
1301 4842 1483 4897 locum
1502 4843 1599 4896 ubi
1626 4846 1841 4897 steterat
1862 4844 2003 4898 Deus

341 4935 535 5001 Israel,
563 4938 621 4989 et
649 4933 791 5005 quia
817 4932 917 4986 sub
944 4930 1171 5000 pedibus
1201 4933 1317 5003 ejus
1346 4935 1610 5002 tanquam
1641 4947 1771 5001 opus
1796 4932 1999 5002 lapidis

340 5024 618 5096 sapphiri,
667 5026 719 5078 et
746 5024 1020 5093 tanquam
1066 5027 1317 5091 aspectus
1364 5021 1701 5091 ﬁrmamenti
1745 5020 1868 5075 caeli
1897 5020 1995 5092 (Id.

340 5130 496 5179 xxiv,
534 5114 641 5185 10),
676 5116 983 5183 propterea
1014 5111 1368 5165 credendum
1407 5115 1495 5166 est
1525 5109 1778 5164 Verbum
1812 5113 1869 5163 et
1896 5110 1999 5164 Sa-

348 5201 623 5273 pientiam
649 5199 744 5253 Dei
764 5215 866 5271 per
880 5214 1051 5253 suam
1072 5198 1465 5253 substantiam
1484 5197 1539 5252 in
1557 5196 1746 5268 spatio
1762 5195 1869 5251 loci
1892 5202 2003 5252 ter-

343 5292 466 5347 reni
487 5288 743 5354 stetisse,
762 5305 885 5358 quas
904 5287 1192 5358 pertendit
1207 5304 1241 5342 a
1256 5286 1371 5342 ﬁne
1392 5303 1576 5359 usque
1594 5287 1664 5342 ad
1685 5286 1860 5343 finem
1887 5287 1998 5341 for-

344 5382 503 5449 titer,
536 5385 594 5434 et
639 5378 898 5449 disponit
945 5376 1145 5431 omnia
1176 5377 1431 5431 suaviter
1476 5376 1625 5447 (Sap.
1680 5390 1803 5445 vm,
1840 5376 1912 5447 1);
1945 5379 2002 5430 et

344 5471 428 5526 ita
459 5484 589 5524 esse
620 5466 903 5522 mutabile
934 5464 1184 5520 Verbum
1219 5464 1341 5529 Dei,
1368 5480 1469 5535 per
1497 5464 1653 5535 quod
1686 5466 1837 5520 facta
1863 5469 2003 5520 sunt

344 5558 546 5617 omnia
567 5559 757 5626 (Joan.
781 5572 822 5621 1,
844 5555 920 5626 3),
944 5557 1010 5608 ut
1038 5552 1213 5608 modo
1235 5569 1297 5609 se
1326 5553 1650 5616 contrahat,
1684 5555 1857 5609 modo
1880 5555 1998 5608 dis-

345 5648 549 5705 tendat
582 5644 852 5715 (muudet
893 5642 1180 5698 Dominus
1221 5658 1254 5696 a
1292 5640 1509 5696 talibus
1548 5641 2001 5713 cogitationibus

414 5749 430 5782 ι
464 5745 618 5796 Unus
649 5756 679 5794 θ
707 5739 975 5793 Vaticanis
1003 5739 1150 5801 Μαι..
1180 5737 1447 5793 visibilem.

1700 388 1825 451 LIB
1839 392 1937 453 ER
1977 392 2409 458 SECUNDUS.

3638 396 3754 456 862

2108 529 2283 584 corda
2305 530 2560 587 ﬁdelium
2585 531 2878 605 suorum):
2905 532 3007 587 sed
3032 547 3133 603 per
3153 531 3497 601 subjectam,
3522 532 3585 583 ut
3606 546 3755 601 saepe

2111 618 2387 684 diximus,
2415 627 2736 676 creaturam
2770 622 3119 677 exhibentur
3141 621 3259 675 haec
3290 620 3486 675 omnia
3509 619 3757 674 visibilis

2110 711 2167 763 et
2187 708 2508 777 sensibilis,
2529 712 2597 764 ad
2624 710 3075 784 significandum
3102 710 3447 765 invisibilem
3474 715 3647 780 atque
3671 709 3756 763 in-

2108 795 2473 868 telligibilem
2498 803 2696 864 Deum,
2724 817 2836 855 non
2863 803 3051 854 solum
3078 800 3443 863 Patrem,sed
3468 804 3525 852 et
3551 798 3755 853 Filium

2110 891 2163 942 et
2214 887 2495 958 Spiritum
2546 894 2836 953 sanctum,
2879 906 2947 944 ex
2997 906 3111 961 quo
3166 889 3382 951 omnia,
3430 904 3531 959 per
3578 904 3753 959 quem

2110 976 2327 1041 omnia,
2361 977 2417 1030 in
2451 993 2565 1047 quo
2615 977 2813 1031 omnia
2851 978 3024 1048 (Rom.
3056 995 3135 1045 χι,
3167 978 3278 1045 36);
3313 977 3579 1048 quamvis
3610 977 3752 1031 invi-

2112 1064 2307 1120 sibilia
2337 1064 2457 1134 Dei,
2481 1083 2516 1120 a
2542 1071 2809 1121 creatura
2834 1067 3060 1138 mundi,
3083 1083 3182 1139 per
3202 1084 3268 1122 ea
3294 1084 3419 1138 quae
3445 1068 3595 1121 facta
3618 1070 3759 1122 sunt

2110 1152 2403 1210 intellecta
2433 1157 2890 1227 conspiciantur,
2923 1158 3276 1228 sempiterna
3308 1173 3539 1228 quoque
3570 1156 3756 1211 virtus

2110 1244 2237 1316 ejus
2269 1260 2334 1299 ac
2364 1243 2637 1300 divinitas
2666 1244 2763 1316 (Id.
2803 1263 2839 1311 ι,
2871 1246 2983 1312 20).

2181 1351 2270 1404 26.
2297 1350 2405 1406 Sed
2431 1351 2583 1423 quod
2608 1352 2815 1406 attinet
2836 1352 2905 1407 ad
2931 1351 2987 1406 id
3010 1352 3163 1423 quod
3188 1362 3343 1406 nunc
3366 1352 3757 1423 suscepimus,

2110 1455 2216 1494 nec
2234 1439 2291 1493 in
2318 1445 2512 1495 monte
2526 1440 2666 1496 Sina
2677 1442 2839 1496 video
2853 1442 3347 1513 quemadmodum
3373 1446 3649 1513 appareat
3662 1459 3763 1511 per

2110 1527 2210 1583 illa
2222 1528 2557 1600 omniaquae
2577 1531 2909 1584 mortalium
2926 1531 3199 1585 sensibus
3220 1532 3758 1586 terribiliterosten-

2107 1621 2416 1691 debentur,
2443 1626 2637 1676 utrum
2670 1622 2822 1677 Deus
2842 1622 3114 1685 Trinitas,
3141 1639 3212 1676 an
3242 1625 3432 1687 Pater,
3457 1639 3526 1675 an
3554 1621 3755 1687 Filius,

2106 1727 2180 1765 an
2194 1709 2446 1782 Spiritus
2459 1717 2698 1767 sanctus
2722 1710 3322 1782 proprieloquebatur.
3342 1714 3756 1765 Verumtamen

2106 1799 2154 1855 si
2174 1800 2311 1871 quid
2332 1800 2467 1854 hinc
2489 1800 2614 1856 sine
2632 1799 2962 1854 affirmandi
2978 1800 3299 1853 temeritate
3316 1799 3572 1853 modeste
3586 1805 3757 1869 atque

2106 1894 2447 1944 cunctanter
2460 1890 2787 1959 conjectare
2808 1889 3168 1958 conceditur,
3184 1888 3231 1942 si
3256 1905 3371 1943 una
3392 1906 3459 1942 ex
3474 1888 3757 1943 Trinitate

2105 1993 2356 2049 persona
2387 1983 2576 2049 potest
2610 1977 2878 2050 intelligi,
2904 1994 3007 2031 cur
3038 1994 3151 2031 non
3179 1978 3461 2048 Spiritum
3488 1981 3755 2031 sanctum

2105 2066 2300 2139 potius
2328 2054 2732 2139 intelligimus,
2766 2067 3001 2138 quando
3032 2072 3089 2122 et
3120 2065 3336 2121 tabulis
3368 2065 3614 2137 lapideis
3647 2066 3761 2120 Lex

2104 2156 2232 2229 ipsa
2255 2173 2379 2227 quas
2403 2155 2482 2210 ibi
2500 2156 2752 2223 dataest,
2778 2155 2957 2227 digito
2980 2155 3073 2211 Dei
3093 2155 3308 2225 scripta
3328 2155 3544 2209 dicitur
3561 2155 3753 2225 (Exod.

2102 2262 2255 2315 xxxx,
2286 2246 2389 2315 18),
2410 2261 2524 2316 quo
2559 2244 2793 2300 nomine
2815 2244 3098 2316 Spiritum
3124 2249 3392 2299 sanctum
3416 2243 3475 2298 in
3496 2244 3755 2315 Evange-

2103 2334 2202 2401 lio,
2236 2334 2556 2407 signiﬁcari
2606 2334 2877 2389 novimus
2905 2336 3054 2399 (Luc,
3096 2351 3174 2397 χι,
3206 2333 3320 2404 20).
3374 2334 3441 2387 Et
3470 2332 3759 2403 quinqua-

2102 2423 2265 2495 ginta
2291 2424 2416 2477 dies
2449 2427 2835 2478 numerantur
2857 2423 2929 2478 ab
2962 2422 3250 2479 occisione
3272 2421 3402 2493 agni
3427 2426 3482 2477 et
3504 2421 3758 2476 celebra.

2104 2512 2261 2568 tione
2304 2512 2558 2579 Pascha,
2593 2529 2779 2584 usque
2811 2512 2882 2567 ad
2929 2512 3083 2567 diem
3118 2528 3234 2582 quo
3264 2510 3387 2565 haec
3422 2510 3544 2565 fieri
3576 2515 3763 2579 empta

2103 2608 2244 2657 sunt
2265 2602 2323 2656 in
2347 2607 2545 2657 monte
2563 2602 2733 2669 Sina;
2759 2602 2911 2657 sicut
2929 2607 3055 2671 post
3076 2600 3302 2656 Domini
3330 2600 3659 2671 passionem
3685 2600 3757 2654 ab

2101 2692 2228 2759 ejus
2253 2691 2672 2746 resurrectione
2689 2689 3115 2761 quinquaginta
3132 2690 3257 2744 dies
3279 2692 3681 2753 numerantur,
3701 2693 3759 2743 et

2101 2780 2258 2834 venit
2290 2779 2616 2852 promissus
2647 2796 2681 2833 a
2715 2778 2852 2833 Filio
2885 2778 2983 2833 Dei
3018 2778 3270 2849 Spiritus
3302 2782 3562 2832 sanctus.
3596 2777 3665 2831 Et
3698 2776 3755 2831 in

2099 2868 2227 2941 ipso
2251 2869 2378 2939 ejus
2400 2870 2673 2936 adventu,
2699 2884 2872 2939 quem
2896 2866 2953 2921 in
2977 2865 3385 2939 Apostolorum
3410 2866 3651 2920 Actibus
3674 2864 3750 2920 le-

2100 2957 2316 3028 gimus,
2343 2956 2799 3028 perdivisionem
2818 2955 3154 3028 linguarum
3174 2955 3327 3027 ignis
3344 2953 3751 3026 apparuit,qui

2099 3052 2155 3102 et
2182 3046 2396 3101 insedit
2417 3062 2595 3116 super
2616 3059 3093 3116 unumquemque
3115 3059 3314 3098 eorum
3341 3043 3482 3114 (Act.
3508 3061 3565 3107 II,
3592 3043 3747 3113 1-4):

2099 3135 2253 3206 quod
2279 3134 2466 3189 Exodo
2490 3134 2777 3205 congruit,
2819 3132 2917 3187 ubi
2941 3132 3225 3204 scriptum
3257 3136 3365 3199 est,
3397 3133 3531 3188 Sina
3562 3140 3747 3186 autem

2097 3240 2254 3279 mons
2280 3224 2530 3292 fumabat
2558 3226 2715 3291 totus,
2747 3231 3032 3293 propterea
3059 3221 3201 3293 quod
3230 3221 3499 3276 descendit
3539 3223 3596 3275 in
3626 3237 3751 3275 eum

2097 3315 2239 3369 Deus
2265 3315 2323 3367 in
2346 3315 2472 3380 igne
2486 3329 2506 3373 ,·
2529 3317 2586 3367 et
2612 3311 2910 3382 aliquanto
2934 3317 3084 3382 post,
3108 3311 3382 3382 Aspectus,
3407 3310 3617 3381 inquit,
3641 3328 3753 3364 ma-

2086 3403 2306 3475 jestatis
2345 3402 2568 3457 Domini
2594 3406 2857 3473 tanquam
2898 3402 3041 3469 ignis
3071 3400 3270 3455 ardens
3306 3416 3469 3470 super
3498 3401 3752 3455 verticem

2097 3492 2300 3547 montis
2325 3507 2508 3546 coram
2538 3491 2673 3561 ﬁliis
2702 3490 2891 3545 Israel.
2923 3494 3039 3543 Aut
3059 3490 3108 3544 si
3131 3489 3250 3543 haec
3272 3489 3399 3543 ideo
3424 3490 3573 3543 facta
3592 3493 3749 3556 sunt,

2097 3582 2235 3651 quia
2268 3596 2372 3635 nec
2398 3580 2583 3647 Pater,
2618 3595 2721 3633 nec
2755 3578 2935 3632 Filius
2967 3578 3085 3632 illic
3115 3595 3181 3633 eo
3214 3579 3383 3633 modo
3415 3577 3749 3647 praesentari

2098 3674 2367 3742 poterant
2388 3669 2509 3723 sine
2531 3667 2749 3737 Spiritu
2766 3672 2985 3733 sancto,
3008 3666 3321 3738 quoipsam
3344 3667 3549 3736 Legem
3573 3665 3749 3719 scribi

2098 3758 2430 3830 oportebat:
2452 3756 2637 3811 Deum
2656 3772 2728 3827 qu
2742 3755 2914 3819 idem,
2932 3772 3043 3810 non
3061 3754 3563 3825 persubstantiam
3580 3770 3748 3808 suam

2099 3863 2226 3918 quas
2267 3844 2577 3900 invisibilis
2614 3850 2671 3900 et
2703 3842 3202 3899 incommutabilis
3244 3848 3460 3906 manet,
3503 3842 3603 3896 sed
3651 3858 3753 3912 per

2099 3936 2259 3992 illam
2276 3934 2528 4005 speciem
2543 3938 2737 3988 creatu
2748 3949 2818 3986 rae
2835 3931 2951 3986 illic
2966 3933 3306 4003 apparuisse
3322 3932 3750 4001 cognoscimus;

2100 4026 2198 4082 sed
2231 4024 2488 4095 aliquam
2523 4039 2591 4077 ex
2621 4020 2903 4077 Trinitate
2948 4037 3254 4092 personam
3297 4021 3464 4093 signo
3498 4020 3751 4092 quodam

2100 4112 2356 4186 proprio,
2390 4117 2676 4183 quantum
2711 4111 2783 4165 ad
2815 4110 2927 4167 mei
2960 4126 3169 4166 sensus
3200 4110 3580 4183 capacitatem
3620 4126 3749 4182 pcr-

2102 4205 2271 4269 tinet,
2306 4220 2420 4257 non
2453 4201 2743 4255 videmus.

2173 4310 2399 4366 CAPUT
2431 4308 2571 4364 XVI.
2605 4339 2674 4348 —
2694 4308 2785 4363 27.
2818 4308 3021 4379 Moyses
3050 4306 3315 4377 quomodo
3337 4307 3533 4362 viderit
3563 4313 3749 4362 Deum.

2102 4400 2205 4453 Est
2222 4400 2394 4453 etiam
2423 4415 2539 4469 quo
2563 4396 2775 4452 moveri
2802 4396 3063 4468 plerique
3086 4394 3294 4459 solent,
3316 4396 3450 4463 quia
3472 4398 3755 4467 scriptum

2101 4493 2208 4557 est,
2236 4489 2299 4542 Et
2331 4488 2543 4541 locutus
2570 4489 2647 4541 est
2669 4487 2937 4540 Dominus
2957 4484 3029 4539 ad
3054 4486 3264 4556 Moysen
3288 4487 3429 4553 facie
3449 4484 3518 4539 ad
3537 4487 3759 4555 faciem,

2100 4577 2242 4632 sicut
2274 4579 2396 4647 quis
2429 4577 2676 4647 loquitur
2703 4575 2772 4629 ad
2792 4575 3034 4628 amicum
3056 4591 3215 4628 suum
3236 4594 3253 4628 :
3279 4592 3410 4629 cum
3437 4573 3608 4645 paulo
3636 4582 3763 4645 post

2103 4668 2258 4721 dicat
2280 4667 2431 4719 idem
2458 4665 2705 4735 Moyses,
2730 4663 2789 4717 Si
2807 4680 2932 4733 ergo
2951 4665 3139 4718 inveni
3156 4666 3402 4733 gratiam
3423 4673 3550 4717 ante
3572 4673 3643 4729 te,
3667 4680 3755 4719 0s-

2102 4755 2258 4812 tende
2287 4754 2427 4808 mihi
2457 4754 2804 4819 temetipsum
2825 4755 3133 4823 manifeste,
3160 4756 3219 4807 ut
3244 4753 3453 4807 videam
3485 4762 3559 4814 te;
3577 4761 3634 4806 ut
3653 4754 3756 4807 sint

2102 4844 2384 4901 inveniens
2399 4843 2637 4911 gratiam
2651 4845 2784 4895 ante
2800 4844 2870 4911 te,
2890 4844 2939 4895 et
2962 4844 3018 4895 ut
3033 4844 3211 4896 sciam
3228 4844 3362 4912 quia
3378 4842 3612 4909 populus
3629 4849 3755 4895 tuus

2100 4942 2178 4990 est
2198 4948 2324 5002 gens
2341 4931 2488 4987 haec:
2506 4935 2561 4985 et
2582 4929 2754 5002 paulo
2772 4935 2903 5001 post
2920 4930 3129 4985 iterum
3150 4931 3295 4985 dixit
3314 4934 3537 5001 Moyses
3559 4930 3628 4983 ad
3648 4929 3753 4983 Do—

2103 5022 2349 5086 minum,
2378 5020 2600 5077 Ostende
2620 5019 2762 5074 mihi
2780 5020 3117 5089 majestatem
3141 5030 3316 5075 tuam.
3338 5018 3480 5084 Quid
3506 5022 3595 5072 est
3622 5016 3750 5079 hoc,

2102 5111 2255 5183 quod
2294 5110 2349 5163 in
2373 5109 2648 5164 omnibus
2671 5125 2798 5179 qua:
2822 5126 3001 5179 supra
3022 5110 3257 5172 ﬁebant,
3284 5110 3428 5161 Deus
3452 5106 3630 5160 videri
3654 5124 3754 5177 per

2103 5215 2270 5255 suam
2287 5196 2677 5254 substantiam
2694 5198 2972 5269 putabatu
2982 5214 3069 5265 r,u
3082 5198 3191 5251 nde
3204 5214 3235 5250 a
3250 5195 3481 5250 miseris
3496 5194 3753 5249 creditus

2102 5294 2329 5353 est,non
2347 5290 2652 5358 percreatu
2663 5286 2914 5349 ram,sed
2934 5302 3033 5355 per
3046 5285 3304 5355 seipsum
3320 5282 3673 5339 visibilisFili
3687 5301 3753 5337 us

2102 5376 2222 5444 Dei;
2247 5382 2305 5431 et
2326 5375 2481 5447 quod
2501 5376 2809 5429 intraverat
2831 5372 2888 5427 in
2906 5372 3178 5427 nebulam
3192 5374 3437 5445 Moyses,
3452 5373 3523 5428 ad
3539 5372 3645 5428 hoc
3660 5372 3749 5427 in-

2102 5472 2288 5521 trasse
2311 5464 2632 5523 videbatur.
2649 5469 2712 5517 ut
2734 5462 2917 5517 oculis
2943 5462 3180 5531 quidem
3206 5462 3751 5532 populiostenrlere-

2102 5561 2200 5612 tur
2231 5554 2417 5627 caligo
2451 5551 2751 5616 nebulosa,
2776 5549 2872 5604 ille
2901 5555 3097 5603 autem
3122 5549 3281 5605 intus
3305 5552 3479 5606 verba
3505 5553 3597 5607 Dei
3625 5557 3750 5606 tan-

2104 5662 2280 5717 quam
2302 5646 2431 5715 ejus
2458 5640 2661 5697 faciem
2686 5638 3121 5710 contemplatus
3139 5638 3365 5696 audiret
3384 5646 3440 5695 et
3460 5643 3751 5712 quomodo

2103 5735 2329 5793 dictum
2360 5736 2468 5801 est,
2501 5734 2735 5788 Locutus
2762 5735 2843 5785 est
2874 5730 3149 5787 Dominus
3174 5728 3244 5787 ad
3275 5729 3487 5804 Moysen
3515 5733 3657 5800 facie
3685 5731 3755 5786 ad
