4100 6194
449 310 570 371 867

457 446 535 501 lia
564 444 939 499 deserviebant
971 443 1040 509 ei,
1060 447 1109 496 et
1140 441 1283 497 dena
1314 443 1473 497 milia
1502 443 1698 499 denum
1730 446 1991 501 muitium
2011 463 2095 500 as-

454 536 717 589 sistebant
758 535 827 587 ei.
875 534 938 585 Et
976 532 1254 601 judicium
1304 532 1606 602 collocavit,
1646 537 1695 588 et
1744 535 1875 589 libri
1918 535 2097 604 aperti

453 632 599 686 sunt,
632 626 738 677 etc.
778 626 837 674 Et
873 620 1041 692 paulo
1074 626 1205 691 post
1237 646 1249 676 :
1283 620 1653 691 Aspiciebam,
1687 622 1897 694 inquit,
1930 625 1989 677 in
2014 624 2097 677 vi-

456 720 607 768 sione
636 711 808 766 noctis
841 728 858 763 :
890 713 942 764 et
971 726 1087 765 ecce
1123 726 1247 764 cum
1279 710 1402 765 cwli
1441 710 1692 773 nubibus,
1740 712 1894 782 quasi
1925 712 2099 766 Filius

455 803 690 857 hominis
720 802 940 856 veniens
961 808 1103 864 erat,
1125 804 1172 853 et
1196 816 1366 870 usque
1390 806 1457 853 ad
1486 802 1719 855 Veterem
1738 800 1954 855 dierum
1974 817 2097 872 per-

456 893 681 954 venit,et
712 890 931 944 oblatus
949 897 1028 943 est
1060 890 1127 943 ei.
1152 890 1213 942 Et
1246 890 1354 958 ipsi
1383 888 1553 943 datus
1584 897 1661 943 est
1685 890 2029 960 principatus
2051 895 2101 944 et

453 982 627 1038 honor
655 983 704 1035 et
734 995 1002 1049 regnum;
1045 987 1095 1033 et
1126 993 1310 1033 omnes
1336 979 1549 1049 populi,
1588 979 1783 1045 tribus,
1814 987 1865 1034 et
1897 979 2101 1048 lingua

453 1071 563 1143 ipsi
588 1070 844 1123 servient.
883 1072 1122 1123 Potestas
1152 1068 1290 1139 ejus,
1320 1075 1552 1137 potestas
1581 1076 1817 1131 acterna,
1852 1083 1969 1137 quae
1988 1081 2097 1122 non

450 1159 754 1234 pra’teribil
777 1162 825 1212 et
857 1173 1084 1227 regnum
1115 1156 1230 1226 ejus
1255 1172 1359 1211 non
1383 1159 1789 1227 corrumpetur‘
1812 1156 1971 1226 (Dan.
1996 1171 2097 1224 v11,

455 1250 631 1319 9-1/1).
666 1248 806 1301 Ecce
838 1246 1006 1301 Pater
1037 1246 1204 1315 dans,
1229 1248 1286 1299 et
1317 1244 1496 1300 Filius
1530 1245 1821 1317 accipiens
1852 1260 2097 1316 regnum

458 1341 900 1412 sempiternum,
936 1342 993 1391 et
1021 1342 1160 1392 sunt
1191 1337 1363 1391 ambo
1414 1336 1471 1389 in
1505 1341 1816 1407 conspectu
1850 1335 2097 1408 prophe-

460 1432 637 1488 tantis
668 1428 882 1486 visibili
918 1427 1128 1498 specie.
1164 1427 1287 1481 Non
1319 1444 1451 1495 ergo
1485 1428 1956 1483 inconvenienter
1977 1442 2099 1481 cre-

460 1523 616 1577 ditur
645 1522 818 1575 etiam
855 1520 1018 1575 Pater
1070 1522 1221 1572 Deus
1266 1533 1331 1572 eo
1381 1517 1554 1571 modo
1594 1517 1779 1573 solere
1823 1532 2101 1589 apparere

459 1610 821 1667 mortalibus.

524 1700 745 1756 3.5.Nisi
768 1699 913 1753 forte
936 1696 1147 1768 aliquis
1164 1695 1314 1751 dicet
1330 1694 1504 1767 ’,ideo
1530 1713 1642 1750 non
1665 1712 1791 1751 esse
1813 1694 2100 1751 visibilem

457 1790 705 1853 Patrem,
741 1788 879 1859 quia
908 1787 966 1841 in
1018 1792 1327 1855 conspectu
1376 1784 1726 1839 somniantis
1773 1784 2044 1855 apparuit
2084 1800 2099 1852 ;

450 1878 578 1933 ideo
610 1882 803 1932 autem
836 1875 1046 1931 Filium
1079 1873 1366 1929 visibilem
1398 1878 1455 1927 et
1502 1872 1762 1944 Spritum
1802 1878 2100 1939 sanctum,

451 1967 590 2038 quia
622 1971 839 2038 Moyses
882 1964 978 2018 illa
1019 1962 1212 2019 omnia
1245 1961 1494 2033 vigilans
1546 1962 1707 2017 vidit.
1760 1962 1933 2028 Quasi
1967 1979 2099 2017 vero

448 2056 702 2111 Verbum
722 2059 779 2109 et
799 2052 1151 2124 Sapientiam
1178 2051 1277 2105 Dei
1294 2050 1743 2123 videritMoyses
1761 2052 2096 2108 carnalibus

449 2143 653 2210 oculis,
688 2148 788 2197 aut
817 2141 996 2196 videri
1030 2140 1275 2212 spiritus
1305 2140 1393 2194 vel
1446 2139 1744 2195 humanus
1778 2141 1963 2212 possit
2000 2142 2094 2212 qui

448 2252 680 2291 carnem
700 2234 873 2289 istam
892 2231 1257 2297 viviﬁcat,ve1
1282 2231 1405 2303 ipse
1431 2248 1743 2303 corporeus
1764 2232 1864 2303 qui
1889 2238 2095 2288 ventus

445 2326 688 2387 dicitur;
724 2328 941 2394 quanto
970 2321 1168 2377 minus
1192 2321 1286 2376 ille
1307 2321 1557 2393 Spiritus
1584 2321 1682 2376 Dei
1706 2322 1804 2393 qui
1830 2323 2093 2378 omnium

444 2414 749 2469 hominum
770 2411 1193 2483 etAngelorum
1219 2416 1443 2466 mentes
1469 2409 2098 2467 inetiabiliexcellentia

445 2502 654 2557 divinae
686 2500 1031 2557 substantiae
1055 2498 1535 2571 supergreditur?
1553 2499 1979 2571 autquisquam
1994 2500 2095 2557 tali

451 2591 841 2662 praecipitetur
871 2594 1149 2656 crrore,ut
1181 2588 1390 2643 audeat
1422 2588 1611 2643 dicere
1645 2588 1848 2644 Filium
1884 2594 1941 2644 et
1961 2590 2089 2661 Spi-

445 2681 622 2735 ritum
644 2684 914 2735 sanctum
934 2679 1107 2735 etiam
1128 2678 1504 2750 vigilantibus
1522 2678 1861 2734 hominibus
1880 2697 2007 2737 esse
2021 2681 2095 2736 vi-

444 2771 930 2840 sibilem,Patrem
955 2775 1149 2826 autem
1170 2768 1404 2825 nonnisi
1436 2769 1915 2827 somniantibus?
1939 2773 2088 2837 Quo-

446 2864 615 2918 modo
649 2879 784 2933 ergo
817 2864 888 2917 de
920 2868 1088 2918 Patre
1120 2860 1245 2918 solo
1278 2862 1767 2932 accipiunt,0uem
1804 2879 1957 2918 nemo
1993 2864 2088 2920 ho-

444 2955 657 3007 minum
690 2954 857 3016 vidit,
890 2969 985 3007 nec
1016 2953 1201 3007 videre
1230 2954 1442 3021 potest?
1490 2957 1575 3004 An
1623 2967 1754 3006 cum
1789 2953 2089 3009 dormiunt

443 3038 730 3103 homines,
755 3045 893 3093 tunc
925 3055 1037 3093 non
1070 3043 1209 3093 sunt
1231 3037 1540 3092 homines?
1568 3039 1681 3093 Aut
1711 3040 1810 3110 qui
1838 3042 2085 3097 formare

443 3126 893 3181 similitudinem
923 3126 1180 3195 corporis
1213 3130 1404 3197 potest
1433 3126 1503 3181 ad
1536 3142 1598 3181 se
1628 3126 2083 3197 significandum

444 3234 543 3288 per
589 3216 711 3271 visa
757 3216 1198 3282 somniantium,
1236 3232 1350 3271 non
1396 3221 1585 3288 potest
1616 3214 1865 3272 formare
1896 3218 2083 3290 ipsam

442 3324 778 3378 corpoream
830 3312 1154 3363 creaturam
1187 3308 1257 3362 ad
1286 3324 1349 3363 se
1396 3306 1848 3378 significandum
1898 3311 2085 3366 oculis

443 3394 808 3467 vigilantium
830 3395 857 3449 ‘P
889 3411 1020 3449 cum
1052 3396 1182 3466 ejus
1206 3396 1332 3466 ipsa
1353 3393 1684 3449 substantia
1705 3411 1821 3465 qua
1841 3402 1930 3451 est
1961 3396 2085 3469 ipse

442 3487 594 3557 quod
647 3491 755 3552 est,
810 3486 972 3542 nulla
1018 3487 1274 3557 corporis
1322 3486 1709 3541 similitudine
1752 3487 2082 3559 dormienti,

440 3576 602 3633 nulla
629 3594 906 3650 corporea
934 3579 1126 3648 specie
1158 3578 1420 3651 vigilanti
1455 3578 1641 3651 possit
1671 3580 1895 3635 ostendi
1934 3597 1946 3634 :
1982 3581 2082 3636 sed

440 3684 551 3722 non
585 3667 776 3723 solum
807 3668 828 3702 ³
858 3668 1065 3735 Patris,
1113 3685 1313 3723 verum
1354 3668 1529 3724 etiam
1582 3668 1705 3722 Filii
1740 3672 1797 3724 et
1828 3669 2082 3739 Spiritus

501 3777 515 3809 ί
549 3775 684 3823 Editi
715 3774 979 3839 quodnon
1014 3778 1385 3838 corrumpetur.
1421 3776 1602 3830 Abest.
1631 3775 1782 3839 quod,
1816 3790 1846 3825 a
1875 3778 1997 3827 Mes.
2030 3782 2082 3828 et

438 3851 467 3884 a
498 3840 742 3886 versione
777 3838 916 3886 LXX.

498 3901 520 3965 ξ
547 3900 631 3965 Er.
667 3900 811 3965 Lugd
860 3899 988 3947 Ven.
1037 3901 1091 3947 et
1120 3900 1263 3965 L_ov.,
1299 3898 1410 3948 Nisi
1435 3900 1570 3961 forte
1599 3901 1786 3965 aliquis
1814 3901 1971 3952 dicat.
2008 3903 2074 3951 M.

497 3962 520 3997 ⁸
546 3963 669 4010 Tres
699 3964 843 4019 Mss.,
872 3969 920 4010 et
947 3975 1052 4009 non
1078 3961 1259 4010 solum.

1568 311 1670 370 DE
1713 311 2168 384 TRINITATE,
2215 310 2281 373 S.
2328 313 2759 377 AUGUSTINI

3702 328 3802 389 868

2208 447 2413 501 sancti.
2454 448 2523 502 Et
2554 454 2707 504 certe
2738 449 2835 521 qui
2866 450 3232 519 vigilantium
3263 452 3401 509 visis
3430 462 3723 526 moventur,
3752 472 3807 520 ut

2208 552 2324 590 non
2357 536 2607 605 Patrem,
2628 539 2726 593 sed
2759 544 2989 594 tantum
3022 542 3233 596 Filium
3267 544 3350 596 vel
3385 544 3648 615 Spiritum
3670 567 3807 608 sanc-

2208 628 2335 679 tum
2405 625 2645 684 credant
2692 629 3088 700 corporalibus
3138 630 3442 687 hominum
3504 639 3808 706 apparuisse

2210 714 2676 784 conspectibus;
2729 722 2792 771 ut
2837 718 3102 773 omittam
3172 725 3394 775 tantam
3472 722 3804 786 latitudinem

2216 810 2549 859 sanctarum
2587 806 2952 878 paginarum,
2985 814 3043 863 et
3072 814 3191 864 tam
3225 809 3598 882 multiplicem
3639 832 3811 874 earum

2215 890 2682 964 intelligentiam,
2734 897 2884 951 unde
2933 914 3105 954 nemo
3152 899 3279 955 sani
3321 900 3526 972 capitis
3555 904 3815 965 afﬁrmem

2217 979 2408 1046 debet,
2434 999 2725 1054 nusquam
2760 1002 3071 1059 personam
3091 986 3277 1043 Patris
3303 1006 3404 1061 per
3433 990 3675 1059 aliquam
3704 1012 3818 1068 spe-

2216 1068 2363 1125 ciem
2397 1071 2752 1144 corporalem
2784 1074 3151 1147 vigilantium
3170 1077 3356 1134 oculis
3372 1080 3815 1142 demonstratam:

2218 1160 2315 1213 sed
2352 1164 2417 1215 ut
2456 1160 2586 1228 hoc,
2621 1167 2684 1217 ut
2713 1163 2854 1229 dixi,
2897 1165 3162 1222 omittam
3192 1184 3205 1235 ;
3240 1167 3377 1239 quid
3411 1170 3609 1227 dicunt
3635 1173 3699 1228 de
3725 1174 3819 1231 Pa-

2218 1252 2304 1303 tre
2337 1256 2533 1306 nostro
2567 1251 2883 1319 Abraham,
2916 1255 3007 1310 cui
3058 1261 3211 1312 certe
3241 1257 3503 1329 vigilanti
3553 1264 3607 1315 et
3639 1262 3820 1320 minis-

2217 1340 2415 1409 tranti,
2470 1357 2601 1396 cum
2634 1342 2933 1415 Scriptura
2959 1345 3337 1416 prremisisset
3356 1348 3571 1418 dicens,
3593 1352 3729 1407 Visus
3755 1361 3821 1409 est

2217 1430 2487 1486 Dominus
2526 1430 2776 1497 Abrahae,
2809 1450 2922 1488 non
2955 1450 3107 1489 unus
3153 1439 3255 1491 aut
3284 1436 3421 1507 duo,
3460 1439 3557 1493 sed
3597 1444 3708 1496 tres
3734 1460 3825 1514 ap-

2215 1526 2536 1589 paruerunt
2563 1521 2688 1585 viri,
2721 1538 2971 1592 quorum
3006 1522 3205 1579 nullus
3235 1523 3573 1583 honoratius
3602 1529 3825 1587 effulsis-

2216 1608 2503 1674 se,nullus
2534 1610 2906 1681 imperiosius
2936 1612 3126 1683 egisse
3156 1612 3306 1683 (Gen.
3340 1630 3503 1679 xvm,
3539 1617 3631 1684 1)?

2283 1698 2372 1752 35.
2408 1700 3072 1771 Quapropter,quoniam
3105 1702 3164 1755 in
3196 1701 3295 1757 illa
3323 1704 3615 1775 tripertita
3654 1713 3831 1765 nostra

2214 1784 2622 1843 distributione
2655 1788 2907 1859 primum
2948 1806 3205 1860 quaerere
3233 1790 3599 1849 instituimus
3632 1797 3829 1869 (Supra,

2210 1892 2329 1947 cap.
2362 1877 2645 1945 7),utrum
2682 1878 2945 1945 Pater,an
2974 1878 3251 1949 Filius,an
3287 1881 3543 1953 Spiritus
3574 1892 3829 1953 sanctus;

2213 1982 2283 2020 an
2330 1966 2646 2038 aliquando
2699 1967 2881 2033 Pater,
2929 1967 3244 2039 aliquando
3295 1970 3498 2040 Filius,
3543 1973 3832 2046 aliquando

2212 2054 2464 2126 Spiritus
2496 2061 2772 2123 sanctus;
2822 2074 2894 2111 an
2942 2058 3068 2112 sine
3101 2057 3219 2113 ulla
3247 2060 3619 2119 distinctione
3650 2082 3829 2137 perso-

2215 2162 2442 2209 narum,
2496 2146 2647 2201 sicut
2693 2146 2925 2213 dicitur,
2957 2146 3111 2203 Deus
3142 2165 3296 2205 unus
3341 2155 3400 2205 et
3448 2151 3642 2219 solus;
3677 2152 3727 2207 id
3758 2159 3836 2210 est

2212 2234 2467 2290 Trinitas
2499 2236 2644 2307 ipsa,
2680 2252 2779 2306 per
2824 2235 2956 2291 illas
3004 2242 3277 2293 creaturae
3325 2240 3544 2297 formas
3589 2242 3834 2299 Patribus

2212 2324 2543 2395 apparuerit
2577 2342 2589 2378 :
2624 2325 2987 2396 interrogatis
3018 2342 3144 2397 qua:
3177 2327 3478 2398 potuimus
3510 2330 3834 2401 ‘,quantum

2208 2414 2474 2469 sufficere
2507 2413 2694 2469 visum
2719 2418 2827 2478 est,
2852 2419 3186 2469 sanctarum
3218 2417 3655 2488 Scripturarum
3686 2420 3834 2487 locis,

2207 2501 2351 2555 nihil
2385 2502 2564 2570 aliud,
2598 2508 2887 2574 quantum
2935 2503 3226 2569 existimo,
3272 2506 3605 2562 divinorum
3654 2525 3837 2565 sacra-

2208 2596 2537 2646 mentorum
2573 2592 2835 2647 modesta
2866 2598 2924 2647 et
2962 2598 3132 2648 cauta
3168 2594 3580 2663 consideratio,
3614 2614 3833 2670 persua-

2207 2682 2324 2747 det,
2360 2680 2470 2736 nisi
2504 2686 2566 2735 ut
2596 2686 2811 2736 temere
2843 2699 2956 2738 non
3007 2681 3272 2738 dicamus
3316 2700 3587 2755 quasnam
3618 2703 3684 2741 ex
3719 2686 3837 2742 Tri-

2206 2770 2388 2826 nitate
2421 2787 2665 2841 persona
2698 2770 2937 2825 cuilibet
2960 2770 3191 2826 Patrum
3216 2772 3300 2827 vel
3336 2772 3753 2846 Prophetarum
3785 2777 3835 2831 in

2206 2860 2400 2931 aliquo
2433 2877 2670 2931 corpore
2689 2860 2774 2915 vel
2799 2860 3184 2916 similitudine
3206 2863 3470 2934 corporis
3493 2866 3836 2936 apparuerit,

2206 2950 2317 3005 nisi
2370 2966 2502 3004 cum
2555 2948 2914 3004 continentia
2970 2949 3237 3005 lectionis
3281 2951 3482 3023 aliqua
3534 2953 3840 3024 probabilia

2206 3041 2593 3113 circumponit
2623 3038 3006 3110 indicia.lpsa
3033 3040 3188 3094 enim
3224 3046 3437 3097 natura
3460 3042 3546 3097 vel
3582 3044 3839 3099 substan-

2204 3132 2305 3201 tia,
2330 3130 2414 3186 vel
2445 3127 2808 3199 essentia,vel
2836 3127 3097 3199 quolibet
3126 3128 3239 3184 alio
3274 3131 3514 3187 nomine
3549 3132 3834 3204 appellan-

2203 3222 2342 3277 dum
2376 3226 2464 3276 est
2484 3220 2739 3291 idipsum
2775 3218 2927 3289 quod
2953 3217 3104 3272 Deus
3126 3224 3234 3287 est,
3260 3219 3551 3292 quidquid
3584 3221 3721 3276 illud
3740 3226 3835 3288 est,

2202 3310 2579 3383 corporaliter
2608 3306 2784 3362 videri
2816 3323 2929 3361 non
2963 3312 3189 3377 potest:
3226 3323 3327 3379 per
3357 3311 3688 3379 subjectam
3719 3326 3837 3366 vero

2201 3402 2551 3459 creaturam.
2593 3411 2707 3450 non
2741 3393 2937 3449 sulum
2988 3391 3222 3462 Filium,
3255 3394 3340 3450 vel
3394 3395 3680 3466 Spiritum
3711 3413 3837 3452 san-

2200 3486 2488 3551 ctum,sed
2514 3485 2684 3540 etiam
2715 3484 2937 3538 Patrem
2962 3482 3245 3554 corporali
3270 3485 3468 3556 specie
3495 3485 3615 3542 sive
3642 3484 3839 3542 simili-

2200 3576 2402 3630 tudine
2423 3573 2767 3630 mortalibus
2789 3570 3061 3633 sensibus
3086 3572 3581 3643 signiticationem
3606 3574 3693 3629 sui
3718 3576 3839 3629 dare

2200 3667 2459 3738 potuisse
2476 3664 2832 3720 credendum
2851 3668 2958 3719 est.
2974 3663 3110 3727 Quae
3131 3678 3263 3717 cum
3290 3662 3369 3716 ita
3394 3662 3618 3729 sint,ne
3640 3664 3833 3718 immo-

2197 3756 2456 3810 deratius
2473 3753 2877 3826 progrediatur
2890 3751 3127 3807 secundi
3148 3751 3322 3819 hujus
3339 3750 3663 3807 voluminis
3676 3750 3839 3823 longi-

2196 3846 2358 3915 tudo,
2384 3861 2451 3899 ea
2481 3860 2608 3915 quas
2643 3847 2883 3909 restant,
2909 3841 2966 3896 in
2986 3840 3486 3910 consequentibus
3527 3840 3834 3896 videamus.

2261 3966 2278 3998 ί
2312 3962 2432 4011 Mss.
2464 3959 2764 4018 duodecim,
2796 3958 3231 4021 interrogatisque
3258 3959 3412 4018 prout
3439 3960 3730 4021 potuimus.

1623 4186 2000 4282 LIBER
2111 4186 2664 4282 TERTIUS.

501 4346 562 4417 In.
591 4358 697 4417 quo
729 4346 1003 4417 quaeritur.
1035 4358 1100 4417 an
1128 4344 1181 4393 in
1214 4344 1313 4417 illis
1343 4345 1407 4417 de
1439 4346 1633 4417 quibus
1662 4348 1939 4417 superiore
1971 4348 2107 4417 libro
2134 4350 2333 4398 dictum
2365 4352 2462 4417 est.
2488 4347 2576 4417 Dei
2608 4345 3053 4417 apparitionibus.
3075 4357 3172 4417 per
3198 4357 3486 4417 corporeae
3511 4346 3723 4417 species
3743 4342 3836 4417 fac-

434 4408 522 4472 tis,
553 4410 918 4472 tantummodo
948 4413 1193 4457 creatura
1222 4409 1447 4457 formata
1477 4413 1559 4463 sit,
1592 4408 1641 4455 in
1675 4422 1780 4471 qna
1813 4411 1951 4458 Dens
1980 4413 2115 4461 sicut
2148 4417 2277 4461 tunc
2302 4411 2601 4472 oportuisse
2623 4408 2897 4472 judicavit,
2932 4408 3183 4455 humanis
3213 4408 3597 4456 ostenderetur
3626 4408 3834 4472 aspecti-

438 4468 537 4516 bus
563 4484 575 4539 ξ
606 4484 672 4517 an
706 4471 879 4539 angeli
927 4472 1016 4533 qui
1060 4484 1168 4533 1am
1222 4476 1379 4519 antra
1428 4475 1581 4539 erant
1611 4468 2077 4530 ita—mittebantur,
2109 4480 2188 4539 ut,
2213 4489 2277 4522 ex
2330 4468 2555 4539 persona
2588 4468 2675 4520 Dei
2719 4471 3092 4539 loquerentur,
3142 4470 3832 4539 assumentescorporalem

434 4532 662 4606 speciem
696 4531 759 4579 de
791 4531 1032 4606 creatura
1059 4531 1332 4606 corporea,
1384 4537 1485 4606 aut
1526 4534 1941 4606 ipsumrorpus
1975 4550 2128 4606 suum
2178 4537 2232 4585 in
2282 4531 2484 4598 species
2532 4549 2670 4606 quas.
2708 4531 2910 4606 vellent
2938 4533 3365 4581 accommodatas
3398 4532 3705 4606 actipnibus
3733 4532 3835 4606 suis

434 4598 699 4661 vertentes
727 4596 1017 4644 secundum
1049 4596 1359 4645 attributam
1390 4596 1490 4645 sibi
1522 4610 1553 4645 a
1580 4596 1826 4646 Creatore
1859 4600 2148 4660 potentiam
2182 4614 2195 4649 :
2228 4596 2343 4661 ipsa
2372 4596 2563 4647 autem
2582 4598 2673 4646 Dei
2719 4596 2951 4645 essentia
2979 4608 3255 4657 nunquam
3286 4608 3383 4657 per
3418 4608 3476 4643 se
3509 4596 3678 4658 ipsam
3734 4596 3835 4640 visa

434 4655 616 4704 fuerit.

502 4825 869 4881 PROOEMIUM.
906 4858 969 4868 ——
1005 4828 1052 4882 1.
1091 4828 1198 4883 Cur
1235 4828 1299 4883 de
1351 4829 1617 4884 Trinitate
1662 4829 1883 4885 scribat.
1938 4829 2080 4899 Quid

426 4933 459 4969 ιι
492 4916 785 4970 lectoribus
817 4915 1099 4971 desideret.
1155 4917 1295 4986 Quid
1324 4917 1523 4973 dictum
1574 4920 1648 4973 sit
1700 4920 1756 4973 in
1800 4921 2081 4991 superiore

427 5005 587 5059 libro.
623 5004 891 5075 Credant,
914 5006 1012 5076 qui
1046 5006 1267 5074 volunt,
1302 5006 1473 5061 malle
1504 5024 1594 5061 me
1624 5006 1866 5079 legendo
1899 5025 2076 5079 quam

425 5088 670 5161 legenda
686 5091 959 5146 dictando
983 5092 1381 5163 laborareﬂui
1398 5098 1593 5149 autem
1612 5095 1715 5149 hoc
1729 5095 1935 5149 nolunt
1956 5112 2077 5151 cre-

428 5180 833 5251 dere,experiri
863 5186 1057 5237 autem
1082 5189 1139 5237 et
1165 5188 1411 5253 possunt
1430 5189 1486 5237 et
1506 5183 1727 5243 volunt.
1752 5184 1889 5239 dent
1910 5202 2037 5255 qua
2059 5190 2076 5222 ί

428 5268 672 5341 legendo
713 5270 796 5324 vel
824 5272 972 5325 meis
1007 5272 1491 5341 inquisitionibus
1508 5274 1972 5344 respondeantur
1991 5274 2077 5330 vel

429 5358 979 5429 interrogationibus
1022 5360 1296 5426 aliorum,
1332 5379 1477 5432 quas
1518 5379 1619 5433 pro
1662 5378 1789 5417 mea
1830 5379 2080 5434 persona

437 5462 611 5517 quam
634 5446 690 5501 in
708 5450 941 5503 servitio
956 5449 1170 5505 Christi
1195 5457 1416 5520 gero,et
1434 5468 1534 5521 pro
1556 5451 1752 5506 studio
1772 5469 1887 5523 quo
1902 5452 2073 5508 fidem

434 5538 691 5589 nostram
712 5536 1016 5593 adversum
1043 5556 1299 5595 errorem
1313 5539 1635 5595 carnalium
1657 5545 1714 5595 et
1730 5540 2077 5599 animalium

492 5639 689 5702 |Editi,
718 5640 953 5708 denique.
982 5646 1307 5700 Emendatur
1335 5662 1402 5701 ex
1425 5647 1827 5712 manuscriptis.

2188 4830 2498 4886 hominum
2532 4828 2747 4886 muniri
2765 4832 2781 4865 ί
2808 4827 3373 4897 inardesco,necesse
3398 4830 3486 4882 est
3513 4842 3605 4882 me
3625 4823 3834 4897 patizet

2186 4919 2420 4975 videant
2448 4936 2619 4989 quam
2650 4917 2813 4973 facile
2837 4916 2907 4972 ab
2940 4916 3049 4970 isto
3083 4914 3277 4970 labore
3309 4931 3401 4969 me
3428 4914 3831 4985 temperem,et

2188 5013 2409 5079 quanto
2427 5008 2599 5062 etiam
2626 5006 2840 5077 gaudio
2855 5004 3055 5059 stilum
3074 5004 3292 5075 possim
3313 5002 3531 5057 habere
3546 5003 3826 5058 feriatum.

2187 5097 2345 5161 Quod
2364 5096 2411 5151 si
2425 5113 2492 5150 ea
2510 5089 3830 5165 quaelegimusdehisrebus,suflicienteredita

2187 5185 2244 5239 in
2265 5184 2444 5239 latino
2467 5200 2735 5239 sermone
2752 5189 2851 5237 aut
2874 5199 2986 5237 non
3012 5186 3277 5247 sunt,aut
3302 5198 3410 5236 non
3436 5180 3824 5245 inveniuntur,

2188 5278 2287 5328 aut
2308 5278 2459 5329 certe
2475 5273 2712 5327 diflicile
2736 5289 2769 5325 a
2792 5271 2959 5326 nobis
2979 5270 3223 5325 inveniri
3248 5275 3491 5341 queunt.
3512 5284 3714 5340 graecae
3733 5281 3826 5320 au-

2190 5368 2304 5418 tem
2323 5362 2535 5434 linguae
2549 5379 2659 5416 non
2678 5362 2754 5416 sit
2774 5360 2941 5415 nobis
2954 5364 3153 5414 tantus
3168 5359 3425 5420 habitus.
3444 5357 3725 5413 uttalium
3745 5366 3823 5407 re-

2187 5469 2316 5507 rum
2334 5451 2495 5506 libris
2508 5451 2769 5523 legendis
2782 5454 2838 5505 et
2852 5448 3244 5520 intelligendis
3259 5446 3377 5502 ullo
3394 5447 3569 5501 modo
3586 5447 3826 5516 reperia-

2187 5558 2320 5597 mur
2343 5541 2557 5609 idonei,
2583 5556 2697 5611 quo
2718 5555 2928 5611 genere
2949 5537 3273 5594 litterarum
3311 5554 3379 5593 ex
3407 5533 3482 5591 iis
3513 5552 3641 5608 qua:
3666 5530 3825 5588 nobis

2250 5650 2268 5686 ί
2301 5648 2448 5712 ιογο,
2478 5648 2703 5699 munire.
