4094 6188
260 328 376 390 873

257 466 310 515 et
334 463 629 530 postremo
653 460 1014 532 corporibus,
1039 461 1159 516 sive
1182 478 1308 532 quae
1334 461 1448 517 illis
1474 463 1907 532 inspirarentur

259 556 313 604 et
345 552 765 615 animarentur,
801 552 918 606 sive
944 552 1101 606 omni
1149 568 1324 606 sensu
1376 553 1733 615 carentibus,
1770 569 1904 606 cum

262 640 531 707 primitus
566 646 824 695 uteretur
856 640 981 711 ipsa
1013 642 1165 695 bona
1187 643 1379 695 anima
1400 648 1456 695 et
1479 646 1700 702 sancta,
1727 657 1905 711 quam

260 729 369 783 sibi
403 730 473 783 ad
510 729 670 799 pium
702 736 759 784 et
781 730 1114 800 religiosum
1140 729 1480 801 obsequium
1506 729 1907 784 subdidisset?

329 817 567 873 CAPUT
592 816 684 872 ειν.
724 850 787 859 -
817 818 870 871 9.
903 820 1040 873 Deus
1069 818 1319 874 omnibus
1346 821 1618 874 creaturis
1647 820 1825 873 utitur
1844 824 1908 872 ut

259 908 395 972 vult,
428 916 479 962 et
508 908 759 962 visz'bz’lz'a
788 909 922 978 facit
951 908 1019 962 ad
1068 924 1123 963 se
1172 910 1348 979 ipsum
1397 907 1904 963 demonstrandum.

262 997 421 1061 Quod
452 1014 588 1069 ergo
610 997 680 1052 de
705 1013 817 1051 uno
840 997 1120 1068 sapiente,
1146 997 1412 1068 quamvis
1435 998 1625 1052 adhuc
1660 995 1908 1051 mortale

261 1103 475 1157 corpus
494 1091 777 1158 gestante,
801 1085 1069 1157 quamvis
1093 1103 1159 1141 ex
1180 1092 1339 1157 parte
1356 1087 1582 1140 vidente
1601 1086 1909 1155 posuimus

261 1175 511 1246 exempli
533 1175 720 1247 gratia
746 1193 758 1241 ;
786 1175 891 1230 hoc
913 1175 982 1230 de
1006 1174 1201 1246 aliqua
1222 1176 1417 1243 domo,
1449 1175 1548 1229 ubi
1577 1174 1908 1245 aliquorum

260 1263 468 1318 talium
497 1264 746 1319 societas
769 1268 875 1329 est,
905 1263 1013 1318 hoc
1036 1264 1104 1317 de
1129 1263 1357 1318 civitate
1379 1263 1463 1317 vel
1486 1263 1663 1317 etiam
1683 1263 1753 1318 de
1771 1262 1910 1318 orbe

258 1357 546 1407 terrarum
573 1352 707 1407 licet
723 1352 996 1425 cogitare,
1020 1352 1067 1408 si
1088 1368 1267 1423 penes
1285 1352 1580 1423 sapientes
1597 1358 1909 1421 sancteque

261 1458 324 1496 ac
349 1440 597 1513 perfecte
621 1442 735 1497 Deo
760 1442 1026 1497 subditos
1050 1441 1125 1496 sit
1148 1443 1527 1513 principatus,
1562 1446 1618 1496 et
1648 1440 1907 1513 regimen

259 1548 453 1586 rerum
470 1531 883 1586 humanarum.
901 1532 1007 1587 Sed
1032 1531 1139 1587 hoc
1156 1531 1293 1603 quia
1306 1533 1562 1586 nondum
1579 1532 1696 1586 est‘
1714 1532 1906 1601 (opor-

260 1625 341 1675 tet
361 1620 518 1675 enim
550 1637 654 1675 nos
682 1621 739 1675 in
772 1621 878 1675 hac
913 1621 1371 1692 peregrinatione
1401 1620 1563 1691 prius
1592 1618 1912 1675 mortaliter

260 1709 533 1773 exerceri,
558 1714 613 1763 et
634 1725 734 1780 per
763 1709 913 1764 vires
946 1710 1417 1764 mansuetudinis
1446 1715 1504 1764 et
1538 1708 1826 1780 patientiae
1849 1708 1905 1762 in

263 1796 510 1869 ﬂagellis
541 1798 803 1868 erudiri),
836 1797 995 1852 illam
1028 1797 1216 1868 ipsam
1250 1814 1563 1869 supernam
1598 1802 1777 1868 atque
1797 1813 1909 1851 cae-

261 1886 491 1953 lestem,
512 1887 665 1941 unde
684 1887 1144 1959 peregrinamur,
1162 1886 1407 1958 patriam
1429 1887 1771 1959 cogitemus.
1789 1884 1912 1941 Illic

262 1977 418 2033 enim
452 1976 545 2031 Dei
570 1976 856 2043 voluntas,
884 1976 981 2047 qui
1008 1976 1145 2031 facit
1165 1975 1402 2047 angelos
1420 1992 1559 2030 suos
1573 1976 1838 2047 spiritus,
1856 1978 1912 2030 et

264 2066 568 2121 ministros
601 2083 738 2120 suos
772 2066 963 2137 ignem
1000 2065 1342 2135 flagrantem
1376 2066 1547 2135 (Psal.
1582 2081 1703 2128 cm,
1736 2065 1810 2135 l1),
1849 2063 1908 2118 in

260 2155 566 2228 spiritibus
589 2172 823 2210 summa
840 2172 978 2226 pace
1002 2160 1175 2225 atque
1194 2153 1449 2209 amicitia
1462 2153 1767 2226 copulatis,
1784 2152 1907 2207 etin

260 2261 441 2299 unam
476 2244 833 2299 voluntatem
867 2244 1115 2315 quodam
1143 2242 1427 2314 spirituali
1455 2241 1755 2297 charitatis
1781 2242 1911 2313 igne

261 2334 550 2402 conﬂatis,
568 2339 847 2404 tanquam
870 2334 922 2387 in
944 2332 1169 2389 excelsa
1182 2337 1239 2387 et
1253 2339 1455 2386 sancta
1467 2336 1519 2386 et
1536 2336 1757 2386 secreta
1774 2331 1911 2387 sede

262 2423 603 2496 praesidens,
623 2424 781 2477 velut
802 2421 859 2477 in
884 2422 1055 2477 domo
1078 2439 1185 2477 sua
1207 2426 1263 2477 et
1282 2421 1339 2475 in
1374 2419 1589 2491 templo
1616 2437 1742 2490 suo,
1776 2419 1912 2474 inde

263 2530 347 2582 se,
369 2512 622 2584 quibusd
633 2529 723 2567 am
742 2510 1197 2566 ordinatissimis
1211 2516 1486 2565 creaturas
1501 2509 1779 2573 motibus,
1801 2507 1914 2580 pri-

265 2619 361 2658 mo
376 2600 1017 2671 spiritualibus,deinde
1030 2598 1449 2671 corporalibus,
1466 2614 1568 2669 per
1580 2602 1791 2652 cuncta
1806 2596 1913 2651 dif-

264 2690 743 2757 fundit,etutitur
771 2689 1047 2743 omnibus
1079 2689 1150 2743 ad
1187 2685 1664 2741 incommutabile
1685 2685 1914 2741 arbitri-

264 2797 366 2836 um
390 2777 691 2835 sententize
714 2794 853 2844 suae,
879 2777 997 2831 sive
1015 2775 1371 2847 incorporeis
1390 2775 1508 2830 sive
1527 2774 1819 2846 corporeis
1833 2790 1915 2827 re-

265 2870 396 2936 bus,
432 2870 552 2922 sive
574 2866 957 2921 rationalibus
980 2866 1098 2920 sive
1121 2863 1553 2919 irrationalibus
1585 2864 1910 2935 spiritibus,

262 2959 383 3013 sive
409 2957 573 3012 bonis
598 2974 697 3028 per
717 2957 843 3025 ejus
864 2956 1111 3028 gratiam
1138 2953 1258 3008 sive
1282 2952 1451 3008 malis
1476 2969 1577 3024 per
1617 2954 1910 3024 propriam

259 3046 639 3102 voluntatem.
663 3045 770 3100 Sed
794 3042 1289 3115 quemadmodum
1306 3058 1546 3113 corpora
1559 3040 1845 3097 crassiora
1858 3045 1915 3095 et

259 3136 538 3191 inferiora
557 3152 657 3206 per
679 3132 986 3189 subtiliora
1004 3138 1059 3187 et
1083 3131 1407 3203 potentiora
1430 3132 1684 3203 quodam
1710 3129 1913 3185 ordine

260 3231 585 3297 reguntur;
619 3224 699 3278 ita
731 3224 929 3278 omnia
959 3238 1201 3292 corpora
1231 3237 1332 3293 per
1362 3220 1634 3293 spiritum
1666 3219 1815 3285 vitae,
1857 3222 1914 3273 et

259 3314 513 3386 spiritus
540 3316 667 3367 vita:
700 3310 1057 3367 irrationalis
1084 3327 1186 3382 per
1219 3310 1490 3382 spiritum
1514 3310 1639 3363 vitis
1665 3307 1912 3363 rationa-

258 3403 463 3469 lem,et
482 3402 722 3473 spiritus
750 3401 875 3455 vitae
896 3399 1250 3455 irrationalis
1281 3401 1539 3455 desertor
1568 3403 1743 3468 atque
1777 3412 1908 3466 pec-

258 3498 422 3548 cator
453 3509 555 3565 per
584 3490 853 3563 spiritum
878 3490 1004 3544 vitae
1032 3488 1372 3543 rationalem
1401 3488 1558 3559 pium
1584 3493 1637 3541 et
1652 3488 1910 3555 justum,

261 3588 318 3637 et
338 3581 435 3637 ille
458 3597 561 3651 per
580 3581 777 3651 ipsum
802 3580 1081 3646 Deum,ac
1104 3578 1187 3633 sic
1212 3577 1482 3631 universa
1512 3580 1779 3630 creatura
1812 3590 1912 3645 per

260 3672 593 3727 Creatorem
617 3685 810 3733 suum,
836 3684 904 3722 ex
926 3683 1039 3738 quo
1063 3670 1116 3721 et
1140 3682 1240 3736 per
1258 3681 1431 3736 quem
1455 3664 1581 3719 etin
1604 3680 1717 3735 quo
1734 3662 1910 3718 etiam

261 3760 501 3816 condita
525 3756 985 3829 atqueinstituta
1002 3754 1323 3826 est((.'oloss.
1359 3770 1396 3821 1,
1434 3754 1548 3823 16):
1585 3769 1649 3806 ac
1680 3768 1782 3823 per
1801 3750 1911 3806 hoc

260 3849 534 3905 voluntas
556 3846 657 3901 Dei
680 3854 768 3900 est
786 3845 975 3917 prima
992 3848 1048 3898 et
1066 3859 1298 3898 summa
1316 3858 1489 3896 causa
1508 3842 1769 3895 omnium
1791 3856 1912 3894 cor-

260 3936 553 4010 poralium
576 3933 902 4007 specierum
930 3936 1101 4003 atque
1126 3932 1468 3986 motionum.
1498 3930 1651 3984 Nihil
1678 3930 1831 3984 enim
1848 3928 1913 3983 ﬁt

260 4025 577 4083 visibiliter
596 4028 653 4079 et
674 4022 1045 4087 sensibiliter,
1066 4020 1215 4091 quod
1242 4037 1356 4074 non
1379 4021 1449 4073 de
1472 4018 1746 4073 interiore
1764 4016 1909 4072 invi-

261 4116 423 4173 sibili
444 4120 582 4186 atqu
606 4110 988 4183 :intelligibili
1008 4110 1141 4166 aula
1157 4109 1373 4165 summi
1397 4110 1791 4180 Imperatoris,
1811 4111 1913 4163 aut

253 4208 558 4280 jubeatur,
591 4206 693 4258 aut
744 4201 1132 4274 permittatur,
1183 4199 1506 4254 secundum
1560 4196 1911 4252 ineffabilem

252 4296 557 4367 justiti-im
585 4291 951 4363 praemiorum
978 4294 1151 4359 atque
1174 4304 1496 4359 poenarum,
1520 4285 1838 4359 gratiarum
1858 4290 1915 4340 et

262 4382 745 4451 retributionum,
779 4380 836 4434 in
867 4378 980 4436 ista
1016 4378 1196 4434 totius
1227 4381 1500 4431 creaturae
1548 4374 1916 4447 amplissima

263 4477 522 4548 quadam
554 4472 958 4540 immensaque
992 4465 1307 4538 republica.

340 4566 428 4619 10.
444 4563 501 4618 Si
521 4577 654 4633 ergo
668 4557 967 4631 apostolus
981 4556 1218 4620 Paulus,
1233 4554 1497 4625 quamvis
1515 4553 1704 4608 adhuc
1724 4560 1914 4625 porta-

266 4657 357 4709 ret
373 4651 667 4707 sarcinam
688 4645 968 4719 corporis,
988 4644 1141 4716 quod
1161 4641 1557 4713 corrumpitur
1570 4646 1622 4695 et
1647 4646 1917 4713 aggravat

265 4741 529 4798 animam
553 4738 710 4809 (Sap.
736 4753 814 4803 1v,
842 4735 949 4801 15),
976 4730 1244 4804 quamvis
1267 4729 1456 4785 adhuc
1478 4747 1545 4784 ex
1566 4734 1727 4802 parte
1744 4734 1917 4802 atque

264 4832 327 4887 in
359 4829 671 4901 aenigmate
699 4825 921 4881 videret
949 4823 997 4893 (Ι
1048 4823 1175 4877 Cor.
1220 4837 1344 4885 x111,
1402 4820 1508 4891 12),
1558 4824 1766 4891 eptans
1799 4820 1916 4875 dis-

266 4918 413 4975 solvi
447 4925 502 4973 et
532 4932 659 4971 esse
691 4932 825 4971 cum
856 4911 1083 4969 Christo
1115 4908 1386 4981 (Philipp.
1424 4926 1462 4977 1,
1505 4908 1616 4980 23),
1652 4914 1706 4964 et
1737 4909 1795 4963 in
1828 4926 1918 4965 se-

264 5006 406 5062 meti
421 5022 520 5077 pso
534 4999 1321 5075 ingemiscens,adoptionem
1339 5004 1683 5070 exspectans
1700 4998 1920 5053 redem-

265 5097 532 5168 ptionem
574 5092 831 5161 corporis
862 5089 950 5144 sui
984 5090 1157 5160 (Rom.
1187 5103 1288 5142 VIII
1323 5088 1433 5157 23),
1489 5090 1677 5158 potuit
1725 5091 1919 5142 tamen

266 5183 660 5253 significando
693 5178 1006 5252 praedicare
1037 5175 1351 5232 Dominum
1373 5175 1576 5230 Jesum
1599 5176 1920 5242 Christum,

266 5274 441 5329 aliter
464 5288 561 5343 per
588 5270 849 5342 linguam
873 5284 1063 5332 suam,
1089 5265 1253 5321 aliter
1271 5281 1372 5335 per
1392 5263 1733 5334 Epistolam,
1753 5262 1922 5318 aliter

265 5379 375 5436 per
395 5362 843 5416 Sacramentum
867 5355 1126 5427 corporis
1144 5360 1199 5409 et
1215 5352 1521 5424 sanguinis
1538 5354 1587 5423 ej
1600 5370 1666 5408 us
1679 5358 1807 5422 (nec
1820 5353 1923 5407 lin-

340 5605 353 5638 ¹
376 5602 551 5653 Editio
574 5602 696 5651 Lov.
722 5614 733 5649 :
758 5599 863 5648 Sed
886 5597 977 5646 hoc
993 5595 1199 5661 quidem
1224 5591 1454 5661 nondum
1475 5593 1579 5655 est;
1594 5606 1654 5641 ac
1678 5596 1795 5654 post
1810 5607 1921 5661 vero

264 5669 423 5725 bum,
443 5666 641 5715 erudiri
662 5665 841 5711 addita
861 5656 1134 5728 particula,
1157 5663 1233 5712 ut.
1256 5659 1329 5705 sic
1343 5660 1608 5728 connectit
1623 5656 1923 5718 sequentia:

265 5734 329 5782 ut
350 5724 496 5780 illam
516 5729 701 5793 ipsam,
724 5730 825 5775 etc.
847 5726 1143 5786 (instigatur
1172 5735 1235 5771 ex
1263 5724 1656 5781 manuscriptis.

595 5847 858 5908 PATBOL.
905 5840 1087 5904 XLII.

1646 328 1876 390 LIBER
1917 330 2281 394 TERTIUS.

3546 338 3666 399 87‘

2017 479 2191 533 guam
2210 464 2421 536 quippe
2439 466 2587 536 ejus,
2605 481 2705 521 nec
2722 467 3112 535 membranas,
3133 485 3237 525 nec
3249 473 3577 526 atramentu
3592 488 3665 540 (Il,

2020 568 2123 605 nec
2147 552 2541 621 significantes
2565 572 2740 611 sonos
2764 556 2964 628 lingua
2985 559 3304 621 editos,nec
3319 561 3487 631 signa
3509 560 3661 615 litte-

2018 656 2217 694 rarum
2235 642 2565 714 conscripta
2578 644 2886 715 pelliculis,
2902 663 3112 718 corpus
3126 647 3341 703 Christi
3356 654 3409 704 et
3425 650 3666 721 sangui-

2020 744 2151 782 nem
2184 729 2478 799 dicimus;
2512 734 2611 787 sed
2656 733 2798 788 illud
2831 740 3059 791 tantum
3092 738 3245 808 quod
3279 752 3346 792 ex
3378 737 3663 793 fructibus

2017 821 2183 871 terra:
2216 824 2519 891 acceptum
2553 826 2610 875 et
2650 839 2816 893 prece
2848 824 3094 897 mystica
3122 832 3525 882 consecratum
3559 826 3667 882 rite

2021 906 2314 961 sumimus
2331 909 2400 963 ad
2430 908 2679 966 salutem
2711 912 3074 983 spiritualem
3111 915 3171 969 in
3202 916 3542 971 memoriam
3561 932 3664 987 pro

2020 995 2187 1049 nobis
2212 996 2525 1054 Dominicze
2547 998 2870 1070 passionis:
2893 1003 3045 1073 quod
3068 1019 3200 1057 cum
3220 1019 3321 1075 per
3340 1020 3549 1060 manus
3567 1006 3667 1060 ho-

2020 1084 2247 1139 minum
2270 1086 2339 1139 ad
2363 1084 2524 1141 illam
2548 1088 2832 1143 visibilem
2872 1090 3127 1161 speciem
3150 1093 3521 1163 perducatur,
3546 1109 3665 1149 non

2020 1172 2420 1228 sanctiﬁcatur
2440 1180 2504 1229 ut
2525 1174 2603 1230 sit
2618 1180 2740 1230 tam
2762 1192 3039 1249 magnum
3062 1179 3528 1249 Sacramentum,
3552 1180 3666 1237 nisi

2019 1265 2293 1330 operante
2325 1262 2694 1319 invisibiliter
2722 1265 2940 1337 Spiritu
2979 1267 3095 1332 Dei,
3128 1284 3260 1323 cum
3300 1268 3421 1324 haec
3469 1270 3668 1326 omnia

2019 1365 2146 1419 quae
2179 1366 2280 1420 per
2309 1352 2637 1422 corporales
2671 1360 2867 1408 motus
2898 1355 2955 1409 in
2986 1354 3082 1410 illo
3115 1372 3287 1427 Opere
3321 1358 3487 1425 fiunt,
3518 1359 3665 1415 Deus

2019 1444 2311 1509 operetur,
2346 1456 2585 1495 movens
2608 1442 2882 1512 primitus
2904 1442 3219 1500 invisibilia
3237 1444 3665 1520 ministrorum,

2019 1525 2136 1582 sive
2167 1528 2395 1584 animas
2428 1529 2755 1594 hominum,
2786 1532 2905 1587 sive
2953 1533 3314 1589 occultorum
3348 1535 3666 1605 spirituum

2018 1614 2129 1670 sibi
2162 1616 2427 1672 subditas
2460 1621 2830 1692 servitutes);
2882 1622 3021 1693 quid
3068 1622 3283 1677 mirum
3317 1624 3367 1678 si
3399 1624 3572 1680 etiam
3604 1626 3665 1680 in

2017 1709 2284 1760 creatura
2305 1707 2427 1761 cceli
2453 1713 2510 1762 et
2530 1712 2713 1775 terrae,
2740 1711 2919 1765 maris
2939 1716 2996 1766 et
3019 1712 3188 1779 aeris,
3214 1712 3351 1767 facit
3374 1717 3523 1769 Deus
3540 1729 3667 1784 qum

2016 1792 2140 1848 vult
2169 1795 2472 1851 sensibilia
2502 1802 2673 1869 atque
2720 1798 2991 1865 visibilis,
3026 1800 3095 1854 ad
3129 1815 3189 1855 se
3235 1800 3431 1872 ipsum
3464 1802 3522 1856 in
3556 1802 3663 1871 eis,

2018 1881 2172 1936 sicut
2202 1889 2468 1953 oportere
2501 1886 2625 1956 ipse
2656 1887 2831 1955 novit,
2866 1887 3316 1959 signiﬁcandum
3349 1893 3405 1944 et
3424 1889 3665 1944 demon-

2019 1972 2348 2041 strandum,
2374 1989 2488 2027 non
2512 1974 2641 2044 ipsa
2661 1991 2769 2029 sua
2794 1992 2911 2046 qua
2931 1982 3019 2030 est
3048 1982 3362 2046 apparente
3390 1978 3664 2034 substan-

2017 2058 2119 2122 tia,
2154 2076 2278 2130 quaa
2312 2061 2550 2116 omnino
2599 2062 3103 2119 incommutabilis
3132 2069 3240 2130 est,
3273 2066 3668 2138 omnibusque

2018 2148 2345 2218 spiritibus,
2378 2166 2522 2221 quos
2552 2151 2784 2221 creavit,
2836 2153 3083 2209 interius
3133 2155 3532 2226 secretiusque
3565 2171 3666 2211 su-

2018 2236 2254 2291 blimior
2273 2237 2301 2291 ?

2090 2325 2320 2382 CAPUT
2341 2327 2406 2382 V.
2430 2329 2608 2383 -11.
2632 2328 2905 2386 Miracula
2924 2346 3024 2386 cur
3056 2348 3163 2388 non
3199 2341 3459 2388 consueta
3483 2348 3668 2405 opera.

2022 2414 2086 2467 Vi
2120 2415 2276 2471 enim
2311 2416 2507 2473 divina
2552 2422 2735 2473 totam
2784 2418 3151 2490 spiritualem
3194 2420 3673 2494 corporalsmque

2020 2505 2469 2562 administrante
2501 2513 2851 2579 creaturam,
2881 2511 3145 2565 omnium
3178 2527 3467 2567 annorum
3494 2514 3669 2570 certis

2021 2594 2224 2649 diebus
2251 2596 2607 2651 advocantur
2621 2613 2784 2668 aqua;
2806 2598 3008 2665 maris,
3025 2605 3083 2655 et
3099 2600 3478 2656 effunduntur
3495 2618 3674 2673 super

2022 2684 2227 2738 faciem
2255 2688 2440 2738 terras.
2459 2685 2569 2739 Sed
2591 2702 2722 2740 cum
2749 2687 2853 2741 hoc
2871 2691 3076 2742 orante
3089 2693 3288 2743 sancto
3308 2689 3429 2744 Elia
3449 2689 3667 2745 factum

2022 2776 2129 2839 est,
2150 2772 2287 2843 quia
2327 2779 2699 2843 praecesserat
2725 2779 2844 2829 tam
2867 2775 3146 2831 continua
3166 2781 3224 2832 et
3241 2781 3359 2831 tam
3384 2776 3557 2849 longa
3578 2794 3669 2833 se-

2022 2861 2260 2925 renitas,
2286 2864 2350 2915 ut
2371 2861 2685 2917 deficerent
2706 2862 2860 2917 fame
2882 2862 3170 2933 homines,
3192 2880 3296 2919 nec
3313 2881 3381 2921 ea
3398 2864 3540 2921 hora
3552 2882 3670 2938 qua

2021 2948 2104 3003 illi
2130 2948 2229 3004 Dei
2250 2965 2449 3004 servus
2471 2950 2677 3016 oravit,
2701 2967 2799 3007 aer
2836 2951 2962 3023 ipse
3001 2952 3201 3025 aliqua
3238 2953 3483 3009 humida
3530 2955 3673 3011 facie

2024 3054 2155 3092 mox
2170 3037 2379 3093 futurae
2393 3037 2594 3108 pluviae
2608 3039 2777 3109 signa
2790 3040 3254 3113 praetulerat,con
3265 3043 3480 3099 secutis
3494 3044 3674 3099 tantis

2021 3130 2078 3183 et
2093 3132 2213 3182 tam
2226 3126 2497 3181 velociter
2511 3126 2805 3183 imbribus
2822 3131 3099 3201 apparuit
3115 3131 3200 3188 vis
3217 3132 3434 3200 divina,
3458 3133 3675 3204 quibus

2019 3215 2163 3271 illud
2187 3216 2435 3270 dabatur
2456 3217 3027 3290 dispensabaturque
3047 3220 3396 3277 miraculum
3417 3223 3518 3295 (III
3539 3223 3666 3293 Reg.

2019 3320 2178 3375 xvm,
2204 3304 2313 3376 45).
2338 3305 2422 3360 Ita
2447 3311 2597 3360 Deus
2619 3311 2893 3377 operatur
2923 3306 3211 3364 solemnia
3245 3310 3474 3382 fulgura
3497 3316 3673 3383 atque

2018 3394 2296 3448 tonitrua:
2322 3395 2424 3449 sed
2452 3395 2589 3465 quia
2611 3395 2668 3449 in
2699 3400 2897 3451 monte
2918 3398 3054 3453 Sina
3071 3398 3350 3454 inusitato
3374 3401 3545 3455 modo
3568 3401 3668 3455 ﬁe-

2020 3486 2179 3555 bant,
2203 3502 2486 3556 vocesque
2509 3486 2621 3542 illaa
2644 3504 2757 3542 non
2774 3487 3020 3558 strepitu
3044 3489 3284 3545 confuso
3315 3492 3662 3559 edebantur,

2019 3575 2119 3629 sed
2153 3574 2237 3629 eis
2267 3576 2529 3645 quasdam
2563 3576 2731 3647 signa
2762 3576 2884 3630 dari
2917 3578 3263 3633 certissimis
3308 3578 3541 3635 indiciis
3562 3596 3661 3652 ap-

2020 3663 2279 3734 parebat,
2314 3663 2596 3719 miracula
2624 3667 2791 3719 erant
2820 3665 3013 3735 (Exod.
3047 3682 3160 3733 XIX,
3186 3667 3295 3739 16).
3319 3668 3459 3732 Quis
3481 3672 3659 3724 attra~

2021 3752 2104 3806 hit
2136 3751 2439 3807 humorem
2471 3768 2572 3823 per
2601 3752 2855 3808 radicem
2905 3752 3038 3809 vitis
3083 3755 3155 3809 ad
3207 3756 3460 3826 botrum,
3492 3762 3549 3811 et
3576 3757 3659 3812 vi-

2020 3858 2160 3896 num
2195 3840 2470 3909 facit,nisi
2505 3841 2782 3912 Deus,qui
2813 3846 2868 3897 et
2898 3842 3133 3899 homine
3163 3844 3461 3915 plantante
3491 3852 3547 3901 et
3577 3847 3660 3901 ri-

2020 3935 2191 4003 gante
2221 3931 2647 3985 incrementum
2679 3931 2779 3985 dat
2821 3930 2869 4000 (Ῑ
2902 3930 3024 3988 Cor.
3059 3933 3220 4004 111,)?
3267 3934 3377 3990 Sed
3427 3951 3560 3991 cum
3588 3935 3661 3991 ad

2020 4023 2228 4074 nutum
2264 4019 2495 4075 Domini
2528 4035 2681 4091 aqua
2708 4019 2769 4073 in
2806 4020 3010 4076 vinum
3058 4022 3341 4078 inusitata
3368 4022 3665 4081 celeritate

2020 4125 2300 4165 conversa
2328 4111 2433 4174 est,
2465 4108 2640 4164 etiam
2673 4108 2871 4165 stultis
2902 4109 3222 4167 fatentibus
3240 4111 3327 4167 vis
3350 4112 3545 4168 divina
3565 4113 3663 4168 de-

2021 4197 2240 4254 clarata
2267 4202 2354 4254 est
2385 4198 2569 4270 (Joan.
2603 4214 2665 4268 11,
2694 4198 2771 4270 9).
2806 4199 2946 4265 Quis
2978 4200 3221 4256 arbusta
3242 4201 3443 4257 fronde
3465 4218 3530 4257 ac
3552 4199 3666 4257 ﬂo-

2022 4304 2082 4343 re
2106 4288 2279 4343 vestit
2308 4287 2668 4355 solemniter,
2702 4288 2813 4343 nisi
2847 4292 2998 4343 Deus
3017 4288 3046 4342 ‘I
3073 4288 3287 4344 Verum
3311 4306 3440 4344 cum
3469 4289 3659 4345 ﬂoruit

2019 4377 2184 4449 virga
2212 4376 2534 4441 sacerdotis
2566 4383 2777 4443 Aaron,
2803 4376 3087 4431 collocuta
3108 4384 3197 4433 est
3217 4379 3471 4449 quodam
3496 4380 3668 4437 modo

2025 4483 2156 4522 cum
2190 4466 2493 4521 dubitante
2527 4465 2895 4521 humanitate
2923 4465 3196 4521 divinitas
3226 4467 3408 4536 (Num.
3431 4486 3568 4537 xv11,
3591 4470 3667 4543 8).

2024 4558 2092 4608 Et
2122 4552 2298 4625 lignis
2330 4558 2481 4607 certe
2511 4552 2787 4607 omnibus
2817 4556 2875 4606 et
2898 4551 3160 4607 omnium
3183 4554 3528 4610 animalium
3551 4572 3674 4612 car-

2025 4642 2200 4697 nibus
2225 4641 2531 4714 gignendis
2558 4646 2731 4711 atque
2762 4641 3083 4697 formandis
3104 4642 3433 4699 communis
3455 4649 3544 4700 est
3563 4650 3675 4702 ter-

2026 4748 2165 4787 rena
2198 4731 2469 4787 materies
2497 4747 2508 4786 :
2533 4733 2589 4785 et
2611 4729 2745 4801 quis
2765 4747 2833 4785 ea
2851 4730 3008 4799 facit,
3033 4730 3145 4786 nisi
3168 4732 3267 4804 qui
3297 4733 3443 4789 dixit
3463 4739 3528 4789 ut
3547 4734 3672 4791 haao

2025 4824 2180 4875 terra
2210 4821 2553 4889 produceret
2580 4818 2733 4889 (Gen.
2769 4820 2821 4889 1,
2851 4819 2965 4890 24),
2998 4820 3129 4875 etin
3152 4822 3354 4878 eodem
3375 4824 3544 4880 verbo
3567 4840 3674 4879 suo

2028 4926 2154 4981 quae
2185 4908 2420 4977 creavit,
2455 4908 2603 4981 regit
2633 4912 2807 4980 atque
2856 4908 3021 4981 agit?
3070 4909 3180 4966 Sed
3231 4928 3365 4966 cum
3414 4912 3674 4967 eamdem

2029 4998 2335 5053 materiam
2397 5014 2465 5053 ex
2512 4998 2677 5070 virga
2749 4998 2931 5070 Moysi
2981 5000 3039 5052 in
3090 5014 3321 5055 carnem
3382 4999 3673 5071 serpentis

2029 5088 2288 5159 proxime
2318 5103 2382 5141 ac
2412 5086 2685 5142 velociter
2713 5087 2901 5155 vertit,
2936 5087 3285 5142 miraculum
3331 5087 3441 5141 fuit
3470 5087 3672 5156 (Exod.

2029 5193 2104 5246 1v,
2138 5177 2215 5245 3),
2250 5174 2331 5230 rei
2361 5174 2597 5246 quidem
2630 5174 2955 5242 mutabilis,
2998 5176 3100 5232 sed
3152 5179 3345 5232 tamen
3394 5175 3679 5232 inusitata

2030 5265 2300 5320 mutatio.
2335 5263 2476 5328 Quis
2504 5269 2702 5319 autem
2737 5264 2959 5319 animat
2991 5281 3232 5336 quaeque
3275 5264 3403 5319 viva
3433 5280 3677 5319 nascen-

2030 5354 2131 5423 tia,
2167 5354 2277 5407 nisi
2310 5353 2500 5425 quiet
2537 5352 2705 5408 illum
2751 5361 3079 5425 serpentem
3129 5354 3200 5409 ad
3250 5352 3475 5421 horam,
3524 5352 3681 5410 sicut

2029 5458 2177 5514 opus
2210 5442 2415 5506 fuerat,
2460 5440 2790 5497 animavit?

2102 5528 2333 5587 CAPUT
2362 5529 2458 5585 VI.
2493 5559 2560 5570 —
2592 5527 2719 5583 Sola
2766 5529 3001 5583 varietas
3044 5529 3179 5600 facit
3224 5531 3577 5586 miraculum.
3612 5530 3683 5587 Et

2034 5620 2167 5693 quis
2187 5618 2437 5674 reddidit
2454 5616 2833 5673 cadaveribus
2852 5616 3081 5675 animas
3094 5635 3253 5687 suas,
3272 5636 3408 5675 cum
3423 5636 3688 5695 resurge-

2037 5713 2166 5766 rent
2191 5707 2407 5765 mortui
2438 5707 2660 5781 (Ezech.
2692 5722 2908 5778 xxxvu,
2942 5706 3119 5785 1-10),
3167 5707 3285 5765 nisi
3328 5710 3432 5781 qui
3464 5710 3692 5769 animat

3286 5834 3366 5901 28
