4094 6188
255 376 370 437 877

248 511 305 564 in
334 527 449 581 qua
471 515 629 566 creat
652 512 870 575 omnia,
891 514 1385 583 quemadmodum
1411 519 1571 569 terrae
1590 512 1906 586 agricultu—

248 599 856 671 ram.Quapropterita
875 619 983 657 non
1002 620 1239 673 possum
1257 604 1446 659 dicere
1466 604 1702 676 angelos
1719 602 1905 657 malos

248 690 493 760 magicis
525 691 747 745 artibus
779 697 1065 757 evocatos,
1093 697 1381 748 creatures
1416 694 1595 748 fuisse
1626 708 1901 747 ranarum

247 783 423 848 atque
441 779 801 849 serpentium
824 780 1005 846 ;sicut
1029 799 1140 835 non
1159 799 1398 852 possum
1426 783 1616 837 dicere
1639 780 1904 836 homines

249 866 436 921 malos
469 874 756 922 creatores
788 885 915 924 esse
946 872 1180 941 segetis,
1217 887 1389 942 quam
1412 887 1513 942 per
1544 887 1742 925 eorum
1768 885 1903 938 ope—

245 972 371 1010 ram
407 956 599 1011 videro
624 959 641 993 ¹
673 962 953 1012 exortam.

317 1045 403 1098 15.
439 1045 600 1100 Sicut
631 1062 733 1101 nec
758 1046 938 1101 Jacob
966 1051 1191 1102 creator
1221 1046 1480 1102 colorum
1512 1047 1568 1101 in
1595 1047 1901 1118 pecoribus

242 1131 372 1198 fuit,
402 1133 540 1204 quia
572 1133 912 1189 bibentibus
946 1134 1002 1188 in
1037 1141 1313 1206 conceptu
1339 1135 1628 1190 matribus
1651 1134 1902 1190 variatas

236 1221 436 1293 virgas
467 1239 615 1293 quas
648 1222 1019 1278 intuerentur
1050 1223 1493 1295 apposuit(Gcn.
1515 1241 1648 1288 xxx,
1672 1222 1899 1294 4t).Sed

237 1327 347 1364 nec
371 1311 510 1382 ipsae
543 1312 793 1382 pecudes
818 1312 1123 1367 creatrices
1152 1313 1699 1367 fueruntvarietatis
1720 1310 1900 1383 prolis

234 1416 381 1466 suae,
400 1401 538 1470 quia
568 1401 879 1455 inhaeserat
897 1400 1104 1455 animm
1131 1401 1361 1455 illarum
1383 1401 1635 1456 discolor
1649 1401 1899 1473 phanta-

235 1488 327 1543 sia
341 1504 408 1542 ex
422 1488 680 1543 contuitu
702 1489 996 1543 variarum
1013 1490 1309 1560 virgarum
1325 1506 1427 1561 per
1443 1489 1645 1545 oculos
1658 1489 1900 1561 impres-

236 1592 327 1644 sa,
364 1594 492 1647 qua:
527 1594 639 1632 non
673 1578 994 1649 potuitnisi
1017 1595 1230 1650 corpus
1263 1580 1414 1649 quod
1439 1579 1522 1633 sic
1553 1580 1758 1634 affecto
1780 1578 1898 1651 spi-

233 1665 357 1719 ritu
389 1666 783 1732 animabatur,
803 1684 871 1721 ex
892 1684 1016 1722 com
1030 1666 1294 1739 passione
1315 1668 1750 1723 commixtionis
1773 1668 1896 1722 affi-

234 1770 386 1821 cere,
406 1756 561 1810 unde
583 1756 797 1810 teneris
815 1757 925 1810 fetu
940 1773 1036 1810 um
1057 1756 1393 1827 primordiis
1412 1756 1600 1812 colore
1619 1763 1787 1811 tenus
1802 1774 1892 1812 as-

233 1846 632 1916 pergeretur’.
659 1845 727 1900 Ut
758 1845 913 1899 enim
950 1845 1032 1900 sic
1064 1862 1133 1901 ex
1166 1845 1499 1917 semetipsis
1538 1846 1889 1917 afficiantur,

228 1932 319 1986 vel
341 1934 536 1986 anima
568 1951 635 1989 ex
667 1950 927 2005 corpore,
950 1934 1036 1988 vel
1068 1952 1281 2006 corpus
1298 1952 1366 1989 ex
1388 1935 1891 2004 anima,congrua

230 2021 490 2075 rationes
508 2021 598 2076 8id
633 2023 1012 2093 faciuntque:
1036 2023 1593 2078 incommutabiliter
1614 2024 1888 2079 vivuntin

228 2109 363 2181 ipsa
376 2127 609 2166 summa
623 2111 719 2165 Dei
739 2112 1227 2183 sapientia,quam
1250 2112 1404 2166 nulla
1421 2112 1888 2184 spatialocorum

227 2199 505 2269 capiunt;
530 2204 731 2254 etcum
754 2201 879 2271 ipsa
894 2201 967 2256 sit
984 2201 1662 2265 incommutabilis,nihil
1685 2218 1885 2255 eorum

228 2304 364 2359 quae
378 2288 463 2343 vel
478 2290 1115 2344 commutabilitersunt
1133 2291 1512 2361 deserit,quia
1527 2290 1886 2345 nihileorum

226 2377 348 2432 nisi
367 2378 666 2449 peripsam
701 2386 956 2433 creatum
978 2386 1083 2434 est.
1102 2378 1169 2434 Ut
1185 2380 1337 2433 enim
1355 2381 1424 2434 de
1446 2378 1750 2450 pecoribus
1771 2396 1885 2435 non

224 2467 429 2537 virgae,
450 2484 511 2522 se
534 2480 544 2519 l
567 2483 773 2537 pecora
789 2473 1186 2532 nascerentur,
1220 2469 1352 2523 fecit
1375 2468 1483 2523 hoc
1504 2468 1887 2523 incommuta-

223 2555 763 2611 bilisetinvisihilis
792 2557 1251 2629 ratiosapientite
1282 2558 1398 2622 Dei,
1422 2572 1709 2627 perquam
1726 2573 1884 2611 crea-

219 2652 281 2700 ta
318 2650 460 2699 sunt
491 2644 728 2699 omnia:
764 2651 829 2699 ut
852 2652 1046 2700 autem
1070 2647 1140 2699 de
1158 2646 1432 2699 varietate
1455 2645 1882 2715 virgarum,pe-

218 2750 428 2789 corum
464 2742 878 2804 conceptorum
911 2733 1069 2789 color
1090 2733 1309 2805 aliquid
1335 2735 1596 2798 duceret,
1622 2733 1754 2789 fecit
1777 2733 1883 2788 hoc

217 2822 424 2877 anima
439 2823 687 2893 gravidae
709 2818 946 2893 pecudis
966 2840 1066 2893 per
1080 2821 1279 2877 oculos
1310 2823 1514 2876 affecta
1536 2822 1880 2889 forinsecus,

217 2918 277 2966 et
313 2911 563 2966 interius
588 2928 785 2966 secum
804 2928 904 2982 pro
923 2928 1028 2965 suo
1044 2910 1282 2965 modulo
1306 2910 1592 2966 formandi
1619 2910 1881 2982 regulam

218 3000 491 3065 trahens,
508 3018 679 3070 quam
715 3001 786 3055 de
808 3000 1019 3054 intima
1038 3000 1297 3071 potentia
1314 2999 1704 3055 suiCreatoris
1728 3016 1885 3054 acce-

220 3091 335 3163 pit.
374 3090 484 3144 Sed
518 3094 738 3159 quanta
770 3089 846 3143 sit
875 3090 962 3144 vis
993 3089 1200 3143 animae
1219 3089 1289 3143 ad
1315 3089 1683 3144 afficiendum
1709 3094 1883 3159 atque

219 3179 575 3233 mutandam
610 3178 915 3233 materiam
948 3177 1307 3249 corporalem
1333 3178 1487 3250 (cum
1513 3186 1707 3233 tamen
1729 3194 1880 3233 crea-

217 3268 340 3321 trix
373 3268 634 3338 corporis
666 3266 777 3321 dici
810 3284 919 3321 non
944 3267 1152 3338 possit,
1173 3268 1313 3338 quia
1344 3266 1538 3323 omnis
1560 3284 1736 3323 causa
1760 3283 1884 3323 mu-

214 3354 426 3412 tabilis
456 3355 868 3426 sensibilisque
888 3357 1252 3421 substantiae,
1269 3356 1577 3427 omnisque
1600 3357 1810 3411 modus
1826 3359 1884 3411 et

212 3462 508 3501 numerus
540 3448 596 3499 et
627 3447 853 3515 pondus
886 3446 1014 3514 ejus
1045 3446 1198 3500 unde
1228 3446 1483 3500 efﬁcitur
1517 3450 1664 3500 utet
1702 3446 1798 3509 sit,
1825 3449 1881 3500 et

214 3540 436 3590 natura
469 3533 547 3588 ita
572 3534 657 3588 vel
692 3535 771 3588 ita
799 3534 898 3601 sit,
921 3535 993 3587 ab
1023 3533 1378 3605 intelligibili
1410 3540 1465 3588 et
1489 3536 1877 3589 incommuta-

212 3621 321 3676 bili
359 3622 494 3687 vita,
533 3638 660 3692 qua:
702 3637 878 3693 super
909 3621 1106 3675 omnia
1137 3628 1246 3687 est,
1289 3622 1503 3686 existit,
1536 3627 1591 3676 et
1620 3621 1879 3692 pervenit

214 3728 413 3781 usque
447 3713 513 3763 ad
540 3715 797 3764 extrema
830 3714 1003 3779 atque
1030 3710 1532 3779 terrena),multus
1551 3726 1742 3763 sermo
1765 3714 1874 3778 est,

214 3816 412 3870 neque
449 3815 603 3853 nunc
638 3798 1004 3853 necessarius
1037 3806 1136 3869 (a).
1175 3799 1389 3853 Verum
1422 3803 1725 3870 propterea
1758 3798 1870 3851 fac-

215 3894 351 3942 tum
384 3887 566 3942 Jacob
594 3887 664 3941 de
690 3888 994 3957 pecoribus
1022 3886 1602 3942 commemorandum
1636 3886 1876 3940 arbitra-

215 3984 316 4032 tus
353 3993 510 4039 sum,
545 3980 607 4029 ut
635 3975 1078 4049 intelligeretur,
1111 3976 1157 4030 si
1193 3975 1364 4030 homo
1397 3975 1495 4045 qui
1527 3975 1716 4045 virgas
1742 3973 1874 4029 illas

211 4066 303 4121 sic
336 4066 555 4135 posuit,
590 4065 701 4119 dici
728 4083 840 4121 non
862 4070 1051 4137 potest
1081 4069 1303 4120 creator
1334 4063 1591 4118 colorum
1618 4064 1676 4117 in
1708 4062 1873 4135 agnis

210 4160 271 4211 et
303 4154 651 4219 haedis;nec
682 4154 822 4226 ipsa:
856 4160 1110 4210 matrum
1137 4153 1367 4222 animm,
1392 4170 1513 4222 quae
1534 4159 1873 4224 conceptam

212 4261 327 4317 per
359 4243 562 4299 oculos
592 4244 849 4314 corporis
883 4243 1251 4314 phantasiam
1285 4242 1602 4308 varietatis,
1634 4241 1873 4297 semini-

217 4333 337 4388 bus
388 4349 563 4388 carne
612 4331 925 4402 conceptis,
974 4334 1257 4402 quantum
1307 4336 1517 4385 natura
1548 4347 1717 4400 passa
1763 4334 1873 4399 est,

214 4425 637 4492 asperserunt;
667 4420 850 4475 multo
879 4423 1072 4475 minus
1102 4418 1214 4474 dici
1249 4435 1419 4490 posse
1444 4435 1715 4473 renarum
1747 4434 1874 4473 ser-

216 4510 612 4581 pentiumque
670 4513 958 4564 creatures
1010 4507 1247 4580 angelos
1313 4507 1520 4575 malos,
1571 4523 1672 4577 per
1728 4522 1875 4579 quos

216 4598 385 4670 magi
419 4598 736 4653 Pharaonis
768 4602 909 4652 tunc
942 4597 1041 4652 illa
1074 4598 1349 4651 fecerunt.

294 4687 530 4743 CAPUT
586 4687 676 4742 IX.
725 4719 796 4727 —
845 4687 1020 4741 Causa
1062 4685 1353 4755 originalis
1388 4684 1637 4738 omnium
1680 4700 1713 4738 (ι
1749 4684 1871 4738 Deo.

212 4775 395 4832 Aliud
414 4780 503 4832 est
517 4777 673 4832 enim
686 4776 974 4831 exintimo
993 4792 1057 4829 ac
1071 4790 1303 4829 summo
1316 4789 1561 4827 causaru
1574 4790 1626 4825 m
1643 4771 1876 4826 cardine

215 4866 477 4923 condere
501 4871 673 4937 atque
699 4864 1113 4921 administrare
1133 4869 1484 4930 creaturam,
1505 4863 1654 4931 quod
1676 4860 1772 4932 qui
1792 4862 1875 4915 fa-

215 4956 323 5025 cit,
364 4956 524 5010 solus
556 4959 777 5010 creator
808 4958 897 5009 est
927 4954 1081 5008 Deus
1106 4970 1119 5008 :
1146 4951 1299 5008 aliud
1337 4956 1533 5005 autem
1554 4966 1655 5020 pro
1679 4948 1876 5003 distri-

214 5045 471 5100 butisab
489 5043 589 5099 illo
607 5044 828 5098 viribus
847 5048 903 5097 et
923 5041 1293 5096 facultatibus
1311 5039 1566 5111 aliquam
1588 5036 1875 5110 operatio-

214 5151 364 5190 nem
383 5135 706 5188 forinsecus
732 5134 1135 5195 admovere,ut
1156 5136 1292 5184 tunc
1308 5129 1394 5183 vel
1410 5135 1569 5198 tunc,
1592 5129 1675 5183 sic
1697 5126 1879 5183 velsic

212 5228 393 5278 exeat
406 5224 557 5294 quod
574 5227 821 5277 creatur.
833 5223 947 5275 ista
960 5219 1175 5291 quippe
1187 5216 1547 5290 originaliter
1558 5234 1623 5272 ac
1638 5216 1881 5287 primor-

211 5311 460 5367 dialitcr
479 5312 535 5365 in
554 5312 807 5382 quadam
827 5315 1057 5365 textura
1086 5307 1504 5362 elementorum
1531 5308 1878 5375 cunctajam

212 5407 423 5457 creata
441 5405 606 5466 sunt;
628 5401 727 5455 sed
743 5398 996 5470 acceptis
1011 5394 1549 5469 opportunitatibus
1569 5394 1876 5465 prodeunt.

292 5520 308 5553 ¹
358 5518 508 5577 Apud
542 5516 625 5565 Er.
657 5516 821 5577 Lugd.
853 5516 981 5565 Ven.
1014 5516 1158 5570 Lov.,
1186 5510 1334 5577 video
1432 5511 1498 5559 M.

291 5582 314 5615 ι
342 5582 451 5629 Duo
480 5584 687 5629 tantum
722 5576 866 5635 Msa.
895 5578 1032 5627 color
1060 5576 1283 5625 exterius
1311 5576 1683 5637 tis-pergeretur.

292 5645 314 5677 ⁸
349 5643 589 5706 Plerique
620 5644 762 5701 Mss.,
803 5637 1416 5706 congru‘eatigralionig.

293 5707 366 5769 (α)
396 5710 470 5756 De
500 5697 604 5753 hoc
644 5697 765 5753 vide
812 5697 1193 5769 infraq_lib.rtt,
1225 5712 1341 5769 cap_.
1371 5702 1428 5761 2;
1480 5702 1532 5748 et
1565 5697 1629 5747 de
1662 5699 1885 5750 Civitate

219 5763 359 5821 Dei.
377 5769 469 5818 lib.
496 5771 570 5829 l2,
595 5782 713 5834 cap.
746 5769 823 5827 25,
856 5771 908 5816 et
935 5765 1028 5816 lib.
1066 5768 1137 5825 18,
1171 5776 1283 5827 cap.
1309 5763 1354 5812 5.

1650 378 1884 441 LIBER
1925 378 2289 445 TERTIUS.

3548 383 3669 447 878

2013 512 2152 566 Nam
2173 512 2324 567 sicut
2338 516 2556 569 matres
2577 513 2827 585 gravidas
2842 518 2980 570 sunt
2999 514 3232 586 fetibus,
3257 515 3338 571 sic
3357 514 3480 586 ipse
3495 533 3667 571 mun-

2015 602 2125 654 dus
2144 602 2420 671 gravidus
2448 608 2536 657 est
2553 603 2747 658 causis
2769 604 3136 659 nascentium
3160 622 3173 659 :
3196 621 3321 675 quae
3346 605 3402 659 in
3426 604 3526 658 illo
3549 623 3665 661 non

2014 691 2427 754 creantur,nisi
2461 691 2646 746 abilla
2668 709 2905 747 summa
2918 694 3193 758 essentia,
3214 694 3309 748 ubi
3335 709 3438 749 nec
3459 697 3663 761 oritur,

2015 794 2119 833 nec
2150 779 2397 833 moritur
2426 779 3277 852 aliquid,necincipitesse,nec
3310 782 3663 837 desinit.Ad-

2014 867 2213 921 bibere
2228 872 2420 921 autem
2450 868 2773 924 forinsecus
2799 871 3135 926 accedentes
3155 874 3172 906 ¹
3197 888 3560 942 causas,quaa
3576 878 3661 927 ta-

2015 955 2183 1010 metsi
2200 973 2313 1011 non
2337 962 2477 1011 sunt
2498 961 3021 1025 naturales,tamen
3041 961 3362 1015 secundum
3390 966 3659 1017 naturam

2012 1044 2385 1109 adhibentur,
2420 1050 2484 1100 ut
2512 1062 2579 1101 ea
2610 1063 2735 1118 quae
2784 1052 3004 1103 secreto
3045 1054 3264 1104 naturas
3295 1050 3426 1105 sinu
3460 1049 3658 1105 abdita

2010 1133 2727 1206 continentur,erumpant
2748 1140 2803 1191 et
2824 1137 2963 1192 foris
2975 1139 3505 1209 creenturquodam
3527 1155 3656 1195 mo-

2009 1222 2081 1276 do
2112 1223 2453 1294 explicando
2510 1240 2817 1279 mensuras
2867 1230 2925 1280 et
2976 1242 3252 1283 numeros
3296 1232 3353 1283 et
3399 1228 3656 1299 pondera

2007 1325 2115 1365 sua
2146 1328 2270 1382 quas
2302 1312 2362 1366 in
2408 1312 2634 1368 occulto
2667 1320 3017 1385 acceperunt
3055 1315 3129 1370 ab
3169 1315 3289 1382 illo,
3324 1315 3423 1387 qui
3458 1315 3656 1371 omnia

2007 1398 2065 1452 in
2100 1416 2377 1456 mensura
2407 1405 2465 1456 et
2509 1419 2752 1458 numero
2792 1407 2849 1458 et
2880 1403 3132 1474 pondere
3172 1404 3464 1476 disposuit
3498 1404 3650 1476 (Sap.

2003 1504 2080 1555 xu,
2110 1490 2230 1560 2t);
2265 1506 2380 1544 non
2413 1489 2604 1545 solum
2638 1491 2777 1547 mali
2810 1491 3023 1563 angeli,
3052 1492 3152 1548 sed
3184 1492 3360 1547 etiam
3387 1492 3523 1548 mali
3554 1494 3655 1548 ho-

2006 1577 2194 1633 mines
2246 1583 2516 1650 possunt,
2549 1580 2705 1635 sicut
2753 1579 3017 1652 exemplo
3058 1580 3431 1653 agricultura-3
3474 1598 3654 1654 supra

2004 1666 2198 1722 docui.

2075 1757 2160 1810 17.
2194 1756 2302 1812 Sed
2337 1773 2409 1812 ne
2441 1757 2511 1812 de
2541 1756 2899 1813 animalibus
2931 1758 3099 1828 quasi
3122 1756 3348 1813 diversa
3372 1759 3515 1815 ratio
3534 1774 3653 1815 mo-

2001 1848 2306 1917 veat,quod
2323 1845 2540 1901 habent
2554 1846 2827 1917 spiritum
2845 1846 2971 1900 vitae
2991 1863 3124 1901 cum
3145 1861 3321 1902 sensu
3340 1848 3650 1919 appetendi

2002 1950 2127 2004 qua:
2147 1935 2467 1989 secundum
2488 1940 2757 1990 naturam
2778 1939 2940 2001 sunt,
2960 1935 3297 2007 vitandique
3319 1938 3647 2007 contraria;

2000 2024 2174 2078 etiam
2198 2023 2305 2079 hoc
2333 2028 2423 2079 est
2442 2024 2635 2079 videre
2654 2041 2827 2096 quam
2848 2024 3015 2080 multi
3040 2025 3308 2081 homines
3342 2033 3644 2096 noverunt,

1998 2127 2067 2166 ex
2096 2112 2309 2183 quibus
2340 2112 2558 2180 herbis,
2575 2119 2676 2167 aut
2696 2113 2994 2182 carnibus,
3016 2119 3118 2169 aut
3140 2129 3648 2187 quarumcumque

1998 2216 2190 2254 rerum
2217 2201 2582 2271 quibuslibet
2604 2201 2792 2256 succis
2822 2206 2923 2256 aut
2944 2201 3416 2269 humoribus,vel
3436 2205 3517 2260 ita
3544 2221 3646 2276 po-

1999 2288 2243 2352 sitis,vel
2276 2290 2354 2345 ita
2378 2289 2720 2359 obrutis,vel
2751 2290 2831 2346 ita
2862 2290 3243 2362 contritis,vel
3264 2293 3341 2347 ita
3364 2294 3645 2347 commix-

1995 2379 2091 2443 tis,
2109 2396 2235 2450 quaa
2259 2378 2531 2434 animalia
2558 2380 2717 2434 nasci
2742 2379 3002 2435 soleant:
3027 2397 3275 2450 quorum
3291 2396 3352 2436 se
3372 2381 3506 2451 quis
3524 2385 3645 2436 tam

1995 2468 2236 2522 demens
2261 2469 2473 2523 audeat
2489 2468 2678 2524 dicere
2698 2475 3015 2524 creatorem
3031 2468 3058 2522 ‘?
3077 2469 3222 2535 Quid
3244 2485 3380 2541 ergo
3406 2470 3643 2541 mirum,

1996 2556 2043 2610 si
2068 2557 2563 2627 quemadmodum
2586 2562 2778 2628 potest
2795 2574 2965 2614 nosse
2979 2558 3226 2629 quilibet
3244 2559 3645 2629 nequissimus

1998 2646 2351 2713 homo,unde
2383 2644 2464 2699 illi
2500 2644 3278 2718 velillivermesmuscacque
3305 2650 3643 2714 nascantur;

1994 2734 2074 2788 ita
2097 2733 2232 2789 mali
2252 2734 2444 2805 angeli
2465 2751 2567 2805 pro
2585 2733 2910 2790 subtilitate
2933 2735 3023 2789 sui
3045 2751 3257 2790 sensus
3275 2736 3332 2788 in
3361 2734 3640 2790 occultio-

1992 2822 2155 2876 ribus
2168 2822 2587 2877 elementorum
2607 2822 2933 2878 seminibus
2948 2823 3342 2889 norunt,unde
3356 2840 3508 2878 ranae
3528 2839 3643 2878 scr-

1992 2916 2312 2983 pentesque
2335 2915 2670 2976 nascantur,
2685 2916 2742 2965 et
2758 2910 2876 2964 haec
2901 2927 3001 2982 per
3022 2915 3208 2966 certas
3231 2916 3287 2966 et
3308 2916 3474 2967 notas
3490 2917 3638 2966 tem-

1992 3000 2359 3071 perationum
2392 2999 2855 3071 opportunitates
2897 2998 3140 3053 occultis
3184 3000 3441 3055 motibus
3472 3000 3638 3055 adhi-

1991 3089 2182 3142 bendo
2206 3087 2425 3142 faciunt
2453 3086 2655 3154 creari,
2692 3104 2806 3142 non
2838 3086 3085 3142 creant?
3108 3087 3217 3143 Sed
3240 3087 3341 3143 illa
3369 3087 3640 3145 homines

1993 3193 2123 3248 qua)
2152 3176 2339 3232 solent
2370 3176 2440 3230 ab
2472 3174 2806 3231 hominibus
2830 3175 2975 3240 ﬁeri,
3009 3192 3123 3232 non
3158 3177 3640 3245 mirantur.Quod

1991 3266 2041 3321 si
2073 3266 2387 3337 quisquam
2421 3263 2746 3319 celeritates
2766 3262 3264 3320 incrementorum
3287 3266 3433 3321 forte
3461 3266 3639 3322 mira-

1989 3357 2104 3423 tur,
2138 3353 2293 3424 quod
2326 3352 2424 3407 illa
2452 3352 2775 3407 animantia
2795 3357 2914 3407 tam
2938 3352 3051 3408 cito
3074 3354 3226 3408 facta
3256 3359 3420 3413 sunt:
3452 3359 3639 3411 atten-

1989 3440 2597 3513 datquemadmodum
2612 3446 2669 3496 et
2692 3441 2799 3496 ista
2827 3458 2928 3512 pro
2952 3440 3189 3497 modulo
3215 3442 3507 3498 facultatis
3529 3443 3637 3499 hu-

1989 3548 2173 3586 manas
2206 3531 2277 3585 ab
2313 3530 2646 3585 hominibus
2679 3536 3089 3601 procurentur.
3123 3529 3285 3586 Unde
3306 3533 3461 3585 enim
3488 3532 3551 3587 fit
3575 3536 3639 3588 ut

1986 3620 2188 3674 eadem
2221 3635 2464 3689 corpora
2494 3618 2670 3672 citius
2700 3622 3065 3673 vermescant
3084 3623 3279 3674 aestate
3304 3636 3479 3690 quam
3512 3619 3635 3675 hie-

1986 3725 2098 3776 me,
2132 3708 2306 3762 citius
2338 3707 2397 3761 in
2428 3705 2804 3761 calidioribus
2826 3722 3004 3777 quam
3036 3707 3096 3761 in
3128 3706 3527 3778 frigidioribus
3551 3707 3634 3762 lo-

1983 3798 2065 3852 cis
2086 3796 2114 3851 ?
2162 3797 2272 3851 Sed
2305 3796 2424 3850 haec
2455 3796 2525 3849 ab
2558 3794 2895 3850 hominibus
2936 3801 3097 3851 tanto
3128 3796 3427 3851 difﬁcilius
3458 3797 3631 3852 adhi-

1982 3886 2213 3954 bentur,
2238 3887 2458 3955 quanto
2485 3884 2698 3938 desunt
2721 3900 3004 3938 sensuum
3028 3884 3398 3955 subtilitates,
3432 3891 3489 3940 et
3504 3901 3630 3940 cor-

1984 3991 2191 4046 porum
2233 3971 2585 4028 mobilitates
2634 3972 2691 4026 in
2727 3972 3009 4028 membris
3055 3974 3304 4029 terrenis
3333 3978 3390 4030 et
3420 3974 3623 4047 pigris.

1982 4064 2143 4119 Unde
2164 4061 2693 4133 qualibuscumque
2714 4061 2934 4133 angelis
2954 4061 3171 4118 vicinas
3193 4079 3401 4118 causas
3416 4064 3486 4119 ab
3508 4068 3625 4120 ele-

1981 4151 2192 4207 mentis
2222 4150 2582 4216 contrahere,
2615 4155 2833 4221 quanto
2864 4150 3095 4207 facilius
3125 4156 3232 4219 est,
3265 4156 3429 4208 tanto
3454 4153 3628 4208 mira-

1982 4242 2217 4297 biliores
2248 4240 2308 4294 in
2340 4238 2681 4309 hujusmodi
2710 4239 2985 4312 operibus
3019 4257 3219 4296 eorum
3241 4241 3501 4298 existunt
3534 4258 3627 4297 ce-

1981 4329 2256 4385 leritates.

2054 4419 2141 4472 18.
2173 4416 2283 4471 Sed
2316 4432 2431 4471 non
2454 4420 2543 4471 est
2568 4421 2813 4484 creater,
2838 4416 2947 4472 nisi
2973 4417 3072 4488 qui
3105 4416 3631 4489 principaliterista

1984 4505 2335 4562 format.Nec
2349 4505 2664 4576 quisquam
2682 4506 2786 4559 hoc
2799 4506 3131 4576 potest,nisi
3147 4505 3243 4561 ille
3259 4523 3435 4577 penes
3451 4523 3629 4579 quem

1984 4594 2258 4667 primitus
2283 4599 2422 4648 sunt
2451 4594 2716 4649 omnium
2737 4610 2864 4664 qua:
2884 4600 3025 4648 sunt
3051 4596 3629 4665 mensurae,numeri,

1983 4690 2039 4739 et
2068 4684 2353 4755 pondera:
2390 4686 2447 4737 et
2466 4682 2590 4753 ipse
2620 4688 2709 4738 est
2739 4699 2894 4739 unus
2925 4687 3150 4738 creator
3181 4685 3351 4755 Deus,
3374 4701 3441 4740 ex
3462 4687 3631 4756 cujus

1982 4771 2260 4826 ineffabili
2278 4775 2579 4841 potentatu
2598 4772 2659 4826 ﬁt
2674 4772 2850 4826 etiam
2867 4777 2931 4827 ut
2945 4772 3099 4843 quod
3117 4778 3355 4844 possent
3368 4774 3427 4827 hi
3441 4774 3630 4844 angeli

1983 4861 2032 4916 si
2051 4861 2697 4931 permitterentur,ideo
2719 4877 2832 4916 non
2858 4862 3367 4933 possintquianon
3392 4863 3630 4933 permit-

1984 4954 2208 5004 tuntur.
2224 4948 2421 5019 Neque
2442 4949 2596 5003 enim
2613 4950 2864 5005 occurrit
2893 4950 3008 5005 alia
3023 4953 3167 5006 ratio
3180 4968 3285 5006 cur
3297 4967 3410 5005 non
3427 4956 3632 5021 potue-

1986 5038 2103 5093 rint
2116 5039 2300 5092 facere
2315 5037 2739 5093 minutissimas
2754 5040 3111 5110 muscas,qui
3128 5057 3299 5096 ranas
3313 5043 3636 5109 serpentes-

1987 5143 2100 5199 que
2128 5127 2408 5192 fecerunt,
2430 5126 2541 5181 nisi
2574 5128 2713 5198 quia
2737 5130 2923 5199 major
2939 5129 3141 5184 aderat
3159 5127 3478 5184 dominatio
3501 5145 3631 5200 pro-

1988 5215 2243 5271 hibentis
2261 5215 2351 5270 Dei
2367 5217 2501 5286 'per
2523 5215 2806 5286 Spiritum
2821 5221 3114 5281 sanctum,
3147 5217 3303 5288 quod
3324 5216 3497 5273 etiam
3516 5217 3631 5289 ipsi

1988 5305 2145 5376 magi
2160 5303 2410 5359 confessi
2429 5304 3102 5376 sunt,dicentes.l)2'gitus
3120 5306 3305 5360 Deiest
3327 5306 3629 5377 hoc(Exod.

1988 5411 2088 5458 vn,
2125 5393 2273 5463 l2,et
2304 5410 2424 5458 VIII,
2454 5394 2511 5458 7,
2546 5393 2921 5460 18,19).Quid
2938 5398 3134 5449 autem
3168 5395 3397 5465 possint
3416 5411 3636 5466 perna-

1989 5486 2208 5551 turam,
2247 5498 2350 5536 nec
2380 5482 2610 5552 possint
2640 5498 2742 5552 per
2772 5481 3243 5552 prohibitionem,
3276 5488 3332 5537 et
3361 5484 3501 5556 quid
3534 5500 3637 5556 per

1990 5571 2178 5645 ipsius
2211 5576 2429 5626 natura
2444 5587 2562 5625 suae
2594 5569 2987 5625 conditionem
3004 5572 3190 5627 facere
3205 5588 3319 5628 non
3333 5573 3633 5644 sinantur;

2056 5700 2074 5733 1
2108 5696 2193 5744 Sic
2224 5694 2344 5743 Mss.
2380 5694 2445 5744 At
2475 5693 2621 5752 editi,
2652 5693 2948 5743 accidentes.

2055 5759 2078 5794 ³
2106 5759 2191 5809 Sic
2224 5759 2347 5808 Mss.
2380 5758 2448 5807 At
2474 5756 2617 5818 editi,
2645 5756 2981 5823 prohibendi;
3009 5759 3223 5822 omisso,
3249 5758 3359 5811 Dei.
