4100 6194
250 349 363 412 885

314 484 404 537 26.
428 483 535 538 Sed
562 482 700 553 quid
726 482 879 538 ultra
899 484 1224 541 differimus
1250 502 1349 541 oro
1370 502 1569 542 eorum
1591 486 1897 542 evidentis—

249 572 394 629 simo
427 579 600 644 atque
622 574 970 643 gravissimo
995 574 1106 629 alio
1122 576 1471 630 documento
1494 575 1773 647 oppilare,
1798 575 1897 630 ubi

250 679 361 718 non
395 661 638 734 angelus
660 662 1172 733 singulariter,nec
1201 664 1753 736 viripluraliter,sed
1782 681 1900 719 om-

248 752 383 807 nino
433 750 629 823 Angeli
663 751 961 818 dicuntur,
989 770 1089 824 per
1113 770 1258 824 quos
1283 771 1473 808 sermo
1501 771 1611 808 non
1654 753 1898 825 quilibet

245 841 453 906 factus,
486 841 583 895 sed
614 840 702 895 lex
723 840 852 911 ipsa
888 842 1025 896 data
1050 842 1526 897 manifestissime
1548 844 1895 911 ostenditur,

242 947 418 1003 quam
462 935 614 984 certe
643 929 840 985 nullus
882 931 1138 985 ﬁdelium
1184 931 1414 985 dubitat
1450 935 1622 985 Deum
1665 932 1897 985 dedisse

249 1019 425 1091 Moysi
447 1020 516 1073 ad
542 1019 981 1091 subjugandum
1013 1019 1293 1091 populum
1322 1019 1517 1086 Israel,
1557 1021 1656 1074 sed
1702 1026 1896 1074 tamen

244 1126 345 1182 per
373 1108 622 1180 Angelos
654 1108 894 1163 datam?
930 1109 1013 1163 lta
1042 1110 1372 1179 Stephanus
1411 1108 1670 1180 loquitur
1703 1124 1715 1163 :
1751 1111 1895 1165 Dura

241 1198 462 1265 cervice,
481 1197 689 1269 inquit,
717 1201 767 1252 et
794 1214 903 1253 non
924 1200 1239 1253 circumcisi
1255 1197 1413 1252 corde
1438 1207 1487 1252 et
1518 1200 1771 1261 auribus,
1805 1215 1895 1253 vos

241 1304 456 1358 semper
475 1286 715 1358 Sirpitui
734 1296 931 1343 sancto
956 1288 1248 1351 restitistis,
1266 1289 1409 1341 sicut
1436 1290 1490 1341 et
1505 1291 1687 1358 patres
1711 1290 1891 1344 vestri.

244 1377 409 1444 Quem
433 1376 839 1446 PrOphetarum
866 1392 975 1431 non
1004 1378 1279 1447 persecuti
1296 1384 1427 1431 sunt
1471 1379 1656 1447 patres
1692 1379 1896 1431 vestri?

238 1467 300 1520 Et
330 1464 638 1520 occiderunt
662 1480 748 1520 eos
773 1466 866 1535 qui
882 1466 1366 1536 praeniuntiabant
1386 1465 1455 1519 de
1476 1465 1710 1520 adventu
1728 1467 1893 1531 Justi,

238 1556 393 1627 cujus
423 1571 571 1609 nunc
607 1570 692 1609 vos
727 1554 1029 1625 proditores
1070 1559 1125 1609 et
1157 1556 1537 1624 interfectores
1556 1555 1771 1626 fuistis,
1799 1556 1896 1625 qui

236 1644 521 1714 accepistis
557 1644 734 1715 legem
766 1646 829 1698 in
858 1644 1052 1699 edictis
1084 1644 1433 1713 Angelorum,
1457 1659 1557 1698 nec
1583 1643 1893 1698 custodistis

236 1733 867 1805 (.40t.vu,51-53).Quid
896 1733 1003 1788 hoc
1031 1733 1394 1787 evidentius?
1420 1733 1555 1803 quid
1592 1737 1753 1787 tanta
1784 1750 1891 1786 au-

235 1821 505 1876 ctoritate
525 1822 850 1876 robustius?
873 1823 929 1876 In
949 1821 1154 1877 edictis
1178 1822 1410 1892 quidem
1427 1821 1777 1891 Angelorum
1802 1820 1892 1876 lex

233 1908 313 1964 illi
337 1910 551 1983 populo
576 1911 844 1965 dataest:
874 1911 972 1965 sed
1000 1910 1225 1964 Domini
1247 1909 1381 1964 Jcsu
1410 1910 1620 1965 Christi
1648 1926 1887 1982 peream

233 1998 656 2070 disponebatur
684 2004 742 2054 et
776 1999 1281 2070 praenuntiatabur
1310 2000 1632 2064 adventus;
1667 2004 1720 2052 et
1752 1998 1888 2069 ipsa}

229 2091 518 2160 tanquam
540 2090 779 2143 verbum
805 2087 902 2143 Dei
924 2087 1070 2141 miro
1095 2093 1150 2141 et
1170 2086 1448 2141 ineffabili
1474 2088 1644 2142 modo
1677 2092 1800 2141 erat
1828 2087 1886 2141 in

230 2176 490 2246 Angelis,
518 2176 573 2230 in
622 2192 871 2247 quorum
896 2174 1101 2229 edictis
1134 2173 1222 2229 lex
1258 2175 1387 2245 ipsa
1430 2175 1701 2228 dabatur.
1729 2174 1888 2229 Unde

229 2265 376 2320 dicit
405 2265 463 2320 in
504 2263 833 2335 Evangelio,
865 2265 930 2318 Si
973 2265 1253 2318 erederitis
1292 2264 1479 2334 Moysi,
1523 2264 1817 2318 crederetis
1838 2266 1888 2318 et

227 2353 399 2415 mihi;
420 2353 485 2409 de
502 2371 589 2407 me
611 2355 757 2408 enim
776 2353 869 2407 ille
892 2354 1116 2423 scripsit
1140 2353 1315 2421 (Joan.
1342 2369 1394 2419 v,
1425 2352 1533 2422 46).
1570 2352 1674 2406 Per
1704 2355 1884 2423 Ange-

227 2441 316 2499 los
339 2460 476 2515 ergo
508 2447 645 2497 tunc
678 2441 963 2496 Dominus
988 2441 1353 2512 loquebatur,
1391 2458 1490 2511 per
1514 2440 1763 2512 Angelos
1794 2440 1884 2495 Fi-

224 2530 347 2587 lius
374 2532 491 2599 Dei,
517 2531 913 2587 mediatorDei
931 2536 988 2585 et
1011 2530 1317 2585 hominum
1335 2531 1564 2584 futurus
1583 2531 1886 2585 exscmine

223 2622 472 2676 Abrahae
503 2637 678 2675 suum
712 2620 1059 2691 disponebat
1091 2620 1424 2685 adventum,
1462 2623 1526 2673 ut
1548 2619 1831 2674 inveniret
1853 2637 1887 2674 a

224 2710 451 2780 quibus
484 2707 851 2780 reciperetur,
872 2708 1214 2763 conﬁtentes
1237 2724 1300 2763 se
1323 2724 1469 2777 reos,
1490 2724 1635 2779 quos
1662 2707 1747 2762 lex
1771 2725 1883 2763 non

221 2798 472 2869 impleta
513 2799 725 2853 fecerat
757 2802 1241 2869 transgressores.
1283 2796 1447 2852 Unde
1487 2803 1544 2850 et
1572 2796 1886 2867 Apostolus

220 2888 291 2943 ad
322 2887 559 2942 Galatas
592 2886 754 2952 dicit,
781 2886 922 2954 Quid
947 2902 1070 2957 ergo
1095 2886 1213 2940 lex?
1248 2887 1713 2954 Transgressionis
1743 2903 1884 2953 gra-

218 2978 296 3032 tia
318 2979 501 3048 posita
533 2978 669 3041 esti,
709 2976 877 3031 donec
914 2978 1119 3030 veniret
1150 2980 1201 3031 et
1232 2991 1413 3030 semen
1433 2977 1527 3030 cui
1548 2978 1884 3046 promissum

216 3065 676 3137 est,dispositum’
695 3081 800 3136 per
818 3065 1047 3134 Angelos
1076 3066 1132 3118 in
1156 3081 1323 3118 manu
1354 3065 1663 3119 Mediatoris
1684 3065 1880 3135 (Galat.

217 3172 301 3225 ιιι,
338 3155 428 3226 19)
457 3169 470 3207 :
500 3154 607 3208 hoc
652 3158 739 3208 est
770 3152 1121 3222 dispositum
1164 3169 1265 3223 per
1308 3151 1559 3223 Angelos
1591 3152 1648 3205 in
1702 3168 1882 3207 manu

214 3261 355 3300 sua.
395 3243 519 3298 Non
553 3244 709 3296 enim
753 3250 926 3296 natus
957 3246 1047 3296 est
1076 3257 1177 3312 per
1198 3240 1614 3305 conditionem,
1647 3240 1746 3294 sed
1783 3257 1883 3311 per

213 3337 595 3406 potestatem.
615 3332 776 3396 Quod
797 3337 991 3386 autem
1014 3348 1125 3386 non
1141 3330 1395 3401 aliquem
1417 3348 1480 3385 ex
1499 3329 1726 3401 Angelis
1741 3330 1884 3384 dicit

216 3421 635 3488 mediatorem,
664 3420 762 3475 sed
789 3421 981 3491 ipsum
1006 3420 1319 3475 Dominum
1344 3419 1542 3474 Jesum
1561 3419 1878 3489 Christum,

216 3510 277 3564 in
302 3515 600 3582 quantum
627 3509 800 3565 homo
834 3509 955 3563 ﬁeri
974 3510 1248 3581 dignatus
1271 3508 1568 3575 est,habes
1592 3507 1877 3562 alioloco:

219 3601 398 3662 Unus,
423 3598 635 3669 inquit,
674 3599 810 3653 Deus
840 3602 891 3653 et
914 3614 1055 3652 unus
1079 3598 1348 3652 mediator
1379 3599 1475 3651 Dei
1493 3600 1541 3651 et
1576 3598 1878 3666 hominum,

215 3688 383 3742 homo
408 3686 656 3741 Christus
682 3688 829 3742 Jesus
852 3687 895 3759 (Ι
930 3688 1063 3741 Tim.
1093 3704 1151 3756 ιι,
1194 3687 1267 3759 5).
1296 3686 1438 3740 Hinc
1474 3685 1611 3739 illud
1661 3685 1881 3739 Pascha

215 3776 277 3831 in
302 3775 712 3831 interiectione
745 3776 875 3847 agni
903 3775 1211 3842 (Exozl.xn)
1235 3775 1400 3829 :binc
1420 3773 1519 3828 illa
1540 3773 1735 3827 omnia
1754 3790 1878 3844 quae

282 3904 299 3939 ι
332 3902 517 3949 Plures
546 3900 687 3959 Mss,
707 3901 968 3961 praposita
996 3903 1086 3948 est.
1106 3902 1281 3948 Graece
1310 3903 1411 3955 est,
1442 3897 1767 3960 prosetetthd.

281 3966 305 3999 ³
339 3964 496 4027 Editi,
532 3958 809 4026 dispasita.
832 3967 897 4012 At
924 3962 1167 4027 plerique
1201 3964 1348 4021 Mss.,
1380 3958 1722 4025 dispositum;
1743 3958 1876 4009 refe-

209 4025 393 4076 rendo
424 4027 489 4074 ad
525 4025 726 4075 semen.

1623 354 1856 414 LIBER
1901 355 2297 427 QUARTUS.

3537 357 3659 417 886

2010 487 2080 542 de
2112 487 2338 543 Christo
2355 491 2595 544 venturo
2632 486 2689 542 in
2722 504 2894 543 carne
2932 489 3105 559 atque
3142 502 3412 558 passuro,
3460 487 3560 541 sed
3601 488 3657 541 et

2009 580 2403 631 resurrecturo
2427 576 2483 631 in
2508 576 2632 648 lege
2656 578 2999 647 ﬁgurantur,
3025 593 3150 646 qua:
3175 576 3307 631 data
3336 575 3495 630 estin
3528 575 3655 630 edi-

2008 665 2116 719 ctis
2139 665 2512 735 Angelorum,
2535 666 2593 719 in
2630 666 2838 737 quibus
2860 665 3095 737 Angelis
3113 671 3235 719 erat
3259 667 3456 736 utique
3476 668 3533 719 et
3546 665 3655 719 Pa—

2007 757 2114 819 ter,
2140 759 2193 806 et
2214 754 2416 818 Filius,
2441 760 2497 809 et
2525 754 2775 824 Spiritus
2800 759 3066 820 sanctus;
3091 759 3145 808 et
3164 752 3658 825 aliquandoPater

2008 842 2322 913 aliquando
2372 842 2569 908 Filius,
2596 843 2933 914 aliquando,
2972 843 3225 914 Spiritus
3259 848 3516 909 sanctus,
3548 842 3653 897 ali-

2008 932 2240 1002 quando
2268 931 2391 986 sine
2417 931 2917 988 ulladistinctione
2944 949 3201 1004 personae
3233 935 3381 987 Deus
3402 949 3502 1004 per
3523 932 3655 987 illos

2008 1020 2501 1089 ﬁgurabatur,etsi
2518 1020 2843 1075 visibilibus
2860 1027 2915 1076 et
2938 1020 3315 1076 sensibilibus
3342 1020 3537 1075 t‘ormis
3559 1038 3655 1092 ap-

2008 1126 2237 1181 parens,
2273 1127 2373 1181 per
2403 1116 2727 1165 creaturam
2753 1115 2947 1165 tamen
2983 1127 3172 1178 suam,
3214 1127 3324 1165 non
3372 1127 3473 1183 per
3514 1110 3651 1165 sub-

2006 1199 2422 1264 stantiam,cui
2468 1200 2728 1254 videndae
2770 1200 2945 1255 corda
2988 1201 3351 1254 mundantur
3384 1216 3485 1271 per
3533 1199 3653 1255 haec

2004 1288 2202 1342 omnia
2232 1305 2358 1359 quae
2389 1288 2570 1343 oculis
2604 1289 2874 1343 videntur
2903 1293 2959 1343 et
2990 1288 3229 1344 auribus
3260 1289 3598 1344 audiuntur.

2072 1377 2162 1429 27.
2188 1376 2296 1431 Sed
2316 1378 2441 1447 jam
2486 1377 2652 1447 satis,
2695 1382 2982 1449 quantum
3023 1377 3311 1448 existimo,
3338 1396 3439 1450 pro
3480 1382 3651 1450 captu

2004 1470 2201 1519 nostro
2220 1465 2581 1536 disputatum
2606 1472 2663 1521 et
2683 1467 3148 1521 demonstratum
3168 1470 3276 1534 est,
3292 1468 3443 1537 quod
3464 1467 3521 1522 in
3546 1467 3652 1523 hoc

2002 1552 2149 1608 libro
2168 1562 2619 1626 susceperamus
2633 1556 2965 1610 ostendere:
2984 1554 3363 1627 constititque
3376 1560 3430 1611 et
3451 1556 3653 1627 proba-

2000 1640 2227 1696 bilitate
2256 1642 2498 1698 rationis
2526 1647 2809 1714 quantum
2834 1643 3007 1699 homo
3029 1643 3114 1723 vel
3147 1645 3340 1716 potius
3363 1651 3650 1716 quantum

2001 1746 2106 1800 ego
2135 1730 2315 1801 potui,
2335 1736 2389 1785 et
2414 1732 2688 1787 ﬁrmitate
2713 1733 3078 1787 auctoritatis
3102 1738 3382 1803 quantum
3408 1735 3477 1789 de
3496 1735 3649 1790 Seria

2002 1818 2188 1890 pturis
2204 1820 2423 1874 sanctis
2438 1820 2632 1875 divina
2645 1820 2877 1892 eloquia
2892 1823 3383 1893 patuerunt,quod
3400 1822 3653 1893 antiquis

2002 1908 2265 1978 patribus
2296 1910 2509 1963 nostris
2532 1917 2663 1965 ante
2686 1910 3148 1966 incarnationem
3171 1911 3648 1980 Salvatoris,cum

1997 1995 2149 2050 Deus
2174 2014 2449 2069 apparere
2470 1998 3084 2066 dicebatur,vocesilla2
3104 2017 3167 2054 ac
3190 2001 3415 2071 species
3436 2018 3642 2072 corpo-

2000 2084 2149 2139 rales
2173 2102 2274 2157 per
2307 2087 2555 2159 Angelos
2590 2090 2752 2142 facta:
2773 2093 2939 2156 sunt;
2966 2089 3087 2143 sive
3110 2088 3251 2159 ipsis
3274 2089 3651 2161 loquentibus

1998 2172 2087 2226 vel
2106 2174 2416 2244 agentibus
2441 2173 2658 2244 aliquid
2684 2192 2750 2230 ex
2774 2193 3020 2247 persona
3038 2176 3502 2243 Dei,sicutetiam
3520 2179 3653 2234 Pro-

1998 2260 2204 2331 phetas
2223 2261 2407 2317 solere
2434 2264 2947 2332 ostendimus;sive
2962 2266 3400 2320 assumcntibus
3420 2284 3488 2321 ex
3500 2284 3653 2321 crea-

1995 2353 2129 2404 tura
2155 2352 2307 2421 quod
2336 2351 2443 2422 ipsi
2470 2369 2584 2407 non
2610 2358 2828 2421 essent,
2851 2354 2944 2407 ubi
2970 2353 3122 2409 Deus
3148 2355 3389 2421 ﬁgurate
3412 2356 3654 2410 demon-

1996 2444 2283 2494 straretur
2297 2439 2596 2495 hominibu
2610 2460 2655 2510 s;
2675 2443 2826 2513 quod
2843 2458 3029 2515 genus
3041 2443 3537 2515 signiﬁcationum
3553 2461 3656 2501 nec

1997 2526 2317 2598 Prophetas
2341 2529 2845 2599 omisisse,multis
2863 2531 3144 2603 exemplis
3157 2533 3321 2587 docet
3339 2534 3654 2604 Scriptura.

1996 2615 2274 2687 Superest
2298 2616 2611 2688 igiturjam
2641 2624 2705 2673 ut
2729 2619 3049 2687 videamus,
3083 2637 3215 2675 cum
3255 2625 3315 2675 et
3372 2627 3508 2677 nato
3555 2638 3657 2694 per

1994 2703 2284 2775 virginem
2321 2705 2581 2775 Domino,
2604 2712 2659 2761 et
2691 2707 2974 2779 corporali
3002 2710 3193 2780 specie
3212 2708 3363 2765 sicut
3382 2710 3656 2767 columba

1995 2793 2383 2848 descendente
2408 2794 2628 2865 Spiritu
2655 2801 2855 2852 sancto
2897 2797 3106 2867 (Matth.
3141 2815 3225 2869 In,
3256 2800 3363 2867 16),
3398 2798 3653 2871 visisque

1993 2879 2183 2953 igneis
2216 2881 2434 2953 linguis
2460 2882 2653 2937 sonitu
2706 2884 2857 2939 facto
2890 2886 2960 2940 de
2991 2884 3133 2940 coelo
3160 2886 3254 2941 die
3281 2891 3650 2944 Pentecostes

1995 2974 2126 3041 post
2159 2971 2558 3027 ascensionem
2602 2972 2832 3027 Domini
2864 2974 2999 3044 (Act.
3048 2974 3408 3047 ιι,Ι-4),ιιοιι
3452 2976 3647 3048 ipsum

1992 3059 2091 3114 Dei
2118 3059 2365 3115 Verbum
2392 3076 2493 3133 per
2513 3062 2907 3117 substantiam
2932 3080 3099 3118 suam
3126 3081 3243 3135 qua
3259 3064 3406 3120 Patri
3430 3067 3649 3137 aequale

1993 3152 2160 3218 atque
2185 3154 2539 3204 coasternum
2564 3156 2653 3206 est
2686 3167 2787 3206 nec
2817 3151 3068 3223 Spiritus
3090 3153 3277 3209 Patris
3313 3159 3370 3210 et
3394 3154 3514 3209 Filii
3549 3171 3651 3226 per

1993 3253 2159 3292 suam
2195 3238 2587 3295 substantiam
2610 3257 2725 3312 qua
2743 3246 2801 3296 et
2821 3240 2945 3312 ipse
2972 3241 3237 3313 utrisque
3255 3243 3528 3315 aequalis‘
3563 3248 3647 3299 at-

1993 3341 2105 3396 que
2120 3332 2439 3381 comternus
2466 3332 2554 3383 est
2577 3329 2677 3383 sed
2706 3330 2907 3399 utique
2928 3332 3359 3402 creatura’qum
3384 3331 3499 3387 illis
3526 3350 3650 3389 m0-

1991 3414 2082 3469 dis
2107 3416 2340 3470 formari
2370 3423 2425 3471 et
2448 3418 2693 3473 existere
2709 3420 2897 3490 potuit
2940 3422 3238 3492 corporeis
3268 3426 3443 3492 atque
3491 3440 3646 3478 mor-

1991 3503 2207 3558 talibus
2229 3506 2502 3561 sensibus
2526 3508 3029 3579 apparuerit,quid
3065 3508 3218 3564 inter
3238 3509 3366 3565 illas
3404 3512 3646 3567 demon-

1990 3596 2304 3648 strationes
2328 3594 2502 3651 ethas
2522 3598 2905 3668 preprietates
2922 3597 3044 3651 Filii
3066 3599 3158 3653 Dei
3178 3599 3497 3668 ctSpiritus
3516 3618 3645 3654 san-

1990 3682 2364 3751 cti,quamvns
2390 3701 2489 3754 per
2511 3691 2835 3739 creaturam
2860 3685 3145 3740 visibilem
3167 3687 3639 3754 factas,intersit:

1992 3769 2145 3840 quod
2172 3771 2241 3824 ab
2266 3770 2379 3825 alio
2404 3770 2698 3827 volumine
2718 3773 3087 3828 commodius
3109 3773 3425 3830 ordiemur.

2054 3894 2068 3927 ί
2097 3894 2533 3968 ven.,_utriusque
2568 3896 2798 3968 arguatis.
2831 3898 2976 3968 Lp_v.,
3000 3898 3228 3968 utrisque
3257 3897 3486 3968 aequalis,
3519 3914 3639 3968 cum

1988 3958 2088 4008 hac
2111 3958 2458 4023 adnotatione
2470 3958 2747 4023 marginali
2771 3974 2833 4023 ιχ(
2854 3960 3007 4016 Alias,
3030 3958 3235 4023 utrique
3264 3958 3531 4023 tribuatis.»
3565 3964 3632 4012 Μ.

2053 4024 2075 4058 ³
2102 4023 2178 4071 Ita
2209 4023 2333 4071 Mss.
2365 4021 2504 4069 Editi
2536 4035 2678 4079 vero,
2709 4021 2803 4071 sed
2819 4023 2995 4086 utique
3019 4037 3115 4084 per
3140 4021 3449 4073 creaturam.

1392 4239 1769 4331 LIBER
1869 4237 2471 4349 QUARTUS.

262 4394 519 4465 Explicat
550 4392 614 4441 ad
637 4392 763 4465 quid
795 4392 988 4465 missus
1011 4393 1079 4440 sit
1282 4391 1369 4439 Dei
1392 4406 1410 4465 :_
1422 4390 1627 4465 Christo
1658 4390 1909 4465 ‘videlicet
1928 4404 2025 4465 pro
2044 4390 2407 4465 peccatoribus
2429 4389 2692 4465 moriente
2715 4388 3147 4465 persqadqndum
3168 4391 3333 4465 nobis.
3352 4391 3514 4465 fuisse
3537 4392 3635 4441 im-

199 4451 404 4519 primis
429 4461 483 4503 et
509 4451 767 4517 quantum
784 4468 883 4503 nos
912 4455 1157 4502 dilexerit
1178 4454 1248 4502 De
1262 4468 1342 4512 us,
1367 4457 1418 4503 et
1437 4454 1624 4519 quales
1643 4453 1907 4519 dilexerit.
1931 4451 2241 4516 Opportune
2268 4454 2426 4519 etiam
2442 4457 2501 4519 ut
2521 4451 3078 4519 adeontemplandum
3104 4453 3265 4519 Deum
3290 4458 3342 4501 et
3361 4454 3633 4502 cohaeren-

204 4515 353 4568 dum
380 4520 487 4566 Deo
514 4515 915 4575 mundaremur,
936 4518 1161 4565 verbum
1182 4520 1238 4564 in
1269 4530 1428 4565 carne
1459 4518 1688 4565 venisse.
1724 4517 1894 4579 Ipsius
1920 4522 2085 4564 morte
2116 4530 2223 4563 una
2244 4521 2295 4563 et
2319 4516 2541 4579 simplici
2565 4515 2829 4579 duplicem
2854 4518 3091 4579 nostram
3115 4517 3343 4563 solutam
3374 4530 3519 4573 esse;
3546 4519 3634 4565 ubi

201 4581 471 4630 edisserit
500 4579 949 4643 quemadmodum
977 4580 1225 4642 simplum
1254 4579 1544 4643 salvatoris
1571 4575 1923 4643 nostrifduplo
1948 4583 2131 4643 nostro
2152 4575 2843 4643 concinet’ad_salutem,_et
2868 4576 2933 4622 de
2964 4577 3289 4643 perfectione
3321 4580 3526 4643 numeri
3560 4593 3639 4628 sc-

204 4645 380 4697 narii.
405 4644 460 4690 in
484 4638 641 4703 quem
674 4656 956 4690 numerum
989 4638 1102 4703 ipsa
1126 4642 1298 4700 simpli
1321 4642 1383 4689 ad
1411 4642 1629 4701 duplum
1657 4642 1787 4688 ratio
1821 4638 2119 4693 deducitur.
2142 4641 2313 4687 fusius
2334 4640 2455 4702 agit.
2491 4639 2653 4687 Docet
2673 4638 3147 4703 colliuiﬂomneses
3182 4640 3362 4688 multis
3382 4641 3434 4688 in
3469 4656 3635 4691 unum

196 4721 308 4770 per
337 4700 512 4754 unum
539 4705 884 4770 mediatorem
908 4700 1031 4753 vita}
1048 4704 1333 4770 Christum,
1350 4718 1442 4765 per
1458 4700 1617 4770 quem
1636 4703 1807 4751 solum
1831 4717 1957 4770 vera
1977 4703 2237 4751 fitanimte
2264 4700 2814 4770 purgatioatlaaterum
2834 4700 3025 4770 Filium
3050 4702 3161 4770 Dei.
3184 4716 3491 4770 quanquam
3508 4705 3633 4770 mis:

197 4762 371 4818 sione
398 4769 572 4817 factus
604 4767 861 4815 sitminor
885 4772 1099 4829 propter
1134 4762 1361 4814 formam
1390 4762 1527 4814 servi
1549 4779 1706 4827 quam
1728 4766 1979 4829 suscepit,
1998 4778 2105 4813 non
2125 4762 2306 4829 tamen
2328 4762 2447 4811 ideo
2479 4763 2737 4829 minorem
2762 4765 2908 4811 Patre
2936 4762 3231 4813 secundum
3256 4762 3484 4816 formam
3539 4767 3630 4815 Dei

196 4832 342 4896 quia
372 4832 442 4879 ab
463 4831 577 4893 ipso
600 4832 793 4879 missus
813 4825 926 4880 est:
949 4825 1299 4891 eimdemque
1321 4829 1385 4877 de
1407 4825 1635 4890 Spiritus
1665 4829 1829 4875 sancti
1852 4825 2103 4877 missione
2134 4827 2397 4875 rationem
2421 4838 2537 4875 esse
2566 4825 2928 4875 demonstrat.

276 5022 742 5072 Pnoosmum.—
759 5016 807 5071 1.
844 5017 1091 5071 Scientia
1113 5016 1207 5070 Dei
1230 5032 1260 5069 a
1288 5016 1388 5070 Deo
1406 5014 1657 5085 petenda.
1682 5013 1871 5069 Scien-

191 5106 358 5162 tiam
388 5105 754 5160 terrestrium
788 5103 1232 5175 cmlcstiumque
1264 5121 1456 5159 rerum
1489 5103 1684 5175 magni
1710 5103 1869 5157 esti-

191 5211 379 5251 mare
391 5192 538 5248 solet
553 5194 1076 5266 genushumanum
1094 5211 1106 5248 :
1124 5193 1180 5246 in
1198 5208 1311 5263 quo
1331 5192 1583 5264 profecto
1600 5191 1868 5247 meliores

184 5290 354 5343 sunt
376 5283 478 5354 qui
500 5281 634 5337 huic
652 5281 904 5338 scientiae
923 5286 1270 5355 przeponunt
1291 5298 1464 5336 nosse
1485 5281 1830 5352 semetipsos
1852 5305 1865 5345 ς

183 5370 685 5443 laudabiliorque
705 5376 793 5426 est
813 5370 1047 5425 animus
1069 5369 1159 5424 cui
1188 5374 1326 5423 nota
1346 5373 1433 5424 est
1453 5368 1867 5423 velinﬁrmitas

183 5478 347 5532 sua,
369 5478 547 5533 quam
573 5462 669 5532 qui
695 5476 762 5515 ea
783 5477 897 5514 non
930 5457 1341 5530 respecta,vias
1365 5457 1621 5513 siderum
1642 5464 1865 5513 scruta-

181 5559 307 5609 tur
335 5549 514 5605 etiam
560 5549 919 5620 cogniturus,
962 5554 1066 5602 aut
1095 5546 1194 5617 qui
1232 5547 1351 5617 jam
1394 5546 1653 5618 cognitas
1688 5551 1861 5613 tenet,

183 5643 499 5715 ignorans
522 5638 643 5710 ipse
667 5655 781 5709 qua
811 5636 1177 5708 ingrediatur
1198 5634 1267 5690 ad
1303 5634 1550 5689 salutem
1588 5651 1653 5689 ac
1679 5634 1863 5689 ﬁrmi—

176 5735 399 5789 tatem
433 5743 624 5783 suam.
658 5725 765 5793 Qui
795 5725 1063 5795 verojam
1086 5723 1376 5795 evigilavit
1412 5722 1470 5778 in
1519 5723 1863 5795 Deum,Spi-

1980 5015 2129 5069 ritus
2161 5012 2347 5069 sancti
2383 5012 2572 5068 calore
2602 5012 2911 5079 excitatus,
2952 5017 3131 5085 atque
3162 5014 3220 5069 in
3265 5015 3393 5083 ejus
3432 5031 3629 5070 amore

1978 5119 2173 5159 coram
2198 5119 2258 5157 se
2272 5102 2533 5169 viluit,ad
2556 5118 2810 5173 cumque
2830 5102 3045 5157 intrare
3058 5101 3257 5157 volens
3283 5119 3387 5157 nec
3408 5102 3627 5174 valens,

1977 5207 2160 5263 eoque
2183 5190 2534 5246 sibilucente
2553 5190 2870 5245 attenditin
2894 5189 3317 5261 se.invenitque
3339 5206 3631 5255 se,suam-

1977 5297 2088 5351 que
2108 5280 2507 5352 aegritudinem
2535 5278 2691 5334 illius
2721 5278 3022 5333 munditiae
3052 5280 3627 5350 contemperari,non

1976 5385 2147 5441 posse
2170 5369 2636 5441 cognovit;ﬂere
2684 5366 2852 5421 dulce
2892 5366 3087 5430 habet,
3139 5382 3393 5438 eumque
3422 5369 3626 5441 depre-

1976 5459 2114 5527 cari,
2142 5464 2204 5513 ut
2228 5459 2402 5513 etiam
2427 5463 2600 5529 atque
2623 5456 2796 5511 etiam
2825 5456 3190 5522 misereatur,
3224 5456 3406 5511 donec
3455 5465 3627 5514 exuat

1974 5551 2157 5602 totam
2204 5547 2521 5612 miseriam,
2546 5551 2599 5600 et
2633 5544 2855 5616 precari
2905 5560 3035 5597 cum
3076 5543 3430 5615 ﬁduciajam
3464 5563 3622 5603 acce-

1975 5641 2072 5707 pto
2103 5637 2356 5707 gratuito
2390 5635 2626 5706 pignore
2658 5632 2884 5697 salutis,
2920 5647 3021 5702 per
3052 5632 3177 5702 ejus
3222 5634 3456 5688 unicum
3492 5635 3621 5690 Sal-

1972 5730 2230 5781 vatorem
2263 5722 2521 5778 hominis
2550 5725 2605 5777 et
2636 5720 3130 5778 illuminatorem:
3170 5721 3327 5779 hunc
3358 5723 3439 5780 ita
3473 5741 3618 5797 agen
