4100 6194
551 379 671 442 887

549 513 699 568 tem‘
733 511 1099 567 etdolentem
1138 510 1383 566 scientia
1416 527 1527 565 non
1565 509 1750 574 inflat,
1792 509 1931 580 quia
1950 508 2204 563 Charitas

559 601 807 657 aediﬁcat
828 601 875 672 (Ι
912 601 1031 656 Cor.
1080 617 1203 663 VIII,
1233 601 1282 664 1)
1309 616 1323 667 ;
1376 598 1693 671 praeposuit
1719 599 1874 652 enim
1903 597 2203 653 scientiam

557 688 1157 761 scientiae,preposuit
1185 689 1333 743 scire
1363 687 1762 742 inﬁrmitatem
1796 703 1987 752 suam,
2016 685 2204 756 magis

61 775 139 849 ﬂ,
558 794 735 849 quam
768 778 917 833 scire
950 779 1153 832 mundi
1189 776 1423 845 moenia,
1470 775 1852 830 fundamenta
1892 781 2201 840 terrarum,

93 862 155 937 Ι*
555 872 611 923 et
641 866 876 937 fasxigia
894 866 1171 922 caelorum
1198 881 1211 919 :
1244 870 1303 920 et
1332 865 1483 920 hanc
1515 865 1857 935 apponendo
1877 862 2203 928 scientiam,

562 955 838 1027 apposuit
860 954 1115 1010 dolorem
1149 954 1345 1020 (Eccle.
1378 953 1566 1023 1,18);
1600 952 1856 1008 dolorem
1878 951 2205 1024 peregrina-

562 1043 741 1101 tionis
784 1060 902 1098 suae
933 1059 1003 1098 ex
1046 1041 1335 1098 desiderio
1381 1041 1579 1113 patriae
1612 1058 1753 1107 suis,
1787 1047 1841 1096 et
1890 1039 2206 1096 conditoris

557 1133 686 1204 ejus
719 1132 872 1187 beati
908 1133 1004 1188 Dei
1036 1131 1147 1187 sui.
1180 1133 1244 1186 In
1289 1130 1399 1185 hoc
1429 1146 1635 1202 genere
1666 1129 1992 1192 hominum,
2026 1129 2086 1183 in
2118 1127 2206 1183 fa—

562 1222 725 1277 milia
755 1220 971 1276 Christi
995 1221 1101 1288 tui,
1142 1220 1380 1275 Domine
1415 1221 1564 1274 Deus
1588 1236 1774 1284 meus,
1808 1220 1853 1274 si
1880 1218 2032 1273 inter
2064 1234 2203 1289 pau-

564 1327 730 1383 peres
766 1315 899 1377 tuos
930 1326 1118 1380 gemo,
1155 1308 1227 1363 da
1258 1307 1402 1363 mihi
1437 1308 1505 1362 de
1537 1324 1685 1379 pane
1718 1312 1817 1361 tuo
1859 1306 2209 1378 respondere

563 1399 901 1454 hominibus
956 1399 1053 1468 qui
1101 1414 1215 1453 non
1260 1396 1526 1451 esuriunt
1574 1401 1631 1449 et
1667 1396 1877 1450 sitiunt
1916 1393 2207 1465 justitiam

565 1488 785 1557 (Matth.
809 1505 862 1553 v,
894 1488 971 1554 6),
1001 1487 1097 1541 sed
1135 1486 1329 1540 satiati
1363 1490 1504 1540 sunt
1533 1494 1583 1539 et
1616 1485 1934 1540 abundant.
1969 1484 2212 1539 Satiavit

565 1581 763 1634 autem
788 1574 917 1631 illos
941 1575 1291 1647 phantasma
1306 1590 1646 1642 eorum,non
1664 1574 1878 1629 veritas
1895 1580 2015 1639 tua,
2031 1588 2209 1644 quam

566 1664 899 1738 repellendo
924 1664 1214 1733 resiliunt,
1248 1668 1305 1718 et
1333 1663 1391 1717 in
1424 1678 1591 1718 suam
1622 1662 1939 1717 vanitatem
1971 1662 2208 1715 cadunt.

51 1750 137 1826 l'
568 1754 685 1826 Ego
716 1758 867 1809 certe
897 1752 1083 1808 sentio
1126 1768 1302 1823 quam
1333 1751 1519 1807 multa
1557 1752 1835 1824 ﬁgmenta
1882 1750 2070 1822 pariat
2116 1765 2215 1804 cor

41 1838 143 1912 Ib.
568 1842 896 1897 humanum
935 1859 948 1897 :
992 1847 1048 1896 et
1077 1841 1213 1912 quid
1247 1845 1335 1896 est
1378 1857 1475 1896 cor
1496 1857 1713 1912 meum,
1743 1838 1853 1894 nisi
1889 1856 1987 1894 cor
2010 1838 2213 1893 huma-

124 1928 151 1975 ί
574 1948 717 1986 num
736 1930 764 1985 ‘t
789 1929 898 1984 Sed
926 1929 1032 1984 hoc
1065 1946 1163 1985 oro
1200 1931 1377 1984 Deum
1400 1928 1592 1984 cordis
1614 1930 1750 1993 mei,
1778 1933 1841 1982 ut
1875 1927 2110 2002 nihilex
2132 1927 2215 1980 eis

577 2019 875 2091 ﬁgmentis
906 2035 1008 2089 pro
1031 2017 1216 2073 solido
1247 2034 1379 2073 vero
1417 2022 1716 2073 eructuem
1741 2017 1798 2071 in
1828 2016 1936 2072 has
1966 2016 2213 2079 litteras,

577 2109 679 2164 sed
700 2108 833 2163 inde
848 2107 1045 2163 veniat
1065 2107 1125 2162 in
1147 2123 1244 2163 eas
1266 2106 1551 2178 quidquid
1576 2123 1676 2178 per
1697 2123 1790 2162 me
1808 2106 1999 2162 venire
2023 2110 2219 2177 potue-

577 2198 672 2263 rit,
696 2197 851 2253 unde
883 2196 1048 2264 mihi,
1091 2197 1356 2268 quamvis
1382 2197 1635 2267 projecto
1675 2212 1709 2251 a
1750 2195 1893 2250 facie
1916 2193 2218 2251 oculorum

124 2296 143 2349 7;:
576 2302 818 2341 suorum
850 2286 1022 2354 (Psat.
1046 2302 1175 2353 xxx,
1206 2286 1321 2353 23),
1352 2290 1409 2339 et
1447 2285 1516 2339 de
1548 2284 1867 2355 longinquo
1907 2284 2094 2338 redire
2124 2299 2217 2337 co-

128 2382 159 2451 1,,
574 2373 785 2440 nanti’,
812 2390 915 2445 per
940 2374 1091 2428 viam
1114 2389 1287 2443 quam
1313 2372 1516 2427 stravit
1545 2371 1933 2426 humanitate'
1949 2370 2220 2425 divinitas

132 2480 147 2535 ξ
572 2462 870 2535 Unigeniti
888 2463 1000 2528 sui,
1019 2479 1163 2517 aura
1177 2461 1435 2516 veritatis
1455 2461 1584 2532 ejus
1600 2460 2141 2531 aspergitur.Quam
2162 2459 2221 2512 in

124 2547 145 2611 Ξ
570 2556 801 2608 tantum
825 2550 959 2607 licet
980 2550 1280 2605 mutabilis
1300 2549 1590 2615 haurio,in
1608 2554 1894 2619 quantum
1911 2548 1969 2603 in
1993 2565 2060 2603 ea
2078 2547 2223 2602 nihil

114 2630 133 2703 ξ
574 2640 857 2696 mutabile
879 2640 1067 2709 video,
1101 2655 1206 2695 nec
1236 2638 1379 2695 locis
1400 2642 1456 2693 et
1500 2638 1885 2709 temporibus,
1920 2637 2073 2693 sicut
2098 2653 2222 2692 cor-

567 2745 732 2801 pora;
755 2745 856 2784 nec
871 2726 1009 2783 solis
1031 2726 1397 2799 temporibus
1420 2731 1476 2781 et
1505 2726 1674 2798 quasi
1698 2726 1860 2794 locis,
1882 2726 2036 2781 sicut
2060 2726 2225 2798 spiri-

572 2822 741 2874 tuum
777 2823 1115 2873 nostrcrum
1139 2816 1542 2888 cogitationes;
1562 2833 1666 2871 nec
1688 2815 2226 2888 solistemporibus,

571 2913 629 2962 et
660 2906 821 2962 nulla
841 2905 923 2961 vel
950 2906 1207 2977 imagine
1235 2909 1513 2977 locorum,
1539 2905 1692 2961 sicut
1717 2906 1981 2976 quaedam
1998 2910 2223 2959 nostra-

569 3011 703 3051 rum
748 2995 1033 3050 mentium
1071 2994 1566 3049 ratiocinationes.
1619 2994 1869 3049 Omnino
1920 2994 2076 3049 enim
2130 2996 2227 3053 Dei

572 3085 850 3150 essentia,
884 3099 999 3154 qua
1027 3087 1136 3150 est,
1161 3082 1310 3138 nihil
1342 3082 1621 3138 mutabile
1652 3083 1963 3149 habet,nec
1994 3083 2050 3138 in
2070 3088 2227 3138 aeter-

575 3173 783 3238 nitate,
807 3188 912 3226 nec
941 3171 999 3226 in
1022 3172 1283 3240 veritate,
1304 3188 1407 3227 nec
1427 3171 1486 3227 in
1510 3171 1836 3228 voluntate:
1864 3172 2001 3243 quia
2016 3178 2229 3228 interna

574 3261 658 3316 ibi
676 3260 1014 3326 estveritas,
1037 3265 1253 3316 acterna
1290 3260 1578 3328 charitas;
1613 3266 1670 3316 et
1699 3278 1832 3316 vera
1854 3261 1931 3316 ibi
1962 3268 2049 3317 est
2092 3262 2227 3317 cha-

577 3349 746 3417 ritas,
789 3366 926 3405 vera
971 3349 1302 3417 aeternitas;
1339 3355 1396 3405 et
1440 3350 1617 3405 chara
1659 3350 1738 3404 ibi
1769 3354 1857 3406 est
1909 3352 2226 3418 aeternitas,

51 3435 133 3498 I‘
575 3435 757 3493 chara
785 3435 1016 3491 veritas.

645 3524 878 3582 CAPUT
914 3524 1210 3581 PRIMUM.
1244 3557 1301 3565 —
1326 3528 1378 3581 2.
1397 3528 1504 3581 Per
1524 3528 1858 3596 agnitionem
1890 3529 2229 3597 inﬁrmitatis

578 3618 786 3671 nostra:
804 3615 1147 3685 per/icimur.
1194 3615 1420 3671 Verbum
1453 3617 1803 3670 incarnatum
1827 3617 2073 3672 tenebras
2102 3634 2230 3673 nos-

576 3714 691 3763 tras
717 3707 897 3778 pellit.
922 3706 1031 3760 Sed
1066 3705 1342 3776 quoniam
1370 3704 1764 3761 exsulavimus
1795 3707 1866 3762 ab
1904 3710 2225 3764 incommu-

582 3793 747 3851 tabili
770 3794 1008 3867 gaudio,
1040 3810 1146 3849 nec
1174 3799 1372 3851 tamen
1395 3795 1529 3850 inde
1552 3797 1774 3866 praecisi
1798 3802 1975 3869 atque
1998 3798 2230 3870 abrupti

580 3888 867 3954 sumus,ut
884 3900 997 3939 non
1012 3883 1184 3938 etiam
1204 3884 1261 3939 in
1279 3884 1405 3940 istis
1426 3884 1805 3941 mutabilibus
1823 3892 1881 3941 et
1898 3892 2011 3941 tem
2022 3888 2230 3957 porali-

580 3971 696 4027 bus
718 3974 1119 4036 aeternitatem,
1144 3976 1467 4029 veritatem.
1490 3973 1913 4029 beatitudinem
1945 3992 2230 4046 quaerere—

587 4064 864 4127 mus(nec
888 4061 1034 4114 mori
1058 4060 1238 4126 enim,
1273 4076 1378 4114 nec
1403 4060 1543 4125 falli,
1576 4078 1678 4115 nec
1715 4063 2036 4132 perlurbari
2071 4064 2232 4119 volu-

590 4150 766 4217 mus);
801 4148 982 4204 missa
1004 4153 1140 4203 sunt
1166 4148 1335 4203 nobis
1384 4148 1666 4205 divinitus
1696 4150 1819 4205 visa
1850 4167 2103 4223 congrua
2132 4169 2231 4223 pe-

45 4234 145 4309 If
586 4237 963 4309 regrinationi
999 4243 1231 4303 nostra,
1265 4236 1482 4308 quibus
1517 4238 1968 4294 admoneremur
1997 4257 2107 4296 non
2143 4241 2233 4297 hic

584 4341 715 4382 esse
737 4326 889 4398 quod
913 4326 1253 4397 quaerimus,
1279 4327 1380 4381 sed
1407 4325 1546 4381 illuc
1568 4326 1640 4381 ab
1667 4327 1803 4382 ista‘
1828 4345 1955 4383 esse
1986 4330 2232 4385 redeun-

584 4415 909 4479 dum,unde
926 4415 1036 4470 nisi
1057 4415 1468 4486 penderemus,
1488 4414 1583 4469 hic
1596 4431 1663 4470 ea
1680 4432 1795 4471 non
1820 4434 2231 4489 quaereremus.

584 4510 666 4557 Ac
688 4505 943 4574 primum
966 4504 1133 4559 nobis
1156 4504 1633 4575 persuadendum
1660 4505 1788 4575 fuit,
1813 4512 2100 4577 quantum
2129 4524 2234 4564 nos

587 4591 855 4662 diligeret
888 4593 1135 4659 Deus,ne
1157 4593 1560 4665 desperatione
1586 4611 1699 4649 non
1721 4595 2067 4651 auderemus
2091 4597 2234 4670 erigi

586 4679 649 4735 in
674 4697 829 4735 eum.
864 4681 1074 4742 Quales
1106 4687 1297 4735 autem
1331 4682 1618 4749 dilexerit,
1642 4685 1870 4739 ostendi
1912 4686 2233 4757 Oportebat,

590 4786 663 4825 ne
693 4774 973 4839 tanquam
1003 4770 1073 4823 de
1098 4771 1320 4824 meritis
1344 4771 1563 4826 nostris
1586 4773 2016 4842 superbientes,
2051 4775 2237 4845 magis

591 4859 664 4913 ab
695 4873 761 4912 eo
804 4857 1163 4912 resiliremus
1211 4861 1269 4913 et
1309 4858 1369 4911 in
1414 4864 1617 4913 nostra
1663 4861 2003 4915 fortitudine
2050 4863 2239 4934 magis

592 4946 975 5002 deﬁceremus
1008 4961 1020 5001 :
1056 4962 1120 5001 ac
1150 4961 1253 5016 per
1286 4946 1390 5001 hoc
1421 4947 1538 5019 egit
1562 4947 1889 5019 nobiscum,
1917 4953 2093 5022 utper
2113 4951 2241 5023 ejus

593 5035 995 5091 fortitudinem
1023 5034 1216 5106 potius
1236 5035 1672 5105 proﬁceremus,
1698 5042 1870 5107 atque
1890 5038 1969 5093 ita
1994 5039 2051 5094 in
2078 5040 2240 5097 inﬁr—

593 5081 995 5091 -..........-.......
1023 5081 1215 5106 ..-π-υ
1236 5081 1672 5105 ,------.-.......,
1698 5081 1869 5107 ..-ηπ
1890 5081 1969 5093 ....
1994 5081 2051 5094 ...
2079 5081 2238 5097 ...ηπ

45 5081 153 5218 ω
594 5125 796 5180 mitate
827 5124 1177 5178 humilitatis
1192 5123 1564 5195 perﬁceretur
1588 5127 1769 5181 virtus
1791 5126 2109 5182 charitatis.
2128 5128 2243 5184 Hoc

592 5213 889 5305 signiﬁcat
937 5212 995 5268 in
1053 5211 1463 5305 Psalmotubi
1494 5213 1578 5305 ait
1626 5237 1639 5305 ς
1678 5214 1932 5269 Ptuviam
1978 5216 2243 5273 volunta-

41 5301 159 5379 ᾖξ’
218 5376 219 5379 η
590 5302 737 5357 riam
784 5317 1096 5373 segregans,
1146 5302 1288 5357 Deus
1317 5301 1640 5359 haereditati
1666 5305 1821 5369 tum;
1865 5312 1918 5359 et
1963 5306 2247 5376 inﬁrmata

218 5376 219 5379 η
590 5271 737 5357 riam
784 5317 1096 5373 segregans,
1146 5271 1640 5359 Deus'hazreditati
1666 5305 1821 5369 tum;
1865 5312 1918 5359 et
1963 5271 2246 5376 inﬁrmata

592 5397 690 5455 est,
710 5394 766 5444 tu
800 5406 927 5446 vero
955 5392 1239 5460 per/ccisti
1270 5406 1389 5446 eam
1421 5390 1595 5461 (Psat.
1630 5408 1799 5457 van,
1840 5394 1948 5464 10).
1983 5393 2246 5451 Pluviam

126 296 135 321 ;

126 400 129 413 Ρ

132 430 139 437 .

126 520 131 531 κ

126 542 139 557 ι

44 5489 165 5588 md
658 5512 889 5588 {onmnes
916 5526 1081 5587 prope
1112 5515 1258 5588 b188,,
1279 5515 1353 5586 ita
1383 5518 1628 5588 egentem.

61 5569 165 5643 ωε
662 5574 685 5607 ²
713 5569 992 5643 Return-sis
1015 5569 1450 5625 'vestnstissimu's
1489 5579 1674 5637 codex,
1706 5582 1754 5626 et
1777 5580 1839 5626 de
1867 5579 2143 5643 longinquo
2170 5595 2250 5630 co-

310 5682 339 5695 ,,
600 5638 778 5695 nanti;
808 5639 1025 5685 omisso.
1053 5642 1242 5685 redire.

676 5698 695 5762 Ξ
722 5697 881 5762 gditi,
910 5697 1231 5762 humanitati
1265 5700 1450 5762 Melius
1480 5702 1623 5762 Mss.,
1650 5702 1986 5752 humanitate.

672 5760 694 5792 ἰ
722 5757 1314 5820 Editi,adipsa.AtMss.
1350 5761 1431 5819 ,ab
1448 5763 1566 5825 ista;
1587 5757 1787 5815 scilicet
1802 5766 2251 5829 peregrinatione.

1690 377 1792 436 DE
1835 376 2282 447 TRINlTATE,
2331 372 2393 434 S.
2444 375 2873 435 AUGUSTINI

4044 0 4100 125 ’Ἴ

3548 120 3789 185 ’ἱρξᾸιν
3920 124 3999 181 3,?

2313 506 2528 577 quippe
2558 506 2942 563 voluntariam
2969 509 3201 565 nonnisi
3235 509 3480 582 gratiam
3518 509 3634 565 vult
3672 511 3893 584 intelligi,

2313 612 2426 651 non
2462 596 2686 651 meritis
2731 597 3039 667 redditam,
3075 600 3174 654 sed
3210 600 3391 671 gratis
3438 601 3645 666 datam,
3690 603 3821 657 unde
3854 610 3898 659 et

2307 684 2494 752 gratia
2526 686 2897 742 nominatur:
2933 688 3092 742 dedit
3124 688 3275 743 enim
3312 705 3462 751 eam,
3497 705 3602 742 non
3627 692 3750 761 quia
3768 693 3897 761 digni

2309 788 2565 839 eramus,
2601 774 2700 827 sed
2736 774 2872 844 quia
2917 774 3119 829 voluit.
3154 776 3271 831 Hoc
3301 782 3690 847 cognocentes,
3721 794 3819 832 non
3845 778 3899 832 ﬁ-

2310 860 2513 915 dentes
2544 860 2602 915 in
2637 863 2799 917 nobis
2830 864 3082 930 erimus;
3116 869 3171 919 et
3201 867 3307 919 hoc
3341 868 3428 920 est
3468 864 3751 921 inﬁrmari.
3800 867 3901 938 Ipse

2308 965 2442 1003 vero
2493 950 2716 1019 perﬁcit
2748 968 2874 1018 nos,
2910 954 3007 1023 qui
3042 954 3213 1007 etiam
3248 955 3427 1007 Paulo
3472 953 3717 1024 apostolo
3747 955 3902 1009 dixit:

2309 1037 2531 1110 Sufﬁcit
2577 1040 2681 1095 tibi
2734 1044 2916 1108 gratia
2968 1058 3117 1105 mea;
3160 1060 3299 1097 nam
3330 1045 3502 1097 virtus
3544 1046 3598 1097 in
3630 1043 3906 1111 inﬁrmitate

2308 1127 2590 1197 perﬁcitur
2618 1129 2689 1199 (Il
2724 1130 2844 1184 Cor.
2888 1147 2988 1196 x11,
3032 1132 3108 1199 9).
3158 1131 3627 1186 Persuadendum
3663 1147 3784 1201 ergo
3811 1140 3910 1187 erat

2312 1214 2535 1270 homini
2568 1223 2854 1288 quantum
2893 1236 2999 1273 nos
3029 1218 3292 1274 dilexerit
3346 1222 3514 1286 Deus,
3548 1225 3600 1274 et
3630 1221 3813 1291 quales
3836 1222 3909 1275 di-

2311 1304 2513 1359 lexerit
2539 1321 2550 1358 :
2574 1310 2962 1377 quantum,ne
2985 1309 3460 1379 desperaremus;
3496 1307 3712 1379 quales,
3744 1325 3806 1363 ne
3833 1326 3909 1364 su-

2315 1393 3082 1463 perbiremusﬂunclocum
3118 1396 3429 1466 Apostolus
3461 1397 3913 1467 pernecessarium

2314 1482 2397 1536 sic
2430 1479 2675 1552 explicat
2709 1501 2721 1537 :
2758 1484 3110 1539 Commendat
3140 1490 3344 1552 autem,
3392 1484 3604 1556 inquit,
3627 1502 3774 1540 suam
3812 1486 3916 1540 cha-

2316 1571 2531 1624 ritatem
2564 1575 2709 1625 Deus
2742 1574 2796 1625 in
2828 1573 3008 1639 nobis,
3032 1574 3295 1644 quoniam
3322 1590 3447 1627 cum
3461 1574 3636 1629 adhuc
3658 1579 3919 1645 peccatores

2313 1674 2573 1725 essemus,
2606 1659 2851 1715 Christus
2876 1678 2976 1732 pro
3006 1664 3160 1717 nobis
3192 1667 3434 1717 mortuus
3462 1671 3562 1729 est;
3582 1664 3744 1717 multo
3774 1666 3921 1734 magis

2308 1747 2609 1819 justiﬁeuti
2647 1766 2794 1804 nunc
2840 1751 2900 1804 in
2946 1753 3216 1821 sanguine
3258 1754 3453 1822 ipsius,
3487 1754 3626 1806 salvi
3661 1753 3847 1807 erimus
3870 1752 3922 1807 ab

2318 1838 2407 1891 ira
2443 1854 2547 1904 per
2578 1839 2781 1905 ipsum.
2816 1840 2875 1893 Si
2894 1842 3044 1894 enim
3071 1856 3192 1894 cum
3238 1842 3460 1896 inimici
3488 1857 3736 1907 essemus,
3766 1857 3923 1896 recon-

2318 1926 2497 1981 ciliati
2523 1943 2713 1981 sumus
2742 1928 2846 1982 Deo
2861 1944 2963 1998 per
2992 1938 3223 1983 mortem
3248 1928 3386 1984 Filii
3408 1930 3560 2001 ejus;
3586 1930 3749 1985 multo
3777 1932 3926 1999 magis

2318 2018 2665 2071 reconciliati
2691 2017 2835 2071 salvi
2861 2018 3064 2071 erimus
3096 2019 3154 2072 in
3186 2019 3300 2072 vita
3321 2020 3496 2089 ipsius
3517 2020 3687 2090 (Rom.
3710 2020 3923 2089 v,8-10).

2324 2109 2459 2160 Item
2491 2104 2602 2159 alio
2632 2105 2756 2160 loco
2792 2121 2804 2161 :
2841 2106 2980 2173 Quid
3007 2122 3157 2177 ergo,
3192 2106 3405 2179 inquit,
3433 2108 3675 2163 dicemus
3705 2108 3773 2161 ad
3799 2108 3935 2163 hazc?

2323 2194 2382 2249 Si
2412 2196 2550 2249 Deus
2574 2212 2679 2265 pro
2706 2194 2881 2264 nobis,
2906 2198 3026 2267 quis
3048 2201 3239 2251 contra
3267 2213 3362 2251 nos
3383 2200 3408 2250 ἵ
3440 2198 3545 2265 Qui
3567 2200 3778 2268 praprio
3819 2198 3937 2251 Filio

2323 2300 2433 2337 non
2459 2286 2719 2355 pepercit,
2753 2286 2847 2339 scd
2889 2301 2989 2355 pro
3040 2286 3198 2340 nobis
3253 2286 3507 2342 omnibus
3554 2286 3777 2341 tradidit
3804 2285 3938 2339 illum

2327 2372 2585 2444 quomodo
2614 2388 2724 2427 non
2753 2376 2803 2426 et
2834 2389 2957 2428 cum
2987 2374 3088 2428 illo
3109 2375 3263 2429 nobis
3292 2376 3479 2430 omnia
3504 2374 3725 2430 donavit
3745 2375 3835 2445 (Id.
3858 2390 3938 2435 vn,

2326 2461 2558 2532 31-32)?
2582 2462 2743 2527 Quod
2768 2468 2963 2518 autem
2992 2463 3208 2518 factum
3235 2464 3404 2518 nobis
3428 2463 3823 2525 annuntiatur,
3854 2460 3941 2515 hoc

2328 2550 2588 2604 futurum
2622 2551 3041 2606 ostendebatur
3054 2556 3110 2606 et
3136 2551 3679 2622 antiquisjustis,ut
3703 2567 3795 2623 per
3813 2568 3941 2605 eam-

2331 2640 2462 2693 dem
2504 2639 2680 2694 ﬁdem
2712 2640 2884 2694 etiam
2918 2639 3031 2710 ipsi
3082 2640 3374 2695 humiliati
3427 2640 3873 2703 inﬁrmarentur,
3901 2642 3945 2691 et

2330 2727 2610 2782 inﬁrmati
2644 2728 3080 2799 perﬁcerentur.

2399 2817 2451 2872 3.
2476 2816 2619 2881 Quia
2642 2816 2819 2889 igitur
2841 2820 3024 2872 unum
3038 2818 3290 2872 Verbum
3318 2818 3411 2874 Dei
3425 2822 3649 2890 est,per
3662 2817 3807 2889 quod
3827 2817 3947 2871 facla

2332 2910 2471 2961 sunt
2519 2905 2909 2976 omnia,quod
2952 2911 3041 2961 est
3072 2906 3574 2961 incommutabilis
3621 2907 3840 2970 veritas,
3884 2903 3945 2957 ibi

2333 2993 2760 3065 principaliter1
2794 3002 2969 3066 atque
3001 2994 3562 3051 incommutabiliter
3606 3000 3742 3051 sunt
3785 2992 3949 3049 omnia

2333 3083 2548 3151 simul;
2588 3100 2699 3138 non
2733 3082 2923 3139 solum
2961 3101 3087 3154 quae
3120 3100 3274 3138 nunc
3297 3090 3437 3138 sunt
3479 3087 3537 3139 in
3580 3084 3686 3139 hac
3720 3083 3951 3138 universa

2334 3179 2616 3238 creatura,
2649 3189 2846 3227 verum
2873 3173 3048 3227 etiam
3081 3190 3203 3241 quae
3236 3174 3471 3228 fuerunt
3517 3178 3576 3229 et
3618 3191 3742 3246 qua:
3786 3173 3953 3227 futura

2335 3267 2490 3317 sunt.
2523 3262 2605 3317 lbi
2639 3267 2833 3317 autem
2870 3278 2973 3317 nec
3004 3262 3258 3330 fuerunt,
3292 3278 3395 3317 nec
3445 3261 3647 3318 futura
3684 3268 3832 3330 sunt,
3871 3262 3950 3316 sed

2334 3352 2741 3406 tantummodo
2788 3356 2959 3416 sunt;
2992 3355 3048 3405 et
3095 3351 3293 3405 omnia
3322 3351 3438 3406 vita
3469 3356 3632 3417 sunt,
3692 3356 3745 3406 et
3790 3350 3954 3405 omnia

2336 3457 2516 3495 unum
2556 3444 2714 3503 sunt,
2747 3444 2804 3493 et
2834 3439 3023 3511 magis
3056 3455 3239 3494 unum
3271 3445 3360 3495 est
3392 3444 3446 3495 et
3480 3457 3603 3495 una
3633 3440 3745 3493 vita
3774 3437 3953 3493 est.Sic

2334 3529 2487 3584 enim
2523 3528 2721 3583 omnia
2753 3544 2852 3599 per
2885 3527 3078 3600 ipsum
3104 3527 3254 3582 facta
3275 3534 3435 3594 sunt,
3469 3533 3537 3583 ut
3566 3528 3840 3599 quidquid
3864 3527 3953 3580 face

2334 3625 2457 3672 tum
2484 3623 2572 3672 est
2601 3616 2657 3672 in
2693 3617 2803 3683 his,
2829 3617 2888 3671 in
2915 3617 3011 3672 illo
3036 3617 3151 3671 vita
3180 3616 3278 3687 sit,
3312 3622 3370 3672 et
3400 3618 3552 3672 facta
3576 3635 3691 3671 non
3724 3615 3955 3686 sitzquia

2334 3708 2395 3761 in
2426 3708 2699 3777 principio
2726 3722 2839 3759 non
2874 3706 3091 3760 factum
3137 3711 3225 3761 est
3260 3705 3541 3773 Verbum,
3574 3707 3676 3761 sed
3707 3714 3820 3760 erat
3861 3705 3955 3759 Ver-

2338 3795 2463 3848 bum
2492 3794 2640 3865 apud
2666 3795 2860 3862 Deum,
2893 3798 2945 3849 et
2978 3796 3114 3850 Deus
3142 3800 3264 3850 erat
3294 3796 3545 3865 Verbum,
3596 3801 3656 3851 et
3683 3796 3858 3852 omnia
3877 3806 3953 3864 per

2335 3885 2519 3954 ipsum
2549 3883 2699 3955 facta
2728 3891 2879 3949 sunt,
2905 3900 3008 3938 nec
3033 3900 3133 3954 per
3164 3884 3358 3955 ipsum
3380 3886 3581 3939 omnia
3600 3886 3748 3940 facta
3770 3884 3950 3945 essent,

2340 3972 2449 4025 nisi
2486 3972 2678 4042 ipsum
2704 3978 2856 4025 esset
2877 3978 3009 4025 ante
3040 3972 3259 4039 omnia,
3293 3974 3633 4044 factumque
3669 3990 3778 4028 non
3810 3974 3949 4026 esset.

2339 4061 2400 4114 In
2433 4060 2504 4115 iis
2538 4064 2731 4114 autem
2765 4076 2891 4130 quae
2924 4061 3238 4131 peripsum
3278 4062 3427 4115 facta
3458 4068 3621 4126 sunt,
3660 4062 3826 4116 etiam
3854 4074 3952 4113 cor-

2339 4166 2446 4221 pus
2470 4148 2624 4219 quod
2660 4149 2777 4203 vita
2808 4164 2921 4202 non
2955 4152 3063 4216 est,
3092 4165 3191 4221 per
3224 4150 3415 4221 ipsum
3444 4167 3559 4205 non
3588 4151 3765 4217 ﬁeret,
3791 4149 3886 4203 nisi
3908 4146 3953 4199 in

2340 4238 2459 4304 illo,
2493 4241 2807 4308 antequam
2842 4238 3021 4301 ﬁeret,
3056 4238 3172 4292 vita
3201 4243 3372 4293 esset.
3407 4239 3560 4307 Quod
3591 4239 3747 4294 enim
3779 4239 3953 4309 factum

2338 4331 2436 4394 est,
2462 4327 2587 4397 jam
2608 4328 2663 4381 in
2693 4327 2791 4381 illo
2813 4330 2925 4381 vita
2954 4336 3097 4393 erat,
3130 4333 3187 4381 et
3216 4344 3331 4381 non
3363 4327 3808 4398 qualiscumque
3830 4326 3951 4379 vita:

2342 4432 2477 4471 nam
2510 4419 2567 4470 et
2596 4414 2793 4470 anima
2821 4420 2940 4469 vita
2977 4421 3067 4470 est
3114 4415 3394 4485 corporis,
3429 4416 3532 4471 sed
3584 4422 3645 4471 et
3692 4416 3805 4469 haec
3835 4415 3957 4466 facta

2340 4510 2450 4571 est,
2484 4504 2622 4576 quia
2654 4502 2958 4558 mutabilis
2991 4508 3115 4571 est;
3148 4508 3206 4557 et
3238 4520 3340 4574 per
3380 4503 3518 4575 quid
3558 4506 3709 4560 facta
3737 4507 3834 4569 est,
3868 4497 3954 4554 nisi

2342 4609 2443 4665 per
2472 4592 2571 4649 Dei
2604 4593 2854 4649 Verbum
2900 4592 3379 4648 incommutabile
3403 4592 3431 4646 ‘?
3462 4592 3666 4649 Omnia
3712 4591 3851 4649 enim
3878 4602 3956 4660 per

2344 4686 2525 4753 ipsum
2553 4686 2704 4754 facta
2731 4686 2879 4747 sunt,
2921 4686 2977 4736 et
3005 4684 3125 4737 sine
3155 4684 3267 4752 ipso
3299 4684 3507 4753 factum
3531 4687 3611 4738 est
3640 4683 3797 4738 nihil.
3829 4675 3956 4751 Quod

2343 4788 2478 4844 ergo
2544 4775 2746 4843 factum
2786 4775 2882 4833 est,
2919 4773 3040 4837 jam
3102 4771 3161 4823 in
3218 4772 3319 4824 illo
3376 4774 3490 4825 rita
3546 4780 3702 4835 erat,
3751 4774 3801 4824 et
3863 4781 3953 4819 non

2345 4861 2792 4934 qualiscumque
2841 4860 2981 4927 vita,
3037 4860 3134 4914 sed
3186 4861 3295 4914 vita
3347 4862 3465 4913 erat
3513 4861 3616 4914 tua:
3666 4860 3952 4914 hominum:

2346 4948 2440 5005 lux
2477 4950 2674 5019 utique
2719 4946 3094 5003 rationalium
3145 4947 3453 5013 mentium,
3479 4965 3583 5022 per
3622 4965 3767 5021 quas
3802 4941 3956 5001 homi-

2349 5055 2471 5103 nes,
2525 5054 2559 5091 a
2603 5036 2907 5108 pecoribus
2957 5037 3256 5100 differunt,
3287 5045 3343 5091 et
3372 5038 3501 5092 ideo
3532 5042 3672 5093 snnt
3702 5034 3953 5091 homines.

2345 5126 2471 5180 Non
2501 5140 2636 5195 ergo
2664 5124 2761 5178 lux
2781 5140 3075 5195 corporea,
3122 5141 3249 5195 qua:
3300 5126 3400 5179 lux
3438 5132 3525 5180 est
3552 5122 3833 5183 carnidm,
3861 5118 3958 5175 sive

2349 5215 2418 5269 de
2451 5214 2593 5269 caelo
2627 5212 2867 5285 fulgeat,
2899 5213 3021 5270 sive
3051 5213 3299 5269 terrenis
3344 5214 3577 5285 ignibus
3619 5211 3953 5268 accendatur,

2352 5318 2456 5357 nec
2487 5301 2884 5357 humanarum
2914 5306 3145 5357 tantum
3176 5301 3462 5369 carnium,
3489 5300 3587 5357 sed
3637 5300 3803 5356 etiam
3857 5291 3957 5350 bel-

2350 5390 2648 5447 luinarum
2681 5395 2739 5447 et
2761 5406 2948 5462 usque
2969 5391 3039 5446 ad
3066 5389 3498 5446 minutissimos
3526 5403 3754 5460 quoque
3782 5379 3957 5442 vermi-

2353 5479 2537 5536 culos.
2562 5480 2769 5536 Omnia
2786 5479 2942 5535 enim
2969 5479 3088 5535 haec
3119 5479 3319 5535 vident
3340 5479 3512 5535 istam
3543 5477 3765 5534 lucem:
3798 5478 3850 5529 at
3873 5469 3955 5526 illa

2422 5705 2435 5737 ί
2471 5702 2553 5751 Sic
2574 5703 2696 5770 Mss.
2732 5700 2989 5770 plerique.
3019 5698 3084 5770 At
3112 5698 3259 5758 editi,
3402 5694 3766 5770 prinapilater.
3784 5692 3953 5744 εμπι-

2358 5777 2475 5813 sum
2504 5763 2665 5827 paulo
2694 5760 2834 5826 post,
2855 5760 2943 5812 ubi
2970 5765 3159 5822 autem,
3189 5774 3307 5824 pro,
3338 5760 3415 5812 ibi
3433 5760 3619 5811 autent.

3756 5974 4013 6075 ab
