4100 6194
330 300 443 361 889

323 433 440 489 vita
465 432 565 489 lux
586 432 893 489 hominum
917 437 1068 499 erat;
1089 449 1193 489 nec
1214 431 1385 506 longe
1412 432 1597 503 posita
1617 432 1686 488 ab
1710 448 1973 503 unoquo-

326 538 433 593 que
467 528 774 577 nostrum:
810 522 867 577 in
892 521 993 577 illa
1012 524 1168 577 enim
1194 521 1468 590 vivimus,
1495 528 1551 577 et
1572 538 1891 590 movemur,
1917 526 1975 577 et

323 627 529 667 sumus
560 610 694 680 (Act.
729 629 867 679 xvn,
896 613 985 677 27,
1014 612 1126 681 28),

395 699 622 755 CAPUT
654 700 720 755 Il.
758 731 821 740 -—
844 701 895 754 4.
932 700 1206 769 Quomodo
1234 717 1333 772 per
1366 698 1592 755 Verbum
1624 702 1972 754 incarnatum

318 788 599 844 reddimur
621 788 831 843 habiles
850 790 1219 861 percipienda?
1230 791 1397 844 verita
1408 792 1471 843 ti.
1489 820 1553 830 -
1573 788 1674 844 Sed
1695 790 1795 843 lux
1816 790 1872 843 in
1899 797 1972 843 te~

322 878 507 932 nebris
529 878 687 944 lucet,
707 883 761 933 et
779 879 1020 934 tenebrae
1038 895 1162 933 eam
1183 895 1290 934 non
1312 866 1848 950 comprehenderunt.
1874 881 1971 932 Te-

321 967 510 1021 nebre
544 970 736 1021 autem
772 971 910 1022 sunt
941 966 1129 1020 stultas
1177 971 1400 1022 mentes
1436 968 1761 1042 hominum,
1797 982 1972 1038 prava

315 1054 639 1125 cupiditate
661 1060 835 1127 atque
866 1054 1207 1110 inﬁdelitate
1236 1060 1479 1111 caseatae.
1506 1055 1619 1109 Has
1649 1060 1715 1110 ut
1743 1058 1972 1109 curaret

315 1148 491 1214 atque
522 1148 753 1198 sanaret
800 1145 1045 1209 Verbum,
1080 1160 1182 1215 per
1214 1145 1368 1215 quod
1402 1144 1551 1199 facta
1583 1148 1719 1198 sunt
1751 1144 1966 1212 omnia,

310 1249 440 1288 caro
471 1231 679 1303 [actum
710 1235 804 1300 est,
853 1235 903 1288 et
934 1232 1209 1288 habitavit
1237 1234 1299 1287 in
1327 1234 1482 1288 nobis
1511 1234 1687 1304 (Joan.
1721 1250 1760 1301 ῐ,
1796 1234 1968 1303 1-14).

316 1320 678 1376 Illuminatio
710 1321 926 1394 quippe
955 1326 1154 1377 nostra
1176 1322 1540 1394 participatio
1562 1321 1733 1376 Verbi
1764 1325 1871 1387 est,
1903 1320 1969 1375 il-

316 1408 434 1464 lius
460 1409 674 1465 scilicet
698 1410 827 1464 vitae
858 1426 983 1480 quae
1009 1409 1105 1464 lux
1135 1415 1221 1465 est
1253 1410 1578 1465 hominum.
1608 1409 1753 1464 Huic
1776 1414 1969 1464 autem

317 1498 748 1570 participationi
767 1516 1007 1571 prorsus
1027 1499 1337 1568 inhabiles,
1352 1504 1407 1554 et
1422 1500 1618 1553 minus
1635 1498 1827 1553 idonei
1850 1514 1970 1553 era-

317 1604 473 1653 mus,
507 1593 743 1659 propter
774 1587 1209 1642 immunditiam
1237 1593 1627 1660 peccatorum.
1654 1588 1970 1643 Mundandi

315 1692 453 1743 ergo
483 1693 740 1731 eramus.
777 1676 949 1733 Porro
982 1677 1319 1749 iniquorum
1351 1682 1406 1733 et
1434 1677 1817 1749 superborum
1855 1694 1971 1733 una

319 1764 624 1820 mundatio
655 1770 744 1820 est
774 1766 1015 1837 sanguis
1039 1767 1210 1837 justi,
1244 1771 1299 1822 et
1328 1766 1632 1822 humilitas
1654 1767 1780 1821 Dei:
1805 1772 1867 1821 ut
1896 1767 1968 1822 ad

315 1853 831 1925 contemplandum
864 1854 1043 1910 Deum
1073 1856 1225 1925 quod
1251 1862 1459 1910 natura
1477 1872 1591 1910 non
1616 1872 1846 1923 sumus,
1868 1872 1972 1927 per

311 1959 445 1998 eum
466 1944 1113 1999 mundaremurfactum
1133 1945 1286 2016 quod
1304 1954 1509 1999 natura
1525 1946 1966 2015 sumusetquod

323 2028 559 2103 peccato
583 2049 694 2086 non
720 2049 949 2087 sumus.
983 2032 1136 2087 Deus
1161 2032 1313 2087 enim
1350 2038 1559 2088 natura
1590 2050 1704 2088 non
1735 2049 1965 2089 sumus:

317 2119 587 2175 homines
623 2126 831 2175 natura
871 2137 1098 2190 sumus,
1134 2122 1281 2192 justi
1314 2126 1547 2193 peccato
1588 2139 1701 2177 non
1739 2139 1964 2178 sumus.

316 2213 465 2263 Deus
499 2209 692 2281 itaque
726 2210 912 2265 factus
934 2210 1346 2281 homojustus,
1380 2211 1705 2266 intercessit
1730 2211 1843 2266 Deo
1865 2227 1968 2283 pro

314 2297 553 2353 homine
584 2304 903 2371 peccatore.
942 2300 1067 2355 Non
1100 2299 1253 2355 enim
1287 2300 1553 2372 congruit
1583 2303 1850 2371 peccator
1871 2300 1968 2371 ju-

317 2388 536 2453 sto,sed
553 2388 821 2460 congruit
837 2388 1057 2443 homini
1080 2388 1275 2443 homo.
1296 2389 1399 2460 Adj
1412 2405 1631 2458 angens
1650 2405 1785 2459 ergo
1799 2388 1968 2443 nobis

317 2475 765 2532 similitudinem
786 2478 1171 2533 humanitatis
1189 2477 1577 2545 sum,abstulit
1599 2476 1968 2533 dissimilitu-

319 2564 516 2620 dinem
544 2568 559 2602 ¹
584 2565 911 2637 iniquitatis
942 2571 1179 2622 nostris:
1214 2571 1271 2622 et
1291 2567 1476 2622 factus
1502 2567 1788 2639 particeps
1810 2583 1968 2622 mor-

316 2654 563 2710 talitatis
589 2660 823 2723 nostrae,
850 2655 980 2710 fecit
1007 2673 1112 2712 nos
1141 2656 1452 2728 participes
1475 2655 1798 2712 divinitatis
1827 2673 1965 2711 suae.

316 2742 521 2798 Merito
546 2744 763 2815 quippe
785 2761 942 2799 mors
965 2746 1285 2816 peccatoris
1306 2744 1543 2800 veniens
1568 2762 1635 2799 ex
1650 2745 1972 2800 damnatio-

318 2831 410 2886 nis
434 2833 801 2899 necessitate,
836 2832 1027 2888 soluta
1049 2839 1137 2888 est
1157 2850 1258 2905 per
1288 2838 1530 2887 mortem
1558 2834 1705 2903 justi
1734 2832 1968 2889 venien-

319 2926 436 2975 tem
475 2937 540 2975 ex
568 2921 980 2977 misericordiae
1010 2920 1327 2991 voluntate,
1362 2922 1500 2976 dum
1530 2921 1810 2994 simplum
1841 2924 1967 2994 ejus

320 3010 591 3081 congruit
612 3010 790 3081 duplo
822 3015 1040 3065 nostro.
1070 3010 1199 3065 Hac
1229 3011 1381 3064 enim
1416 3010 1812 3083 congruentia,
1848 3012 1968 3067 sive

316 3098 737 3164 convenientia,
780 3099 866 3153 vel
898 3100 1283 3165 concinentia,
1320 3098 1406 3155 vel
1449 3101 1849 3168 consonantia,
1878 3101 1967 3156 vel

316 3189 363 3243 si
399 3188 538 3260 quid
564 3189 928 3244 commodius
953 3189 1185 3255 dicitur,
1210 3190 1362 3260 quod
1400 3206 1581 3244 unum
1605 3194 1694 3245 est
1725 3190 1795 3245 ad
1829 3191 1964 3257 duo,

314 3278 375 3332 in
407 3277 565 3332 omni
599 3277 1124 3350 compaginatione,
1142 3278 1251 3345 vel,
1279 3279 1323 3334 si
1363 3278 1570 3334 melius
1601 3279 1836 3347 dicitur,
1868 3296 1967 3336 co—

315 3367 612 3440 aptatione
644 3372 940 3433 creaturae,
967 3366 1118 3422 valet
1149 3367 1489 3439 plurimum.
1516 3367 1674 3423 Hanc
1694 3370 1967 3425 enim‘co-

317 3455 702 3529 aptationem,
737 3456 888 3511 sicut
910 3456 1053 3510 mihi
1087 3473 1243 3510 nunc
1274 3456 1546 3525 occurrit,
1571 3457 1760 3513 dicere
1790 3460 1967 3525 volui,

317 3562 494 3617 quam
528 3544 706 3600 δι’ωοί
736 3542 994 3616 ἁρμονέαν
1021 3550 1245 3600 vocant.
1270 3546 1468 3617 Neque
1499 3546 1837 3602 nunclocus
1858 3552 1966 3619 est,

316 3639 381 3689 ut
412 3632 717 3689 ostendam
741 3639 1027 3705 quantum
1054 3632 1239 3689 valeat
1270 3634 1649 3689 consonantia
1678 3635 1873 3707 simpli
1897 3637 1968 3691 ad

319 3722 591 3794 duplum,
617 3739 739 3793 qua
762 3721 1015 3777 maxima
1036 3722 1091 3777 in
1119 3722 1288 3777 nobis
1313 3724 1653 3794 reperitur”,
1677 3729 1732 3778 et
1754 3725 1835 3778 sic
1865 3741 1968 3780 no-

322 3812 410 3868 bis
433 3811 611 3865 insita
644 3810 1004 3879 naturaliter,
1040 3813 1096 3884 (a
1126 3828 1241 3883 quo
1274 3811 1493 3882 utique,
1529 3812 1637 3866 nisi
1672 3812 1745 3867 ab
1776 3829 1841 3868 eo
1870 3814 1968 3884 qui

318 3918 425 3956 nos
449 3900 909 3969 creavit?)utnec
930 3900 1180 3972 imperiti
1206 3901 1570 3972 possinteam
1598 3918 1711 3956 non
1730 3903 1966 3971 sentire,

315 3991 435 4046 sive
466 3989 579 4062 ipsi
622 3994 943 4057 cantantes,
977 3989 1096 4045 sive
1126 3988 1269 4044 alios
1311 3991 1652 4046 audientes:
1689 4007 1789 4063 per
1820 3993 1971 4049 hanc

314 4079 534 4151 quippe
555 4095 723 4134 voces
744 4079 1032 4134 acutiores
1054 4078 1467 4151 gravioresque
1489 4082 1861 4147 concordant,
1888 4081 1973 4139 ita

316 4176 379 4224 ut
411 4167 680 4240 quisquis
703 4169 775 4223 ab
801 4185 867 4223 ea
898 4168 1275 4239 dissonuerit,
1299 4186 1412 4223 non
1446 4169 1769 4238 scientiam,
1803 4173 1971 4241 cujus

314 4263 581 4329 expertes
611 4263 751 4313 sunt
790 4257 1049 4330 plurimi,
1098 4258 1197 4313 sed
1229 4257 1422 4328 ipsum
1456 4275 1692 4314 sensum
1736 4260 1972 4317 auditus

319 4348 504 4404 nostri
536 4347 909 4403 vehementer
933 4346 1211 4401 oﬂ‘endat.
1241 4347 1350 4402 Sed
1385 4346 1493 4402 hoc
1524 4354 1587 4402 ut
1618 4349 1972 4406 demonstre-

317 4442 432 4503 tur,
466 4436 641 4508 longo
671 4452 938 4491 sermone
978 4451 1127 4507 opus
1156 4439 1284 4490 est:
1316 4435 1462 4508 ipsis
1506 4441 1698 4492 autem
1732 4438 1972 4495 auribus

315 4526 574 4581 exhiberi
608 4530 799 4598 potest
828 4525 899 4579 ab
929 4541 995 4579 eo
1046 4524 1144 4595 qui
1176 4525 1332 4579 novit
1376 4524 1433 4579 in
1468 4526 1716 4597 regulari
1768 4544 1971 4583 mono-

319 4615 559 4671 chordo.

389 4703 625 4761 CAPUT
658 4704 756 4759 III.
789 4735 855 4744 -—
884 4705 937 4760 5.
977 4704 1095 4760 Una
1119 4718 1265 4759 mors
1297 4706 1347 4758 et
1378 4706 1697 4760 resurrectio
1726 4708 1973 4777 corporis

320 4794 544 4861 Christi,
574 4792 786 4866 duplici
812 4802 1017 4851 nostra?
1038 4794 1213 4849 morti
1239 4809 1304 4848 ac
1323 4796 1715 4850 resurrectioni
1731 4798 1971 4867 corporis

313 4887 365 4941 et
397 4886 608 4940 animm
654 4884 891 4939 concinit
917 4883 987 4938 ad
1033 4883 1279 4938 salutem.
1336 4883 1529 4954 Duplze
1565 4886 1731 4939 morti
1772 4894 1969 4941 nostra

317 4974 586 5046 quomodo
597 4973 797 5043 simpla
817 4987 963 5028 mors
979 4972 1189 5038 Christi
1201 4973 1467 5043 impensa.
1486 4973 1696 5028 Verum
1714 4975 1865 5045 quod
1891 4974 1973 5029 in~

318 5066 437 5141 stat
466 5063 528 5118 in
554 5060 862 5133 praesentia
880 5060 922 5130 ³,
942 5065 1226 5131 quantum
1250 5061 1429 5116 donat
1448 5066 1621 5130 Deus,
1648 5062 1971 5118 edisseren-

318 5150 1070 5221 dumestquemadmodum
1093 5149 1373 5221 simplum
1390 5149 1621 5205 Domini
1639 5155 1697 5205 et
1720 5150 1975 5207 Salvato-

317 5240 398 5297 ris
417 5238 603 5296 nostri
623 5240 763 5295 Jesu
783 5238 1000 5295 Christi
1015 5238 1191 5310 duplo
1213 5243 1412 5294 nostro
1433 5244 1737 5312 congruat,
1755 5245 1812 5296 et
1829 5256 1970 5313 quo-

382 5422 398 5456 ι
435 5417 520 5467 Sic
550 5419 672 5467 Mss.
703 5416 769 5466 At
797 5415 943 5474 editi,
973 5414 1386 5464 similitudinem.

382 5481 403 5517 ³
436 5481 531 5530 Hic
559 5480 764 5543 aliquot
791 5478 915 5527 Mss.
948 5478 1223 5544 omittunt,
1254 5479 1305 5525 in
1334 5476 1496 5527 nobis.
1530 5477 1666 5537 Post,
1696 5480 1971 5544 reperitur,

324 5544 449 5593 editi
473 5542 734 5600 ferebant,
766 5547 823 5589 ut
848 5544 916 5589 sit
942 5542 1103 5589 nobis.
1137 5542 1410 5601 Corrupto.

382 5607 403 5640 ³
439 5608 552 5655 Am.
586 5610 639 5655 et
666 5605 844 5668 plures
874 5605 1019 5654 Mss:
1053 5604 1231 5653 Verum
1260 5602 1397 5669 quod
1424 5603 1580 5652 instat
1602 5602 1969 5668 impr-asentia-

316 5682 427 5717 rum
438 5703 451 5716 .

1698 301 1933 362 LIBER
1977 300 2374 373 QUARTUS.

3616 298 3738 359 890

2085 432 2218 486 dam
2244 433 2417 488 modo
2440 432 2708 489 concinet
2732 433 2802 488 ad
2827 431 3097 487 salutem.
3122 430 3238 486 Nos
3261 434 3433 497 certe,
3458 429 3609 500 quod
3631 445 3734 484 ne-

2086 538 2179 576 mo
2202 523 2553 578 christianus
2577 524 2841 594 ambigit.
2866 527 2923 578 et
2944 523 3138 576 anima
3162 526 3217 575 et
3247 535 3484 591 corpore
3517 520 3730 575 mortui

2083 627 2290 666 sumus
2316 628 2328 667 :
2360 613 2576 683 anima,
2602 619 2831 683 propter
2854 617 3184 683 peccatum;
3212 625 3469 680 corpore,
3496 614 3732 680 prepter

2082 717 2310 772 poenam
2338 702 2575 772 peccati,
2604 719 2669 756 nc
2686 718 2788 773 per
2808 701 2915 755 hoc
2936 706 2993 754 et
3014 716 3251 770 corpore
3274 704 3508 769 prepter
3530 714 3729 769 pecca-

2080 794 2226 842 tum.
2257 789 2492 861 Utrique
2517 796 2708 845 autem
2745 792 2822 845 rei
2849 795 3083 858 nostrae,
3120 788 3177 843 id
3213 793 3319 856 est,
3351 792 3407 843 et
3438 787 3646 842 animas
3679 792 3735 844 et

2080 879 2325 949 corpori,
2351 879 2642 935 medicina
2665 884 2720 933 et
2748 879 3209 933 resurrectione‘
3238 894 3382 948 opus
3410 881 3552 947 erat,
3586 880 3649 931 ut
3671 877 3730 932 in

2081 966 2291 1022 melius
2312 974 2684 1023 renovaretur
2702 969 2854 1038 quod
2890 968 3088 1022 eratin
3120 966 3374 1021 deterius
3405 970 3730 1020 commuta-

2077 1058 2226 1109 tum.
2254 1056 2405 1110 Mors
2423 1062 2618 1111 autem
2638 1056 2844 1111 animae
2862 1056 3261 1126 impietasest;
3285 1060 3338 1109 et
3354 1071 3510 1109 mors
3524 1070 3726 1125 corpo-

2080 1144 2179 1213 ris,
2214 1145 2692 1217 corruptibilitas,
2724 1162 2827 1217 per
2847 1161 3022 1216 quam
3057 1145 3118 1199 ﬁt
3139 1150 3195 1199 et
3226 1144 3432 1198 animm
3463 1161 3496 1198 a
3525 1159 3727 1215 corpo-

2080 1248 2139 1287 re
2170 1233 2497 1289 abscessus.
2532 1234 2696 1289 Sicut
2734 1234 2888 1288 enim
2923 1234 3120 1289 anima
3150 1239 3258 1288 Deo
3290 1233 3609 1298 deserente,
3642 1232 3727 1287 sic

2079 1336 2291 1394 corpus
2322 1323 2515 1378 anima
2545 1324 2846 1378 deserente
2869 1323 3153 1378 moritur:
3188 1323 3342 1377 unde
3365 1321 3466 1376 illa
3498 1322 3560 1375 ﬁt
3587 1320 3728 1376 insi-

2078 1411 2273 1481 piens;
2308 1412 2437 1477 boc,
2462 1413 2744 1467 exanime.
2771 1411 3172 1468 Resuscitatur
3193 1411 3343 1466 enim
3369 1411 3602 1466 anima’
3624 1427 3726 1481 per

2080 1501 2500 1570 paenitentiam,
2527 1506 2577 1555 et
2603 1500 2659 1554 in
2684 1516 2921 1572 oorpore
2946 1501 3137 1555 adhuc
3168 1499 3393 1555 mortali
3427 1499 3722 1555 renovatio

2076 1588 2203 1643 vitae
2226 1589 2581 1644 inchoatura
2604 1590 2732 1655 ﬁde,
2750 1606 2863 1660 qua
2881 1589 3137 1645 creditur
3158 1590 3214 1643 in
3230 1606 3361 1644 eum
3388 1589 3485 1660 qui
3503 1588 3724 1658 justiﬁ-

2078 1681 2170 1732 cat
2218 1676 2468 1750 impium
2497 1680 2668 1749 (Rom.
2705 1696 2779 1745 1v,
2811 1681 2889 1747 5),
2921 1679 3205 1749 bonisque
3248 1678 3509 1733 moribus
3548 1693 3724 1749 auge-

2079 1771 2177 1821 tur
2199 1772 2256 1821 et
2278 1767 2771 1823 roboraturdedie
2794 1768 2850 1822 in
2871 1767 3192 1835 diem,cum
3211 1767 3396 1838 magis
3420 1766 3725 1839 magisque

2080 1861 2387 1911 renovatur
2410 1856 2648 1911 interior
2678 1857 2852 1912 homo
2878 1858 2953 1924 (II
2979 1856 3098 1912 Cor.
3124 1873 3200 1921 iv,
3236 1856 3345 1928 16).
3379 1859 3599 1927 Corpus
3631 1871 3724 1910 ve-

2078 1960 2141 1999 ro
2163 1950 2442 2016 tanquam
2466 1945 2641 2000 homo
2666 1946 2932 2011 exterior,
2959 1952 3177 2015 quanto
3200 1950 3287 1999 est
3312 1945 3431 1999 haec
3453 1943 3570 1998 vita
3594 1944 3724 1998 diu-

2076 2035 2324 2098 turnior,
2343 2039 2504 2090 tanto
2528 2034 2713 2106 magis
2735 2034 3039 2105 magisque
3060 2033 3475 2105 corrumpitur,
3489 2032 3576 2087 vel
3601 2036 3729 2088 teta-

2076 2127 2153 2192 te,
2176 2122 2261 2177 vel
2296 2124 2518 2193 morbo,
2550 2123 2635 2179 vel
2666 2124 2841 2178 variis
2863 2122 3296 2187 afﬂictionibus,
3330 2122 3513 2177 donec
3535 2122 3729 2177 veniat

2078 2212 2148 2266 ad
2183 2211 2449 2267 ultimam
2474 2212 2495 2249 ³
2526 2228 2653 2283 quas
2685 2213 2757 2266 ab
2796 2211 3072 2267 omnibus
3103 2228 3259 2266 mors
3294 2216 3550 2264 vocatur.
3584 2211 3725 2281 Ejus

2079 2306 2270 2356 autem
2296 2301 2643 2356 resurrectio
2665 2300 2931 2356 differtur
2950 2300 3007 2355 in
3032 2301 3235 2367 ﬁnem;
3260 2316 3391 2354 cum
3412 2303 3469 2355 et
3489 2299 3725 2371 ipsaju-

2078 2389 2349 2445 stiﬁcatio
2380 2394 2579 2445 nostra
2600 2389 2931 2462 perﬁcietur
2960 2388 3350 2444 ineﬁ‘abiliter.
3381 2392 3537 2442 Tunc
3568 2388 3725 2444 enim

2078 2478 2302 2534 similes
2323 2478 2372 2535 ei
2390 2482 2630 2550 erimus,
2656 2479 2931 2551 quoniam
2948 2478 3276 2534 videbimus
3293 2494 3427 2534 eum
3446 2478 3617 2533 sicuti
3640 2483 3729 2533 est

2077 2569 2123 2640 (Ι
2174 2570 2331 2625 Ιοαη.
2380 2585 2466 2636 m,
2498 2569 2572 2640 2).
2622 2568 2788 2623 Nunc
2824 2585 2956 2623 vero
2996 2568 3275 2639 quamdiu
3326 2584 3537 2639 corpus
3568 2568 3724 2638 quod

2078 2657 2475 2729 corrumpitur
2503 2662 2782 2729 aggravet
2812 2657 3069 2712 animam
3102 2656 3250 2728 (Sap.
3284 2673 3360 2722 IX,
3386 2657 3496 2727 15),
3523 2660 3580 2710 et
3607 2655 3725 2711 vita

2078 2744 2338 2801 humana
2368 2761 2546 2817 super
2571 2750 2786 2801 terram
2817 2750 2936 2801 tota
2967 2746 3209 2800 tentatio
3240 2750 3327 2801 est
3355 2745 3494 2816 (Job.
3527 2761 3623 2813 vn,
3650 2743 3725 2817 1),

2078 2850 2191 2889 non
2218 2834 2646 2903 justiﬁcabitur
2683 2834 2741 2889 in
2782 2838 3093 2907 conspectu
3134 2836 3261 2905 ejus
3305 2834 3498 2888 omnis
3526 2833 3726 2888 vivens

2077 2923 2251 2996 (Psal.
2285 2939 2454 2991 cxm,
2484 2924 2562 2995 2),
2595 2923 2654 2978 in
2677 2923 3113 2996 comparatione
3127 2922 3373 2994 justitise
3404 2938 3519 2995 qua
3538 2938 3727 2994 taqua—

2077 3013 2274 3068 bimur
2304 3012 2561 3084 Angelis,
2595 3017 2650 3068 et
2680 3013 2875 3085 gloriae
2908 3029 3034 3084 quae
3065 3013 3417 3068 revelabitur
3444 3012 3503 3067 in
3536 3011 3725 3067 nobis.

2082 3103 2156 3158 De
2170 3107 2356 3158 morte
2369 3108 2561 3158 autem
2579 3102 2787 3158 animas
2802 3120 2834 3158 a
2848 3107 3033 3158 morte
3044 3102 3303 3175 corporis
3314 3102 3729 3174 distinguenda

2078 3192 2217 3264 quid
2238 3193 2405 3263 plura
2421 3192 2774 3247 documenta
2788 3207 3239 3247 commemorem
3257 3208 3270 3259 ;
3288 3207 3420 3246 cum
3448 3191 3728 3247 Dominus

2078 3281 2135 3335 in
2161 3298 2278 3336 una
2294 3280 2582 3336 sententia
2598 3280 2929 3353 evangelica
2946 3286 3258 3352 utramque
3275 3285 3520 3335 mortem
3545 3279 3726 3335 cuivis

2078 3369 2249 3425 facile
2280 3370 2723 3425 discernendum
2748 3370 3026 3441 posuerit,
3061 3370 3159 3424 ubi
3188 3370 3268 3426 ait
3292 3386 3304 3424 :
3330 3369 3462 3425 Sine
3487 3372 3725 3425 mortuos

2076 3458 2309 3530 sepelire
2338 3465 2584 3513 mortuos
2614 3474 2739 3513 suos
2768 3458 2975 3529 (Matth.
3008 3474 3132 3524 vm,
3163 3456 3285 3528 22)?
3314 3457 3723 3529 Sepeliendum

2078 3548 2293 3621 quippe
2316 3564 2527 3619 corpus
2544 3551 2840 3601 mortuum
2864 3550 3015 3601 erat:
3037 3546 3361 3617 sepultores
3382 3551 3576 3601 autem
3599 3548 3727 3617 ejus

2078 3653 2181 3707 per
2197 3636 2558 3690 inﬁdelitatis
2575 3634 2935 3706 impietatem
2949 3636 2971 3669 ‘
2992 3635 3047 3689 in
3065 3636 3262 3691 anima
3280 3640 3541 3690 mortuos
3562 3634 3729 3689 intel-

2076 3724 2178 3797 ligi
2212 3724 2412 3789 voluit,
2438 3724 2640 3795 quales
2661 3724 2987 3780 excitantur
3005 3740 3136 3778 cum
3164 3724 3398 3792 dicitur,
3421 3723 3614 3795 Surge,
3637 3726 3732 3795 qui

2076 3814 2300 3881 dormis,
2332 3824 2383 3869 et
2407 3829 2639 3884 exsurge
2656 3831 2689 3867 a
2714 3815 2961 3879 mortuis,
2987 3817 3038 3869 et
3054 3813 3397 3868 illuminabit
3419 3821 3468 3869 te
3490 3812 3732 3869 Christus

2078 3904 2289 3975 (Ephes.
2320 3921 2376 3968 v,
2412 3903 2521 3973 14).
2546 3902 2879 3957 Detestatur
2903 3907 3095 3957 autem
3131 3903 3447 3972 quamdam
3484 3907 3725 3957 mortem

2079 3991 2413 4063 Apostolus,
2449 3991 2648 4046 dicens
2682 3991 2753 4046 de
2798 3990 3005 4046 vidua:
3060 3991 3188 4059 Quae
3216 3995 3397 4045 autem
3425 3991 3483 4045 in
3515 3991 3730 4046 deliciis

2077 4082 2210 4152 agit,
2243 4082 2429 4135 vivens
2476 4090 2688 4135 mortua
2722 4090 2805 4135 est
2855 4080 2899 4150 (l
2931 4081 3063 4134 Tim.
3105 4097 3159 4149 ν,
3189 4081 3265 4145 6).
3315 4080 3522 4135 Anima
3552 4080 3731 4152 igitur

2071 4172 2197 4242 jam
2222 4170 2336 4242 pia,
2362 4186 2489 4241 quas
2513 4170 2621 4224 fuit
2641 4169 2841 4241 impia,
2862 4169 3401 4242 propterjustitiam
3428 4169 3559 4224 ﬁdei
3587 4168 3727 4224 dici-

2077 4263 2176 4315 tur
2204 4277 2272 4315 ex
2301 4265 2484 4315 morte
2523 4259 2800 4315 revixisse
2832 4264 3005 4331 atque
3040 4260 3249 4313 vivere.
3281 4259 3503 4330 Corpus
3534 4263 3727 4313 autem

2080 4366 2195 4405 non
2228 4354 2455 4404 tantum
2490 4348 2838 4403 moriturum
2874 4351 3107 4419 propter
3136 4346 3344 4402 anima:
3388 4348 3726 4402 abscessum

2080 4439 2179 4511 qui
2215 4440 2446 4493 futurus
2490 4442 2597 4505 est,
2632 4438 2730 4493 sed
2770 4441 3005 4509 propter
3032 4440 3255 4491 tantam
3288 4436 3687 4491 inﬁrmitatem
3712 4436 3733 4472 ⁸

2080 4528 2271 4583 carnis
2301 4532 2358 4582 et
2402 4525 2730 4598 sanguinis,
2773 4526 3023 4597 quodam
3059 4525 3115 4579 in
3156 4524 3281 4579 loco
3321 4527 3375 4579 in
3417 4525 3733 4597 Scripturis

2079 4619 2255 4672 etiam
2292 4622 2585 4671 mortuum
2612 4615 2847 4683 dicitur,
2874 4614 3144 4685 loquente
3173 4614 3485 4687 Apostolo:
3523 4615 3732 4686 Corpus

2079 4704 2314 4777 quidem,
2336 4704 2523 4775 inquit
2545 4709 2823 4758 mortuum
2842 4705 2921 4759 est
2933 4713 3157 4776 propter
3171 4710 3353 4774 peccat
3361 4720 3477 4769 um,
3503 4705 3730 4774 spiritus

2079 4799 2259 4850 autem
2290 4796 2398 4848 vita
2420 4802 2495 4848 est
2505 4798 2726 4865 propter
2735 4794 3031 4865 justitiam.
3064 4793 3195 4849 Haec
3216 4792 3332 4848 vita
3351 4809 3420 4847 ex
3445 4793 3557 4847 fide
3581 4792 3730 4846 facta

2082 4888 2208 4948 est;
2241 4882 2517 4954 quoniam
2547 4885 2749 4952 justus
2780 4899 2849 4939 ex
2879 4883 2991 4937 ﬁde
3021 4882 3158 4937 vivit
3187 4884 3362 4954 (Rom.
3395 4899 3434 4945 ι.
3472 4882 3579 4948 17).
3615 4880 3724 4935 Sed

2080 4972 2219 5044 quid
2257 4973 2567 5044 sequitur?
2611 4971 2670 5026 Si
2699 4978 2884 5027 autem
2920 4971 3153 5044 Spiritus
3185 4973 3300 5044 ejus
3329 4971 3424 5043 qui
3449 4969 3731 5024 suscitavit

2143 5235 2160 5270 ί
2196 5232 2374 5281 Plures
2403 5229 2546 5288 Mss,
2577 5228 2831 5278 medicina
2859 5243 2923 5278 ea:
2950 5229 3334 5278 resurrectione.

2141 5297 2163 5332 ³
2192 5294 2371 5345 Plures
2401 5293 2544 5342 Mss.:
2580 5293 2918 5341 Resuscitetur
2944 5306 3066 5354 ergo
3094 5292 3285 5354 animo.

2141 5359 2162 5393 ³
2190 5358 2276 5406 Er.
2307 5356 2473 5417 Lugd.
2494 5355 2620 5403 Ven.
2647 5357 2771 5404 Lov.
2793 5352 3016 5418 addunt,
3037 5353 3359 5418 ofﬂictionem
3379 5367 3400 5417 ;
3423 5352 3477 5418 in
3501 5353 3728 5418 BLdeest

2078 5419 2193 5471 haec
2224 5433 2323 5468 vox
2349 5433 2362 5479 ;
2388 5415 2483 5467 sed
2518 5421 2734 5467 notatur
2765 5418 2821 5466 in
2850 5415 3127 5479 margine:
3162 5435 3185 5459 «
3206 5415 3454 5474 subaudi,
3484 5415 3721 5479 aﬂictio-

2076 5483 2389 5594 ﬂammma
2418 5555 2603 5591 omnes
2628 5541 2737 5605 fere
2760 5541 2901 5605 Mss”
2929 5555 3023 5603 per
3041 5539 3396 5603 inﬁdelitatem
3427 5542 3723 5605 impietatis.

2140 5610 2161 5642 ³
2194 5607 2349 5660 Editi,
2377 5607 2587 5668 prapter
2616 5604 2971 5665 inﬁrmitatem
3002 5610 3221 5653 tantum.
3257 5608 3321 5654 At
3352 5604 3729 5669 Mss.,'pr0pter

2077 5669 2433 5733 inﬁrmitatem
2462 5670 2678 5715 tantam.
