4094 6188
416 328 530 389 891

418 463 607 515 Jesum
637 473 668 511 a
715 458 971 521 mortuis,
1026 454 1248 510 habitat
1303 455 1363 508 in
1416 451 1597 513 vobis;
1647 455 1742 523 qui
1786 454 2069 507 suscitavit

419 547 695 602 Christum
724 546 905 600 Iesum
928 561 958 597 α
990 545 1242 607 mortuis,
1266 541 1568 613 viviﬁcabit
1596 546 1647 596 et
1670 542 1924 596 mortalia
1950 558 2066 596 cor-

416 653 551 708 pora
586 643 757 689 vestra
786 650 883 704 per
924 633 1337 687 inhabitantem
1367 632 1639 701 Spiritum
1668 632 1788 701 ejus
1820 633 1879 684 in
1924 631 2070 685 vobis

419 726 592 797 (Rom.
621 741 743 789 VIII,
776 724 859 789 10,
900 724 1003 792 11).

493 816 545 869 6.
583 814 723 867 Huic
754 829 889 885 ergo
921 810 1109 883 duplaa
1144 811 1312 865 morti
1346 814 1553 864 DOStI‘tB
1587 809 1847 864 Salvator
1879 814 2073 864 noster

423 902 713 974 impendit
734 902 1005 973 simplum
1033 917 1226 955 suam:
1254 905 1308 954 et
1326 900 1393 953 ad
1417 899 1737 953 faciendam
1766 903 2071 968 utramque

421 991 922 1047 resuscitationem
951 993 1233 1057 nostram,
1258 988 1315 1042 in
1350 993 1711 1042 sacramento
1733 994 1788 1043 et
1809 987 2071 1060 exemplo

420 1081 736 1154 praeposuit
759 1085 814 1135 et
834 1080 1137 1151 prOposuit
1161 1095 1336 1133 unam
1359 1095 1547 1134 suam.
1570 1082 1764 1147 Neque
1787 1077 1938 1132 enim
1968 1078 2075 1131 fuit

417 1174 687 1242 peccator
706 1174 805 1224 aut
823 1169 1060 1239 impius,
1078 1173 1144 1222 ut
1163 1168 1211 1223 ei
1238 1172 1519 1238 tanquam
1544 1166 1749 1237 spiritu
1773 1171 1997 1221 mortuo
2018 1167 2073 1220 in

417 1258 692 1315 interiore
728 1258 963 1312 homine
995 1256 1258 1312 renovari
1295 1272 1441 1326 opus
1482 1260 1654 1325 esset,
1700 1261 1755 1310 et
1798 1263 2074 1325 tanquam

422 1348 819 1420 resipiscendo
842 1347 910 1401 ad
932 1346 1110 1400 vitam
1126 1344 1369 1416 justitiae
1403 1347 1684 1399 revocari:
1710 1344 1808 1399 sed
1833 1344 2076 1399 indutus

427 1453 598 1492 carne
630 1435 885 1501 mortali,
919 1439 975 1488 et
1014 1434 1139 1489 sola
1179 1422 1457 1501 moriens,
1491 1431 1615 1487 sola
1648 1448 1977 1503 resurgens,
2011 1448 2078 1487 ea

425 1525 549 1581 sola
564 1526 732 1580 nobis
748 1524 817 1578 ad
842 1527 1154 1594 utrumque
1174 1521 1490 1589 concinuit,
1506 1538 1638 1576 cum
1658 1522 1712 1575 in
1733 1538 1798 1576 ea
1818 1523 1979 1577 ﬁeret
1998 1522 2077 1575 in-

422 1614 656 1669 terioris
678 1613 933 1669 hominis
946 1610 1709 1676 sacramentum,exterioris
1723 1611 2075 1681 exemplum,

427 1703 730 1759 lnterioris
759 1702 913 1755 enim
939 1700 1195 1755 hominis
1226 1700 1405 1755 nostri
1432 1704 1796 1754 sacramento
1828 1700 1961 1753 data
1993 1706 2081 1755 est

431 1791 529 1848 illa
549 1791 983 1863 vox,pertinens
1013 1791 1081 1844 ad
1105 1794 1352 1844 mortem
1378 1789 1585 1843 animai
1620 1793 1827 1843 nostras
1855 1790 2078 1861 signiﬁ-

426 1881 667 1936 candam
684 1897 819 1947 ,non
842 1879 1029 1934 solum
1054 1878 1108 1932 in
1133 1878 1385 1942 Psalmo,
1409 1894 1606 1932 verum
1621 1878 1797 1932 etiam
1817 1879 2077 1937 incrucc:

419 1971 559 2025 Deus
582 1985 757 2035 meus,
781 1970 919 2023 Deus
938 1984 1109 2033 meus,
1129 1967 1319 2037 utquid
1331 1966 1946 2039 medcreliquisti(Psal.
1963 1986 2079 2038 xxI,

434 2059 485 2125 1,
513 2061 563 2112 et
587 2058 769 2113 Matth.
790 2074 963 2125 xxvu,
985 2056 1102 2127 46)?
1120 2056 1221 2111 Cui
1242 2056 1363 2110 voci
1390 2056 1659 2127 congruit
1675 2056 1985 2127 Apostolus
2002 2057 2083 2111 di-

434 2162 599 2203 cens:
630 2146 863 2201 Scientes
879 2148 1009 2217 quia
1031 2150 1180 2201 vetus
1202 2145 1356 2201 homo
1378 2148 1559 2200 noster
1579 2144 1757 2200 simul
1786 2147 2083 2217 cruciﬁxus

432 2245 528 2307 est,
554 2242 613 2290 ut
635 2248 929 2291 evacuetur
949 2251 1146 2307 corpus
1164 2237 1391 2306 peccati,
1416 2236 1639 2289 utultra
1658 2250 1767 2289 non
1783 2237 2085 2291 serviamus

423 2327 656 2398 peccato.
676 2323 981 2379 Crucifixio
1001 2324 1215 2395 quippe
1234 2322 1526 2377 interioris
1544 2322 1799 2379 hominis
1812 2326 2087 2395 poeniten-

431 2415 524 2470 tias
548 2414 776 2469 dolores
807 2412 1244 2485 intelliguntur,
1269 2416 1325 2467 et
1344 2412 1710 2467 continentia:
1732 2413 1971 2485 quidam
1992 2431 2083 2470 sa-

420 2502 606 2559 lubris
621 2504 935 2571 cruciatus,
962 2519 1065 2574 per
1098 2519 1275 2573 quam
1302 2506 1549 2557 mortem
1585 2518 1740 2557 mors
1768 2502 2085 2575 impietatis

427 2592 759 2663 perimitur,
786 2592 843 2645 in
868 2608 982 2663 qua
1001 2607 1106 2645 nos
1130 2590 1364 2661 reliquit
1388 2591 1595 2645 Deus‘.
1622 2592 1687 2646 Et
1708 2591 1835 2647 ideo
1867 2609 1969 2663 per
1998 2598 2083 2649 ta-

422 2679 536 2737 lem
573 2697 805 2736 crucem
838 2686 1157 2736 evacuatur
1189 2697 1402 2752 corpus
1436 2680 1682 2751 peccati,
1732 2682 1939 2752 utjam
1972 2700 2086 2739 non

423 2770 803 2826 exhibeamus
824 2770 1084 2825 membra
1102 2774 1304 2825 nostra
1322 2786 1489 2824 arma
1506 2770 1835 2842 iniquitatis
1853 2779 2086 2842 peccato

426 2860 603 2930 (Rom.
651 2876 725 2925 v1,
764 2861 817 2927 6,
854 2859 960 2927 13).
1013 2860 1157 2922 Quia
1206 2863 1261 2913 et
1304 2858 1545 2913 interior
1592 2860 1767 2915 homo
1801 2860 1849 2915 si
1886 2862 2087 2933 utique

426 2952 741 3004 renovatur
772 2948 841 3003 de
877 2948 969 3002 die
1012 2947 1071 3001 in
1103 2948 1257 3002 diem
1300 2948 1370 3017 (ll
1405 2947 1528 3003 Cor.
1562 2966 1637 3014 Iv,
1681 2949 1788 3021 16),
1831 2952 2085 3023 profecto

429 3042 597 3092 vetus
629 3042 717 3092 est
742 3042 1054 3107 antequam
1080 3042 1403 3091 renovetur.
1430 3040 1589 3091 Intus
1613 3054 1865 3109 namque
1895 3040 2087 3108 agitur

425 3127 579 3198 quod
605 3126 759 3180 idem
783 3124 1082 3197 apostolus
1111 3124 1282 3181 dicit:
1319 3126 1518 3179 Exuite
1538 3141 1626 3179 vos
1656 3135 1890 3183 veterem
1912 3128 2060 3183 homi
2076 3160 2087 3170 -

424 3232 575 3279 nem,
604 3218 655 3269 et
686 3214 901 3269 induite
932 3230 1153 3269 novum.
1180 3214 1341 3279 Quod
1374 3213 1451 3267 ita
1473 3220 1893 3285 consequenter
1914 3233 2084 3287 expo-

426 3304 553 3359 nit:
611 3304 954 3374 QuaprOpter
1000 3304 1328 3373 deponentes
1382 3302 1747 3368 mendacium,
1799 3305 2090 3375 loquimini

424 3394 710 3447 ueritatem
753 3392 968 3462 (Ephes.
1006 3409 1089 3458 Iv,
1122 3391 1338 3461 22-25).
1389 3391 1489 3448 Ubi
1538 3396 1734 3447 autem
1776 3393 2089 3465 deponitur

429 3482 827 3551 mendacium,
850 3481 959 3536 nisi
986 3481 1169 3546 intus,
1198 3485 1262 3535 ut
1281 3480 1566 3536 inhabitet
1586 3480 1643 3535 in
1671 3486 1866 3537 monte
1887 3488 2086 3539 sancto

433 3571 530 3625 Dei
561 3570 661 3643 qui
694 3569 952 3641 loquitur
989 3570 1295 3625 veritatem
1340 3570 1397 3623 in
1430 3571 1602 3625 corde
1632 3587 1738 3626 suo
1771 3572 1939 3643 (Psal.
1974 3590 2087 3640 xIv,

436 3665 483 3728 ι,
515 3660 600 3731 3)?
632 3660 1003 3715 Resurrectio
1053 3675 1183 3715 vero
1215 3660 1473 3731 corporis
1516 3659 1746 3714 Domini
1791 3661 1862 3715 ad
1896 3679 2088 3718 sacra-

431 3755 693 3805 mentum
727 3748 1023 3803 interioris
1065 3747 1512 3803 resurrectionis
1546 3752 1755 3803 nostra:
1805 3750 2090 3819 pertinere

432 3837 780 3909 ostenditur,
814 3837 914 3893 ubi
968 3842 1276 3909 postquam
1318 3837 1657 3904 resurrexit,
1707 3837 1788 3893 ait
1820 3838 2086 3895 mulieri:

432 3928 558 3983 Noli
586 3943 673 3982 me
723 3935 985 3995 tangere;
1034 3927 1282 3980 nondum
1313 3928 1464 3980 enim
1511 3927 1732 3981 aseendi
1757 3927 1826 3981 ad
1872 3929 2091 3985 Patrem

435 4033 613 4072 meum
646 4017 821 4087 (Joan.
848 4032 944 4081 xx,
968 4015 1077 4085 17).
1110 4014 1210 4069 Cui
1242 4014 1517 4086 mysterio
1549 4015 1815 4086 congruit
1842 4020 2093 4088 Aposto-

432 4103 528 4158 lus
561 4103 789 4157 dicens:
828 4102 887 4157 Si
907 4111 1091 4157 autem
1112 4104 1539 4157 eonsurrexistis
1558 4119 1682 4158 cum
1709 4104 1942 4171 Christo,
1970 4123 2092 4178 qua:

434 4208 654 4248 sursum
682 4200 811 4247 sunt
840 4194 1090 4262 quaerite,
1116 4191 1208 4246 ubi
1238 4192 1485 4246 Christus
1507 4195 1584 4246 est
1617 4192 1684 4247 ad
1704 4192 1982 4249 dexteram
1999 4196 2096 4250 Dei

434 4284 662 4343 sedens;
711 4296 836 4354 quae
862 4298 1080 4336 sursum
1131 4286 1282 4346 sunt,
1313 4283 1492 4351 sapite
1540 4280 1761 4353 (Coloss.
1794 4299 1877 4350 Ill,
1932 4285 1982 4350 1,
2016 4288 2088 4355 2).

439 4371 554 4426 Hoc
573 4371 830 4426 estenim
854 4371 1149 4425 Christum
1171 4387 1282 4425 non
1308 4375 1575 4442 tangere,
1600 4369 1710 4425 nisi
1736 4388 1867 4425 cum
1899 4390 2093 4428 ascen-

437 4460 586 4514 derit
615 4460 684 4513 ad
719 4459 969 4525 Patrem,
1008 4476 1119 4512 non
1163 4460 1231 4512 de
1266 4459 1495 4513 Christo
1532 4476 1733 4531 sapere
1765 4460 2089 4518 carnaliter.

435 4548 568 4603 Jam
603 4564 733 4601 vero
774 4549 842 4601 ad
887 4548 1215 4618 exemplum
1262 4549 1466 4602 mortis
1498 4548 1797 4603 exterioris
1839 4548 2093 4606 hominis

441 4636 625 4692 nostri
650 4636 955 4691 Dominica:
975 4637 1163 4691 carnis
1184 4653 1341 4691 mors
1360 4637 1773 4708 pertinet,quia
1797 4655 1895 4709 per
1910 4640 2091 4695 talem

441 4726 777 4799 passionem
813 4724 1058 4779 maxime
1081 4723 1346 4779 hortatus
1368 4731 1456 4780 est
1477 4742 1673 4781 servos
1706 4744 1865 4795 suos,
1891 4732 2089 4783 utnon

441 4815 685 4871 timeant
706 4831 804 4869 eos
831 4813 928 4884 qui
946 4829 1157 4882 corpus
1180 4813 1735 4882 occidunt,animam
1762 4821 1955 4870 autem
1976 4833 2089 4872 non

437 4908 689 4977 possunt
718 4902 978 4958 occidere
1006 4902 1215 4973 (Matth.
1259 4918 1314 4972 x,
1347 4902 1458 4971 28).
1495 4902 1736 4974 Propter
1765 4905 1917 4974 quod
1952 4905 2094 4960 dicit

435 4992 784 5064 Apostolus:
850 4992 912 5048 Ut
958 4992 1245 5062 suppleam
1292 5006 1414 5062 qua:
1458 4993 1657 5046 desunt
1707 5006 2092 5061 pressurarum

437 5084 640 5139 Christi
670 5085 730 5137 in
760 5097 926 5136 carne
955 5096 1077 5135 mea
1099 5081 1317 5147 (Coloss.
1355 5096 1392 5145 I,
1425 5080 1536 5149 24).
1572 5080 1637 5133 Et
1668 5080 1738 5133 ad
1759 5081 2089 5151 exemplum

435 5171 883 5228 resurrectionis
931 5168 1233 5224 exterioris
1283 5166 1539 5222 hominis
1580 5167 1763 5222 nostri
1802 5170 2091 5239 pertinere

435 5263 729 5319 invenitur
752 5276 879 5316 resu
893 5258 1097 5314 rrectio
1110 5257 1368 5329 corporis
1382 5255 1777 5326 Domini,quia
1788 5256 2091 5329 discipulis

435 5352 550 5407 ait:
585 5353 829 5423 Palpate,
861 5354 914 5404 et
960 5349 1159 5419 videte,
1195 5348 1325 5418 quia
1366 5346 1593 5416 spiritus
1640 5361 1861 5399 carnem
1891 5353 1941 5401 et
1972 5364 2091 5403 ossa

506 5477 521 5508 ί
556 5474 714 5530 Editi,
734 5475 787 5521 in
812 5488 911 5535 qua
927 5488 1019 5522 nos
1034 5486 1133 5522 non
1157 5470 1433 5535 dereliquit
1444 5468 1592 5535 Deus.
1619 5471 1685 5535 At
1698 5470 1929 5535 melioris
1949 5478 2089 5521 notas

438 5536 586 5607 Mssa,
612 5539 794 5607 inqua
816 5532 904 5607 nqs
931 5535 1143 5607 reliquit
1172 5534 1322 5606 (sive,
1354 5532 1617 5607 relinquit)
1652 5533 1814 5607 Deus:
1929 5540 2007 5607 est
2034 5538 2089 5583 iu

438 5601 610 5645 morte
641 5601 692 5643 et
712 5596 1049 5648 eruciﬁxione
1073 5597 1341 5645 interioris
1362 5596 1591 5645 hominis
1614 5596 1796 5653 nostri,
1820 5597 2091 5646 doloribus

438 5657 690 5707 videlicet
717 5664 1043 5719 poenitentiae
1076 5675 1138 5708 ac
1167 5660 1510 5709 continentiae
1543 5660 1799 5707 cruciatu.

1538 324 1639 381 DE
1685 321 2128 393 TRINITATE,
2179 324 2244 380 S.
2283 324 2710 385 AUGUSTINI

3673 325 3775 386 89!

2176 469 2288 507 non
2317 454 2491 522 habet,
2513 456 2657 509 sicut
2685 470 2769 509 me
2800 454 2994 509 videtis
3026 453 3220 508 habere
3243 453 3388 524 (Luc.
3432 470 3572 519 xxxv,
3600 454 3696 524 39).
3723 454 3775 511 Et

2179 558 2334 596 unus
2366 559 2432 596 ex
2452 542 2757 614 discipulis
2776 544 2952 597 etiam
2978 542 3277 597 cicatrices
3293 543 3416 612 ejus
3434 547 3774 609 contrectans,

2179 631 2521 686 exclamavit
2538 633 2759 697 dicens,
2782 633 3042 687 Dominus
3060 648 3229 700 meus,
3252 641 3302 687 et
3324 635 3458 686 Deus
3470 649 3612 687 meus
3633 634 3777 704 (toan.

2178 738 2270 785 xx,
2297 720 2404 791 28)!
2434 722 2500 776 Et
2528 738 2659 776 cum
2693 721 2849 776 illius
2881 722 3075 777 carnis
3108 727 3226 776 tota
3255 722 3547 793 integritas
3575 738 3779 793 appare-

2182 816 2286 871 ret,
2321 811 2786 866 demonstratum
2821 817 2909 865 est
2951 812 3004 864 in
3038 829 3105 866 ea
3145 811 3299 882 quod
3338 828 3471 866 suos
3513 810 3783 865 exhortans

2183 900 2434 954 dixerat:
2461 899 2713 972 Capillus
2742 901 2954 971 capitis
2978 902 3139 955 vestri
3166 917 3274 955 non
3305 901 3502 970 peribit
3523 902 3657 969 (Luc.
3686 916 3783 963 xxi,

2184 989 2291 1057 18).
2319 988 2479 1044 Unde
2496 990 2651 1044 enim
2674 990 2882 1061 primo,
2903 990 3029 1044 Noli
3048 1006 3133 1044 me
3151 993 3391 1059 tangere,
3419 988 3644 1043 nondum
3663 991 3789 1043 enim

2182 1079 2401 1135 ascendi
2431 1080 2504 1134 ad
2532 1081 2748 1135 Patrem
2783 1097 2959 1134 meum
2978 1098 3002 1143 ;
3021 1083 3077 1134 et
3109 1079 3259 1133 unde
3288 1083 3590 1147 antequam
3620 1094 3787 1132 ascen.

2185 1169 2283 1223 dat
2325 1169 2394 1224 ad
2427 1173 2657 1224 Patrem
2691 1186 2723 1224 a
2748 1168 3055 1240 discipulis
3086 1168 3368 1238 tangitur,
3401 1166 3508 1221 nisi
3540 1166 3668 1237 quia
3694 1164 3793 1220 illic

2185 1258 2597 1312 insinuabatur
2624 1257 2919 1313 interioris
2961 1256 3216 1312 hominis
3255 1260 3690 1319 sacramentum,
3716 1253 3795 1308 hic

2187 1348 2553 1419 praebebatur
2568 1347 2866 1403 exterioris
2879 1346 3240 1419 exemplum?
3256 1349 3339 1401 An
3362 1347 3502 1401 forte
3519 1345 3794 1417 quisquam

2188 1438 2267 1491 ita
2294 1441 2383 1491 est
2425 1436 2718 1491 absurdus
2761 1442 2936 1507 atque
2981 1453 3219 1491 aversus
3252 1453 3285 1491 a
3328 1451 3477 1504 vero,
3529 1440 3589 1488 ut
3617 1435 3800 1489 audeat

2189 1526 2377 1581 dicere
2407 1543 2440 1580 a
2469 1526 2609 1580 viris
2639 1542 2771 1581 eum
2801 1531 3013 1580 tactum
3046 1531 3362 1596 antequam
3395 1524 3744 1590 ascenderet;
3772 1539 3801 1577 a

2188 1614 2534 1669 mulieribus
2579 1619 2797 1682 autem,
2846 1630 2980 1668 cum
3020 1612 3419 1669 ascendisset?
3461 1613 3682 1682 Propter
3709 1611 3800 1665 hoc

2189 1703 2518 1775 exemplum
2552 1704 2759 1758 futurae
2787 1708 2995 1759 nostras
3021 1702 3463 1758 resurrectionis
3494 1701 3548 1754 in
3574 1716 3801 1771 corpore,

2190 1794 2343 1863 quod
2370 1793 2661 1863 praecessit
2690 1793 2750 1848 in
2782 1793 3049 1857 Domino,
3075 1792 3212 1846 dicit
3233 1790 3571 1863 Apostolus:
3604 1791 3803 1844 Initium

2192 1882 2454 1948 Christus,
2486 1881 2683 1937 deinde
2710 1885 2805 1955 qui
2832 1890 2961 1936 sunt
3008 1880 3217 1936 Christi
3246 1881 3287 1950 (Ι
3324 1880 3443 1935 Cor.
3476 1897 3563 1945 xv,
3609 1878 3711 1947 23).
3746 1883 3805 1931 De

2192 1970 2447 2042 corporis
2464 1970 2619 2025 enim
2640 1970 3062 2025 resurrectione
3089 1968 3184 2024 illo
3215 1968 3340 2024 loco
3373 1969 3662 2038 agebatur,
3694 1982 3806 2036 pro-

2193 2066 2319 2132 pter
2344 2076 2518 2131 quam
2541 2059 2715 2115 etiam
2740 2060 2884 2114 dicit
2909 2076 2920 2114 :
2953 2058 3415 2128 Transﬁguravit‘
3446 2072 3632 2126 corpus
3652 2055 3807 2109 humi-

2194 2151 2364 2204 litatis
2382 2160 2581 2206 nostrw
2598 2151 2876 2220 conforme
2896 2149 3109 2219 corpori
3132 2150 3331 2216 gloriae
3350 2145 3721 2217 sua:(Philipp.
3740 2160 3808 2206 ιιι,

2190 2239 2437 2310 21).Una
2453 2255 2588 2310 ergo
2607 2254 2765 2293 mors
2784 2237 2965 2293 nostri
2979 2237 3292 2291 Salvatoris
3310 2236 3539 2290 duabus
3557 2233 3813 2288 mortibus

2194 2328 2410 2383 nostris
2432 2327 2605 2382 saluti
2632 2328 2758 2382 fuit.
2780 2332 2845 2381 Et
2866 2344 2978 2381 una
2999 2328 3126 2395 ejus
3148 2324 3494 2380 resurrectio
3512 2324 3652 2377 duas
3671 2320 3816 2375 nobis

2195 2417 2651 2472 resurrectiones
2682 2416 2974 2487 praestitit,
2993 2432 3124 2470 cum
3145 2431 3356 2485 corpus
3375 2415 3503 2484 ejus
3524 2412 3581 2466 in
3601 2417 3818 2479 utraque

2195 2523 2275 2573 re,
2302 2506 2358 2560 id
2391 2510 2498 2571 est,
2523 2511 2581 2560 et
2613 2506 2669 2559 in
2705 2510 2887 2560 morte
2918 2512 2973 2560 et
3004 2505 3063 2559 in
3096 2504 3547 2567 resurrectione,
3570 2506 3623 2555 et
3652 2515 3817 2555 sacra-

2196 2600 2392 2650 mento
2428 2593 2719 2650 interioris
2764 2594 3019 2649 hominis
3051 2594 3256 2659 nostri,
3309 2597 3369 2648 et
3400 2589 3657 2661 exemplo
3685 2593 3817 2644 exte-

2197 2684 2389 2749 rioris,
2430 2682 2760 2738 medicinali
2808 2682 3060 2754 quadam
3102 2681 3504 2738 convenientia
3553 2679 3821 2733 ministra-

2196 2778 2323 2829 tum
2355 2777 2462 2827 est.

2264 2861 2495 2918 CAPUT
2528 2861 2617 2916 IV.
2652 2891 2719 2901 —-
2748 2863 2802 2914 7.
2837 2862 2992 2916 Ratio
3030 2861 3221 2930 simpli
3268 2859 3340 2914 ad
3369 2859 3597 2930 duplum
3625 2873 3688 2912 ea:
3712 2871 3818 2928 per-

2192 2955 2426 3023 fectione
2444 2951 2661 3005 senarii
2679 2952 2915 3006 numeri.
2940 2949 3168 3005 Senarii
3186 2951 3446 3021 perfectio
3470 2950 3528 3002 in
3556 2945 3824 3017 Scripturis

2194 3040 2589 3096 commendata.
2624 3041 2814 3094 Annus
2842 3042 3060 3094 senario
3098 3054 3328 3093 numero
3370 3038 3553 3109 pollet.
3586 3035 3707 3090 Haec
3734 3049 3821 3087 au-

2195 3134 2312 3184 tem
2336 3130 2482 3184 ratio
2506 3127 2701 3199 simpli
2724 3128 2795 3182 ad
2819 3127 3063 3199 duplum
3089 3126 3277 3181 oritur
3296 3126 3534 3197 quidem
3553 3120 3824 3180 aternario

2198 3234 2470 3281 numero;
2509 3233 2687 3271 unum
2732 3217 2948 3288 quippe
2978 3216 3048 3270 ad
3081 3216 3217 3281 duo,
3266 3213 3382 3269 tria
3412 3218 3579 3268 sunt:
3614 3211 3707 3267 sed
3736 3210 3827 3263 hoc

2198 3312 2384 3363 totum
2404 3307 2557 3377 quod
2586 3305 2725 3373 dixi,
2754 3307 2825 3361 ad
2850 3304 3145 3361 senarium
3170 3304 3463 3375 pervenit;
3498 3317 3673 3357 unum
3694 3298 3827 3353 enim

2195 3402 2253 3452 et
2276 3396 2389 3450 duo
2420 3400 2477 3449 et
2506 3394 2616 3449 tria
2639 3411 2736 3450 sex
2760 3395 2926 3449 ﬁunt.
2955 3394 3058 3459 Qui
3088 3409 3370 3447 numerus
3394 3396 3693 3463 propterea
3716 3403 3828 3457 per-

2198 3486 2384 3539 fectus
2418 3485 2630 3538 dicitur
2660 3484 2799 3555 quia
2830 3484 3097 3554 partibus
3129 3481 3251 3537 suis
3282 3480 3647 3551 completur:
3676 3476 3830 3531 habet

2197 3573 2349 3629 enim
2370 3572 2502 3627 illas
2520 3578 2656 3635 tres,
2674 3578 2919 3637 sextam,
2944 3571 3171 3625 tertiam
3185 3611 3197 3634 ,
3219 3570 3549 3634 dimidiam;
3572 3583 3671 3621 nec
3688 3563 3827 3619 nulla

2199 3679 2333 3733 pars
2365 3662 2497 3728 alia,
2526 3678 2654 3732 qua:
2685 3661 2796 3715 dici
2821 3660 3009 3731 possit
3036 3664 3213 3729 quota
3246 3658 3343 3725 sit,
3364 3656 3654 3712 invenitur
3678 3654 3731 3708 in
3753 3668 3823 3706 eo.

2198 3753 2366 3805 Sexta
2395 3766 2530 3822 ergo
2555 3750 2683 3821 ejus
2706 3765 2889 3803 unum
2912 3754 3029 3813 est;
3054 3746 3244 3817 tertia,
3270 3746 3412 3811 duo;
3433 3745 3691 3808 dimidia,
3714 3742 3822 3795 tria.

2198 3838 2389 3895 Unum
2405 3844 2599 3894 autem
2624 3844 2681 3893 et
2700 3838 2814 3893 duo
2836 3843 2892 3892 et
2911 3837 3022 3891 tria
3044 3840 3462 3892 consummant
3478 3833 3737 3889 eumdem
3756 3844 3826 3883 se-

2200 3929 2452 3983 narium.
2484 3927 2665 3998 Cujus
2690 3926 3100 3998 perfectionem
3138 3924 3304 3980 nobis
3334 3929 3539 3980 sancta
3560 3922 3827 3992 Scriptura

2199 4016 2592 4086 commendat,
2648 4015 2703 4069 in
2737 4031 2803 4070 eo
2847 4013 3098 4069 maxime
3138 4013 3291 4084 quod
3328 4018 3482 4068 Deus
3520 4028 3620 4067 sex
3646 4007 3826 4063 diebus

2202 4105 2439 4177 perfecit
2467 4121 2641 4175 opera
2671 4120 2799 4167 sua,
2841 4106 2897 4158 et
2927 4108 3087 4158 sexto
3119 4103 3211 4157 die
3240 4103 3430 4157 factus
3460 4105 3550 4156 est
3578 4099 3741 4154 homo
3768 4093 3825 4149 ad

2201 4194 2517 4265 imaginem
2565 4193 2657 4248 Dei
2691 4191 2847 4263 (Gen.
2888 4210 2926 4261 Ι,
2958 4193 3070 4263 27).
3118 4193 3184 4246 Et
3216 4196 3381 4247 sexta
3411 4194 3577 4246 aetate
3625 4183 3826 4260 generis

2201 4284 2465 4348 humani,
2493 4282 2675 4337 Filius
2702 4282 2794 4337 Dei
2820 4281 2975 4335 venit
2996 4285 3051 4335 et
3074 4281 3261 4335 factus
3284 4286 3373 4335 est
3396 4280 3556 4335 ﬁlius
3578 4276 3828 4337 hominis,

2205 4377 2268 4427 ut
2286 4389 2392 4426 nos
2418 4372 2757 4427 reformaret
2779 4370 2847 4424 ad
2874 4369 3185 4441 imaginem
3214 4368 3337 4423 Dei.
3363 4369 3444 4422 Ea
3468 4368 3677 4439 quippe
3697 4376 3828 4418 nunc

2202 4465 2341 4516 aetas
2373 4462 2586 4532 agitur,
2611 4462 2728 4514 sive
2749 4457 2969 4514 milleni
2998 4458 3134 4512 anni
3155 4456 3408 4529 singulis
3430 4456 3829 4511 distribuantur

2202 4552 2489 4616 aetatibus,
2514 4548 2633 4604 sive
2654 4549 2711 4602 in
2745 4548 2958 4603 divinis
2986 4547 3218 4601 Litteris
3236 4543 3645 4600 memorabiles
3677 4546 3825 4610 atque

2202 4640 2463 4711 insignes
2492 4638 2659 4709 quasi
2691 4636 2969 4692 articulos
3014 4642 3343 4706 temporum
3377 4633 3745 4705 vestigemus,
3775 4633 3825 4679 ut

2202 4730 2389 4801 prima
2411 4733 2548 4782 aetas
2570 4726 2896 4781 inveniatur
2926 4725 2999 4779 ab
3032 4724 3212 4778 Adam
3240 4738 3427 4793 usque
3458 4722 3529 4775 ad
3562 4720 3691 4785 Noe,
3711 4714 3823 4771 inde

2201 4818 2457 4875 secunda
2489 4832 2675 4889 usque
2706 4816 2777 4871 ad
2808 4814 3126 4869 Abraham:
3152 4816 3208 4867 et
3224 4809 3681 4883 deinceps,sicut
3695 4808 3824 4859 Mat-

2198 4907 2388 4963 thaaus
2419 4904 2781 4976 evangelista
2811 4902 3097 4968 distinxit,
3130 4901 3201 4955 ab
3236 4900 3529 4955 Abraham
3563 4911 3736 4966 usque
3764 4891 3823 4945 ad

2198 4995 2399 5059 David,
2425 5012 2457 5049 a
2479 4993 2653 5047 David
2681 5008 2868 5062 usque
2890 4991 2960 5045 ad
2988 4988 3564 5059 transmigrationem
3584 4985 3637 5038 in
3660 4982 3824 5052 Babyo

2200 5086 2440 5150 loniam,
2459 5088 2634 5153 atque
2654 5082 2790 5135 inde
2814 5096 3000 5151 usque
3019 5080 3090 5135 ad
3111 5077 3355 5149 virginis
3388 5081 3616 5148 partum
3638 5068 3822 5144 (Matth.

2200 5191 2237 5245 1,
2276 5173 2382 5242 17).
2407 5174 2541 5236 Quae
2564 5175 2682 5224 tres
2703 5173 2899 5224 aetates
2918 5169 3243 5238 conjunctae
3268 5164 3384 5221 illis
3409 5163 3654 5225 duabus,
3674 5158 3823 5232 quin-

2199 5277 2311 5332 que
2335 5260 2572 5315 faciunt.
2598 5257 2844 5312 Proinde
2875 5262 3096 5312 sextam
3118 5253 3409 5311 inchoavit
3440 5252 3702 5309 nativitas
3731 5252 3819 5301 Do-

2201 5348 2364 5415 mini,
2398 5366 2525 5420 qua:
2553 5363 2709 5402 nunc
2731 5346 2925 5417 agitur
2946 5360 3131 5416 usque
3161 5344 3233 5400 ad
3257 5341 3548 5399 occultum
3566 5333 3819 5409 temporis

2199 5440 2567 5494 ﬁnem.Hunc
2586 5435 2881 5491 senarium
2903 5449 3212 5489 numerum
3232 5430 3547 5504 quamdam
3566 5421 3817 5496 temporis

2197 5542 2396 5599 gerere
2420 5527 2688 5598 figuram,
2722 5522 2896 5577 etiam
2916 5523 2975 5576 in
3006 5520 3106 5576 illa
3136 5520 3359 5576 ratione
3388 5514 3682 5589 tripartite:
3710 5510 3813 5565 dis-

2260 5662 2279 5694 ί
2310 5656 2525 5720 Aliquot
2558 5655 2702 5704 Msa:
2736 5649 3159 5714 Transﬁgurabit.
