4100 6194
279 356 392 415 893

269 487 612 544 tributionis
644 490 1040 559 agnoscimus,
1075 506 1189 559 qua
1217 506 1399 544 unum
1431 493 1664 561 tempus
1687 505 1925 560 compu-

268 580 467 631 tamus
491 582 622 630 ante
649 577 887 648 Legem;
914 577 1188 642 alterum,
1210 580 1316 632 sub
1340 579 1516 649 Lege;
1536 578 1794 642 tertium,
1816 578 1925 632 sub

267 665 472 738 gratia.
514 667 573 719 In
619 681 733 736 quo
769 673 1031 737 tempore
1064 672 1494 720 sacramentum
1528 664 1923 720 renovationis

271 753 629 824 accepimus:
668 752 809 807 utin
844 754 954 808 line
984 754 1265 825 temporis
1292 753 1464 808 etiam
1501 752 1922 808 resurrectione

270 840 431 896 carni
464 841 621 896 omni
654 859 721 896 ex
755 847 913 913 parte
948 844 1225 905 renovati,
1261 843 1332 896 ab
1362 841 1650 908 universa,
1685 858 1796 897 non
1823 859 1916 897 so-

271 928 395 983 lum
430 929 657 991 animae,
691 943 891 983 verum
916 928 1090 983 etiam
1114 930 1372 1002 corporis
1396 930 1733 985 infirmitate
1755 946 1920 985 sane-

271 1035 423 1071 mur.
452 1016 611 1072 Unde
632 1016 982 1089 intelligitur
1003 1018 1104 1073 illa
1127 1018 1336 1073 mulier
1355 1018 1413 1072 in
1441 1024 1573 1091 typo
1599 1018 1864 1073 Ecclesia:
1889 1034 1920 1071 a

267 1106 512 1161 Domino
527 1111 734 1161 sanata
753 1110 807 1161 et
827 1111 1036 1174 erecta,
1058 1124 1230 1177 quam
1252 1114 1589 1163 curvaverat
1608 1108 1918 1163 infirmitas

265 1194 542 1265 alligante
574 1198 798 1249 satana.
831 1194 909 1250 Dc
942 1194 1160 1251 talibus
1191 1196 1348 1251 enim
1381 1196 1625 1251 occultis
1650 1195 1919 1250 hostibus

267 1282 494 1355 plangit
526 1282 625 1338 illa
656 1301 761 1338 vox
792 1284 1004 1339 Psalmi
1031 1301 1044 1339 :
1080 1285 1452 1340 Curvaverunt
1481 1287 1725 1340 animam
1746 1300 1921 1339 meam

263 1373 438 1444 (Psal.
467 1390 576 1438 LVl,
596 1373 675 1443 7).
705 1372 1037 1429 Haecautem
1054 1373 1264 1429 mulier
1295 1374 1492 1428 decem
1516 1378 1572 1428 et
1595 1378 1721 1428 octo
1735 1389 1921 1427 annos

268 1460 521 1515 habebat
545 1462 599 1515 in
622 1461 987 1525 inﬁrmitate,
1014 1464 1165 1534 quod
1192 1468 1279 1518 est
1301 1468 1386 1517 ter
1403 1462 1547 1517 seni.
1572 1462 1798 1517 Menses
1817 1479 1916 1516 au-

264 1555 377 1603 tem
400 1567 689 1604 annorum
711 1551 910 1605 decem
934 1556 990 1606 et
1011 1557 1137 1606 octo
1176 1551 1553 1606 inveniuntur
1594 1551 1651 1605 in
1676 1567 1919 1605 numero

264 1639 437 1693 solidi
470 1640 739 1710 quadrati
772 1641 1007 1708 senarii,
1042 1642 1196 1711 quod
1226 1651 1311 1695 est
1343 1639 1529 1695 sexies
1560 1641 1707 1702 seni,
1735 1644 1791 1695 et
1810 1639 1920 1694 hoc

262 1727 472 1783 sexies.
507 1728 683 1784 Juxta
713 1730 928 1801 quippe
960 1736 1048 1785 est
1095 1729 1152 1785 in
1186 1732 1389 1785 eodem
1443 1728 1734 1801 Evangelii
1769 1727 1917 1794 loco,

261 1819 438 1873 arbor
464 1835 696 1890 quoque
718 1818 817 1873 illa
849 1820 1120 1886 ﬁculnea,
1148 1821 1317 1890 cujus
1343 1820 1617 1875 miseram
1643 1818 1917 1873 sterilita-

261 1914 381 1962 tem
411 1909 589 1964 etiam
625 1909 833 1966 tertius
864 1928 1055 1965 annus
1087 1912 1390 1982 arguebat.
1432 1911 1540 1965 Sed
1594 1910 1675 1964 ita
1698 1926 1798 1981 pro
1824 1908 1920 1964 illa

274 2001 667 2056 intercessum
714 2009 821 2073 est,
876 2008 938 2057 ut
987 2003 1379 2057 dimitteretur
1427 2001 1525 2055 illo
1570 2018 1743 2066 anno,
1778 2005 1839 2055 ut
1871 2000 1919 2055 si

268 2091 530 2146 fructum
566 2094 757 2163 ferret,
790 2093 973 2161 bene;
1008 2093 1099 2148 sin
1139 2093 1326 2160 aliter,
1377 2093 1739 2148 excideretur
1766 2092 1918 2163 (Luc.

265 2196 394 2245 xm,
425 2182 603 2251 6-17).
639 2182 783 2237 Nam
817 2187 875 2237 et
910 2189 1027 2238 tres
1058 2182 1195 2237 anni
1228 2183 1297 2237 ad
1350 2182 1613 2236 eamdem
1664 2178 1921 2251 triparti-

264 2276 389 2326 tam
454 2273 931 2328 distributionem
994 2273 1307 2345 pertinent,
1360 2278 1415 2327 et
1466 2288 1694 2327 menses
1741 2270 1920 2325 trium

264 2377 560 2416 annorum
607 2361 960 2432 quadratum
1013 2362 1305 2417 senarium
1363 2361 1602 2428 faciunt,
1651 2360 1803 2430 quod
1835 2363 1923 2414 est

264 2450 457 2506 sexies
490 2450 635 2506 seni.

334 2540 390 2594 8.
418 2543 616 2595 Annus
642 2541 817 2595 etiam
845 2558 1019 2611 unus,
1045 2541 1093 2595 si
1119 2540 1424 2595 duodecim
1450 2555 1683 2595 menses
1709 2538 1919 2609 integri

263 2629 735 2695 considerantur,
791 2646 940 2701 quos
988 2630 1191 2685 triceni
1239 2630 1362 2683 dies
1395 2628 1690 2700 complent
1722 2626 1921 2699 (talem

264 2720 484 2789 quippe
511 2734 767 2773 mensem
788 2724 1007 2773 veteres
1026 2719 1499 2783 observaverunt,
1520 2733 1693 2788 quem
1715 2716 1923 2771 circui-

262 2809 366 2860 tus
398 2805 620 2860 lunaris
655 2806 951 2875 ostendit),
986 2807 1216 2860 senario
1254 2821 1496 2859 numero
1529 2804 1726 2876 pollet.
1761 2803 1920 2867 Quod

265 2894 427 2953 enim
460 2894 654 2949 valent
683 2911 783 2949 sex
812 2895 869 2949 in
906 2895 1093 2967 primo
1138 2896 1339 2950 ordine
1391 2911 1789 2963 numerorum,
1824 2894 1924 2967 qui

266 2988 505 3041 constat
525 3000 591 3037 ex
612 2983 746 3037 unis
770 2988 834 3037 ut
856 2983 1224 3053 perveniatur
1246 2985 1314 3038 ad
1341 2984 1576 3051 decem;
1601 2984 1709 3038 hoc
1731 2982 1925 3038 valent

267 3072 577 3141 sexaginta
602 3072 657 3125 in
682 3072 941 3126 secundo
964 3072 1188 3139 ordine,
1213 3072 1311 3142 qui
1336 3076 1563 3127 constat
1584 3089 1650 3126 ex
1677 3070 1842 3127 denis
1860 3074 1925 3125 ut

265 3161 646 3234 perveniatur
667 3160 737 3213 ad
763 3165 1020 3214 centum.
1046 3160 1467 3231 Sexagenarius
1487 3176 1622 3233 ergo
1643 3177 1923 3215 numerus

266 3251 527 3313 dierum,
561 3253 723 3303 sexta
755 3266 891 3319 pars
924 3249 1060 3304 anni
1092 3254 1200 3304 est.
1235 3250 1480 3304 Proinde
1502 3267 1604 3321 per
1624 3249 1922 3305 senarium

268 3338 451 3410 primi
485 3354 708 3403 versus,
743 3337 1202 3408 multiplicatur‘
1236 3343 1517 3410 tanquam
1550 3340 1819 3394 senarius
1840 3355 1926 3394 se-

268 3428 453 3483 cundi
486 3443 687 3481 versus
720 3431 775 3481 et
818 3427 967 3481 fiunt
1014 3428 1200 3482 sexies
1250 3428 1547 3500 sexageni,
1600 3430 1838 3483 trecenti
1872 3433 1927 3483 et

267 3517 581 3588 sexaginta
608 3516 754 3579 dies,
788 3516 887 3586 qui
921 3522 1059 3571 sunt
1087 3516 1296 3587 integri
1328 3517 1632 3572 duodecim
1668 3533 1920 3573 menses.

268 3606 382 3660 Sed
412 3606 692 3677 quoniam
714 3604 862 3659 sicut
885 3622 1146 3660 mensem
1180 3606 1458 3661 circuitus
1490 3606 1645 3661 lunae
1673 3608 1928 3662 ostendit

270 3693 732 3762 hominibus,sic
746 3711 933 3748 annus
948 3694 1190 3749 circuitu
1207 3694 1347 3748 solis
1360 3694 1799 3750 animadversus
1813 3700 1925 3763 est;

270 3787 505 3839 restant
530 3789 718 3836 autem
747 3782 1007 3854 quinque
1029 3782 1154 3837 dies
1176 3783 1547 3854 etquadrans
1582 3784 1717 3853 diei,
1746 3788 1809 3838 ut
1840 3786 1921 3839 sol

269 3871 773 3942 impleatcursum
789 3888 961 3925 suum
979 3886 1317 3942 annumque
1331 3872 1659 3927 concludat:
1676 3878 1927 3943 quatuor

270 3962 433 4015 enim
459 3960 809 4031 quadrantes
834 3960 1054 4014 faciunt
1077 3977 1257 4015 unum
1283 3961 1461 4029 diem,
1489 3978 1662 4031 quem
1693 3978 1927 4017 necesse

270 4050 332 4104 in
360 4047 694 4105 intercalari
716 4065 956 4104 excurso
983 4049 1389 4118 quadriennio,
1413 4051 1565 4120 quod
1603 4050 1925 4106 bissextum

268 4144 505 4204 vocant,
532 4155 602 4193 ne
626 4144 954 4208 temporum
970 4138 1110 4191 ordo
1126 4138 1421 4192 turbetur:
1444 4138 1617 4193 etiam
1636 4140 1791 4209 ipsos
1805 4141 1928 4196 dies

274 4224 542 4296 quinque
569 4229 625 4279 et
653 4224 1039 4294 quadrantem
1073 4224 1121 4278 si
1170 4225 1628 4296 consideremus,
1661 4228 1927 4282 senarius

269 4328 564 4367 numerus
592 4313 647 4365 in
667 4312 751 4367 eis
778 4310 1099 4383 plurimum
1122 4312 1291 4367 valet.
1317 4314 1599 4380 Primum,
1625 4316 1762 4386 quia
1780 4316 1929 4370 sicut

271 4402 403 4456 ﬁeri
429 4400 576 4455 solet
600 4406 704 4454 uta
728 4405 889 4471 parte
903 4406 1090 4455 totum
1118 4408 1508 4472 computetur,
1529 4420 1643 4458 non
1659 4406 1928 4475 suntjam

269 4492 402 4546 dies
426 4488 707 4560 quinque,
736 4489 834 4544 sed
862 4490 1057 4559 potius
1082 4506 1199 4556 sex,
1235 4496 1296 4545 ut
1336 4493 1632 4564 quadrans
1657 4492 1751 4548 ille
1774 4495 1928 4549 acci-

270 4582 476 4651 piatur
501 4595 603 4649 pro
635 4578 745 4631 die.
772 4578 1006 4647 Deinde,
1034 4578 1247 4649 quiain
1272 4579 1415 4651 ipsis
1438 4581 1698 4653 quinque
1722 4582 1927 4637 diebus

269 4673 439 4724 sexta
462 4684 596 4738 pars
629 4667 849 4721 mensis
870 4674 959 4721 est
981 4684 994 4721 :
1017 4667 1140 4737 ipse
1161 4673 1355 4722 autem
1383 4669 1679 4740 quadrans
1702 4688 1801 4725 sex
1820 4670 1927 4727 ho-

270 4776 371 4813 ras
402 4757 597 4812 habet.
631 4756 812 4812 Totus
843 4755 1001 4810 enim
1035 4755 1179 4823 dies,
1213 4755 1269 4810 id
1302 4760 1412 4827 est,
1444 4774 1575 4812 cum
1609 4775 1716 4813 sua
1740 4764 1925 4828 nocte,

282 4846 493 4919 viginti
519 4850 772 4916 quatuor
786 4843 941 4899 horas
959 4848 1120 4908 sunt,
1136 4860 1385 4915 quarum
1402 4862 1534 4917 pars
1549 4851 1780 4918 quarta,
1802 4865 1926 4919 qua;

267 4941 365 4991 est
388 4935 688 5006 quadrans
712 4932 848 4997 diei,
873 4949 975 4989 sex
999 4932 1150 4987 horae
1173 4934 1574 4990 inveniuntur:
1603 4936 1683 4991 ita
1706 4936 1760 4991 in
1787 4939 1926 4993 anni

267 5042 452 5079 cursu
484 5022 751 5077 senarius
785 5038 1068 5078 numerus
1100 5023 1419 5093 plurimum
1449 5024 1621 5081 valet.

348 5111 579 5168 CAPUT
608 5110 673 5165 V.
706 5141 775 5151 -—
803 5111 856 5165 9.
891 5110 1151 5166 Senarius
1181 5115 1313 5168 item
1342 5116 1404 5168 in
1421 5115 1789 5184 aediﬁcatione
1806 5133 1921 5172 cor-

256 5204 422 5274 poris
454 5203 657 5257 Christi
684 5216 749 5256 ac
781 5201 978 5271 templi
1004 5201 1456 5273 Jerosolymitani
1492 5207 1921 5262 commendatus.

263 5292 389 5347 Nec
421 5290 714 5346 immerito
748 5290 803 5344 in
840 5289 1220 5345 aediﬁcatione
1252 5293 1509 5363 corporis
1532 5294 1839 5362 Dominici,
1865 5296 1924 5351 in

263 5383 447 5452 cujus
470 5380 658 5451 figura
681 5378 964 5450 templum
985 5394 1017 5431 θ.
1036 5378 1255 5434 Judaeis
1273 5380 1635 5437 destructum
1657 5383 1849 5439 triduo
1864 5401 1927 5441 se

263 5473 762 5526 resuscitaturum
786 5483 913 5523 esse
936 5466 1185 5537 dicebat,
1210 5485 1491 5525 numerus
1512 5472 1639 5542 ipse
1657 5475 1925 5529 senarius

344 5649 358 5681 ι
394 5645 545 5713 Editi,
563 5644 997 5713 _m_i_zltiplicantur.
1026 5643 1213 5694 Melius
1242 5646 1796 5713 Mss..multiplicatur:
1825 5664 1923 5701 nu-

261 5723 457 5760 merus
490 5707 733 5759 videlicet
770 5707 1030 5757 senarius.

1650 357 1883 417 LIBER
1928 357 2319 426 QUARTUS.

3559 353 3679 413 81M

2039 504 2140 559 pro
2170 505 2321 543 anno
2356 487 2576 559 positus
2608 486 2973 558 intelligitur.
3008 485 3283 541 Dixerunt
3311 485 3499 541 enim:
3541 487 3680 554 Qua-

2036 578 2296 648 draginta
2319 586 2370 632 et
2388 594 2485 632 sex
2504 580 2667 631 annis
2688 578 3023 647 aedi/iratum
3045 580 3121 630 est
3144 577 3420 645 templum.
3446 576 3511 630 Et
3535 592 3678 648 qua-

2035 666 2265 738 dragies
2298 668 2483 721 sexies
2515 666 2659 733 seni,
2698 667 2845 720 fiunt
2874 666 3109 720 ducenti
3157 665 3528 737 septuaginta
3558 682 3676 721 sex.

2033 755 2139 821 Qui
2175 771 2453 810 numerus
2486 756 2710 809 dierum
2744 754 2996 823 complet
3025 770 3225 809 novem
3254 770 3481 808 menses
3503 758 3559 809 et
3579 771 3679 809 sex

2030 845 2174 910 dies,
2202 846 2298 917 qui
2316 851 2597 915 tanquam
2613 847 2809 900 decem
2826 862 3057 901 menses
3073 846 3435 916 parientibus
3452 845 3683 902 feminis

2029 934 2430 1006 imputantur:
2458 952 2573 989 non
2597 936 2734 1006 quia
2763 951 2967 989 omnes
3005 935 3075 989 ad
3115 941 3342 989 sextum
3366 935 3518 989 diem
3552 939 3683 1005 post

2028 1041 2248 1079 nonum
2286 1041 2542 1079 mensem
2577 1025 2940 1094 perveniunt,
2976 1024 3075 1078 sed
3100 1023 3388 1094 quiaipsa
3410 1025 3682 1094 perfectio

2028 1113 2286 1184 corporis
2314 1112 2537 1167 Domini
2566 1118 2650 1168 tot
2666 1112 2873 1167 diebus
2890 1112 2959 1168 ad
2982 1118 3213 1184 partum
3234 1113 3509 1183 perducta
3526 1129 3681 1167 com-

2029 1202 2271 1274 peritur,
2296 1202 2830 1271 sicutamajoribus
2848 1202 3127 1256 traditum
3149 1201 3476 1272 suspiciens
3491 1201 3680 1255 Eccle-

2029 1288 2127 1344 sia:
2150 1290 2404 1344 custodit
2426 1290 2765 1344 auctoritas.
2789 1289 2997 1345 Octavo
3015 1289 3170 1345 enim
3191 1289 3463 1345 calendas
3480 1290 3681 1362 aprilis

2029 1383 2347 1448 conceptus
2378 1378 2655 1443 creditus,
2690 1395 2804 1450 quo
2836 1383 2891 1431 et
2923 1395 3133 1449 passus
3161 1395 3173 1433 :
3199 1379 3280 1433 ita
3305 1384 3680 1435 monumento

2030 1482 2175 1521 novo
2211 1482 2325 1534 quo
2360 1466 2625 1538 sepultus
2652 1470 2759 1537 est,
2796 1466 2893 1521 ubi
2924 1466 3119 1521 nullus
3150 1473 3274 1522 erat
3313 1474 3679 1523 mortuorum

2029 1555 2258 1627 positus
2281 1558 2460 1625 (Joan.
2482 1574 2597 1626 xix,
2620 1557 2706 1623 41,
2734 1557 2844 1627 42),
2872 1573 2975 1611 nec
3001 1561 3152 1622 ante,
3176 1573 3278 1611 nec
3302 1562 3519 1628 postea,
3544 1574 3679 1612 con-

2028 1646 2184 1718 gruit
2199 1646 2461 1701 uterusvi
2476 1646 2653 1718 rginis
2670 1663 2783 1718 quo
2799 1652 3115 1718 conceptus
3133 1654 3240 1715 est,
3258 1648 3353 1701 ubi
3374 1648 3573 1703 nullus
3596 1664 3683 1703 se-

2030 1735 2763 1790 minatusestmortalium.
2792 1739 3187 1791 Natusautem
3208 1736 3457 1791 traditur
3483 1742 3681 1792 octavo

2029 1825 2639 1894 calendasjanuarias.
2665 1825 2748 1879 Ab
2774 1824 2870 1879 illo
2892 1841 3029 1895 ergo
3055 1826 3145 1880 die
3182 1842 3365 1897 usque
3397 1826 3468 1880 ad
3502 1826 3680 1881 istum

2031 1914 2408 1983 computati'.
2440 1914 2672 1967 ducenti
2708 1914 3080 1985 septuaginta
3111 1919 3165 1969 et
3188 1931 3287 1969 sex
3313 1914 3683 1986 reperiuntur

2031 2000 2175 2067 dies,
2196 2000 2290 2069 qui
2317 2001 2611 2055 senarium
2639 2018 2947 2055 numerum
2977 2002 3324 2073 quadragies
3356 2001 3539 2057 sexies
3571 2002 3678 2058 ha-

2030 2090 2188 2145 bent.
2205 2091 2325 2155 Quo
2342 2106 2584 2145 numero
2599 2107 2884 2145 annorum
2902 2090 3185 2161 templum
3202 2091 3553 2145 aediﬁcatum
3568 2097 3675 2160 est,

2031 2178 2246 2250 quiaeo
2260 2194 2504 2234 numero
2518 2178 2881 2234 senariorum
2895 2179 3343 2251 corpusDomini
3358 2180 3677 2251 perfectum

2031 2268 2301 2338 est.quod
2316 2268 2519 2322 mortis
2535 2268 2800 2338 passione
2814 2269 3201 2334 destructum,
3218 2268 3412 2323 triduo
3427 2269 3676 2325 resusci-

2030 2356 2194 2411 tavit.
2228 2357 2447 2411 Dicebat
2477 2356 2631 2411 enim
2666 2356 2772 2412 hoc
2805 2357 2868 2413 de
2901 2358 3097 2428 templo
3117 2360 3355 2428 corporis
3376 2360 3466 2413 sui
3484 2358 3584 2429 (Id.
3612 2374 3673 2427 ιι,

2033 2447 2238 2517 19-21),
2272 2446 2424 2501 sicut
2453 2446 2893 2503 evidentissimo
2942 2452 2999 2503 et
3048 2448 3456 2504 robustissima
3487 2448 3675 2503 Evan-

2030 2534 2166 2607 gelii
2199 2535 2535 2591 testimonio
2568 2535 2912 2603 declaratur,
2946 2553 3062 2609 quo
3102 2537 3218 2593 ait:
3270 2537 3421 2593 Sicut
3449 2540 3556 2608 fuit
3584 2538 3675 2593 Jo-

2030 2640 2131 2679 nas
2164 2626 2222 2679 in
2250 2629 2441 2680 ventre
2472 2627 2577 2680 ceti
2606 2628 2788 2680 tribus
2817 2626 3030 2690 diebus,
3070 2630 3121 2682 et
3166 2627 3345 2682 tribus
3390 2626 3676 2689 noctibus;

2032 2714 2111 2768 sic
2137 2716 2242 2768 erit
2272 2714 2457 2770 Filius
2487 2715 2722 2770 hominis
2754 2716 2814 2769 in
2842 2715 3000 2769 corde
3046 2719 3212 2773 terrae
3258 2716 3435 2771 tribus
3466 2715 3675 2785 diebus,

2031 2806 2082 2858 et
2110 2803 2295 2857 tribus
2324 2804 2572 2858 noctibus
2594 2803 2831 2875 (Matth.
2865 2821 2965 2871 x11,
2998 2804 3107 2876 40).

2104 2893 2339 2949 CAPUT
2372 2894 2459 2949 VI.
2492 2924 2561 2935 —
2592 2895 2679 2948 10.
2714 2894 2981 2950 Triduum
3016 2895 3457 2966 resurrectionis,
3490 2896 3552 2949 in
3576 2910 3680 2966 quo

2035 2984 2207 3037 etiam
2238 2987 2467 3055 apparet
2496 2985 2636 3039 ratio
2665 2985 2857 3053 simpli
2885 2985 2958 3039 ad
2984 2984 3231 3052 duplum.
3265 2986 3457 3055 Ipsum
3483 2990 3680 3039 autem

2032 3071 2294 3126 triduum
2321 3089 2434 3126 non
2458 3076 2643 3126 totum
2662 3071 2965 3143 etplenum
2986 3072 3185 3137 fuisse,
3202 3072 3681 3144 Scripturatestis

2033 3164 2122 3215 est
2145 3177 2157 3213 :
2185 3161 2285 3215 sed
2310 3161 2534 3233 primus
2556 3160 2680 3215 dies
2704 3178 2737 3216 a
2761 3166 2921 3231 parte
2943 3166 3202 3217 extrema
3224 3167 3378 3217 totus
3400 3178 3681 3217 annume-

2034 3254 2196 3304 ratus
2226 3256 2349 3314 est;
2383 3249 2507 3305 dies
2555 3266 2686 3305 vero
2718 3250 2928 3305 tertius
2958 3268 2991 3305 a
3023 3256 3182 3321 parte
3232 3252 3439 3323 prima,
3473 3255 3529 3306 et
3560 3250 3683 3321 ipse

2032 3340 2193 3393 totus
2218 3359 2232 3406 ς
2258 3337 2488 3393 medius
2512 3344 2705 3393 autem
2732 3338 2883 3394 inter
2904 3355 3027 3404 eos,
3048 3339 3103 3393 id
3125 3345 3232 3409 est,
3252 3341 3543 3396 secundus
3562 3339 3683 3394 dies

2035 3427 2301 3483 absolute
2332 3432 2489 3483 totus
2519 3428 2724 3499 viginti
2758 3434 3007 3499 quatuor
3028 3428 3187 3483 horis
3210 3429 3354 3499 suis,
3378 3429 3679 3484 duodecim

2036 3517 2339 3572 nocturnis
2362 3521 2419 3571 et
2441 3517 2750 3572 duodecim
2776 3517 3023 3573 diurnis.
3057 3517 3378 3573 Cruciﬁxus
3410 3521 3498 3573 est
3528 3516 3683 3573 enim

2036 3605 2225 3677 primo
2242 3605 2578 3659 Judaeorum
2605 3605 2844 3660 vocibus
2867 3605 3009 3660 hora
3028 3606 3215 3671 tertia,
3236 3622 3367 3660 cum
3386 3610 3541 3660 esset
3561 3604 3683 3660 dies

2036 3700 2202 3750 sexta
2232 3693 2483 3747 sabbati.
2517 3692 2733 3748 Deinde
2765 3694 2820 3747 in
2854 3693 2983 3764 ipsa
3029 3711 3199 3749 cruce
3241 3710 3564 3765 suspensus
3596 3698 3685 3750 est

2037 3782 2179 3838 hora
2202 3786 2382 3851 sexta,
2406 3786 2463 3836 et
2482 3781 2757 3852 spiritum
2780 3781 3021 3837 tradidit
3042 3782 3183 3836 hora
3207 3798 3359 3837 nona
3380 3784 3485 3855 (Id.
3506 3800 3679 3850 xxvn,

2036 3873 2251 3943 23-50).
2276 3870 2549 3942 Sepultus
2572 3874 2661 3925 est
2684 3876 2876 3926 autem
2896 3888 3021 3926 cum
3038 3873 3150 3938 iam
3166 3887 3281 3927 sero
3296 3875 3505 3940 factum
3523 3878 3682 3944 esset,

2036 3960 2188 4016 sicut
2209 3976 2337 4015 sese
2362 3960 2575 4015 habent
2597 3960 2772 4015 verba
2804 3960 3094 4031 Evangelii
3117 3961 3302 4029 (Marc.
3336 3979 3427 4027 xv,
3459 3963 3531 4015 42
3558 3963 3643 4030 46)
3668 3980 3681 4029 ;

2037 4050 2188 4121 quod
2218 4048 2583 4119 intelligitur,
2601 4049 2659 4103 in
2674 4049 2932 4104 ﬁnediei.
2953 4050 3683 4123 Undelibetergoincipias,

2038 4140 2210 4194 etiam
2247 4139 2294 4193 si
2328 4136 2443 4193 alia
2473 4137 2618 4193 ratio
2652 4138 2812 4194 reddi
2857 4144 3068 4210 potest,
3120 4144 3416 4212 quomodo
3466 4158 3579 4195 non
3612 4139 3687 4195 sit

2038 4234 2239 4284 contra
2260 4227 2637 4299 Evangelium
2676 4228 2923 4284 Joannis
2965 4228 3141 4300 (Joan.
3167 4230 3415 4301 x1x,1!t),
3452 4234 3516 4284 ut
3544 4229 3688 4284 hora

2038 4318 2210 4373 tertia
2232 4317 2388 4388 ligno
2410 4333 2736 4387 suspensus
2759 4316 3149 4390 intelligatur;
3166 4322 3353 4373 totum
3368 4319 3519 4372 diem
3533 4319 3553 4352 ³
3569 4319 3686 4389 pri-

2039 4423 2203 4461 mum
2228 4422 2341 4460 non
2368 4421 2492 4460 com
2504 4406 2832 4478 prehendis.
2862 4407 3010 4478 Ergo
3030 4423 3064 4460 a
3080 4413 3241 4478 parte
3258 4412 3346 4461 ext
3358 4423 3510 4461 rema
3532 4411 3686 4462 totus

2041 4495 2498 4567 computabitur,
2522 4495 2673 4550 sicut
2694 4496 2901 4550 tertius
2924 4513 2958 4549 a
2980 4500 3138 4565 parte
3162 4496 3370 4566 prima.
3390 4500 3511 4551 Nox
3529 4496 3685 4551 enim

2040 4585 2308 4657 usquead
2325 4583 3022 4651 diluculum,quoDomini
3039 4585 3688 4640 resurrectiodeclarata

2038 4680 2145 4744 est,
2169 4673 2241 4728 ad
2264 4672 2499 4727 tertium
2525 4673 2677 4727 diem
2706 4672 2980 4743 pertinet:
2998 4673 3136 4743 quia
3154 4673 3309 4729 Deus
3329 4673 3430 4746 qui
3452 4674 3594 4728 dixit
3617 4676 3686 4729 de

2038 4762 2294 4818 tenebris
2339 4761 2521 4815 lucent
2548 4759 2866 4816 clarescere
2889 4761 2962 4833 (II
2987 4762 3107 4817 Cor.
3132 4778 3210 4828 IV,
3232 4764 3311 4835 6),
3339 4770 3402 4818 ut
3425 4780 3524 4835 per
3553 4780 3684 4834 gra-

2035 4854 2179 4907 tiam
2192 4851 2330 4905 Novi
2346 4848 2703 4904 Testamenti
2720 4854 2775 4903 et
2789 4850 3292 4922 participationem
3311 4851 3685 4907 resurrectio-

2038 4941 2130 4995 nis
2152 4939 2361 4994 Christi
2386 4938 2749 5003 audiremus,
2764 4939 2965 4994 Fuistis
2976 4941 3121 4994 enim
3138 4940 3431 5012 aliquando
3445 4940 3686 4995 tenebrae

2034 5046 2182 5084 nunc
2210 5038 2393 5083 autem
2414 5028 2517 5082 tua:
2537 5028 2593 5080 in
2618 5028 2845 5083 Domino
2867 5028 3083 5099 (Ephes.
3111 5046 3160 5095 ν,
3185 5030 3239 5101 8)
3265 5046 3278 5093 ;
3306 5029 3563 5083 insinuat
3585 5045 3684 5082 no-

2037 5119 2127 5174 bis
2157 5118 2413 5187 quodam
2445 5116 2617 5169 modo
2639 5118 2793 5187 quod
2819 5134 2851 5171 a
2872 5124 3037 5171 nocte
3060 5118 3183 5172 dies
3206 5123 3403 5173 sumat
3423 5117 3680 5172 initium.

2038 5208 2200 5263 Sicut
2229 5206 2381 5260 enim
2420 5204 2591 5274 primi
2625 5206 2746 5259 dies
2779 5212 3015 5276 prapter
3036 5207 3295 5260 futurum
3320 5206 3574 5259 hominis
3598 5205 3682 5259 la-

2037 5312 2208 5368 psum
2232 5311 2265 5348 a
2287 5294 2411 5348 luce
2437 5293 2493 5346 in
2514 5300 2740 5347 noctem
2770 5292 2919 5361 (Gen.
2947 5310 2985 5357 ι,
3014 5294 3064 5362 li,
3087 5294 3181 5363 5);
3211 5294 3292 5348 ita
3322 5294 3414 5348 isti
3451 5299 3684 5366 propter

2036 5384 2292 5440 hominis
2307 5381 2733 5453 reparationem
2751 5398 2784 5436 a
2797 5381 3051 5437 tenebris
3065 5382 3135 5436 ad
3150 5381 3335 5437 lucem
3350 5386 3685 5453 computan-

2034 5480 2149 5530 tur.
2171 5473 2255 5528 Ab
2274 5472 2418 5526 hora
2433 5486 2568 5540 ergo
2589 5469 2793 5524 mortis
2817 5486 3003 5541 usque
3022 5471 3093 5525 ad
3127 5470 3453 5527 diluculum
3482 5488 3679 5528 resur-

2098 5592 2113 5625 ¹
2146 5587 2316 5638 Editio
2347 5587 2498 5643 Ven.,
2540 5583 2839 5646 computari.
2868 5585 2935 5632 M.

2034 5715 2069 5766 ὰ
2096 5653 2291 5766 illo“
2323 5649 2369 5697 si
2398 5650 2557 5697 totum
2587 5646 2738 5695 diem.
2764 5647 2939 5707 Abest,
2963 5647 3008 5695 si
3028 5648 3094 5697 ab
3118 5649 3235 5699 aliis
3254 5649 3475 5711 libris,ct
3496 5650 3681 5701 abesse

2073 5729 2099 5765 θ
2139 5729 2167 5765 e
2197 5750 2209 5763 .

2073 5729 2209 5765 θυθι.
