4100 6194
168 5730 341 5817 “‘1.

465 301 584 362 895

469 435 739 492 rectionis
761 438 913 494 horse
934 445 1072 495 sunt
1096 444 1508 515 quadraginta,
1542 450 1603 499 ut
1619 446 1793 501 etiam
1819 446 1949 519 ipsa
1969 446 2115 501 hora

469 541 622 579 nona
642 543 786 581 conn
799 534 1111 587 umeretur.
1138 532 1239 586 Cui
1263 550 1504 589 numero
1522 536 1789 607 congruit
1804 537 1979 590 etiam
1997 535 2115 590 vita

466 616 593 685 ejus
606 622 1002 687 superterram
1021 624 1643 692 postresurrectionem
1657 626 1713 681 in
1731 625 2115 697 quadraginta

468 705 692 760 diebus.
719 707 788 760 Et
811 713 898 763 est
920 708 1029 763 iste
1052 728 1335 768 numerus
1357 714 1941 786 frequentissimusin
1962 714 2111 770 Scri-

469 794 655 864 pturis
686 796 755 850 ad
789 795 1209 855 insinuandum
1256 803 1598 874 mysterium
1650 803 2019 875 perlectionis
2053 804 2112 857 in

467 883 866 955 quadriparito
892 890 1109 943 mundo
1131 893 1169 943 ¹.
1198 890 1425 947 Habent
1447 894 1601 947 enim
1628 893 1945 964 quamdam
1982 909 2113 963 per-

468 972 772 1028 fectionem
806 975 1032 1043 decem,
1061 984 1118 1031 et
1148 995 1213 1033 ea
1248 986 1454 1051 quater
1485 980 1872 1045 multiglicata
1897 981 2119 1036 faciunt

468 1062 871 1131 quadraginta.
905 1068 950 1119 A
980 1082 1215 1138 vespere
1248 1075 1441 1124 autem
1475 1069 1785 1141 sepulturae
1827 1085 2013 1141 usque
2044 1070 2115 1123 ad

468 1149 792 1206 diluculum
817 1157 1259 1211 resurrectionis
1280 1158 1518 1229 triginta
1541 1175 1639 1212 sex
1663 1158 1815 1212 horas
1838 1163 1995 1226 sunt,
2018 1163 2114 1230 qui

464 1245 551 1294 est
576 1242 897 1311 quadratus
918 1246 1207 1300 senarius.
1235 1246 1501 1301 Refertur
1526 1251 1717 1302 autem
1744 1248 1814 1302 ad
1841 1246 1998 1302 illam
2023 1265 2113 1303 ra-

463 1328 680 1383 tionem
707 1332 901 1404 simpli
927 1334 995 1387 ad
1018 1333 1290 1405 duplum,
1310 1336 1406 1389 ubi
1427 1342 1514 1391 est
1530 1335 1916 1407 coaptationis
1937 1337 2115 1392 maxi-

463 1432 561 1472 ma
581 1420 985 1475 consonantia.
1016 1423 1328 1479 Duodecim
1358 1424 1514 1479 enim
1537 1425 1604 1478 ad
1638 1424 1839 1496 viginti
1863 1429 2116 1496 quatuor

459 1506 671 1579 simplo
693 1509 763 1563 ad
789 1510 1035 1581 duplum
1059 1512 1439 1574 conveniunt,
1463 1518 1520 1566 et
1540 1514 1688 1567 tiunt
1708 1514 1949 1584 triginta
1969 1531 2107 1570 sex:

459 1612 571 1651 nox
592 1600 711 1652 tota
733 1614 866 1653 cum
891 1599 983 1654 die
1005 1604 1123 1655 toto
1146 1604 1204 1655 et
1231 1606 1401 1656 nocte
1438 1606 1579 1667 tota,
1617 1618 1806 1673 neque
1855 1602 1963 1657 hoc
1986 1602 2112 1658 sine

459 1683 557 1740 illo
581 1692 942 1743 sacramento
966 1690 1121 1759 quod
1146 1707 1323 1762 supra
1348 1691 1679 1746 memoravi.
1707 1691 1832 1746 Non
1856 1692 2111 1747 absurde

460 1775 675 1845 quippe
705 1777 976 1847 spiritum
1011 1778 1121 1833 diei
1163 1795 1572 1850 comparamus
1600 1798 1611 1847 ;
1646 1797 1857 1850 corpus
1890 1786 2107 1848 autem,

462 1865 641 1919 nocti.
667 1864 1032 1921 Dominicum
1057 1868 1211 1922 enim
1235 1884 1446 1940 corpus
1470 1869 1525 1923 in
1555 1874 1738 1924 morte
1765 1887 1830 1925 ac
1851 1886 2107 1927 resurre-

467 1953 675 2017 ctione,
699 1958 755 2008 et
772 1954 977 2027 spiritu
1004 1956 1181 2010 nostri
1212 1958 1482 2028 figuram,
1513 1962 1569 2012 et
1595 1958 1852 2029 corporis
1873 1959 2109 2030 gerebat

463 2042 816 2114 exemplum.
842 2045 1023 2099 Etiam
1047 2046 1130 2100 sic
1153 2062 1289 2118 ergo
1313 2052 1550 2118 apparet
1594 2046 1694 2103 illa
1733 2048 1879 2103 ratio
1911 2048 2109 2120 simpli

460 2132 532 2186 ad
559 2132 803 2203 duplum
826 2133 885 2188 in
908 2133 1068 2189 boris
1088 2134 1331 2207 triginta
1353 2153 1472 2201 sex,
1491 2152 1624 2191 cum
1645 2138 1951 2193 duodecim
1972 2154 2107 2193 con-

459 2220 725 2276 feruntur
745 2223 815 2276 ad
839 2222 1039 2295 viginti
1058 2226 1400 2295 quatuor.Et
1421 2225 1881 2297 horumquidem
1903 2242 2105 2283 nume-

460 2326 656 2364 rorum
677 2327 907 2378 causas,
928 2312 1105 2367 curin
1130 2313 1448 2385 Scripturis
1487 2316 1705 2370 sanctis
1727 2315 1898 2386 positi
1931 2316 2106 2383 sint”,

460 2403 650 2470 potest
673 2399 823 2455 alius
844 2399 989 2456 alias
1012 2401 1307 2473 indagare,
1334 2403 1419 2458 vel
1456 2404 1668 2475 quibus
1690 2404 1816 2461 ista:
1837 2423 1980 2474 quas
2002 2422 2107 2479 ego

462 2488 709 2553 reddidi,
737 2492 1133 2561 praeponendae
1159 2491 1297 2562 sint,
1322 2491 1407 2548 vel
1443 2509 1605 2563 aeque
1645 2494 1995 2565 probabiles,
2018 2495 2107 2551 vel

462 2575 593 2631 istis
615 2577 788 2633 etiam
816 2578 1233 2650 probabiliores
1258 2598 1274 2635 :
1300 2581 1516 2637 frustra
1540 2586 1733 2638 tamen
1758 2600 1856 2639 eos
1889 2601 2018 2640 esse
2047 2586 2107 2641 in

462 2665 688 2738 Scriptu
698 2666 779 2721 ris
798 2667 1038 2739 positos,
1058 2674 1114 2723 et
1130 2669 1323 2726 nullas
1340 2687 1550 2728 causas
1568 2689 1695 2729 esse
1713 2674 1988 2746 mysticae
2004 2691 2108 2730 cur

463 2753 581 2809 illic
605 2756 697 2810 isti
723 2757 951 2812 numeri
978 2766 1530 2824 commemorentur,
1555 2779 1725 2818 nemo
1747 2769 1865 2818 tam
1886 2764 2106 2819 stultus

462 2844 812 2916 ineptusque
834 2848 1215 2904 contenderit.
1240 2850 1356 2921 Ego
1376 2856 1567 2907 autem
1587 2870 1731 2923 quas
1750 2854 1995 2921 reddidi,
2016 2853 2104 2909 vel

463 2951 530 2989 ex
555 2934 819 2989 Ecclesiae
839 2937 1184 2993 auctoritate
1202 2955 1235 2993 a
1252 2941 1576 3009 majoribus
1604 2942 1905 3007 traditas",
1929 2942 2017 2997 vel
2040 2959 2107 2998 ex

465 3023 791 3078 divinarum
824 3026 1160 3082 testimonio
1192 3028 1643 3100 Scripturarum,
1673 3031 1759 3085 vel
1792 3047 1859 3086 ex
1885 3032 2106 3088 ratione

466 3128 843 3167 numerorum
868 3114 1443 3190 similitudinumque
1459 3118 1684 3191 collegi.
1707 3120 1919 3176 Contra
1942 3121 2108 3178 ratio-

468 3216 600 3254 nem
634 3217 804 3257 nemo
835 3203 1087 3271 sobrius,
1122 3212 1322 3261 contra
1351 3208 1680 3279 Scripturas
1726 3228 1893 3265 nemo
1923 3211 2106 3267 chris-

471 3289 691 3353 tianus,
725 3296 926 3347 contra
956 3293 1271 3350 Ecclesiam
1307 3313 1476 3353 nemo
1526 3299 1806 3369 paciﬁcus
1838 3301 2105 3358 senserit.

538 3379 770 3436 CAPUT
793 3382 911 3438 VII.
943 3414 1014 3424 -—
1044 3385 1127 3439 11.
1156 3385 1426 3453 Quomodo
1444 3403 1543 3458 per
1562 3404 1734 3443 unum
1755 3389 2110 3446 Mediatorem

463 3485 537 3524 ex
554 3471 745 3524 multis
764 3472 1095 3540 colligamur
1110 3475 1167 3527 in
1188 3492 1378 3529 unum.
1400 3475 1516 3531 Hoc
1532 3483 1987 3549 sacramentum,
2004 3480 2109 3535 hoc

466 3558 842 3627 sacrificium,
867 3561 961 3615 hic
982 3563 1273 3630 sacerdos,
1318 3564 1414 3620 hic
1442 3571 1609 3637 Deus,
1634 3574 1944 3640 antequam
1970 3571 2108 3625 mis-

469 3664 570 3702 sus
591 3649 829 3715 veniret,
855 3650 1045 3706 factus
1067 3669 1133 3707 ex
1158 3652 1392 3722 femina,
1417 3656 1615 3711 omnia
1636 3673 1762 3727 quae
1786 3663 2009 3713 sacrate
2026 3666 2109 3713 at-

471 3752 584 3808 que
606 3739 840 3809 mystice
863 3741 1127 3810 patribus
1150 3744 1367 3799 nostris
1404 3761 1505 3815 per
1546 3746 1805 3819 angelica
1830 3748 2113 3803 miracula

468 3832 885 3898 apparuerunt,
910 3830 1027 3884 sive
1049 3847 1175 3902 quae
1200 3848 1299 3903 per
1315 3834 1472 3904 ipsos
1491 3834 1637 3889 facta
1655 3842 1814 3905 sunt,
1834 3837 2112 3893 similitu-

471 3916 639 3971 dines
654 3917 830 3988 hujus
843 3918 1093 3989 fuerunt,
1108 3922 1376 3977 utomnis
1389 3928 1654 3979 creatura
1668 3926 1835 3981 factis
1854 3928 2108 3998 quodam

474 4007 645 4062 modo
670 4006 1006 4078 loqueretur
1039 4026 1219 4065 unum
1260 4012 1519 4067 futurum
1560 4013 1618 4069 in
1643 4031 1756 4086 quo
1776 4020 1931 4071 esset
1953 4015 2112 4072 salus

473 4094 880 4151 universorum
908 4114 941 4151 a
971 4104 1155 4153 morte
1183 4102 1661 4170 reparandarum.
1696 4103 1842 4168 Quia
1861 4104 2015 4159 enim
2040 4104 2112 4159 ab

470 4200 585 4239 uno
614 4200 748 4239 vero
780 4185 893 4241 Deo
924 4191 982 4241 et
1010 4204 1242 4243 summo
1274 4206 1376 4261 per
1405 4189 1722 4260 impietatis
1744 4191 2108 4263 iniquitatem

468 4273 793 4331 resilientes
805 4285 854 4330 et
870 4277 1237 4332 dissonantes
1255 4278 1701 4346 deﬂuxeramus,
1721 4287 1777 4335 et
1797 4298 2111 4338 evanuere-

470 4379 604 4418 mus
637 4364 695 4418 in
730 4365 934 4435 multa,
971 4367 1201 4421 discissi
1236 4382 1337 4439 per
1363 4369 1551 4424 multa
1586 4375 1644 4424 et
1676 4369 2022 4427 inhaerentes
2051 4372 2110 4426 in

470 4451 1015 4524 multis:oportehat
1038 4460 1183 4509 nutu
1209 4462 1262 4510 et
1288 4456 1530 4528 imperio
1558 4458 1648 4513 Dei
1674 4460 2029 4526 miserantis,
2048 4465 2111 4515 ut

471 4542 601 4612 ipsa
615 4541 1119 4600 multaventurum
1135 4545 1565 4602 conclamarent
1578 4554 1847 4616 unum;et
1860 4567 1892 4604 a
1905 4549 2111 4605 multis

471 4628 868 4687 conclamatus
898 4632 1117 4689 veniret
1149 4652 1323 4705 unus,
1356 4641 1413 4690 et
1444 4635 1629 4691 multa
1649 4643 2115 4693 conteslarentur

472 4720 701 4775 venisse
733 4737 947 4787 unum;
981 4727 1037 4776 et
1067 4740 1100 4776 a
1131 4723 1331 4779 multis
1361 4726 1650 4781 exonerati
1688 4727 2018 4783 veniremus
2040 4729 2108 4783 ad

469 4825 677 4874 unum,
700 4814 756 4863 et
773 4810 973 4865 multis
992 4814 1243 4880 peccatis
1261 4813 1319 4867 in
1339 4814 1534 4869 anima
1551 4816 1787 4879 mortui,
1807 4823 1863 4871 et
1880 4823 2113 4887 propter

469 4904 771 4971 peccatum
798 4899 854 4953 in
879 4915 1051 4954 carne
1070 4900 1357 4972 morituri,
1383 4919 1714 4959 amaremus
1732 4905 1857 4960 sine
1878 4912 2111 4977 peccato

405 5010 412 5018 ·
469 4993 766 5044 mortuum
789 4988 844 5042 in
865 5005 1037 5044 carne
1050 5006 1150 5060 pro
1165 4990 1332 5045 nobis
1344 4998 1611 5059 unum;et
1624 4993 1680 5047 in
1696 4997 2109 5051 resuscitatum

467 5077 789 5143 credentes,
814 5082 1023 5133 etcum
1048 5077 1146 5133 illo
1172 5096 1275 5151 per
1293 5080 1465 5135 ﬁdem
1486 5082 1696 5152 spiritu
1715 5090 2107 5156 resurgentes,

460 5168 926 5239 justilicaremur
952 5166 1010 5223 in
1041 5184 1158 5222 uno
1180 5169 1343 5239 justo
1374 5169 1507 5223 facti
1529 5187 1712 5226 unum
1736 5187 1749 5225 :
1777 5188 1882 5227 nec
1903 5172 1959 5227 in
1984 5174 2111 5245 ipsa

470 5272 641 5312 carne
672 5273 777 5312 nos
800 5262 1227 5313 resurrecturos
1260 5257 1720 5328 desperaremus.
1758 5277 1890 5317 cum
1925 5262 2109 5319 multa

467 5345 732 5400 membra
753 5346 1117 5401 intueremur
1136 5347 1501 5417 praecessisse
1515 5354 1999 5421 noscaputunum
2016 5370 2029 5420 ;
2044 5351 2103 5407 in

470 5450 585 5503 quo
616 5450 769 5488 nunc
800 5451 900 5505 per
929 5434 1100 5489 ﬁdem
1135 5436 1423 5503 mundati,
1456 5441 1507 5492 et
1541 5441 1682 5493 tunc
1720 5455 1824 5511 per
1852 5456 2105 5513 speciem

472 5521 863 5593 redintegrati,
884 5528 941 5578 et
965 5540 1063 5595 per
1084 5525 1455 5581 Mediatorem
1477 5526 1592 5582 Deo
1615 5528 1969 5584 reconciliati
1994 5530 2108 5586 hm-

536 5638 553 5671 ί
588 5634 802 5698 Editi,in
832 5640 1209 5698 quadripartito
1246 5640 1410 5689 modo.
1446 5642 1710 5691 Mendose.

538 5698 560 5762 ξ
589 5697 675 5762 Sic
703 5697 921 5762 Mssig‘tt
955 5702 1100 5757 editi,
1132 5704 1309 5762 posita
1336 5704 1455 5753 sint.

536 5759 559 5795 ³
594 5758 781 5809 Plures
809 5759 951 5818 Mem,
986 5758 1197 5811 tradita.

1585 313 1685 372 DE
1729 313 2178 386 TRINlTATE,
2223 310 2288 372 S.
2334 313 2760 374 AUGUSTlNl

3508 104 3545 139 ἐ
3566 102 3983 175 min

3744 164 3841 185 ,τισὶ

3705 323 3805 384 896

2224 461 2456 501 reamus
2506 446 2627 517 uni,
2682 447 2946 502 fruamur
2995 464 3132 515 uno,
3166 464 3594 520 permaneamus
3634 470 3803 515 unum.

2295 535 2527 590 CAPUT
2562 536 2703 591 VIII.
2729 538 2905 591 -12.
2953 537 3221 606 Quomodo
3260 536 3499 593 Christus
3531 542 3636 595 vult
3660 560 3808 600 manes

2224 626 2280 678 in
2308 640 2365 679 se
2393 641 2564 680 unum
2592 641 2718 680 esse.
2755 625 2845 680 Sic
2878 626 3001 697 ipse
3034 626 3215 681 Filius
3248 627 3367 697 Dei,
3392 631 3624 684 Verbum
3651 633 3748 695 Dei,
3769 640 3813 688 et

2224 713 2375 768 idem
2399 714 2523 785 ipse
2548 715 2829 770 mediator
2851 714 2948 769 Dei
2981 720 3039 770 et
3067 715 3369 770 hominum
3404 718 3571 772 Filius
3600 718 3813 776 hominis

2224 803 2267 873 (Ι
2304 804 2435 857 Tim.
2464 821 2523 873 ιι,
2546 804 2622 871 5),
2645 803 2882 874 (aqualis
2906 804 3058 858 Patri
3085 821 3185 876 per
3202 806 3523 861 divinitatis
3552 808 3813 876 unitatem,

2225 896 2281 944 et
2303 891 2594 963 particeps
2618 895 2844 947 noster‘
2872 910 2971 963 per
3003 893 3387 949 humanitatis
3414 896 3813 966 susceptionem,

2230 978 2453 1034 Patrem
2481 980 2857 1051 interpellans
2882 998 2982 1051 pro
3002 982 3169 1037 nobis
3192 998 3293 1053 per
3312 982 3367 1037 id
3388 984 3531 1053 quod
3550 983 3705 1039 homo
3722 992 3820 1040 erat

2226 1068 2399 1137 (Rom.
2433 1086 2552 1139 vm,
2585 1069 2695 1139 34),
2731 1086 2831 1123 nec
2864 1074 3059 1125 tamen
3107 1074 3306 1125 tacens
3354 1071 3505 1143 quod
3548 1071 3685 1127 Deus
3714 1090 3819 1128 cum

2229 1158 2389 1212 Patre
2415 1174 2597 1212 unum
2623 1163 2766 1228 erat,
2793 1158 2943 1213 inter
2964 1163 3169 1214 caetera
3191 1161 3272 1213 ita
3303 1158 3588 1230 loquitur:
3618 1162 3714 1216 Non
3743 1179 3822 1233 pro

2224 1246 2308 1300 his
2339 1254 2522 1301 autem
2549 1262 2697 1315 rogo,
2722 1247 2935 1317 inquit,
2964 1251 3200 1315 tantum,
3224 1248 3316 1302 sed
3335 1258 3387 1303 et
3409 1265 3506 1320 pro
3528 1254 3602 1304 eis
3629 1252 3712 1321 qui
3727 1267 3822 1305 cre-

2222 1335 2397 1389 dituri
2424 1344 2552 1391 sunt
2576 1352 2677 1405 per
2705 1336 2923 1391 verbum
2956 1353 3149 1392 eorum
3178 1340 3235 1393 in
3267 1354 3353 1393 me
3371 1356 3389 1392 :
3414 1343 3471 1393 ut
3493 1354 3663 1393 omnes
3683 1356 3825 1393 unum

2221 1426 2353 1491 sint,
2376 1426 2519 1480 sicut
2549 1429 2609 1479 tu
2640 1427 2801 1480 Pater
2829 1427 2887 1479 in
2908 1442 3016 1490 me,
3039 1430 3094 1481 et
3114 1443 3207 1496 ego
3232 1429 3290 1482 in
3316 1436 3387 1489 te.
3409 1436 3467 1481 ut
3489 1436 3537 1482 et
3557 1429 3660 1499 ipsi
3679 1430 3728 1482 in
3747 1445 3827 1484 no-

2223 1513 2303 1567 bis
2326 1530 2499 1568 unum
2520 1516 2666 1577 sint;
2697 1524 2757 1569 ut
2785 1515 3020 1570 mundus
3049 1516 3254 1578 credat,
3286 1519 3416 1587 quia
3448 1525 3502 1572 tu
3529 1534 3611 1570 me
3638 1519 3826 1571 misisti.

2221 1603 2284 1655 Et
2313 1619 2410 1671 ego
2441 1604 2748 1659 claritatem
2778 1620 2941 1676 quam
2974 1606 3187 1660 dedisti
3214 1607 3374 1674 mihi,
3407 1606 3531 1661 dedi
3556 1608 3647 1676 eis,
3676 1616 3728 1661 ut
3742 1609 3831 1661 sint

2220 1708 2415 1755 unum,
2448 1694 2586 1747 sicut
2617 1698 2666 1747 et
2695 1710 2793 1749 nos
2829 1711 2999 1748 unum
3046 1711 3230 1749 sumus
3276 1696 3454 1767 (Joan.
3487 1712 3615 1762 xvu,
3644 1696 3827 1767 20-22}.

2290 1780 2517 1835 CAPUT
2574 1781 2662 1836 IX.
2724 1814 2790 1823 ——
2851 1783 3113 1853 Sequitur
3165 1783 3230 1839 de
3286 1783 3471 1840 eodem
3525 1793 3830 1853 argumento.

2222 1867 2344 1923 Non
2380 1868 2546 1938 dixit,
2580 1885 2686 1940 ego
2718 1870 2905 1941 etipsi
2941 1888 3120 1926 unum
3149 1888 3163 1938 ;
3198 1874 3468 1943 quamvis
3501 1889 3597 1944 per
3621 1871 3671 1927 id
3704 1874 3831 1943 quod

2222 1957 2489 2013 Ecclesiae
2521 1965 2695 2031 caput
2724 1966 2813 2015 est
2842 1964 2899 2014 et
2933 1977 3145 2032 corpus
3190 1964 3317 2029 ejus
3368 1960 3619 2017 Ecclesia
3647 1963 3832 2032 (Ephls.

2220 2064 2257 2112 ι,
2290 2048 2377 2108 22,
2412 2048 2524 2118 23),
2556 2053 2751 2119 posset
2792 2049 3002 2114 dicere,
3055 2050 3168 2122 Ego
3219 2054 3276 2104 et
3326 2049 3462 2122 ipsi,
3514 2067 3619 2105 non
3654 2067 3829 2116 unum,

2218 2136 2319 2191 sed
2356 2154 2531 2201 unus,
2564 2138 2700 2209 quia
2731 2143 2907 2210 caput
2937 2145 2994 2193 et
3022 2156 3234 2211 corpus
3267 2156 3423 2194 unus
3454 2143 3541 2195 est
3560 2139 3829 2195 Christus:

2218 2226 2318 2279 sed
2353 2226 2714 2281 divinitatem
2761 2244 2927 2281 suam
2980 2229 3546 2283 consubstantialem
3581 2229 3722 2284 Patri
3756 2246 3831 2283 os-

2217 2314 2501 2369 tendens’
2530 2316 2792 2386 (propter
2850 2317 3005 2387 quod
3063 2321 3120 2371 et
3168 2316 3280 2381 alio
3338 2316 3466 2373 loco
3496 2316 3652 2388 dicit,
3682 2318 3771 2389 Ego
3796 2320 3835 2372 et

2222 2407 2389 2459 Pater
2415 2420 2590 2457 unum
2622 2420 2812 2459 sumus
2855 2404 3033 2477 [Joan.
3087 2423 3144 2474 x,
3202 2407 3339 2477 30]),
3390 2406 3453 2460 in
3504 2423 3607 2461 suo
3637 2422 3836 2478 genere,

2217 2492 2324 2547 hoc
2352 2498 2441 2546 est
2472 2493 2528 2547 in
2562 2493 2825 2563 ejusdem
2862 2498 3080 2549 naturae
3134 2494 3621 2551 consubstantiali
3670 2494 3837 2567 parili-

2216 2586 2351 2649 tate,
2386 2582 2509 2636 vult
2539 2599 2668 2637 esse
2698 2600 2837 2639 suos
2868 2600 3072 2652 unum,
3107 2585 3208 2638 sed
3252 2584 3310 2639 in
3344 2584 3475 2657 ipso
3505 2602 3519 2652 ;
3549 2586 3679 2656 quia
3707 2584 3761 2639 in
3788 2600 3839 2637 se

2215 2670 2360 2743 ipsis
2390 2689 2505 2727 non
2540 2678 2792 2743 possent,
2825 2672 3120 2729 dissociati
3154 2674 3227 2729 ab
3259 2673 3511 2729 invicem
3557 2690 3654 2745 per
3678 2672 3835 2728 diver-

2215 2777 2310 2816 sas
2329 2760 2653 2832 voluptates
2668 2762 2687 2795 ³
2711 2766 2763 2815 et
2788 2762 3137 2833 cupiditates
3156 2768 3211 2818 et
3237 2763 3646 2818 immunditias
3668 2778 3840 2835 perca-

2214 2854 2407 2903 torum
2436 2867 2448 2905 :
2476 2850 2628 2905 unde
2654 2851 3015 2905 mundantur
3036 2868 3137 2923 per
3159 2851 3562 2918 Mediatorem,
3583 2858 3646 2905 ut
3664 2850 3770 2906 sint
3789 2850 3835 2904 in

2214 2937 2312 2993 illo
2344 2956 2565 3004 unum;
2600 2956 2711 2993 non
2744 2944 2975 2995 tantum
3011 2956 3114 3011 per
3150 2941 3419 2996 eamdem
3450 2947 3713 2997 naturam
3742 2955 3839 3011 qua

2216 3043 2418 3084 omnes
2449 3044 2515 3084 ex
2546 3028 2919 3084 hominibus‘
2962 3028 3307 3085 mortalibus
3340 3028 3597 3101 aequales
3628 3026 3837 3098 Angelis

2218 3116 2384 3182 fiunt,
2410 3117 2509 3171 sed
2530 3117 2705 3172 etiam
2740 3133 2842 3188 per
2871 3119 3133 3173 eamdem
3167 3118 3225 3173 in
3257 3119 3526 3174 eamdem
3559 3116 3839 3174 beatitudi-

2216 3221 2348 3261 nem
2371 3206 2803 3277 conspirantem
2826 3206 3343 3263 concordissimam
3366 3206 3769 3273 voluntatem‘,
3790 3206 3839 3259 in

2218 3312 2399 3350 unum
2419 3296 2689 3365 spiritum
2717 3297 2970 3367 quodam
2991 3297 3161 3351 modo
3182 3297 3313 3369 igne
3330 3295 3636 3352 charitatis
3651 3293 3843 3351 conﬂa-

2216 3384 2389 3439 tam“.
2417 3385 2501 3439 Ad
2526 3384 2633 3439 hoc
2655 3384 2807 3440 enim
2833 3383 2983 3439 valet
3002 3384 3155 3456 quod
3178 3386 3279 3452 ait,
3308 3386 3370 3443 Ut
3387 3388 3503 3441 sint
3538 3402 3721 3448 unum,
3750 3384 3842 3437 sic-

2218 3477 2279 3527 ut
2302 3476 2353 3526 et
2384 3490 2479 3528 nos
2509 3490 2681 3528 unum
2712 3490 2898 3527 sumus
2922 3491 2941 3527 :
2974 3479 3039 3527 ut
3085 3474 3584 3542 quemadmodum
3618 3474 3774 3529 Pater
3798 3475 3843 3525 et

2220 3561 2419 3626 Filius,
2445 3579 2557 3616 non
2583 3567 2808 3622 tantum
2834 3561 3162 3634 aequalitate
3183 3562 3553 3631 substantiae,
3576 3563 3670 3617 sed
3690 3562 3840 3616 etiam

2219 3651 2513 3707 voluntate
2547 3669 2727 3706 unum
2763 3659 2939 3719 sunt;
2973 3652 3050 3706 ita
3077 3657 3133 3706 et
3163 3652 3200 3705 ii
3236 3651 3385 3705 inter
3417 3668 3569 3723 quos
3600 3657 3655 3707 et
3685 3656 3840 3705 Deum

2222 3741 2507 3797 mediator
2525 3748 2612 3796 est
2637 3741 2838 3806 Filius,
2865 3757 2977 3795 non
3002 3744 3229 3795 tantum
3247 3741 3411 3810 perid
3432 3742 3585 3813 quod
3602 3741 3839 3812 ejusdem

2222 3834 2361 3887 natu
2373 3848 2443 3884 re
2456 3835 2614 3899 sunt,
2638 3830 2735 3885 sed
2762 3830 2934 3885 etiam
2954 3831 3326 3902 pereamdem
3343 3828 3840 3886 dilectionissocie-

2221 3924 2396 3976 tatem
2434 3935 2619 3973 unum
2650 3918 2786 3973 sint.
2821 3918 3039 3973 Deinde
3072 3917 3329 3990 idipsum
3379 3920 3538 3990 quod
3591 3918 3843 3974 Mediator

2222 4014 2333 4075 est,
2369 4026 2470 4080 per
2500 4024 2674 4079 quem
2708 4006 3154 4064 reconciliamur
3187 4009 3319 4074 Deo,
3353 4010 3441 4063 sic
3472 4008 3708 4072 indicat,
3730 4009 3841 4074 Ego,

2220 4099 2428 4167 inquit.
2464 4101 2521 4154 in
2549 4099 2648 4165 eis,
2678 4102 2731 4153 et
2780 4106 2837 4153 tu
2885 4099 2941 4151 in
2987 4113 3093 4164 me,
3152 4101 3213 4151 ut
3257 4100 3369 4153 sint
3408 4098 3771 4153 consummati
3796 4098 3843 4150 in

2223 4206 2395 4243 unum
2424 4189 2523 4254 (Id.
2557 4205 2689 4256 xvu,
2720 4188 2832 4256 23).

2294 4278 2524 4335 CAPUT
2555 4279 2617 4333 Χ.
2650 4308 2717 4317 --
2753 4278 2838 4332 13.
2876 4277 2939 4334 Ut
2983 4276 3231 4332 Christus
3288 4277 3563 4333 mediator
3610 4277 3747 4343 vita,
3778 4276 3845 4329 ita

2223 4367 2478 4424 diabolus
2510 4367 2778 4422 mediator
2807 4367 3019 4421 mortis.
3053 4364 3183 4420 Hazc
3213 4370 3303 4421 est
3334 4381 3468 4422 vera
3500 4383 3630 4438 pax,
3660 4370 3843 4421 etcum

2224 4461 2489 4512 Creatore
2521 4462 2717 4511 nostro
2751 4454 2921 4509 nobis
2953 4454 3121 4509 firma
3173 4456 3473 4521 connexio,
3523 4453 3775 4527 purgatis
3801 4455 3848 4505 et

2222 4545 2613 4602 reconciliatis
2644 4560 2747 4616 per
2776 4543 3150 4599 Mediatorem
3197 4543 3343 4615 vitae,
3393 4543 3553 4599 sicut
3596 4538 3843 4598 maculati

2222 4641 2278 4692 et
2307 4634 2541 4691 alienati
2584 4634 2657 4689 ab
2713 4650 2779 4689 eo
2843 4648 3273 4688 recesseramus
3324 4649 3429 4703 per
3489 4632 3843 4688 mediatorem

2224 4724 2447 4779 mortis.
2481 4724 2639 4778 Sicut
2682 4722 2838 4778 enim
2890 4722 3157 4777 diabolus
3216 4722 3509 4792 superbus
3570 4720 3843 4776 hominem

2221 4815 2651 4886 superbientem
2698 4812 2969 4884 perduxit
3023 4811 3090 4865 ad
3153 4816 3440 4877 mortem;
3477 4811 3555 4865 ita
3603 4808 3844 4865 Christus

2221 4902 2463 4958 humilis
2492 4902 2791 4957 hominem
2840 4900 3204 4955 obedientem
3262 4899 3498 4954 reduxit
3544 4900 3615 4953 ad
3648 4898 3842 4952 vitam:

2219 4991 2355 5063 quia
2368 4992 2521 5047 sicut
2536 4988 2630 5044 ille
2645 4988 2833 5045 elatus
2850 4988 3362 5059 cecidit,etdejecit
3372 4986 3815 5043 consentientem
3831 4998 3842 5036 :

2219 5080 2302 5137 sic
2318 5078 3138 5144 istebumiliatussurrcxit,et
3158 5077 3339 5133 erexit
3350 5076 3705 5133 credentem.
3719 5073 3845 5137 Quia

2219 5170 2374 5227 enim
2408 5185 2521 5224 non
2554 5173 2895 5239 perverenat
2925 5165 3194 5223 diabolus
3224 5182 3341 5238 quo
3370 5165 3496 5238 ipse
3519 5163 3845 5238 perduxerat

2283 5336 2298 5367 ¹
2340 5332 2423 5381 Sic
2460 5333 2576 5381 Am.
2612 5336 2663 5380 et
2692 5329 2939 5392 plerique
2974 5329 3097 5379 Mss.
3132 5330 3214 5378 At.
3239 5327 3325 5377 Er.
3357 5332 3409 5377 et
3436 5328 3587 5386 ιον..
3609 5324 3845 5389 particeps

2219 5399 2492 5514 "aitgditi,
2524 5454 2788 5509 oscndem.
2823 5453 2915 5502 hoc
2942 5453 3036 5501 ait.
3072 5453 3247 5511 Abest,
3280 5452 3372 5501 hoc
3394 5452 3483 5509 ait,
3523 5465 3555 5499 ιι
3588 5450 3707 5500 Μεδ-

2283 5521 2305 5555 ι
2332 5519 2512 5567 Plures
2541 5519 2682 5569 Mss.
2724 5514 3024 5564 voluntates.

2282 5584 2303 5647 ξ
2339 5581 2490 5647 gditi,
2520 5579 2747 5647 homines
2775 5592 2838 5647 ea
2868 5577 3171 5627 hominibus.
3214 5576 3394 5647 Minus
3422 5575 3579 5647 bene.
3658 5635 3669 5647 ο

2282 5645 2303 5679 ⁸
2334 5644 2417 5693 Sic
2441 5644 2562 5691 Mss.
2583 5641 2719 5691 Editi
2742 5644 2941 5697 autem,
2959 5655 3054 5703 per
3072 5639 3303 5688 eamdem
3327 5639 3628 5703 comitatem
3648 5639 3700 5703 in
3719 5644 3838 5703 eoa!-

2222 5707 2339 5755 dem
2369 5706 2731 5753 beatitudinem
2761 5696 3108 5762 conspirantes
3152 5701 3544 5752 concordusima
3582 5696 3834 5748 wtuntate.

2282 5769 2306 5804 θ
2332 5766 2559 5827 Quidam
2584 5766 2731 5826 καί..
2761 5765 2991 5830 conﬂati.
