4094 6188
300 385 414 447 897

297 521 573 591 (mortem
608 516 824 590 quippe
847 517 1090 590 spiritus
1122 517 1177 571 in
1212 517 1511 590 impietate
1530 520 1813 590 gestabat,
1849 520 1948 573 sed

300 613 547 665 mortem
581 608 775 663 carnis
806 624 919 662 non
939 607 1218 677 subierat,
1252 607 1512 679 quianec
1538 609 1945 663 indumentum

250 700 257 703 ’
298 700 681 770 susceperat),
717 713 965 768 magnus
998 695 1217 751 homini
1254 696 1558 751 videbatur
1590 698 1861 769 princeps
1893 698 1951 752 in

298 786 630 860 legionibus
663 786 1018 851 daemonum,
1040 802 1300 857 perquos
1315 784 1673 841 fallaciarum
1709 803 1951 858 regnum

300 875 643 942 exercet,sic
677 874 971 931 hominem
1000 892 1098 945 per
1121 872 1391 930 elationis
1406 874 1954 947 typhum,potentiaa

302 982 480 1037 quam
508 964 751 1037 justitiaa
783 964 1167 1035 cupidiorem,
1201 968 1303 1019 aut
1333 979 1435 1035 per
1463 963 1671 1018 falsam
1694 963 1955 1035 philosoo

303 1055 505 1128 phiam
523 1054 710 1126 magis
723 1054 1063 1120 inﬂans;aut
1079 1070 1179 1125 per
1192 1068 1359 1108 sacra
1372 1052 1955 1123 sacrilegairretiens,

304 1145 366 1199 in
393 1143 610 1215 quibus
633 1142 807 1199 etiam
829 1142 1067 1213 magicae
1092 1140 1355 1208 fallaciae,
1389 1140 1737 1197 curiosiores
1761 1157 1959 1212 super-

310 1234 619 1304 bioresque
651 1230 881 1286 animas
914 1231 1186 1302 deceptas
1215 1228 1537 1301 illusasque
1570 1229 1958 1302 praecipitans,

306 1321 613 1377 subditum
644 1323 801 1375 tenet
823 1320 837 1354 ί
859 1339 871 1388 ;
897 1318 1178 1392 pollicens
1207 1318 1378 1374 etiam
1406 1318 1809 1392 purgationem
1837 1317 1961 1374 ani-

307 1428 439 1481 mae,
473 1427 575 1482 per
606 1426 704 1465 eas
733 1426 877 1480 quas
899 1406 1119 1469 τελετάς
1146 1406 1465 1481 appellant,
1489 1408 1962 1480 transﬁgurando

307 1518 372 1555 se
405 1500 462 1554 in
486 1497 757 1572 angelum
783 1497 933 1553 lucis
951 1499 1021 1569 (ll
1048 1497 1169 1554 Cor.
1193 1516 1272 1564 x1,
1304 1499 1390 1569 14)
1416 1515 1515 1569 per
1541 1497 1960 1553 multiformem

308 1588 803 1645 machinationem
836 1587 896 1643 in
930 1586 1117 1659 signis
1146 1592 1203 1643 et
1236 1587 1518 1659 prodigiis
1542 1586 1857 1643 mendacii.

381 1677 614 1734 CAPUT
646 1679 743 1733 XI.
766 1708 833 1717 —
858 1677 943 1731 14.
968 1676 1230 1732 Miracula
1251 1692 1374 1748 quae
1393 1693 1425 1732 a
1447 1675 1785 1731 daemonibus
1798 1676 1961 1746 ﬁunt,

310 1766 829 1840 spernenda.Facile
852 1771 935 1823 est
958 1768 1113 1822 enim
1138 1766 1443 1839 spiritibus
1462 1765 1840 1836 aequissimis
1863 1780 1964 1836 per

310 1875 480 1913 aerea
496 1873 737 1929 corpora
754 1857 939 1911 facere
961 1855 1297 1925 multa,qua>
1320 1856 1610 1911 mirentur
1627 1854 1834 1909 animm
1848 1857 1963 1908 ter-

312 1946 471 2003 renis
502 1945 841 2017 corporibus
864 1951 1201 2017 aggravatae,
1222 1944 1393 2001 etiam
1415 1944 1673 1999 melioris
1699 1944 1960 1999 atfectus.

310 2036 373 2091 Si
406 2036 563 2090 enim
596 2051 839 2105 corpora
883 2035 1011 2105 ipsa
1040 2039 1271 2089 terrena
1311 2033 1610 2089 nonnullis
1652 2032 1877 2088 artibus
1908 2035 1965 2086 et

312 2124 827 2180 exercitationibus
848 2122 1200 2187 modificata,
1218 2122 1275 2176 in
1296 2121 1646 2194 spectaculis
1664 2120 1965 2177 theatricis

312 2219 478 2269 tanta
512 2212 795 2268 miracula
827 2211 1165 2268 hominibus
1210 2211 1501 2281 exhibent,
1528 2217 1591 2266 ut
1621 2211 1657 2265 ii
1693 2211 1790 2283 qui
1815 2227 1964 2265 nun-

312 2320 493 2375 quam
520 2303 791 2359 viderunt
812 2300 1213 2367 talia,narrata
1234 2302 1328 2356 vix
1350 2302 1611 2357 credant:
1634 2301 1771 2372 quid
1799 2316 1965 2372 mag-

319 2410 461 2448 num
495 2396 585 2448 est
620 2391 847 2447 diabolo
881 2397 935 2446 et
981 2390 1207 2462 angelis
1242 2392 1391 2462 ejus,
1425 2391 1496 2445 de
1526 2389 1820 2462 corporeis
1853 2389 1965 2444 ele-

311 2481 527 2537 mentis
561 2497 660 2553 per
692 2498 860 2536 aerea
891 2498 1131 2553 corpora
1157 2482 1344 2536 facere
1375 2497 1500 2552 quas
1524 2497 1655 2535 caro
1688 2479 1962 2547 miretur;

311 2576 414 2626 aut
435 2571 611 2626 etiaxn
635 2570 881 2625 occultis
902 2568 1384 2641 inspirationibus
1406 2569 1474 2623 ad
1498 2568 1833 2623 illudendos
1857 2567 1964 2622 hu-

312 2677 523 2716 manos
564 2676 776 2715 sensus
812 2659 1227 2731 phantasmata
1255 2657 1582 2730 imaginum
1617 2656 1962 2722 machinari,

312 2749 533 2821 quibus
556 2748 865 2820 vigilantes
879 2747 1303 2803 dormientesve
1320 2746 1589 2818 decipiat,
1606 2745 1690 2801 vel
1708 2746 1763 2801 fu
1774 2751 1965 2801 rentes

313 2837 611 2910 exagitet?
632 2838 740 2892 Sed
775 2837 926 2892 sicut
958 2836 1079 2891 fieri
1109 2841 1293 2913 potest
1317 2842 1381 2890 ut
1402 2835 1575 2890 homo
1604 2834 1720 2889 vita
1742 2850 1808 2891 ac
1841 2850 1965 2890 mo-

314 2928 483 2982 ribus
514 2926 720 2982 melior
759 2930 979 2998 spectet
1012 2925 1407 2996 nequissimos
1456 2923 1745 2994 homines,
1777 2922 1863 2978 vel
1905 2924 1966 2979 in

316 3017 458 3073 fune
482 3016 872 3084 ambulantes,
888 3014 975 3069 vel
1001 3013 1366 3070 multimodis
1383 3014 1637 3069 motibus
1656 3030 1966 3085 corporum

316 3105 509 3162 multa
540 3103 908 3160 incredibilia
942 3105 1237 3169 facientes,
1292 3119 1396 3158 nec
1431 3101 1547 3158 ullo
1579 3104 1750 3158 modo
1784 3104 1968 3159 facere

316 3195 459 3251 talia
492 3194 889 3266 concupiscat,
916 3210 1019 3249 nec
1051 3210 1149 3249 eos
1172 3199 1475 3265 propterea
1500 3192 1608 3248 sibi
1635 3208 1969 3265 praeponen-

314 3286 423 3341 dos
452 3285 778 3340 existimet:
822 3284 904 3338 sic
936 3283 1129 3338 anima
1162 3280 1350 3338 fidelis
1381 3287 1436 3337 et
1468 3283 1583 3355 pia,
1628 3299 1742 3338 non
1774 3281 1966 3338 solum

315 3374 365 3429 si
399 3374 610 3437 videat,
644 3390 841 3428 verum
878 3372 1049 3427 etiam
1092 3372 1141 3426 si
1172 3378 1405 3443 prepter
1436 3371 1804 3445 fragilitatem
1843 3389 1967 3427 car-

314 3464 409 3518 nis
442 3462 746 3518 exhorreat
779 3460 1059 3516 miracula
1091 3462 1444 3524 daemonum,
1471 3477 1584 3516 non
1608 3461 1736 3516 ideo
1768 3469 1965 3516 tamen

314 3556 420 3608 aut
452 3569 564 3606 non
591 3569 652 3607 se
684 3568 853 3622 posse
887 3550 1023 3606 talia
1052 3550 1291 3619 dolebit,
1324 3554 1425 3605 aut
1453 3550 1526 3605 ob
1558 3549 1667 3604 hoc
1691 3550 1820 3605 illos
1848 3566 1966 3605 me-

318 3642 495 3696 liores
523 3657 651 3696 esse
676 3640 989 3710 judicabit:
1027 3656 1158 3694 cum
1194 3639 1306 3694 sit’
1336 3639 1655 3710 praesertim
1680 3638 1738 3693 in
1780 3638 1966 3693 socie-

320 3735 438 3785 tate
468 3734 826 3793 sanctorum,
846 3728 939 3798 qui
969 3745 1067 3799 per
1087 3728 1357 3782 virtutem
1376 3727 1475 3781 Dei
1493 3726 1581 3781 cui
1600 3732 1811 3782 cuncta
1827 3728 1967 3782 sub-

314 3821 473 3889 jecta
502 3822 661 3883 sunt,
696 3821 753 3871 et
788 3815 1026 3871 minime
1061 3816 1307 3880 fallacia,
1332 3820 1388 3871 et
1418 3815 1601 3871 multo
1631 3817 1850 3887 majora
1883 3816 1969 3872 fe-

325 3911 553 3971 cerunt,
587 3906 707 3961 sive
738 3906 1027 3971 homines,
1060 3906 1179 3960 sive
1198 3904 1399 3977 Angeli
1426 3906 1583 3960 boni.

391 3994 625 4051 CAPUT
658 3995 776 4050 XII.
816 4026 882 4036 —
917 3996 1000 4049 15.
1025 3995 1281 4050 Diabolus
1309 3996 1527 4064 mortis,
1564 3993 1811 4050 Christus
1840 3995 1971 4052 vita?

315 4083 991 4155 mediator.Nequaquam
1010 4084 1187 4155 igitur
1200 4100 1300 4154 per
1312 4082 1625 4156 sacrilegas
1638 4083 1971 4138 similitudi-

318 4190 425 4230 nes
457 4178 512 4228 et
530 4174 607 4228 im
620 4173 743 4245 pias
756 4172 1124 4229 curiositates
1145 4178 1201 4227 et
1222 4173 1481 4245 magicas
1505 4174 1969 4228 consecrationes

315 4262 526 4318 animas
552 4268 879 4335 purgantur
908 4268 963 4317 et
985 4261 1434 4317 reconciliantur
1453 4266 1564 4317 Deo
1591 4279 1603 4317 :
1631 4261 1767 4333 quia
1787 4263 1968 4318 falsus

315 4352 605 4406 mediator
618 4368 729 4406 non
746 4350 962 4421 trajicit
976 4351 1044 4404 ad
1063 4368 1128 4405 su
1142 4350 1366 4421 periora
1384 4351 1481 4405 sed
1492 4350 1681 4420 potius
1696 4350 1968 4406 obsidens

316 4441 658 4497 intercludit
681 4442 829 4495 viam
851 4458 948 4512 per
963 4441 1379 4510 alfectus,quos
1399 4444 1556 4495 tanto
1572 4439 1966 4512 maligniores,

316 4538 539 4602 quanto
572 4531 944 4601 superbiores
963 4545 1084 4583 suae
1102 4529 1362 4583 societati
1380 4529 1665 4600 3inspirat
1685 4553 1698 4595 ς,
1719 4530 1817 4600 qui
1851 4546 1968 4584 non

318 4625 567 4690 possunt
588 4620 656 4672 ad
687 4618 1035 4673 evolandum
1058 4634 1279 4688 pennas
1306 4616 1527 4671 nutrire
1555 4617 1968 4682 virtutum,sed

316 4710 513 4779 potius
547 4709 617 4762 ad
650 4707 1109 4777 deniergendum
1135 4705 1393 4777 pondera
1415 4721 1765 4776 exaggerare
1803 4706 1967 4761 vitio-

317 4813 470 4861 rum,
513 4801 671 4850 lanto
703 4794 940 4866 gravius
983 4795 1180 4848 anima
1212 4794 1455 4857 ruitura,
1490 4797 1705 4864 quanto
1739 4794 1850 4850 sibi
1884 4795 1966 4849 vi-

317 4886 486 4941 detur
516 4890 709 4940 evecta
732 4884 1064 4939 sublimius.
1098 4882 1524 4953 Proinde,sicut
1546 4882 1691 4955 Magi
1712 4885 1970 4941 fecerunt

316 4974 598 5029 divinitus
618 4973 821 5028 moniti
844 4972 1063 5043 (Matth.
1092 4961 1165 5036 ιι,⁸
1193 4975 1302 5041 12),
1324 4989 1469 5043 quos
1488 4973 1556 5027 ad
1579 4972 1966 5028 humilitatem

318 5063 545 5119 Domini
578 5063 938 5117 adorandum
973 5062 1138 5116 stella
1173 5062 1575 5132 perduxit;ita
1603 5068 1658 5116 et
1690 5078 1819 5127 nos,
1854 5078 1968 5117 non

316 5169 434 5224 qua
466 5152 758 5214 venimus,
795 5152 891 5205 sed
928 5165 1030 5223 per
1051 5149 1224 5205 aliam
1254 5149 1402 5203 viam
1431 5152 1486 5203 in
1506 5150 1755 5220 patriam
1780 5150 1969 5207 redire

315 5241 621 5305 debemus,
642 5257 821 5313 quam
852 5258 951 5295 rex
983 5238 1224 5293 humilis
1242 5237 1456 5305 docuit,
1480 5244 1536 5293 et
1553 5255 1729 5308 quam
1755 5255 1850 5293 rex
1872 5256 1968 5295 su-

316 5332 530 5403 perbus
562 5328 772 5384 humili
799 5330 919 5401 regi
944 5326 1315 5384 adversarius
1332 5326 1601 5381 obsidere
1621 5344 1733 5381 non
1756 5328 1963 5398 possit.

316 5419 382 5476 Et
412 5419 585 5477 nobis
606 5418 859 5490 enim,ut
875 5419 1188 5474 adoremus
1206 5414 1493 5485 humilem
1512 5414 1964 5484 Christum,rceli

379 5574 393 5608 ί
430 5572 517 5621 Sic
550 5573 734 5635 plures
746 5573 870 5622 Mss.
896 5570 993 5621 Alii
1022 5582 1148 5619 vero
1171 5580 1290 5635 cum
1311 5567 1427 5615 Am.
1438 5566 1966 5635 prgeipitantﬁubdi-

318 5635 422 5683 tum
454 5627 649 5684 tenens,
681 5636 765 5684 Er,
804 5639 855 5684 et
888 5636 1028 5690 Lov.,
1050 5633 1357 5694 praecipitat,
1392 5627 1653 5694 subditum
1677 5638 1870 5694 tenens.

380 5700 401 5732 ι
424 5698 577 5759 Editi,
606 5712 721 5747 cum
750 5702 869 5747 sint.
903 5700 967 5759 At
1014 5692 1137 5745 Mss.
1158 5692 1269 5759 eum
1294 5692 1392 5759 sit:
1423 5692 1602 5741 anima
1630 5693 1830 5743 scilicet
1857 5693 1965 5759 pia.

378 5760 400 5797 ⁸
427 5761 515 5812 Er.
546 5755 599 5813 et
626 5760 867 5826 plerique
898 5758 1044 5820 Msa,
1071 5755 1345 5807 societatis.

1679 384 1912 447 LIBER
1957 388 2349 458 QUARTUS.

3591 396 3710 456 898

2059 527 2473 576 enarravcrunt
2506 522 2747 594 gloriam
2781 523 3035 593 Dei,cum
3070 525 3125 578 in
3158 524 3215 579 in
3237 532 3701 584 omnemterram

2060 610 2199 663 exiit
2226 627 2405 665 sonus
2436 628 2658 680 eorum,
2691 618 2748 668 et
2779 613 2835 667 in
2872 613 3015 668 fines
3045 614 3203 670 orbis
3231 621 3393 671 terra)
3417 617 3585 671 verba
3611 634 3708 672 eo-

2063 714 2193 752 rum
2226 699 2406 770 (Psal.
2432 716 2587 767 xviii,
2618 703 2671 765 2,
2690 702 2767 771 5).
2794 702 2899 756 Via
2924 703 3092 758 nobis
3118 704 3308 759 fuitad
3336 712 3581 760 mortem
3608 724 3709 777 per

2063 792 2362 859 peccatum
2387 788 2443 842 in
2470 790 2673 844 Adam.
2708 791 2812 844 Per
2838 808 3013 846 unum
3044 792 3262 864 quippe
3291 794 3567 849 hominem
3592 813 3713 866 pec-

2065 884 2244 931 catum
2266 879 2495 932 intravit
2525 880 2583 933 in
2614 879 2901 945 mundum,
2935 889 2985 935 et
3014 898 3114 952 per
3139 892 3423 952 peccatum
3452 900 3628 946 mors;
3660 888 3710 941 et

2063 966 2144 1019 ita
2172 966 2229 1019 in
2254 980 2433 1020 omnes
2458 967 2700 1021 homines
2717 971 3067 1038 pertransiit,
3086 970 3147 1023 in.
3175 986 3278 1041 quo
3308 986 3492 1027 omne:
3518 989 3710 1044 pecca-

2062 1059 2256 1109 verunt
2285 1055 2639 1125 (Rom.v,12).
2665 1055 2855 1127 Hujus
2870 1058 2975 1113 viae
2997 1059 3281 1114 mediator
3295 1060 3564 1117 diabolus
3586 1062 3714 1133 fuit,

2066 1159 2377 1215 persuasor
2405 1144 2646 1216 peccati,
2679 1150 2735 1200 et
2765 1146 3231 1218 praecipitatorin
3264 1155 3533 1207 mortem.
3566 1151 3713 1208 Nam

2069 1231 2263 1304 etipse
2286 1234 2357 1288 ad
2379 1234 2730 1305 cperandam
2756 1234 2993 1307 duplam
3014 1246 3258 1294 mortem
3284 1240 3713 1309 nostram,sim-

2070 1321 2225 1392 plam
2260 1322 3138 1397 attulitsuam.Perimpietatem
3168 1345 3423 1400 namque
3448 1336 3716 1387 mortuus

2069 1417 2159 1466 est
2187 1410 2245 1466 in
2279 1411 2511 1482 spiritu,
2537 1431 2707 1469 carne
2734 1414 2932 1485 utique
2967 1420 3235 1472 mortuus
3268 1435 3377 1472 non
3411 1424 3525 1475 est:
3551 1420 3717 1476 nobis

2071 1507 2267 1556 autem
2298 1506 2355 1556 et
2402 1502 2759 1573 impietatem
2795 1504 3104 1574 persuasit,
3148 1509 3203 1560 et
3234 1523 3335 1576 per
3354 1506 3535 1563 hanc‘
3572 1513 3634 1563 ut
3659 1509 3715 1564 in

2072 1596 2314 1645 mortem
2340 1590 2533 1646 carnis
2557 1592 2751 1646 venire
2786 1609 3145 1648 mereremur
3176 1595 3384 1651 effecit.
3409 1594 3600 1652 Unum
3631 1614 3717 1652 er-

2070 1694 2142 1750 go
2174 1678 2561 1751 appetivimus
2590 1680 2790 1751 iniqua
2817 1682 3111 1749 suasione,
3143 1682 3390 1739 alterum
3426 1702 3528 1741 nos
3552 1702 3720 1741 secu-

2070 1772 2197 1822 tum
2229 1769 2501 1839 estjueta
2531 1770 2938 1826 damnatione:
2967 1778 3269 1843 propterea
3292 1774 3504 1846 quippe
3535 1775 3717 1846 scrip—

2070 1862 2197 1912 tum
2228 1862 2335 1927 est,
2352 1857 2487 1913 Deus
2508 1863 2731 1913 mortem
2747 1875 2853 1914 non
2873 1861 3001 1929 fecit
3018 1860 3167 1932 (Sap.
3195 1878 3232 1927 ι,
3257 1862 3368 1933 13),
3395 1862 3532 1935 quia
3546 1880 3722 1919 causa

2074 1947 2278 2001 mortis
2305 1946 2428 2018 ipse
2461 1965 2573 2001 non
2606 1948 2716 2003 fuit
2741 1949 2872 2014 ;sed
2898 1954 3091 2004 tamen
3107 1966 3208 2021 per
3237 1951 3364 2022 ejus
3387 1952 3719 2008 retributio-

2074 2052 2204 2090 nem
2227 2036 2628 2107 justissimam
2668 2038 2857 2093 mors2
2899 2038 3154 2110 irrogata
3185 2045 3274 2095 est
3303 2041 3610 2111 peccaturi.
3634 2041 3718 2097 Si-

2074 2130 2173 2179 cut
2204 2124 2554 2196 supplicium
2580 2125 2994 2199 judexirrogat
3018 2144 3138 2193 reo,
3166 2144 3345 2183 causa
3362 2133 3556 2185 tamen
3582 2147 3721 2202 sup-

2076 2212 2236 2285 plicii
2268 2230 2381 2268 non
2415 2214 3102 2285 estjustitiajudicis,sed
3122 2217 3396 2272 meritum
3428 2218 3720 2275 criminis.

2075 2301 2193 2365 Quo
2223 2318 2359 2375 ergo
2392 2320 2498 2359 nos
2523 2304 3587 2378 mediatormortistransmisit,etipse
3608 2323 3720 2362 non

2074 2390 2255 2463 venit,
2289 2392 2345 2446 id
2379 2399 2483 2455 est,
2509 2393 2574 2447 ad
2611 2400 2856 2447 mortem
2892 2392 3118 2461 carnis;
3143 2393 3220 2450 ibi
3245 2394 3410 2451 nobis
3436 2395 3721 2451 Dominus

2074 2479 2226 2536 Deus
2252 2486 2445 2536 noster
2462 2481 2811 2537 medicinam
2826 2482 3252 2539 emendationis
3267 2484 3715 2555 inseruit,quam

2077 2567 2173 2623 ille
2204 2586 2317 2625 non
2354 2571 2820 2635 meruit,occulta
2839 2577 2895 2627 et
2928 2571 3105 2628 nimis
3124 2590 3337 2629 arcana
3358 2574 3723 2630 ordinatione

2076 2656 2280 2712 divinae
2312 2659 2555 2731 altaeque
2578 2660 2843 2729 justitiaz.
2871 2661 3085 2733 Utergo
3120 2662 3274 2717 sicut
3297 2678 3398 2734 per
3420 2680 3601 2717 unum
3627 2662 3724 2719 ho-

2078 2746 2292 2802 minem
2327 2749 2487 2803 fieret
2518 2750 2862 2805 resurrectio
2897 2754 3256 2806 mortuorum
3292 2752 3337 2823 (I
3359 2755 3479 2808 Cor.
3504 2769 3595 2816 xv,
3626 2752 3718 2819 21,

2072 2837 2185 2906 22),
2221 2837 2358 2908 quia
2392 2836 2579 2908 magis
2611 2838 2868 2892 vitabant
2898 2837 3166 2894 homines
3189 2841 3342 2911 quod
3375 2840 3588 2896 evitare
3609 2856 3723 2896 non

2076 2930 2362 2998 poterant,
2396 2932 2640 2981 mortem
2674 2928 2887 2997 carnis,
2916 2944 3092 2999 quam
3114 2934 3352 2983 mortem
3388 2929 3719 3001 spiritus,id

2075 3019 2181 3086 est,
2216 3015 2405 3087 magis
2438 3032 2661 3087 pmnam
2696 3033 2869 3087 quam
2903 3018 3175 3073 meritum
3211 3035 3387 3090 pceno'e
3412 3025 3570 3086 (nam
3605 3034 3719 3073 non

2077 3120 2332 3176 peccare,
2368 3109 2467 3158 aut
2499 3121 2611 3159 non
2645 3110 2903 3171 curatur,
2939 3112 3039 3162 aut
3071 3124 3273 3178 parum
3309 3112 3574 3168 curatur;
3604 3125 3719 3163 non

2078 3194 2220 3248 mori
2237 3202 2427 3248 aulem
2450 3195 2718 3265 quamvis
2738 3212 2850 3249 non
2871 3195 3224 3263 obtineatur,
3240 3197 3613 3253 vehementer
3634 3213 3723 3253 sa-

2076 3282 2467 3354 tagitur);vita:
2489 3283 2770 3338 Mediator
2795 3285 3314 3356 ostendens,quam
3330 3303 3444 3340 non
3472 3286 3720 3342 sitmors

2077 3372 2360 3429 timenda.
2382 3388 2508 3443 quae
2534 3390 2635 3443 per
2663 3373 2984 3428 humanam
3004 3374 3394 3430 conditionem
3414 3377 3532 3445 jam
3554 3376 3720 3431 evadi

2077 3478 2190 3515 non
2216 3466 2426 3533 potest,
2460 3462 2557 3516 sed
2594 3462 2786 3532 potius
2821 3463 3112 3533 impietas,
3146 3480 3275 3534 quia
3298 3480 3401 3534 per
3433 3464 3603 3519 fidem
3624 3482 3716 3520 ca-

2076 3550 2192 3605 veri
2230 3554 2437 3621 potest,
2476 3550 2725 3605 occurrit
2756 3550 2923 3605 nobis
2964 3552 3034 3605 ad
3067 3550 3241 3605 ﬁnem
3276 3569 3391 3622 quo
3423 3552 3716 3622 venimus,

2077 3640 2176 3694 sed
2198 3657 2311 3695 non
2344 3657 2459 3709 qua
2483 3638 2767 3693 venimus.
2796 3639 2910 3695 Nos
2932 3639 3085 3694 enim
3111 3641 3178 3695 ad
3202 3646 3446 3695 mortem
3467 3658 3569 3712 per
3589 3658 3719 3712 pec-

2078 3730 2272 3780 catum
2308 3725 2574 3779 venimus
2596 3742 2609 3792 ;
2631 3725 2744 3792 ille,
2771 3726 3189 3796 perjustitiam
3215 3744 3228 3781 :
3250 3732 3306 3782 et
3332 3728 3462 3782 ideo
3493 3728 3722 3785 cumsit

2078 3832 2238 3869 mors
2261 3818 2457 3869 nostra
2491 3830 2658 3884 poena
2680 3816 2918 3886 peccati,
2936 3831 3091 3870 mors
3114 3815 3275 3872 illius
3295 3816 3442 3871 facta
3473 3822 3561 3872 est
3582 3817 3716 3873 hos-

2077 3903 2159 3959 tia
2194 3920 2292 3971 pro
2324 3908 2578 3973 peccato.

2148 3992 2381 4048 CAPUT
2420 3991 2563 4046 XIII.
2601 4023 2669 4031 ——
2711 3992 2793 4046 16.
2823 3992 2953 4047 Mors
2992 3992 3197 4048 Christi
3223 4002 3544 4065 spontanea.
3578 3995 3718 4066 Quo-

2076 4082 2231 4137 modo
2264 4084 2386 4137 vitz
2438 4080 2701 4137 Mediator
2743 4081 3093 4137 mcdiatorcm
3121 4087 3317 4139 mortis
3360 4087 3711 4156 expugnavit.

2081 4172 2348 4239 Quomodo
2379 4170 2628 4225 diabolus
2657 4188 2779 4225 suos
2809 4171 3029 4226 inducit!
3054 4174 3116 4227 in
3144 4182 3506 4244 contemptum
3527 4177 3717 4231 mortis

2080 4261 2293 4315 Christi.
2308 4262 2746 4330 Quaprnptcrcu
2760 4277 2811 4314 m
2830 4260 3070 4331 spiritus
3086 4263 3309 4333 corpori
3326 4268 3716 4334 praeponatur,

2078 4366 2353 4420 morsque
2383 4349 2455 4403 sit
2480 4349 2720 4420 spiritus
2736 4366 2765 4403 a
2786 4354 2893 4404 lieo
2914 4349 3122 4415 deseri,
3142 4367 3296 4404 mors
3311 4357 3503 4405 autem
3523 4368 3719 4424 corpo-

2079 4438 2157 4492 ris
2188 4456 2221 4492 a
2235 4437 2441 4507 spiritu
2456 4436 2676 4504 deseri;
2702 4454 2881 4508 eaque
2895 4438 3217 4509 sitpaanain
3236 4444 3420 4493 morte
3431 4440 3717 4511 corporis,

2080 4532 2145 4582 ut
2159 4528 2401 4596 spiritus
2415 4526 2551 4597 quia
2564 4525 2763 4581 volens
2776 4527 3031 4580 deseruit
3049 4526 3490 4595 Deum,deserat
3506 4544 3720 4601 corpus

2077 4615 2318 4681 invitus;
2336 4619 2399 4668 ut
2415 4631 2543 4669 cum
2565 4615 2806 4685 spiritus
2831 4617 3005 4669 lieum
3023 4615 3343 4671 deseruerit
3357 4617 3495 4688 quia
3514 4618 3718 4686 voluit,

2079 4706 2309 4758 deserat
2340 4720 2551 4773 corpus
2600 4704 2832 4758 etiamsi
2867 4704 3147 4772 noluerit;
3191 4722 3296 4760 nec
3328 4706 3557 4762 deserat
3588 4724 3721 4762 cum

2076 4791 2461 4861 voluerit,nisi
2488 4789 2739 4862 aliquam
2755 4791 2866 4847 sibi
2887 4793 3350 4865 vim,quaipsum
3376 4812 3587 4866 corpus
3601 4813 3723 4867 per-

2077 4881 2316 4945 imatur,
2336 4878 2629 4935 intulerit:
2656 4879 3079 4935 demonstravit
3102 4882 3342 4953 spiritus
3366 4882 3720 4950 Mediatoris,

2078 4986 2253 5041 quam
2284 4968 2447 5023 nulla
2477 4985 2648 5040 paena
2681 4969 2901 5038 peccati
2935 4986 3121 5039 usque
3153 4971 3221 5023 ad
3258 4974 3500 5025 mortem
3526 4970 3721 5026 carnis

2077 5056 2405 5122 accesserit,
2431 5056 2570 5126 quia
2604 5073 2712 5112 non
2747 5072 2873 5111 eam
2907 5058 3165 5111 deseruit
3194 5057 3434 5121 invitus,
3464 5058 3561 5113 sed
3583 5057 3723 5129 quia

2074 5147 2277 5207 voluit,
2309 5147 2544 5217 quando
2576 5145 2777 5214 voluit,
2811 5146 3104 5217 quomodo
3131 5145 3328 5199 voluit.
3364 5144 3587 5217 Quippe
3620 5146 3719 5201 Dei

2074 5236 2263 5291 Verbo
2295 5235 2366 5290 ad
2388 5235 2667 5291 unitatem
2686 5237 3037 5289 commixtus
3061 5233 3197 5288 hinc
3220 5234 3301 5288 ait
3323 5235 3342 5268 ³
3359 5250 3372 5288 :
3392 5235 3723 5291 Potestatem

2076 5324 2246 5380 habeo
2275 5324 2516 5395 ponendi
2541 5325 2787 5379 animam
2805 5340 3004 5388 meam,
3024 5326 3076 5378 et
3099 5324 3413 5395 potestatem
3434 5322 3600 5379 habeo
3620 5324 3721 5380 ite-

2073 5432 2200 5469 rum
2229 5414 2485 5469 sumendi
2514 5413 2826 5470 eam.Nemo
2841 5411 2998 5467 tollit
3011 5428 3128 5468 eam
3160 5429 3194 5468 a
3221 5429 3328 5485 me,
3350 5411 3446 5468 sed
3464 5429 3559 5483 ego
3575 5428 3720 5487 pono

2143 5629 2157 5698 ξ
2189 5627 2384 5698 gmnes
2415 5625 2755 5698 prope-Mssa
2778 5624 3260 5698 st.pr0pter.ha?tc._

2137 5693 2159 5726 ²
2187 5691 2269 5740 Sic
2300 5685 2686 5751 pleriqueMss.
2719 5685 2865 5735 Editi
2889 5685 3030 5746 vero,
3062 5689 3348 5751 justissima
3377 5703 3536 5740 mors.

2139 5754 2161 5789 ⁸
2191 5753 2276 5803 Sic
2290 5750 2556 5801 Mss.Editi
2572 5754 3027 5810 vero,commixtus
3039 5750 3112 5801 est
3134 5753 3436 5804 homo.Hmc
3463 5754 3722 5811 ait.Male.
