4100 6194
298 364 406 425 901

300 498 463 565 bum,
500 512 599 566 per
623 495 911 553 inferioris
935 502 1123 551 tamen
1148 501 1368 552 natura:
1393 498 1818 567 susceptionem
1844 496 1948 549 ali-

301 586 438 657 quid
462 584 709 641 inferius
743 586 859 657 pati
890 592 1103 657 posset,
1130 588 1284 658 quod
1319 587 1659 641 immundus
1698 587 1946 651 daemon,

301 674 441 746 quia
484 679 777 729 terrenum
819 691 1033 747 corpus
1065 692 1178 730 non
1215 676 1408 739 habet,
1445 675 1561 747 pati
1594 692 1709 729 non
1745 673 1947 744 possit.

301 764 393 817 Sic
426 780 557 817 cum
592 763 713 818 sint
744 763 852 835 ipsi
875 764 1242 819 daemonibus
1270 764 1561 830 meliores,
1586 768 1781 818 tamen
1816 762 1953 833 quia

300 868 535 907 carnem
567 856 821 923 portant,
860 852 1008 907 mori
1048 853 1131 907 sic
1156 857 1423 925 possunt,
1448 852 1945 923 quemadmodum

302 941 446 995 mori
471 940 886 1010 daemones,qui
906 958 1020 995 non
1045 958 1170 997 eam
1193 945 1566 1013 portant,non
1590 940 1791 1011 utique
1814 956 1948 1011 pos-

300 1033 459 1083 sunt.
502 1028 564 1083 Et
608 1045 739 1083 cum
775 1029 843 1084 de
889 1030 1177 1085 mortibus
1219 1030 1633 1084 sacrificiorum
1667 1028 1946 1083 suorum‘

298 1116 555 1172 multum
583 1123 961 1188 praesumant,
988 1136 1112 1190 quae
1146 1134 1208 1173 se
1230 1117 1536 1173 fallacibus
1567 1118 1951 1188 superbisque

296 1205 605 1278 spiritibus
633 1204 939 1262 immolare
972 1223 1083 1262 non
1116 1206 1394 1277 sentiunt,
1422 1211 1523 1261 aut
1545 1205 1593 1261 si
1617 1206 1741 1276 jam
1766 1206 1787 1239 ³
1819 1220 1950 1261 sen-

296 1294 470 1362 tiunt,
503 1293 722 1366 aliquid
756 1294 866 1349 sibi
900 1296 1176 1367 prodesse
1204 1296 1565 1351 arbitrantur
1594 1294 1949 1366 perﬁdorum

294 1388 349 1437 et
379 1382 705 1438 invidorum
725 1385 1066 1450 amicitiam,
1091 1402 1336 1455 quorum
1361 1383 1699 1439 intentionis
1722 1382 1950 1438 nullum

297 1472 593 1542 negotium
627 1477 735 1539 est,
766 1472 874 1527 nisi
908 1474 1212 1544 impeditio
1244 1475 1465 1528 reditus
1503 1473 1706 1528 nostri.

368 1560 599 1616 CAPUT
612 1560 753 1615 XIV.
770 1592 829 1601 —-
844 1562 927 1615 19.
946 1562 1193 1617 Christus
1204 1564 1603 1634 perfectissima
1616 1563 1844 1616 victima
1853 1576 1951 1631 pro

294 1649 497 1703 munda
506 1650 627 1703 udis
640 1652 790 1705 vitiis
807 1654 1029 1705 nostris.
1056 1653 1116 1705 In
1128 1653 1279 1705 omni
1287 1652 1561 1720 sacriﬁcio
1577 1659 1809 1722 quatuor
1823 1666 1949 1703 con-

293 1737 606 1793 sideranda.
627 1739 748 1795 Non
772 1738 1108 1812 intelligunt
1133 1757 1202 1795 ne
1232 1740 1391 1812 ipsos
1407 1740 1640 1811 quidem
1662 1757 1726 1794 su
1740 1739 1953 1811 perbis-

296 1827 480 1882 simos
498 1828 742 1899 spiritus
775 1828 1098 1884 honoribus
1119 1830 1538 1885 sacrificiorum
1571 1830 1820 1901 gaudere
1845 1845 1949 1900 po-

295 1916 502 1981 tuisse,
532 1916 641 1972 nisi
675 1917 774 1971 uni
808 1934 940 1972 vero
971 1918 1087 1973 Deo
1106 1936 1208 1990 pro
1240 1936 1353 1989 quo
1387 1919 1492 1973 coli
1518 1917 1948 1982 volunt,verum

294 2005 652 2061 sacriﬁcium
699 2007 1035 2063 deberetur:
1070 2024 1255 2079 neque
1296 2008 1351 2061 id
1386 2024 1555 2079 posse
1594 2008 1704 2062 rite
1735 2006 1947 2072 offerri,

296 2094 412 2149 nisi
446 2111 547 2165 per
570 2097 928 2151 sacerdotem
960 2102 1229 2151 sanctum
1253 2098 1583 2166 etjustum:
1619 2112 1721 2151 nec
1745 2095 1854 2150 nisi
1881 2096 1951 2151 ab

294 2182 383 2240 eis
412 2184 731 2255 accipiatur
787 2185 937 2255 quod
972 2185 1229 2252 offertur,
1281 2202 1383 2257 pro
1443 2186 1657 2257 quibus
1689 2185 1948 2254 offertur,

294 2276 477 2345 atque
532 2273 586 2328 id
623 2274 747 2329 sine
777 2274 915 2329 vitio
960 2275 1058 2343 sit,
1094 2284 1158 2329 ut
1188 2292 1290 2347 pro
1319 2274 1545 2330 vitiosis
1592 2273 1951 2328 mandandis

296 2363 486 2434 possit
514 2363 725 2417 offerri.
766 2368 878 2418 Hoc
909 2369 1063 2419 certe
1093 2381 1295 2419 omnes
1328 2363 1593 2435 cupiunt,
1624 2364 1721 2434 qui
1759 2380 1857 2434 pro
1889 2378 1952 2417 se

294 2451 490 2506 offerri
525 2452 872 2507 sacriiicium
904 2455 1012 2507 Deo
1042 2452 1261 2507 volunt.
1288 2453 1425 2517 Quis
1457 2469 1593 2524 ergo
1614 2454 1951 2522 tamjustus

294 2546 355 2595 et
386 2546 627 2595 sanctus
678 2542 969 2612 sacerdos,
1006 2558 1181 2613 quam
1226 2543 1433 2597 unicus
1464 2542 1642 2597 Filius
1696 2541 1815 2608 Dei,
1850 2541 1951 2613 qui

295 2646 413 2684 non
448 2646 594 2701 opus
628 2630 865 2685 haberet
894 2647 996 2701 per
1025 2630 1375 2685 sacrificium
1410 2648 1516 2685 sua
1547 2647 1795 2703 purgare
1822 2646 1953 2701 pec-

295 2724 447 2783 cata,
484 2736 588 2774 nec
609 2718 936 2791 originalis,
972 2736 1073 2775 nec
1091 2736 1157 2774 ex
1176 2721 1433 2775 humana
1453 2720 1567 2773 vita
1585 2737 1708 2790 qure
1733 2720 1954 2773 addun-

294 2814 398 2862 tur
432 2808 609 2878 (Hebr.
644 2809 773 2879 vn)?
814 2809 880 2863 Et
908 2810 1045 2879 quid
1079 2815 1197 2863 tam
1240 2815 1626 2880 congruenter
1663 2809 1734 2863 ab
1765 2808 1952 2862 homi-

294 2897 475 2951 nibus
526 2903 860 2951 sumeretur
917 2898 1068 2969 quod
1107 2915 1207 2969 pro
1256 2898 1339 2952 eis
1396 2898 1717 2965 otferretur,
1775 2913 1953 2967 quam

294 2986 559 3040 humana
583 2986 754 3041 caro?
778 2987 843 3040 Et
861 2986 998 3057 quid
1025 2993 1140 3040 tam
1161 2993 1362 3057 aptum
1384 2986 1519 3040 huic
1541 2986 1951 3056 immolationi,

294 3091 478 3145 quam
529 3091 661 3129 caro
711 3075 1013 3129 mortalis?
1062 3077 1129 3129 Et
1176 3075 1315 3146 quid
1362 3080 1481 3129 tam
1516 3077 1799 3130 mundum
1849 3092 1952 3145 pro

293 3162 656 3217 mundandis
683 3163 837 3217 vitiis
860 3164 1215 3231 mortalium,
1244 3181 1420 3235 quam
1452 3164 1578 3219 sine
1602 3163 1721 3219 ulla
1750 3170 1953 3219 conta-

291 3252 470 3323 gione
495 3252 747 3307 carnalis
774 3253 1263 3324 concupiscentiae
1284 3270 1416 3308 caro
1447 3258 1583 3308 nata
1611 3254 1669 3308 in
1703 3258 1866 3309 utero
1897 3258 1954 3308 et

293 3358 367 3395 ex
392 3346 555 3395 utero
578 3341 951 3413 virginali?Et
974 3342 1111 3412 quid
1137 3348 1253 3396 tam
1274 3347 1437 3414 grate
1454 3343 1643 3397 oﬁ‘erri
1662 3348 1718 3397 et
1735 3342 1953 3415 suscipi

295 3435 520 3501 posset,
556 3447 729 3501 quam
763 3447 895 3485 caro
928 3431 1196 3485 sacriﬁcii
1219 3432 1424 3495 nostri,
1450 3448 1661 3502 corpus
1683 3432 1950 3486 effectum

295 3520 621 3574 sacerdotis
634 3520 847 3573 nostri?
866 3519 937 3574 Ut
951 3519 1226 3590 quoniam
1251 3526 1499 3591 quatuor
1511 3521 1955 3575 considerantur

295 3608 361 3661 in
414 3607 571 3661 omni
607 3608 923 3673 sacriﬁcio;
979 3608 1069 3662 cui
1104 3610 1398 3675 oti'eratur,
1442 3627 1474 3663 a
1505 3626 1620 3679 quo
1652 3608 1949 3675 offeratur,

293 3697 441 3768 quid
467 3696 762 3766 oti'eratur,
786 3713 885 3767 pro
913 3697 1128 3767 quibus
1150 3699 1453 3763 otferatur;
1480 3698 1629 3752 idem
1654 3698 1777 3768 ipse
1799 3714 1953 3753 unus

293 3802 589 3856 verusque
632 3786 927 3852 Mediator,
967 3802 1067 3857 per
1112 3784 1463 3840 sacrificium
1504 3786 1663 3856 pacis
1695 3785 1953 3841 reconci-

293 3875 453 3929 lians
484 3892 588 3928 nos
626 3876 760 3937 Ileo,
792 3891 975 3929 unum
1018 3891 1149 3929 cum
1185 3874 1282 3929 illo
1325 3880 1586 3929 maneret
1626 3876 1717 3929 cui
1750 3876 1950 3929 otl'ere-

294 3965 421 4030 bat,
456 3980 636 4017 unum
675 3963 731 4016 in
768 3980 829 4018 se
858 3967 1070 4019 faceret
1102 3980 1204 4035 pro
1237 3966 1450 4035 quibus
1472 3964 1767 4033 oti‘erehat,
1800 3981 1953 4020 unus

293 4053 431 4123 ipse
462 4058 611 4105 esset
645 4052 741 4122 qui
778 4052 1076 4119 offerebat,
1108 4057 1163 4107 et
1192 4053 1346 4123 quod
1380 4053 1674 4107 otferebat.

373 4140 596 4195 CAPUT
642 4141 757 4196 XV.
807 4173 873 4181 ——
902 4143 992 4195 20.
1043 4142 1276 4212 Superbi
1318 4146 1574 4214 putantes
1621 4159 1677 4197 se
1732 4144 1952 4212 proliria

293 4233 504 4287 virtute
518 4246 668 4301 posse
697 4232 929 4298 purgari
952 4230 1022 4285 ad
1053 4231 1346 4286 videndum
1367 4232 1554 4285 Deum.
1580 4232 1728 4285 Sunt
1758 4236 1951 4286 autem

294 4319 539 4392 quidam
559 4320 654 4391 qui
676 4337 736 4373 se
754 4325 958 4390 putant
976 4321 1044 4374 ad
1069 4319 1581 4391 contemplandum
1605 4325 1777 4375 Deum
1800 4327 1855 4374 et
1873 4320 1957 4375 in-

295 4410 641 4464 haerendum
670 4408 782 4463 Deo
818 4409 1029 4463 virtute
1055 4411 1287 4480 propria
1313 4426 1481 4479 posse
1514 4407 1743 4481 purgari
1768 4426 1779 4463 :
1807 4425 1956 4481 quos

295 4499 429 4569 ipsa
453 4498 729 4568 superbia
753 4499 1002 4552 maxime
1032 4500 1303 4552 maculat.
1326 4498 1560 4554 Nullum
1583 4498 1736 4552 enim
1754 4499 1957 4554 vitium

297 4593 391 4643 est
414 4588 502 4641 cui
536 4587 723 4655 magis
757 4586 951 4640 divina
976 4586 1099 4657 lege
1132 4588 1456 4651 resistatur,
1482 4586 1616 4640 etin
1642 4589 1791 4658 quod
1829 4604 1955 4642 ma-

288 4678 397 4748 jus
417 4675 697 4746 accipiat3
720 4675 1172 4745 dominandijus
1190 4674 1286 4729 ille
1305 4676 1763 4746 superbissimus
1782 4677 1953 4746 spiri-

298 4772 422 4834 tus,
458 4765 527 4819 ad
563 4767 681 4817 ima
711 4764 1015 4829 mediator,
1050 4765 1119 4817 ad
1154 4780 1388 4818 summa
1419 4763 1795 4818 interclusor:
1846 4764 1957 4819 nisi

298 4852 525 4908 occulte
544 4852 832 4906 insidians
852 4852 963 4907 alia
986 4852 1075 4907 via
1096 4853 1411 4919 devitetur;
1432 4860 1533 4907 aut
1552 4870 1651 4923 per
1674 4852 1955 4923 populum

300 4943 693 5001 deﬁcientem,
719 4943 871 5012 quod
902 4943 1316 5013 interpretatur
1344 4941 1599 5011 Amalec,
1632 4948 1825 5013 aperte
1849 4960 1954 4997 sm-

299 5032 487 5099 viens,
512 5039 569 5085 et
591 5031 660 5085 ad
696 5036 905 5085 terram
931 5030 1336 5101 promissionis
1369 5032 1746 5103 repugnando
1772 5038 1959 5087 trans-

301 5123 449 5175 itum
485 5137 727 5191 negans,
759 5136 857 5189 per
887 5137 1116 5174 crucem
1151 5119 1375 5175 Domini
1409 5138 1535 5191 quae
1565 5122 1741 5189 Moysi
1771 5120 1955 5176 mani-

302 5210 415 5263 bus
446 5207 699 5263 extensis
732 5214 820 5263 est
843 5208 1229 5279 praeﬁgurata,
1263 5210 1782 5280 superetur(E.rod.
1816 5227 1951 5278 xvu,

297 5297 480 5367 8-l6).
516 5296 660 5351 Hinc
690 5298 845 5352 enim
880 5298 1281 5368 purgationem
1316 5298 1426 5353 sibi
1458 5298 1553 5352 isti
1589 5299 1801 5353 virtute
1832 5316 1955 5370 pro-

300 5386 431 5459 prie
462 5384 831 5458 pollicentur,
883 5386 1024 5456 quia
1073 5386 1338 5441 nonnulli
1384 5403 1584 5443 eorum
1641 5394 1956 5459 potuerunt

376 5602 390 5633 ¹
420 5600 575 5664 Editi.
607 5601 656 5648 et
686 5599 750 5648 de
778 5599 961 5664 ritibus
987 5600 1353 5664 sacriﬁciorum
1387 5615 1612 5650 suorum.

370 5664 391 5697 ³
418 5664 474 5711 In
505 5662 647 5719 Mss.,
682 5666 771 5710 aut
799 5663 845 5710 si
872 5664 1047 5711 etiam.

372 5726 394 5761 ³
422 5728 479 5776 In
505 5726 679 5785 editis,
709 5726 878 5788 magis
904 5726 1139 5791 accipiat.

1678 364 1909 425 LIBER
1957 365 2353 435 QUARTUS.

3594 377 3714 439 902

2056 497 2234 549 aciem
2264 499 2470 552 mentis
2499 500 2645 554 ultra
2672 518 2901 556 omnem
2930 510 3256 559 creaturam
3294 509 3713 577 transmittere,

2056 592 2111 640 et
2134 587 2319 640 lucem
2358 589 2856 645 incommutabilis
2887 595 3146 648 veritatis
3173 597 3716 670 quantulacumque

2060 690 2125 727 ex
2159 679 2317 744 parte
2336 677 2700 747 contingere:
2727 682 2880 751 quod
2901 682 3253 739 christianos
3274 684 3488 742 multos
3510 704 3577 742 ex
3600 688 3712 743 ﬁde

2062 763 2295 817 interim
2332 764 2453 819 sola
2483 766 2759 835 viventes,
2811 771 3069 825 nondum
3118 774 3379 842 potuisse
3422 776 3707 833 derident.

2061 851 2167 906 Sed
2203 852 2340 922 quid
2366 856 2602 923 prodest
2624 858 3007 927 superbienti,
3034 866 3090 914 et
3112 861 3183 915 ob
3216 861 3324 917 hoc
3346 864 3710 920 erubescenti

2060 939 2286 1011 lignum
2338 944 2743 1010 conscendere,
2779 947 2848 1000 de
2892 948 3208 1021 longinquo
3250 954 3577 1023 prospicere
3610 972 3710 1026 pa-

2060 1030 2230 1084 triam
2248 1032 2732 1089 transmarinam?
2752 1038 2863 1090 Aut
2886 1038 3021 1108 quid
3042 1040 3207 1093 obest
3229 1039 3434 1095 humili
3456 1043 3524 1097 de
3546 1048 3708 1099 tanto

2060 1117 2360 1174 intervallo
2394 1138 2505 1176 non
2538 1138 2663 1178 eam
2695 1125 2906 1196 videre,
2941 1127 2996 1181 in
3032 1127 3131 1181 illo
3161 1129 3318 1201 ligno
3350 1131 3418 1186 ad
3452 1148 3578 1188 eam
3609 1150 3704 1189 ve-

2060 1207 2261 1273 nienti,
2297 1226 2411 1280 quo
2446 1212 2797 1283 dedignatur
2820 1214 2915 1269 ille
2949 1219 3213 1288 portari?

2131 1297 2361 1353 CAPUT
2401 1300 2538 1355 XVI.
2571 1334 2639 1341 —
2669 1303 2757 1357 21.
2793 1305 3113 1377 Philosophi
3142 1312 3339 1364 veteres
3368 1309 3434 1365 de
3462 1327 3708 1368 resurre-

2058 1389 2234 1443 ctione
2256 1405 2320 1442 ac
2348 1391 2503 1445 rebus
2518 1394 2724 1460 futuris
2746 1410 2850 1449 non
2870 1398 3207 1452 consulendi.
3232 1399 3296 1451 Hi
3324 1400 3497 1455 etiam
3524 1419 3712 1457 resur-

2061 1476 2373 1532 rectionem
2409 1481 2600 1534 carnis
2625 1498 2730 1535 nos
2754 1485 2986 1539 credere
3008 1486 3459 1557 reprehendunt.
3482 1491 3711 1563 sibique

2061 1566 2255 1635 potius
2284 1567 2457 1621 etiam
2494 1570 2562 1623 de
2594 1569 2685 1625 his
2710 1573 2882 1627 rebus
2913 1575 3068 1629 credi
3098 1575 3315 1633 volunt.
3343 1579 3521 1642 Quasi
3552 1597 3708 1647 vero,

2061 1654 2199 1723 quia
2240 1656 2570 1727 prazeelsam
2614 1659 3275 1735 incommutabilemque
3316 1668 3707 1725 substantiam

2062 1759 2163 1813 per
2190 1742 2289 1797 illa
2318 1762 2444 1815 quae
2469 1747 2617 1801 facta
2640 1754 2777 1803 sunt
2799 1750 3119 1824 intelligere
3144 1758 3649 1825 potuerunt(Rom.
3670 1774 3709 1826 ι,

2058 1831 2171 1901 ‘20),
2206 1840 2505 1905 pr0pterea
2546 1836 2614 1890 de
2666 1841 3039 1896 conversione
3069 1859 3261 1898 rerum
3312 1846 3710 1918 mutabilium,

2062 1926 2161 1974 aut
2192 1922 2261 1975 de
2294 1930 2560 1978 contexto
2584 1927 2925 1983 smculorum
2960 1931 3164 1985 ordine
3196 1934 3536 1989 consulendi
3572 1936 3711 1992 sint.

2063 2009 2353 2081 Numquid
2385 2014 2536 2067 enim
2573 2016 2710 2084 quia
2740 2017 3042 2074 verissime
3082 2020 3409 2091 disputant,
3443 2029 3499 2078 et
3531 2024 3715 2079 docu-

2063 2101 2276 2153 mentis
2309 2102 2648 2157 certissimis
2700 2108 3071 2174 persuadent,
3122 2111 3354 2165 zeternis
3388 2113 3713 2170 rationibus

2061 2188 2259 2243 omnia
2290 2192 2632 2261 temporalia
2656 2193 2798 2259 fieri,
2820 2202 3121 2266 prepterea
3146 2202 3459 2268 potuerunt
3486 2201 3541 2254 in
3567 2202 3713 2272 ipsis

2061 2276 2389 2333 rationibus
2414 2282 2757 2351 perspicere,
2779 2284 2861 2337 vel
2888 2302 2953 2338 ex
2977 2287 3119 2355 ipsis
3142 2287 3410 2357 colligere
3429 2296 3572 2360 quot
3593 2291 3713 2346 sint

2062 2366 2401 2421 animalium
2429 2385 2655 2437 genera,
2683 2387 2809 2442 quae
2841 2374 3065 2428 semina
3086 2375 3447 2447 singulorum
3474 2379 3528 2431 in
3554 2395 3715 2433 exor-

2062 2454 2194 2520 diis,
2230 2456 2326 2526 qui
2376 2458 2583 2513 modus
2646 2460 2698 2513 in
2733 2460 3126 2529 incrementis,
3164 2465 3263 2536 qui
3322 2466 3549 2521 numeri
3611 2484 3714 2539 per

2062 2548 2400 2615 conceptus,
2435 2562 2537 2616 per
2577 2554 2762 2613 ortus,
2800 2568 2899 2621 per
2930 2557 3146 2621 aetates,
3182 2571 3283 2626 per
3314 2572 3575 2623 occasus,
3610 2557 3712 2628 qui

2064 2637 2257 2687 motus
2290 2634 2343 2687 in
2379 2638 2717 2706 appetendis
2745 2656 2873 2709 quae
2906 2643 3226 2698 secundum
3250 2650 3518 2700 naturam
3550 2650 3710 2717 sunt,

2067 2721 2471 2793 fugiendisque
2501 2728 2847 2782 contrariis?
2868 2729 3069 2784 Nonne
3090 2731 3203 2786 ista
3228 2734 3442 2797 omnia,
3470 2751 3582 2789 non
3612 2751 3715 2805 per

2063 2809 2221 2864 illam
2256 2812 2791 2869 incommutabilem
2818 2818 3189 2888 sapientiam,
3210 2822 3307 2874 sed
3331 2839 3433 2892 per
3454 2822 3711 2878 locorum

2063 2915 2127 2952 ac
2158 2904 2484 2969 temporum
2520 2902 2822 2958 historiam
2857 2908 3229 2975 quaesierunt,
3275 2915 3332 2963 et
3361 2911 3433 2963 ab
3464 2911 3580 2965 illis
3610 2928 3714 2966 ex-

2063 2992 2225 3057 perta
2255 2994 2427 3058 atque
2448 2991 2778 3061 conscripta
2798 2994 3206 3050 crediderunt?
3238 2998 3359 3061 Quo
3379 2999 3574 3053 minus
3598 2999 3713 3053 mi-

2063 3078 2309 3130 randum
2344 3082 2451 3143 est,
2496 3080 2655 3133 nullo
2690 3082 2859 3135 modo
2902 3099 2999 3137 eos
3034 3084 3294 3153 potuisse
3336 3086 3710 3156 prolixiorum

2064 3164 2407 3220 saeculorum
2459 3168 2666 3223 seriem
2703 3170 3002 3242 vestigare,
3045 3178 3099 3227 et
3146 3175 3463 3245 quamdam
3498 3181 3712 3232 metam

2062 3254 2239 3325 hujus
2272 3271 2570 3324 excursus,
2605 3274 2718 3327 quo
2750 3264 3029 3329 tanquam
3055 3262 3229 3316 ﬂuvio
3251 3278 3436 3334 genus
3458 3264 3716 3318 decurrit

2063 3343 2407 3411 humanum,
2428 3351 2599 3415 atque
2617 3346 2749 3399 inde
2767 3349 3206 3404 conversionem
3225 3352 3295 3405 ad
3318 3368 3490 3406 suum
3506 3352 3717 3422 cuique

2062 3432 2322 3486 debitum
2357 3434 2695 3489 terminum.
2725 3436 2838 3490 Ista
2858 3438 3012 3491 enim
3044 3455 3148 3492 nec
3180 3439 3438 3494 historici
3464 3440 3717 3496 scribere

2062 3526 2378 3592 potuerunt
2425 3521 2592 3592 longe
2642 3524 2838 3577 futura
2886 3530 2943 3579 et
2972 3542 3005 3580 a
3050 3527 3208 3582 nullo
3255 3533 3491 3598 experta
3535 3533 3713 3599 atque

2062 3617 2310 3663 narrata.
2346 3609 2455 3663 Nec
2486 3608 2579 3665 isti
2608 3610 2939 3682 philoSOphi
2972 3616 3191 3668 caeteris
3215 3615 3481 3670 meliores
3512 3616 3571 3670 in
3595 3616 3711 3672 illis

2062 3699 2313 3752 summis
2346 3699 2692 3769 aeternisque
2724 3702 3048 3757 rationibus
3076 3702 3369 3757 intellectu
3404 3704 3542 3758 talia
3574 3721 3713 3759 con-

2061 3788 2321 3857 templati
2356 3791 2531 3842 sunt:
2575 3786 2828 3858 alioquin
2866 3805 2979 3842 non
3013 3791 3275 3858 ejusdem
3310 3792 3536 3861 generis
3565 3809 3709 3862 prie-

2060 3878 2233 3930 terita
2264 3893 2389 3945 qua:
2416 3882 2729 3946 potuerunt
2754 3876 3014 3933 historici
3039 3880 3054 3912 ί
3080 3878 3460 3949 inquirerent,
3487 3881 3583 3934 sed
3612 3897 3715 3951 po-

2061 3965 2179 4019 tius
2210 3970 2263 4019 et
2308 3966 2499 4018 futura
2552 3973 3004 4035 praenoscerent;
3039 3968 3190 4037 quod
3242 3969 3339 4036 qui
3376 3974 3713 4040 potuerunt,

2063 4054 2133 4107 ab
2166 4052 2247 4107 eis
2280 4058 2460 4117 vates,
2494 4068 2524 4107 a
2558 4053 2773 4107 nostris
2805 4054 3105 4124 Prophetas
3135 4054 3407 4123 appellati
3440 4063 3596 4111 sunt.

2134 4141 2361 4197 CAPUT
2392 4141 2557 4195 XVII.
2593 4172 2659 4181 ——
2688 4144 2776 4195 22.
2810 4144 3025 4197 Futura
3055 4149 3188 4213 quot
3216 4144 3390 4199 modis
3416 4148 3711 4216 prwsrian-

2066 4236 2174 4286 tur.
2212 4231 2534 4300 Philosophi
2556 4246 2654 4283 nec
2675 4233 2764 4284 illi
2793 4234 2885 4300 qui
2905 4234 3047 4286 inter
3065 4235 3313 4302 antiquos
3331 4234 3717 4289 excelluerunt

2065 4321 2385 4375 consulendi
2418 4328 2544 4373 sunt
2582 4320 2647 4372 de
2677 4321 3074 4375 resurrectione
3112 4330 3474 4377 mortuorum.
3521 4323 3713 4387 Quan-

2065 4426 2239 4479 quam
2272 4414 2329 4463 et
2362 4408 2773 4479 PrOphetarum
2808 4426 3016 4463 nomen
3042 4426 3154 4464 non
3187 4410 3426 4465 omnino
3458 4410 3714 4467 alienum

2064 4504 2152 4552 est
2182 4515 2214 4550 a
2248 4496 2453 4550 litteris
2485 4512 2716 4549 eorum:
2752 4498 2850 4550 sed
2878 4496 3192 4566 plurimum
3227 4499 3491 4565 interest,
3516 4507 3714 4556 utrum

2064 4586 2458 4657 experimento
2484 4584 2907 4654 praeteritorum
2930 4586 3123 4640 futura
3142 4587 3548 4656 conjiciantur;
3566 4590 3721 4645 sicut

2066 4674 2274 4728 medici
2310 4672 2492 4726 multa
2524 4672 2908 4742 prievidendo,
2955 4674 3130 4728 etiam
3164 4674 3374 4732 litteris
3407 4678 3717 4735 mandave-

2067 4769 2223 4826 runt,
2280 4779 2402 4831 quae
2448 4760 2557 4831 ipsi
2590 4767 2824 4831 experta
2865 4769 3230 4831 notaverunt;
3282 4765 3434 4820 sicut
3464 4766 3716 4838 denique

2065 4850 2330 4923 agricolas
2363 4848 2449 4903 vel
2486 4850 2659 4903 etiam
2694 4854 2882 4904 nautis
2916 4851 3100 4907 multa
3131 4856 3523 4922 praenuntiant
3556 4856 3716 4925 (talia

2064 4940 2218 4995 enim
2251 4938 2298 4993 si
2330 4954 2398 4992 ex
2427 4937 2617 5007 longis
2648 4936 2969 4993 intervallis
3002 4946 3331 5012 temporum
3366 4944 3528 5007 ﬁant,
3562 4942 3712 4996 divi-

2064 5029 2329 5084 nationes
2349 5032 2746 5098 putantur):an
2766 5031 3027 5098 verojam
3044 5036 3285 5084 ventura
3303 5031 3712 5100 processerint,

2064 5124 2120 5175 et
2152 5120 2318 5187 longe
2347 5117 2471 5170 visa
2494 5114 2780 5170 venientia
2803 5116 3146 5171 nuntientur
3166 5119 3186 5150 ²
3209 5134 3309 5188 pro
3341 5123 3510 5173 acuto
3536 5134 3714 5174 sensu

2063 5207 2405 5270 videntium,
2442 5204 2595 5275 quod
2630 5220 2763 5259 cum
2796 5205 3014 5260 faciunt
3046 5222 3226 5260 aereae
3256 5212 3538 5276 potestate
3569 5206 3716 5260 divi-

2062 5312 2201 5351 nare
2233 5294 2587 5360 creduntur;
2640 5297 2919 5362 tanquam
2952 5294 2997 5345 si
3033 5296 3347 5364 quisquam
3396 5294 3467 5349 de
3500 5295 3717 5352 montis

2064 5384 2273 5440 vertice
2304 5384 2560 5453 aliquem
2584 5379 2755 5453 longe
2786 5380 2975 5435 videat
2995 5381 3345 5451 venientem,
3370 5386 3427 5438 et
3454 5384 3715 5455 proxime

2128 5606 2143 5639 ¹
2177 5600 2333 5657 Editi,
2362 5598 2614 5647 historice.
2647 5595 2835 5644 Melius
2864 5596 3003 5653 Mss.,
3039 5595 3283 5647 historici.

2126 5668 2148 5700 2
2176 5666 2294 5713 Sola
2326 5666 2437 5728 fere
2464 5660 2636 5728 editio
2656 5659 2800 5728 Lov..
2831 5662 3207 5721 prcssmerint,
3237 5666 3285 5712 et
3316 5662 3463 5728 longe
3491 5662 3598 5715 visa
3625 5676 3710 5723 ve;

2063 5728 2259 5780 nieniia
2288 5724 2540 5773 nuntient.
2572 5721 2747 5771 Minue
2774 5723 2929 5771 bene.
