4100 6194
486 318 605 376 903

484 448 546 502 in
580 464 784 517 campo
813 448 1215 501 habitantibus
1239 454 1369 501 ante
1404 450 1655 503 nuntiet:
1694 467 1762 501 an
1800 450 1871 501 ab
1904 447 2138 517 Angelis

486 538 728 600 sanctis,
756 536 970 607 quibus
993 553 1058 590 ea
1084 536 1238 591 Deus
1264 554 1363 605 per
1388 538 1637 593 Verbum
1663 538 2138 608 Sapientiamque

486 642 654 680 suam
689 625 926 695 indicat,
959 626 1058 678 ubi
1105 632 1162 679 et
1198 628 1387 679 l'utura
1426 630 1481 678 et
1512 625 1798 696 praeterita
1836 629 2012 692 stant,
2046 622 2132 679 vel

485 714 840 785 quibusdam
897 715 1359 784 praenuntientur
1408 713 1767 780 hominibus,
1816 712 1903 767 vel
1952 713 2022 768 ab
2052 712 2134 768 eis

485 804 685 857 audita
714 819 919 857 rursus
952 802 1023 856 ad
1052 801 1197 857 alios
1229 801 1497 857 homines
1528 800 2029 857 transmittuntur:
2061 818 2133 856 an

484 892 748 963 ipsorum
781 890 1084 947 hominum
1118 892 1507 962 quorumdam
1558 896 1783 946 mentes
1817 890 1874 945 in
1909 894 2135 945 tantum

483 982 801 1037 evehuntur
818 980 1036 1053 Spiritu
1057 986 1276 1048 sancto,
1305 984 1367 1035 ut
1391 997 1502 1035 non
1526 979 2010 1051 perAugelos,sed
2036 996 2137 1051 per

482 1087 544 1126 se
575 1072 733 1142 ipsas
766 1072 1094 1125 futurorum
1128 1074 1350 1125 stantes
1381 1085 1589 1124 causas
1615 1072 1629 1105 ¹
1657 1070 1713 1123 in
1746 1069 1873 1139 ipsa
1902 1085 2137 1123 summa

481 1176 677 1215 rerum
700 1175 831 1215 arce
862 1158 1245 1230 conspiciant.
1269 1157 1532 1213 Audiunt
1561 1158 1717 1213 enim
1750 1158 1861 1213 ista
1880 1162 1937 1213 et
1958 1173 2134 1212 aerea:

480 1247 955 1319 potestates,sive
976 1246 1208 1319 Angelis
1240 1264 1305 1301 ea
1338 1247 1764 1314 nuntiantibus,
1800 1247 1920 1301 sive
1954 1248 2136 1303 homi-

480 1338 679 1394 nibus:
714 1344 771 1393 et
801 1342 1027 1392 tantum
1057 1338 1325 1405 audiunt,
1371 1343 1656 1407 quantum
1690 1352 1836 1407 opus
1880 1352 2009 1392 esse
2041 1336 2163 1391 ille-

475 1428 718 1499 judicat,
754 1427 848 1482 cui
880 1427 1144 1494 subjecta
1176 1430 1313 1481 sunt
1334 1428 1550 1480 omnia.
1576 1424 1755 1479 Multa
1786 1425 1960 1480 etiam
1993 1443 2134 1497 prae-

480 1517 753 1571 dicuntur
784 1516 1063 1570 instinctu
1085 1515 1333 1584 quodam
1367 1520 1422 1569 et
1443 1513 1697 1585 impulso
1728 1514 1935 1584 spiritu
1962 1516 1982 1548 ²
2007 1530 2135 1570 nes-

477 1605 792 1660 cientium:
816 1605 969 1659 sicut
984 1604 1234 1675 Caiphas
1258 1604 1499 1658 nescivit
1520 1604 1662 1675 quid
1686 1602 1848 1673 dixit,
1873 1604 1973 1659 sed
1998 1620 2131 1659 cum

476 1699 631 1750 esset
663 1694 919 1765 pontifex
952 1692 1319 1763 prophetavit
1349 1697 1531 1763 (Joan.
1564 1710 1639 1759 x1,
1673 1694 1784 1763 51).

546 1783 637 1837 23.
672 1784 820 1854 Ergo
851 1783 922 1836 de
956 1782 1431 1837 successionibus
1475 1781 1819 1837 saeculorum
1854 1789 1907 1837 et
1938 1783 2007 1837 de
2039 1799 2130 1837 re-

476 1872 838 1927 surrectione
862 1876 1228 1926 mortuorum
1250 1870 1628 1942 philosophos
1652 1870 1897 1926 necillos
1920 1888 2129 1927 consu-

475 1958 592 2015 lere
617 1960 919 2025 debemus,
945 1960 1043 2029 qui
1068 1960 1355 2015 Creatoris
1379 1960 1783 2026 mternitatem,
1820 1961 1875 2015 in
1910 1977 2024 2032 quo
2056 1961 2132 2016 vi-

474 2049 686 2112 vimus,
711 2064 1015 2103 movemur
1043 2052 1099 2103 et
1129 2064 1335 2102 sumus
1366 2049 1503 2117 (Act.
1534 2066 1669 2118 xvu,
1697 2050 1811 2121 28),
1842 2055 2129 2121 quantum

474 2143 789 2209 potuerunt
811 2136 1235 2192 intellexerunt.
1272 2137 1417 2201 Quia
1441 2155 1541 2209 per
1568 2154 1636 2193 ea
1658 2155 1783 2209 qua:
1809 2140 1959 2194 facta
1989 2143 2129 2196 sunt

472 2231 888 2297 cognoscentes
911 2226 1238 2293 Deum,non
1264 2226 1608 2282 sicutDeum
1632 2228 2124 2299 glorificaverunt,

472 2321 575 2370 aut
605 2315 824 2387 gratias
846 2318 1112 2387 egerunt,
1136 2315 1235 2370 sed
1269 2316 1529 2371 dicentes
1560 2333 1622 2371 se
1651 2333 1779 2372 esse
1809 2318 2125 2389 sapientes,

473 2404 637 2460 stulti
670 2404 803 2460 facti
836 2411 975 2459 sunt
1005 2405 1176 2475 (Rom.
1213 2421 1252 2469 ι,
1283 2406 1484 2476 20-22).
1524 2406 1592 2460 Et
1620 2423 1752 2461 cum
1785 2407 1977 2462 idonei
2010 2424 2125 2461 non

472 2497 688 2561 essent,
716 2494 773 2549 in
804 2492 1189 2548 aeternitatem
1210 2494 1231 2528 ³
1253 2493 1578 2565 spiritualis
1602 2495 2124 2551 incommutabilis-

472 2599 584 2653 que
607 2588 825 2637 natura:
848 2586 1030 2637 aciem
1056 2582 1267 2638 mentis
1296 2590 1412 2638 tam
1437 2590 1771 2640 constanter
1796 2585 2128 2657 intigere,ut

474 2673 533 2726 in
568 2672 697 2742 ipsa
727 2671 1013 2743 sapientia
1043 2671 1329 2727 Creatoris
1362 2679 1534 2745 atque
1558 2675 1811 2730 Rectoris
1836 2674 2124 2730 universi-

476 2762 615 2815 tatis
648 2761 906 2816 viderent
950 2760 1247 2816 volumina
1297 2762 1667 2829 szeculorum,
1719 2781 1843 2833 quas
1876 2764 1955 2818 ibi
1997 2765 2123 2834 jam

473 2856 672 2905 essent
701 2855 757 2905 et
786 2866 1018 2921 semper
1037 2855 1251 2917 essent,
1279 2850 1370 2906 hic
1393 2858 1585 2907 autem
1611 2853 1809 2908 futura
1837 2858 2034 2908 essent
2066 2857 2127 2908 ut

478 2956 591 2993 non
610 2944 829 3005 essent;
850 2944 1024 3009 atque
1047 2942 1109 2993 ut
1130 2939 1209 2994 ibi
1227 2939 1486 2995 viderent
1506 2940 1910 2997 conversiones
1930 2941 1987 2996 in
2004 2958 2123 2997 me-

474 3027 612 3094 lius,
638 3045 750 3082 non
774 3027 966 3083 solum
987 3028 1339 3095 animorum,
1363 3030 1464 3084 sed
1486 3030 1662 3085 etiam
1686 3046 1996 3101 corporum
2014 3030 2124 3085 hu-

476 3132 784 3171 manorum
801 3117 1068 3187 usquead
1092 3117 1181 3171 sui
1208 3118 1359 3172 modi
1383 3120 1811 3188 perfectionem:
1838 3136 1967 3174 cum
1988 3136 2123 3192 ergo

475 3205 547 3258 ad
580 3204 700 3259 haec
730 3205 808 3258 ibi
842 3205 1087 3260 videnda
1111 3205 1269 3261 nullo
1294 3207 1464 3261 modo
1495 3212 1691 3262 essent
1714 3208 1926 3279 idonei,
1952 3225 2021 3263 ne
2051 3208 2121 3263 ad

476 3292 620 3348 illud
636 3292 868 3364 quidem
892 3293 1050 3366 digni
1077 3295 1259 3349 habiti
1284 3300 1513 3365 sunt,ut
1533 3296 1617 3351 eis
1640 3296 1755 3351 ista
1778 3303 2122 3369 persanctos

468 3383 719 3454 Angelos
735 3384 1165 3450 nuntiarentur;
1186 3385 1304 3440 sive
1319 3385 1643 3442 forinsecus
1660 3402 1759 3457 per
1771 3403 1980 3442 sensus
2001 3404 2122 3443 cor-

468 3472 782 3543 poris,sive
805 3472 1180 3529 interioribus
1215 3474 1664 3530 revelationibus
1697 3475 1754 3529 in
1783 3477 1991 3547 spiritu
2023 3493 2119 3532 ex-

467 3563 715 3633 pressis:
741 3562 895 3619 sicut
916 3562 1178 3633 patribus
1210 3564 1423 3619 nostris
1457 3581 1589 3619 vera
1620 3564 1831 3635 pietate
1860 3566 2118 3637 prazditis

466 3649 589 3705 haec
629 3651 1029 3707 demonstrata
1077 3658 1235 3719 sunt,
1269 3652 1370 3724 qui
1401 3670 1467 3708 ea
1504 3654 1898 3724 praedicantes,
1935 3655 2021 3710 vel
2047 3655 2118 3712 de

466 3741 849 3812 praesentibus
871 3740 1056 3811 signis
1075 3741 1159 3796 vel
1182 3742 1252 3795 de
1276 3742 1555 3813 proximis
1580 3743 1861 3807 rebus,ita
1886 3748 1948 3797 ut
1972 3762 2113 3815 prae-

463 3829 746 3898 dixerant,
773 3829 941 3884 factis
964 3830 1137 3884 fidem
1168 3830 1464 3891 facientes,
1484 3832 1889 3887 auctoritatem
1922 3834 2013 3888 cui
2046 3835 2116 3890 de

462 3918 632 3988 longe
663 3918 877 3972 futuris
910 3934 1095 3989 usque
1118 3918 1175 3973 in
1209 3920 1403 3973 saeculi
1438 3921 1611 3975 tinem
1635 3922 2114 3988 crederetur,ha-

462 4006 597 4059 bere
630 4011 989 4060 meruerunt.
1046 4007 1364 4063 Potestates
1402 4013 1595 4063 autem
1640 4026 1818 4064 aerea:
1849 4013 2113 4083 superbas

460 4097 634 4163 atque
648 4093 1081 4162 fallaces,etiam
1097 4096 1143 4148 si
1159 4096 1324 4166 quzed
1334 4112 1425 4150 am
1440 4097 1510 4151 de
1523 4097 1793 4152 societate
1813 4101 1986 4153 etcivi
1998 4104 2114 4156 tate

461 4191 797 4236 sanctorum
830 4186 887 4236 et
916 4183 985 4237 de
1016 4199 1147 4237 vero
1165 4184 1475 4240 Mediatore
1504 4203 1537 4239 a
1566 4188 1786 4241 sanctis
1809 4188 2111 4259 Prophetis

459 4272 545 4325 vel
565 4270 800 4343 Angelis
819 4272 1019 4326 audita
1038 4289 1288 4343 persuos
1306 4278 1462 4328 vates
1484 4275 1699 4330 dixisse
1722 4278 2108 4349 reperiuntur,

454 4359 511 4413 id
546 4366 812 4431 egerunt,
833 4365 895 4415 ut
917 4378 1018 4431 per
1037 4360 1158 4415 haec
1190 4361 1381 4417 aliena
1404 4379 1533 4417 vera
1552 4365 1729 4418 etiam
1755 4366 1955 4420 fideles
1985 4365 2106 4432 Dei,

457 4450 503 4501 si
533 4455 769 4517 possent
824 4450 894 4504 ad
928 4468 1035 4505 sua
1085 4451 1228 4506 falsa
1260 4453 1645 4508 traducerent.
1684 4460 1861 4508 Deum
1914 4462 2108 4511 autem

457 4553 559 4606 per
591 4538 915 4593 nescientes
946 4540 1000 4593 id
1020 4540 1156 4610 egit,
1186 4544 1251 4593 ut
1269 4542 1483 4595 veritas
1502 4542 1759 4614 undique
1790 4550 2106 4613 resonaret,

456 4624 731 4680 ﬁdelibus
763 4627 821 4681 in
854 4628 1237 4698 adiutorium,
1271 4629 1467 4701 impiis
1492 4630 1549 4684 in
1584 4634 2006 4687 testimonium.

527 4713 755 4769 CAPUT
793 4714 987 4770 XVIII.
1026 4746 1089 4757 —
1118 4717 1207 4771 24.
1240 4718 1413 4772 Filius
1442 4719 1540 4774 Dei
1569 4722 1900 4775 incarnatus
1943 4731 2020 4776 est
2047 4726 2110 4777 ut

453 4819 551 4873 per
564 4802 726 4873 ﬁdem
742 4803 1001 4859 mandati
1014 4806 1382 4861 evehamurad
1397 4810 1898 4865 incommutabilem
1911 4812 2109 4867 verita-

455 4904 580 4947 tem.
614 4891 761 4955 Quia
793 4893 970 4964 igitur
1006 4894 1078 4948 ad
1112 4900 1325 4950 asterna
1364 4900 1721 4968 capessenda
1771 4900 1957 4955 idonei
1991 4917 2105 4956 non

454 4998 714 5049 eramus,
759 4983 1078 5053 sordesque
1112 4990 1476 5055 peccatorum
1529 5004 1635 5042 nos
1668 4990 2108 5060 praegravabant

452 5070 863 5142 temporalium
885 5088 1077 5127 rerum
1095 5088 1289 5127 amore
1308 5077 1778 5145 contractm,etde
1792 5078 2107 5149 propagine

452 5160 826 5215 mortalitatis
860 5167 1137 5231 tanquam
1173 5162 1517 5218 naturaliter
1546 5164 1781 5234 inclitae,
1818 5167 2104 5238 purgandi

451 5266 703 5304 eramus.
721 5250 799 5304 Pu
811 5252 958 5321 rgari
981 5260 1175 5306 autem
1194 5255 2103 5323 utcontemperaremurazternis,

492 5425 531 5494 _'
564 5425 723 5494 ﬁniti,
744 5429 1200 5494 instantesgcnusas.
1228 5432 1413 5479 Melius
1434 5432 1573 5484 Μῦς..
1595 5436 1790 5479 stantes
1813 5446 2007 5480 causas.
2031 5434 2105 5484 Ex

453 5485 533 5532 bis
564 5487 848 5557 Vaticanus
885 5492 1099 5557 quidam
1142 5497 1323 5557 postea
1355 5494 1531 5551 habet,
1572 5495 1625 5542 in
1654 5494 1766 5556 ipsa
1794 5509 1995 5543 summa
2027 5511 2106 5546 re-

450 5562 566 5594 rum
600 5554 711 5613 arte
739 5556 1071 5613 compiciant.

517 5613 536 5690 ξ
950 5616 1169 5690 impulsu
1198 5620 1428 5690 spiritus.

512 5670 534 5707 ³
563 5671 775 5735 Aliquot
802 5675 947 5735 Mam,
970 5670 1029 5726 iri
1052 5670 1356 5731 “emittite.

1612 316 1712 374 DE
1756 316 2205 387 TRINITATE,
2256 315 2320 375 S.
2366 316 2789 377 AUGUSTINI
3734 326 3833 387 θοι

2249 465 2359 499 non
2384 448 2492 501 nisi
2518 465 2617 518 per
2637 446 2980 518 temporalia
2998 446 3703 519 possemusqualibusjam
3722 470 3832 509 con-

2246 537 2549 606 temperati
2586 537 2949 591 tenebamur.
2974 537 3202 592 Sanitas
3234 536 3386 592 enim
3419 554 3451 592 a
3479 540 3660 595 morbo
3689 542 3835 612 pluri-

2247 641 2406 678 mum
2422 625 2621 679 distat:
2638 626 2738 680 sed
2755 625 2944 680 media
2958 627 3227 692 curatio‘,
3251 625 3359 680 nisi
3378 628 3567 681 morbo
3581 636 3833 701 congruat,

2246 728 2358 766 non
2378 714 2641 784 perducit
2668 715 2739 769 ad
2764 716 3094 770 sanitatem.
3124 714 3357 770 Inutilia
3378 717 3697 787 temporalia
3714 719 3835 775 deci-

2244 800 2298 871 pi
2311 808 2413 855 unt
2426 808 2674 873 aegrotos
2697 802 2861 857 utilia
2876 803 3220 875 temporalia
3232 803 3555 875 suscipiunt
3568 809 3837 875 sanandos,

2250 895 2303 944 et
2316 890 2613 960 trajiciunt
2626 891 2696 946 ad
2710 895 2926 946 aeterna
2938 895 3192 946 sanatos.
3215 891 3377 946 Mens
3391 899 3572 948 autem
3590 895 3840 952 rationalis

2247 978 2400 1033 sicut
2422 984 2668 1051 purgata
2690 979 3243 1051 contemplationem
3260 981 3429 1035 debet
3450 981 3612 1036 rebus
3625 985 3841 1053 internis;

2246 1068 2329 1122 sic
2360 1068 2683 1141 purganda,
2706 1068 3127 1140 temporalibus
3160 1069 3356 1124 ﬁdem.
3392 1070 3539 1124 Dixit
3566 1071 3775 1142 quidam
3802 1079 3846 1129 et

2246 1155 2479 1212 illorum
2504 1157 2605 1228 qui
2636 1159 2933 1229 quondam
2960 1159 3112 1229 apud
3129 1158 3355 1213 Graecos
3386 1158 3664 1229 sapientes
3690 1159 3842 1216 habiti

2245 1251 2403 1302 sunt:
2429 1247 2701 1314 Quantum
2719 1246 2789 1302 ad
2810 1248 2865 1302 id
2877 1248 3018 1319 quod
3029 1256 3209 1302 ortum
3219 1252 3295 1303 est
3315 1251 3591 1305 mterm'tas
3603 1251 3844 1315 valet,tan-

2243 1340 2360 1389 tum
2384 1336 2454 1390 ad
2478 1335 2640 1406 ﬁdem
2670 1339 2888 1391 veritas.
2926 1338 2991 1391 Et
3022 1337 3276 1406 profecto
3306 1342 3394 1392 est
3424 1353 3554 1392 vera
3582 1338 3845 1393 sententia.

2243 1424 2404 1487 Quod
2420 1424 2578 1479 enim
2601 1441 2705 1480 nos
2724 1424 3042 1497 temporale
3075 1424 3347 1493 dicimus,
3374 1425 3481 1481 hoc
3502 1425 3594 1481 ille
3619 1428 3757 1499 quod
3778 1444 3851 1482 or-

2242 1519 2367 1568 tum
2391 1519 2479 1569 est
2510 1514 2838 1586 appellavit.
2863 1514 2936 1568 Ex
2961 1532 3075 1586 quo
3102 1530 3313 1586 genere
3337 1514 3510 1571 etiam
3535 1533 3634 1571 nos
3656 1532 3849 1583 sumus,

2244 1620 2357 1658 non
2383 1608 2610 1659 tantum
2637 1604 2960 1658 secundum
2985 1620 3217 1675 corpus,
3245 1604 3345 1658 sed
3370 1603 3545 1659 etiam
3574 1606 3853 1662 secundum

2243 1692 2421 1747 animi
2448 1692 3050 1747 mutabilitatem.Non
3072 1693 3227 1748 enim
3246 1692 3479 1765 proprie
3491 1698 3855 1749 vocatumter-

2243 1782 2561 1853 num,quod
2577 1781 2852 1852 aliquaex
2871 1786 3035 1852 parte
3051 1781 3402 1836 mutatur.ln
3419 1787 3692 1853 quantum
3707 1782 3856 1855 igitur

2241 1869 2552 1925 mutabiles
2566 1886 2793 1931 sumus.
2819 1870 2875 1924 in
2890 1874 3118 1924 tantum
3145 1870 3216 1924 ab
3230 1871 3555 1926 aeternitate
3578 1872 3855 1927 distamus.

2242 1959 2603 2015 Promittitur
2634 1964 2825 2014 autem
2862 1959 3029 2013 nobis
3059 1960 3175 2014 vita
3197 1964 3412 2014 aeterna
3443 1976 3542 2031 per
3569 1960 3857 2025 veritatem,

2239 2066 2272 2103 a
2302 2050 2473 2118 cujus
2502 2049 2915 2120 perspicuitate
2942 2065 3149 2103 rursus
3169 2053 3395 2103 tantum
3427 2049 3601 2105 distat
3624 2050 3755 2104 ﬁdes
3775 2066 3860 2104 no-

2239 2144 2379 2206 stra,
2408 2143 2691 2209 quantum
2726 2138 2798 2192 ab
2831 2136 3149 2192 aeternitate
3181 2137 3527 2192 mortalitas.
3560 2138 3715 2193 Nunc
3745 2153 3859 2209 ergo

2237 2228 2584 2283 adhibemus
2618 2226 2790 2280 ﬁdem
2824 2226 2999 2281 rebus
3031 2225 3431 2298 temporaliter
3453 2228 3634 2299 gestis
3659 2234 3863 2298 propter

2238 2334 2365 2386 nos,
2383 2320 2439 2372 et
2460 2333 2561 2388 per
2581 2316 2766 2388 ipsam
2792 2316 3171 2382 mundamur;
3197 2318 3260 2371 ut
3282 2331 3417 2370 cum
3440 2316 3510 2370 ad
3534 2315 3769 2388 speciem
3790 2332 3862 2371 ve-

2237 2406 2517 2471 nerimus,
2553 2404 3048 2475 quemadmodum
3084 2404 3348 2459 succedit
3380 2404 3518 2459 ﬁdei
3551 2404 3771 2467 veritas,
3793 2404 3862 2459 ita

2237 2493 2573 2550 mortalitati
2598 2493 2873 2548 succedat
2892 2492 3199 2548 aeternitas.
3228 2492 3595 2565 Quapropter
3614 2492 3859 2564 quoniam

2236 2584 2380 2639 ﬁdes
2405 2588 2601 2638 nostra
2615 2582 2711 2637 fiet
2724 2582 2954 2646 veritas,
2977 2598 3042 2637 cu
3056 2599 3105 2636 in
3122 2581 3191 2635 ad
3206 2580 3261 2635 id
3278 2582 3437 2653 quod
3456 2582 3622 2636 nobis
3644 2583 3861 2637 creden-

2237 2674 2393 2727 tibus
2423 2671 2785 2744 promittitur
2807 2670 3271 2743 pervenerimus:
3308 2670 3671 2742 promittitur
3690 2676 3858 2725 autem

2238 2761 2403 2817 nobis
2426 2761 2543 2815 vita
2572 2766 2805 2826 aeterna;
2830 2766 2886 2814 et
2906 2760 3051 2814 dixit
3079 2759 3328 2823 Veritas,
3356 2776 3470 2815 non
3504 2777 3626 2829 qua
3656 2760 3745 2815 {iet
3765 2759 3858 2815 sic-

2236 2856 2299 2905 ut
2331 2850 2526 2905 futura
2556 2855 2645 2904 est
2666 2849 2810 2904 ﬁdes
2834 2853 3054 2915 nostra,
3080 2848 3177 2903 sed
3214 2864 3342 2918 quas
3365 2865 3601 2919 semper
3620 2854 3704 2904 est
3720 2848 3859 2903 Veri-

2236 2946 2345 3005 tas,
2379 2940 2517 3010 quia
2548 2938 2625 2993 ibi
2660 2943 2750 2993 est
2777 2937 3069 2993 aeternitas
3095 2963 3108 3003 ;
3141 2936 3287 2991 dixit
3317 2953 3457 3009 ergo
3490 2937 3728 2999 Veritas.
3756 2939 3863 2993 Haec

2232 3036 2311 3085 est
2340 3033 2525 3085 autem
2563 3031 2676 3084 vita
2707 3037 2942 3096 aeterna,
2974 3035 3033 3081 ut
3062 3030 3379 3097 cognosrant
3412 3032 3465 3083 te
3496 3044 3666 3083 unum
3695 3044 3862 3082 verum

2233 3122 2422 3183 Deum,
2447 3123 2495 3173 et
2521 3134 2682 3188 quem
2703 3117 2913 3172 misisti
2930 3121 3125 3171 .lesum
3153 3115 3435 3170 Christum
3453 3118 3628 3183 (Joan.
3652 3132 3779 3184 xvu,
3797 3116 3862 3187 3);

2232 3225 2366 3263 cum
2387 3208 2531 3262 ﬁdes
2558 3211 2757 3262 nostra
2776 3205 3022 3260 videndo
3046 3205 3145 3259 fiet
3167 3204 3554 3272 veritas,tunc
3577 3204 3865 3260 mortalita-

2230 3304 2347 3352 tem
2381 3300 2643 3351 nostram
2676 3298 3097 3350 commutatam
3131 3293 3351 3347 tenebit
3382 3294 3698 3350 aeternitas.
3722 3292 3861 3359 Quod

2229 3385 2413 3441 donec
2437 3384 2555 3449 ﬁat,
2580 3389 2710 3439 etut
2734 3381 2996 3453 tiat,quia
3014 3383 3186 3437 rebus
3203 3381 3347 3436 ortis
3368 3384 3863 3438 accommodamus

2229 3475 2403 3529 ﬁdem
2434 3472 2816 3537 credulitatis,
2838 3472 2991 3527 sicut
3015 3471 3070 3526 in
3098 3471 3327 3526 aeternis
3349 3488 3662 3543 speramus
3682 3468 3863 3526 verita-

2228 3568 2342 3619 tem
2368 3560 2898 3634 contemplationis,
2926 3576 2995 3615 ne
3020 3560 3163 3615 ﬁdes
3177 3560 3445 3617 mortalis
3468 3562 3599 3615 vitae
3620 3561 3861 3616 dissona-

2228 3658 2314 3707 ret
2334 3670 2366 3707 a
2386 3656 2623 3706 veritate
2638 3658 2861 3705 aeternas
2876 3650 3024 3714 vitae,
3045 3650 3171 3720 ipsa
3182 3648 3409 3704 Veritas
3432 3649 3586 3705 Patri
3604 3654 3859 3704 coaeterna

2226 3742 2297 3797 de
2330 3748 2479 3795 terra
2510 3744 2638 3795 orta
2667 3744 2755 3795 est
2779 3740 2948 3806 (Psal.
2986 3755 3203 3805 Lxxx1v,
3241 3739 3346 3805 12),
3382 3754 3523 3793 cum
3572 3738 3745 3793 Filius
3773 3736 3858 3792 Dei

2225 3831 2309 3886 sic
2332 3831 2486 3886 venit
2508 3836 2573 3884 ut
2594 3829 2753 3884 fieret
2776 3828 2932 3883 ﬁlius
2956 3826 3235 3891 hominis,
3260 3831 3315 3881 et
3348 3826 3475 3897 ipse
3500 3826 3558 3880 in
3584 3844 3645 3882 se
3665 3825 3860 3896 excipe-

2224 3925 2309 3976 ret
2344 3920 2513 3975 ﬁdem
2538 3924 2819 3985 nostram,
2838 3934 2957 3989 qua
2976 3934 3082 3971 nos
3110 3916 3458 3987 perduceret
3481 3916 3554 3970 ad
3582 3916 3856 3971 veritatem

2224 4028 2412 4075 suam,
2429 4008 2529 4080 qui
2553 4008 2636 4063 sic
2657 4006 2917 4077 suscepit
2942 4005 3357 4060 mortalitatem
3381 4009 3741 4070 nostram,ut
3762 4017 3855 4057 non

2222 4099 2516 4154 amitteret
2544 4096 2925 4152 aeternitatem
2960 4110 3149 4149 suam.
3194 4094 3494 4158 Quantum
3529 4094 3684 4148 enim
3716 4092 3781 4148 ad
3810 4088 3855 4143 id

2221 4189 2373 4259 quod
2390 4194 2515 4242 ortu
2527 4204 2581 4241 [ιι
2597 4189 2687 4240 est
2705 4182 2999 4239 aeternitas
3022 4181 3430 4247 valet,tantum
3457 4183 3530 4237 ad
3560 4182 3724 4236 (idem
3738 4176 3857 4234 veri-

2219 4282 2329 4332 tas.
2349 4277 2432 4331 lta
2444 4292 2578 4346 ergo
2601 4291 2706 4329 nos
2721 4272 2953 4345 purgari
2980 4272 3301 4342 oportebat,
3320 4276 3383 4325 ut
3402 4269 3500 4325 ille
3517 4271 3688 4326 nobis
3720 4269 3859 4324 ﬁeret

2219 4372 2381 4421 ortus
2413 4365 2511 4436 qui
2546 4368 2807 4418 maneret
2827 4367 3100 4429 aeternus,
3127 4377 3196 4414 ne
3226 4358 3371 4415 alter
3392 4360 3413 4393 ³
3442 4359 3616 4415 nobis
3648 4355 3855 4414 essetin

2220 4456 2353 4518 ﬁde,
2385 4453 2532 4509 alter
2562 4452 2619 4506 in
2653 4452 2909 4507 veritate.
2936 4449 3048 4504 Nec
3072 4450 3142 4504 ab
3164 4449 3394 4519 ecquod
3422 4449 3538 4504 orti
3571 4463 3772 4504 sumus
3796 4444 3854 4500 ad

2218 4550 2434 4600 mterna
2456 4541 2703 4597 transire
2727 4538 3173 4611 possemus,nisi
3196 4543 3412 4595 (sterno
3435 4554 3543 4608 per
3564 4544 3751 4593 ortum
3772 4550 3853 4589 uo-

2218 4638 2406 4688 strum
2437 4630 2606 4687 nobis
2628 4628 2847 4685 sociato
2872 4629 2942 4682 ad
2963 4627 3346 4682 mternitatem
3369 4626 3565 4698 ipsius
3588 4626 3856 4696 trajicere-

2218 4739 2369 4778 mur.
2382 4723 2544 4779 Nunc
2557 4723 2756 4791 itaque
2776 4716 2913 4772 illuc
2933 4716 3186 4788 quodam
3212 4716 3384 4771 modo
3406 4722 3615 4771 secuta
3629 4720 3715 4771 est
3730 4714 3856 4768 ﬁdes

2217 4818 2557 4881 nostra,quo
2578 4808 2840 4864 ascendit
2863 4808 2919 4861 in
2937 4823 3109 4878 quem
3134 4805 3519 4871 credidimus,
3536 4810 3855 4873 ortus,mor-

2216 4906 2375 4970 tuus,
2409 4898 2815 4963 resuscitatus,
2842 4900 3203 4967 assumptus.
3228 4894 3445 4949 Horum
3478 4891 3855 4967 quatuor,duo

2218 4989 2410 5061 priora
2430 5003 2780 5043 noveramus
2801 4986 2856 5039 in
2884 4985 3074 5051 nobis;
3100 4984 3321 5039 scimus
3341 4984 3500 5039 enim
3522 4982 3783 5038 homines
3809 4980 3856 5033 et

2215 5080 2351 5134 oriri
2383 5084 2440 5133 et
2472 5077 2646 5132 mori:
2678 5076 2792 5129 duo
2819 5078 3015 5129 autem
3049 5073 3295 5144 reliqua,
3325 5072 3381 5127 id
3413 5078 3506 5127 est
3538 5066 3856 5127 resuscitari

2214 5173 2271 5223 et
2302 5166 2544 5232 assumi,
2571 5167 2733 5235 juste
2765 5164 2821 5218 in
2857 5164 3025 5218 nobis
3058 5163 3253 5216 futura
3278 5178 3609 5233 speramus,
3646 5159 3778 5230 quia
3803 5154 3852 5207 in

2214 5257 2311 5311 illo
2340 5258 2488 5311 facta
2517 5253 2896 5309 credidimus.
2927 5256 3124 5321 Itaque
3147 5251 3204 5305 in
3237 5249 3337 5305 illo
3368 5248 3509 5320 quia
3538 5255 3597 5304 et
3626 5248 3680 5303 id
3714 5240 3852 5318 quod

2214 5350 2408 5401 ortum
2423 5350 2546 5400 erat
2561 5342 2796 5397 transiit
2809 5342 2879 5397 ad
2895 5338 3562 5405 aiternitatem,transitu
3573 5353 3697 5391 rum
3713 5339 3793 5388 est
3806 5333 3854 5384 et

2215 5442 2478 5490 nostrum
2489 5449 2577 5499 ,cu
2588 5448 2643 5487 m
2658 5430 2801 5486 ﬁdes
2816 5428 3137 5503 pervenerit
3150 5427 3221 5484 ad
3237 5427 3537 5483 veritatem
3549 5424 3595 5479 .J
3603 5440 3696 5479 am
3710 5422 3849 5478 enim

2277 5627 2292 5660 ί
2329 5622 2485 5679 Editi,
2516 5619 2701 5669 medici
2731 5619 2949 5669 curatio.
2988 5618 3329 5683 Castigantur
3365 5629 3429 5669 ex
3464 5606 3847 5675 manuscript“.

2275 5688 2296 5723 ³
2329 5690 2474 5748 Lov.,
2508 5696 2601 5733 nec
2630 5683 2781 5734 alter.
