4100 6194
220 368 332 430 909

217 501 283 557 de
299 501 525 557 Joanne
546 494 807 571 Baptista
830 500 1047 555 dictum
1070 500 1169 566 sit,
1190 499 1405 567 Spiritu
1423 509 1615 554 sancto
1636 499 1867 567 replebi-

219 598 309 645 tur
320 590 440 661 jam
470 589 595 643 inde
615 588 681 643 ab
703 592 858 643 utero
883 590 1075 643 matris
1092 604 1237 645 suae:
1255 594 1311 643 et
1328 587 1547 657 Spiritu
1564 591 1764 643 sancto
1786 601 1872 639 re-

220 677 734 751 pletusZacharias
757 677 1049 731 invenitur
1075 682 1238 747 pater
1261 678 1413 746 ejus,
1437 681 1499 730 ut
1523 676 1593 730 de
1617 674 1714 728 illo
1736 672 1877 728 talia

221 768 467 833 diceret;
491 770 549 819 et
570 765 790 837 Spiritu
816 772 1018 820 sancto
1042 766 1246 834 Maria,
1272 772 1336 819 ut
1357 764 1499 819 talia
1523 764 1594 817 de
1626 761 1873 817 Domino

218 872 391 927 quem
410 855 679 927 gestabat
704 860 884 919 utero,
912 854 1253 923 praedicaret
1280 856 1431 922 (Luc.
1458 871 1495 921 ι,
1523 854 1606 914 15,
1636 851 1831 919 lit-79)
1859 867 1872 916 ;

216 944 437 1016 Spiritu
471 949 673 998 sancto
705 942 937 997 Simeon
986 948 1043 997 et
1083 948 1274 1011 Anna,
1308 949 1371 997 ut
1405 940 1871 1012 magnitudinem

215 1033 424 1089 Christi
452 1032 673 1103 parvuli
696 1038 1077 1103 agnoscerent
1101 1032 1200 1103 (Id.
1238 1050 1294 1101 ιι,
1318 1031 1511 1101 25-38)
1540 1048 1551 1084 :
1577 1029 1872 1100 quomodo

216 1139 349 1194 ergo
370 1121 611 1191 Spiritus
634 1122 883 1175 nondum
917 1130 1036 1175 erat
1065 1120 1249 1185 datus,
1285 1121 1416 1191 qaia
1444 1121 1597 1175 Iesus
1632 1117 1877 1172 nondum

215 1221 333 1267 erat
353 1210 700 1279 clarificatus
719 1227 739 1271 ,'
768 1210 877 1263 nisi
901 1210 1039 1280 quia
1061 1208 1162 1263 illa
1185 1210 1364 1272 datio,
1390 1206 1475 1261 vel
1509 1206 1764 1271 donatio,
1790 1203 1877 1258 vel

214 1299 418 1355 missio
443 1298 698 1370 Spiritus
722 1298 909 1352 sancti
946 1297 1217 1352 habitura
1244 1300 1367 1351 erat
1394 1296 1715 1368 quamdam
1752 1308 1877 1364 pro-

214 1389 523 1460 prietatem
558 1403 728 1441 suam
760 1386 817 1440 in
851 1386 977 1457 ipso
1009 1387 1283 1450 adventu,
1310 1384 1506 1456 qualis
1528 1389 1700 1438 antea
1721 1398 1877 1436 nun-

216 1494 393 1549 quam
419 1476 526 1531 fuit
541 1476 884 1547 ?Nusquam
902 1476 1056 1530 enim
1077 1475 1347 1547 legimus,
1366 1473 1745 1545 linguisquas
1762 1487 1877 1525 non

218 1570 498 1622 noverant
522 1566 786 1621 homines
809 1564 1057 1628 locutos,
1078 1565 1343 1619 veniente
1364 1563 1419 1618 in
1436 1580 1497 1618 se
1510 1562 1725 1634 Spiritu
1742 1576 1876 1615 san-

220 1663 332 1722 cto,
362 1656 518 1711 sicut
538 1660 678 1709 tunc
698 1655 914 1708 factum
932 1658 1040 1716 est,
1062 1670 1194 1707 cum
1217 1657 1508 1724 Oporteret
1524 1652 1652 1722 ejus
1672 1651 1881 1705 adven-

221 1748 279 1799 tu
292 1762 349 1799 m
365 1743 550 1815 signis
565 1742 945 1799 sensibilibus
964 1742 1372 1808 demonstrari,
1394 1750 1453 1796 ul
1473 1740 1881 1795 ostenderetur

219 1837 414 1889 totum
446 1834 645 1888 orbem
674 1837 964 1887 terrarum
999 1836 1176 1902 atque
1206 1847 1409 1886 omnes
1441 1834 1644 1901 gentes
1674 1828 1732 1882 in
1768 1826 1878 1881 lin-

219 1924 351 1994 guis
384 1922 557 1977 variis
589 1921 964 1985 constitutas,
1000 1920 1323 1975 credituras
1356 1920 1415 1973 in
1448 1917 1744 1975 Christum
1780 1931 1883 1987 per

219 2011 446 2066 donum
477 2010 728 2081 Spiritus
759 2009 944 2065 sancti
974 2026 987 2076 ;
1014 2013 1077 2063 ut
1098 2009 1439 2080 impleretur
1460 2005 1693 2078 quodin
1722 2002 1886 2059 Psal-

234 2116 336 2155 mo
366 2098 614 2167 canitur,
648 2100 759 2154 Non
790 2102 920 2153 sunt
952 2098 1183 2169 loquelae
1211 2113 1384 2168 neque
1416 2112 1714 2161 sermones,
1748 2110 1881 2165 quo-

222 2205 355 2243 rum
384 2204 495 2243 non
525 2186 834 2241 audiantur
865 2202 1011 2241 voces
1051 2202 1280 2251 eorum;
1330 2186 1389 2240 in
1436 2199 1649 2239 omnem
1681 2191 1884 2238 terram

222 2278 402 2334 exivit
431 2292 595 2331 sonus
625 2292 832 2344 eorum,
874 2280 927 2331 et
956 2276 1015 2330 in
1052 2274 1186 2344 ﬁnes
1234 2276 1381 2329 orbis
1410 2281 1573 2330 terrae
1601 2273 1763 2328 verba
1792 2288 1885 2328 e0-

226 2383 358 2421 rum
385 2366 553 2437 (Psal.
586 2382 748 2432 XVIII,
784 2366 835 2433 Ιι,
867 2364 944 2435 5).

302 2454 395 2508 30.
424 2452 607 2508 Verbo
624 2454 822 2523 itaque
840 2450 939 2506 Dei
963 2451 1033 2505 ad
1052 2451 1338 2505 unitatem
1368 2465 1627 2521 personae
1651 2447 1886 2519 copula-

230 2548 357 2611 tus,
381 2546 438 2598 et
455 2543 705 2613 quodam
732 2541 903 2595 modo
926 2540 1275 2595 commixtus
1299 2544 1386 2594 est
1416 2538 1613 2605 homo,
1640 2555 1773 2592 cum
1795 2554 1888 2592 ve-

235 2632 444 2687 niente
461 2630 822 2701 plenitudine
837 2629 1116 2700 temporis
1136 2628 1354 2683 missus
1373 2629 1528 2683 estin
1545 2626 1699 2681 hunc
1719 2643 1888 2680 mun-

237 2722 387 2776 dum
418 2720 604 2775 factus
634 2736 702 2774 ex
736 2717 952 2774 femina
982 2717 1161 2772 Filius
1205 2718 1327 2785 Dei,
1360 2722 1419 2771 ut
1464 2720 1619 2771 esset
1645 2721 1702 2770 et
1731 2714 1888 2769 filius

234 2810 502 2865 hominis
530 2812 764 2880 propter
813 2807 964 2862 ﬁlios
1014 2805 1337 2861 hominum.
1391 2805 1549 2859 Hanc
1580 2820 1888 2875 personam

232 2898 505 2971 angelica
537 2902 744 2952 natura
774 2895 1025 2967 figurare
1064 2900 1234 2948 antea
1282 2894 1491 2965 potuit,
1521 2898 1585 2947 ut
1613 2910 1888 2965 praanun-

230 2990 450 3051 tiaret;
489 3004 603 3042 non
635 2984 1028 3057 expropriare,
1065 2988 1127 3037 ut
1170 2984 1297 3055 ipsa
1322 2987 1495 3038 esset.

305 3075 541 3132 CAPUT
562 3074 699 3131 XXI.
723 3106 792 3114 —
816 3075 887 3127 De
926 3072 1176 3128 sensibili
1213 3072 1675 3127 demonstratione
1711 3068 1892 3126 sancti

225 3166 502 3236 Spiritus,
538 3167 587 3218 et
616 3163 682 3218 de
710 3164 1080 3218 coceternitate
1110 3162 1409 3216 Trinitatis.
1438 3160 1578 3229 Quid
1597 3160 1797 3215 dictum
1820 3160 1894 3213 sit

222 3260 276 3311 et
290 3254 436 3325 quid
446 3252 735 3308 dicendum
748 3260 926 3307 restet.
946 3256 1022 3305 De
1035 3249 1298 3305 sensibili
1312 3254 1506 3305 autem
1522 3250 1887 3304 demonstra-

222 3342 397 3397 tione
427 3340 679 3412 Spiritus
722 3340 930 3407 sancti,
993 3338 1111 3393 sive
1166 3355 1269 3408 per
1324 3337 1606 3392 columbae
1636 3336 1889 3408 speciem

226 3432 455 3503 (Matth.
490 3447 571 3496 III,
606 3430 714 3496 16),
748 3429 867 3483 sive
898 3444 1000 3499 per
1030 3427 1263 3498 linguas
1306 3426 1509 3498 igneas
1540 3426 1674 3497 (Act.
1708 3443 1770 3480 ιι.
1813 3425 1889 3496 3),

228 3536 379 3575 cum
404 3519 532 3589 ejus
553 3516 943 3573 substantiam
966 3516 1118 3570 Patri
1142 3521 1198 3569 et
1220 3514 1361 3570 Filio
1379 3520 1720 3570 coaeternam
1741 3514 1892 3586 pari-

228 3614 451 3679 terque
468 3604 1013 3662 incommutabilem
1033 3603 1267 3659 subdita
1283 3607 1339 3658 et
1357 3603 1612 3658 serviens
1629 3608 1897 3658 creatura

230 3694 672 3768 temporalibus
707 3693 963 3749 motibus
989 3698 1047 3748 et
1070 3692 1269 3747 formis
1292 3693 1643 3757 ostenderet,
1667 3708 1798 3745 cum
1825 3691 1896 3746 ad

230 3788 379 3857 ejus
399 3800 657 3857 personae
680 3782 989 3847 unitatem,
1017 3781 1169 3836 sicut
1189 3797 1320 3835 caro
1353 3781 1505 3851 quod
1537 3780 1791 3834 Verbum
1815 3778 1897 3833 fa-

228 3881 408 3930 ctum
432 3879 522 3927 est
560 3870 912 3943 Nonnulli),
961 3887 1074 3924 non
1121 3868 1509 3940 copularetur,
1556 3885 1670 3923 non
1714 3868 1899 3923 audeo

227 3964 441 4019 dicere
466 3961 610 4016 nihil
637 3960 748 4015 tale
769 3960 987 4014 factum
1011 3974 1138 4013 esse
1161 3966 1345 4012 antea.
1377 3958 1485 4013 Sed
1524 3957 1693 4028 plane
1716 3958 1900 4011 ﬁden-

224 4058 328 4109 ter
353 4050 621 4117 dixerim,
648 4050 875 4104 Patrem
910 4052 965 4102 et
990 4046 1201 4102 Filium
1234 4051 1290 4101 et
1314 4046 1596 4117 Spiritum
1631 4050 1899 4101 sanctum

224 4142 425 4198 unius
464 4139 857 4211 ejusdemque
904 4135 1269 4203 substantiae,
1318 4135 1503 4190 Deum
1558 4140 1898 4205 creatorem,

224 4230 595 4287 Trinitatem
630 4226 1089 4300 omnipotentem
1135 4224 1606 4296 inseparabiliter
1636 4224 1899 4296 operari:

224 4321 351 4377 sed
386 4320 468 4375 ita
498 4336 612 4374 non
646 4333 816 4390 posse
847 4332 949 4388 per
976 4314 1148 4387 longe
1198 4314 1484 4386 imparem
1538 4315 1905 4393 maximeque

226 4424 593 4481 corpoream
621 4412 947 4462 creaturam
978 4402 1449 4475 inseparabiliter
1473 4402 1861 4458 demonstrari
1887 4420 1901 4471 ;

227 4498 408 4555 sicut
438 4512 541 4567 per
569 4510 737 4549 voces
777 4498 1028 4557 nostras,
1089 4508 1217 4562 quae
1277 4490 1481 4562 utique
1533 4490 1908 4561 corporaliter

229 4590 489 4653 sonant,
524 4601 641 4639 non
689 4587 936 4655 possunt
993 4581 1162 4636 Pater
1218 4584 1274 4635 et
1330 4579 1514 4635 Filius
1570 4586 1625 4635 et
1655 4580 1907 4651 Spiritus

231 4680 520 4740 sanctus,
552 4672 668 4727 nisi
701 4672 826 4727 suis
858 4676 915 4725 et
944 4669 1196 4742 propriis
1227 4668 1550 4724 intervallis
1580 4674 1907 4740 temporum

227 4770 415 4823 certa
446 4761 812 4834 separatione
838 4759 1153 4823 distinctis,
1186 4776 1313 4829 qua
1347 4775 1466 4813 suae
1497 4759 1781 4829 cujusque
1809 4775 1909 4813 vo-

231 4851 450 4910 cabuli
486 4851 719 4923 syllabae
752 4854 1062 4921 occepant,
1098 4848 1411 4903 nominari.
1462 4848 1522 4902 1n
1557 4865 1663 4902 sua
1695 4848 1910 4919 quippe

227 4942 594 5001 substantia
626 4946 783 5007 sunt,
817 4939 927 4993 tria
958 4954 1138 4991 unum
1170 4947 1332 5002 sunt,
1368 4936 1533 4991 Pater
1562 4942 1617 4991 et
1649 4937 1828 4992 Filius
1858 4943 1914 4993 et

226 5032 515 5105 Spiritus
549 5035 812 5099 sanctus,
846 5025 1005 5082 nullo
1038 5026 1343 5096 temporali
1393 5032 1549 5081 motu
1586 5044 1762 5097 super
1787 5044 1911 5081 om-

223 5136 394 5178 nem
427 5123 752 5175 creaturam
786 5115 1042 5187 idipsum
1076 5115 1199 5169 sine
1242 5113 1380 5170 ullis
1413 5114 1729 5170 intervallis
1764 5120 1914 5170 tem-

221 5226 473 5285 porum
505 5207 591 5263 vel
622 5207 909 5272 locorum,
941 5208 995 5260 et
1026 5202 1203 5258 simul
1238 5221 1423 5258 unum
1458 5209 1632 5275 atque
1662 5204 1815 5259 idem
1841 5204 1910 5259 ab

219 5297 582 5357 aeternitate
612 5296 672 5350 in
702 5296 1105 5356 aiternitatem,
1140 5295 1417 5362 tanquam
1450 5292 1579 5363 ipsa
1623 5293 1916 5348 aiternitas

221 5402 395 5460 quae
428 5385 553 5440 sine
590 5384 830 5439 veritate
863 5386 921 5437 et
980 5380 1258 5436 charitate
1315 5396 1429 5434 non
1488 5386 1614 5436 est:
1678 5382 1735 5436 in
1772 5382 1916 5437 meis

219 5478 462 5535 autem
522 5473 762 5528 vocibus
807 5470 1056 5544 separati
1118 5472 1256 5525 sunt
1313 5469 1481 5524 Pater
1536 5474 1593 5524 et
1648 5469 1828 5525 Filius
1862 5473 1921 5526 et

220 5563 523 5638 Spiritus
554 5568 811 5629 sanctus,
846 5577 952 5615 nec
1000 5557 1176 5613 simul
1235 5558 1346 5612 dici
1408 5563 1741 5630 potuerunt,
1773 5564 1830 5615 et
1861 5562 1917 5614 in

220 5654 483 5713 litteris
514 5652 844 5708 visibilibus
875 5666 982 5705 sua
1012 5646 1326 5719 separatim
1354 5647 1611 5702 locorum
1636 5649 1823 5720 spatia
1843 5654 1922 5705 te-

223 5746 549 5805 nuerunt.
583 5742 653 5797 Et
681 5739 1180 5814 quemadmodum
1202 5752 1335 5792 cum
1364 5737 1706 5794 memoriam
1733 5754 1923 5796 meam

1591 363 1826 426 LIBER
1872 364 2270 437 QUARTUS.

3514 370 3634 431 9l0

1980 504 2036 552 et
2055 497 2411 553 intellectum
2429 504 2483 554 et
2498 498 2853 554 voluntatem
2870 499 3131 565 nomino,
3147 499 3377 571 singula
3391 501 3630 571 quidem

1977 586 2218 641 nomina
2245 588 2315 642 ad
2349 605 2441 642 res
2473 588 2738 661 singulas
2792 590 3143 657 referuntur,
3192 589 3292 643 sed
3327 594 3522 645 tamen
3556 590 3628 645 ab

1979 674 2459 731 omnibustribus
2484 676 2717 747 singula
2744 678 2894 732 facta
2916 682 3055 732 sunt
3075 695 3087 744 ;
3109 677 3337 732 nullum
3357 678 3512 733 enim
3530 678 3631 733 ho-

1977 780 2107 818 rum
2142 764 2321 818 trium
2356 756 2660 820 nominum
2693 770 2800 830 est,
2835 766 2987 837 quod
3024 782 3136 821 non
3169 772 3225 820 et
3258 767 3540 821 memoria
3571 770 3629 821 et

1976 851 2306 907 intellectus
2337 858 2391 907 et
2422 854 2688 909 voluntas
2720 871 2849 909 mea
2880 855 3057 909 simul
3090 858 3328 925 operata
3358 856 3515 910 sint:
3545 856 3626 910 ita

1977 940 2232 996 Trinitas
2252 941 2359 995 sim
2373 941 2428 996 ul
2448 947 2683 1013 operata
2699 948 2787 997 est
2803 948 2860 997 et
2876 960 3071 998 vocem
3093 943 3299 1012 Patris,
3319 948 3375 999 et
3390 960 3625 999 carnem

1977 1028 2125 1095 Filii,
2155 1034 2211 1084 et
2236 1030 2567 1085 columbam
2595 1031 2849 1101 Spiritus
2871 1033 3079 1099 sancti,
3105 1049 3236 1087 cum
3262 1034 3333 1087 ad
3352 1049 3628 1104 personas

1976 1119 2243 1191 singulas
2257 1118 2490 1192 singula
2503 1121 2621 1175 haac
2637 1122 2977 1176 referantur.
2999 1124 3122 1186 Qua
3136 1122 3524 1177 similitudine
3545 1128 3631 1177 ut-

1976 1223 2230 1279 cumque
2254 1210 2626 1280 cognoscitur
2646 1210 3103 1281 inseparabilem
3126 1211 3185 1265 in
3208 1229 3269 1266 se
3289 1212 3418 1283 ipsa
3438 1210 3629 1266 Trini-

1978 1300 2157 1352 tatem
2193 1314 2294 1368 per
2328 1298 2576 1354 visibilis
2610 1304 2890 1355 creaturae
2937 1300 3191 1371 speciem
3226 1300 3632 1372 separabiliter

1980 1387 2390 1453 demonstrari,
2423 1392 2475 1443 et
2507 1387 2957 1459 inseparabilem
3008 1388 3317 1444 Trinitatis
3346 1390 3633 1461 operatio-

1980 1492 2114 1529 nem
2148 1476 2321 1531 etiam
2355 1476 2411 1531 in
2448 1475 2698 1547 singulis
2747 1492 2873 1532 esse
2918 1476 3113 1541 rebus,
3149 1495 3274 1549 quae
3307 1478 3391 1533 vel
3424 1479 3495 1533 ad
3528 1478 3632 1533 Pa-

1983 1568 2153 1630 trem,
2187 1564 2272 1620 vel
2308 1566 2378 1619 ad
2415 1565 2649 1631 Filium,
2682 1566 2767 1621 vel
2799 1566 2868 1621 ad
2915 1566 3198 1637 Spiritum
3234 1572 3501 1621 sanctum
3535 1568 3632 1623 de-

1984 1654 2432 1709 monstrandum
2464 1656 2696 1725 preprie
2728 1654 3019 1725 pertinere
3052 1652 3347 1708 dicuntur.

2053 1742 2141 1796 31.
2177 1742 2237 1797 Si
2268 1758 2403 1814 ergo
2444 1760 2478 1797 a
2527 1759 2617 1797 me
2666 1741 2968 1813 quaeritur,
3003 1744 3295 1814 quomodo
3329 1742 3488 1797 factae
3520 1741 3640 1797 sint

1982 1830 2070 1885 vel
2096 1847 2261 1886 voces
2283 1831 2369 1886 vel
2395 1830 2704 1887 sensibiles
2726 1831 2920 1886 formae
2945 1837 3119 1904 atque
3141 1832 3366 1902 species
3387 1835 3519 1887 ante
3543 1830 3637 1885 in-

1985 1919 2381 1975 carnationem
2405 1920 2580 1975 Verbi
2603 1920 2723 1981 Dei.
2749 1937 2875 1991 qua
2895 1920 3001 1975 hoc
3020 1921 3285 1975 futurum
3309 1920 3643 1992 praeﬁgura-

1986 2013 2150 2063 rent:
2177 2024 2279 2079 per
2298 2008 2551 2079 Angelos
2587 2025 2653 2063 ea
2692 2008 2875 2063 Deum
2917 2012 3221 2079 operatum
3249 2023 3377 2063 esse
3400 2024 3639 2079 respon-

1987 2096 2094 2151 deo
2119 2121 2133 2164 ;
2158 2097 2312 2167 quod
2343 2096 2519 2152 etiam
2549 2096 2981 2168 Scripturarum
2999 2101 3338 2151 sanctarum
3369 2095 3642 2152 testimo-

1988 2185 2124 2255 niis,
2148 2190 2432 2256 quantum
2453 2184 2741 2251 existimo,
2762 2185 2906 2241 satis
2927 2184 3177 2240 ostendi.
3198 2185 3255 2239 Si
3276 2188 3470 2241 autem
3490 2200 3643 2255 quai-

1990 2276 2157 2343 ritur,
2183 2276 2309 2346 ipsa
2331 2274 2652 2329 incarnatio
2675 2274 2969 2344 quomodo
2988 2273 3143 2329 facta
3164 2273 3270 2329 sit:
3294 2273 3489 2344 ipsum
3510 2273 3645 2329 Ver-

1988 2363 2131 2418 bum
2164 2363 2264 2419 Dei
2295 2362 2423 2419 dico
2454 2379 2686 2418 carnem
2720 2362 2961 2427 factum,
2984 2362 3042 2418 id
3067 2366 3174 2430 est,
3201 2362 3501 2417 hominem
3525 2362 3641 2416 fae-

1990 2457 2138 2520 tum,
2173 2469 2287 2507 non
2318 2457 2514 2507 tamen
2545 2452 2604 2506 in
2640 2451 2748 2507 hoc
2769 2453 2921 2522 quod
2947 2452 3163 2507 factum
3190 2459 3276 2507 est
3298 2466 3639 2507 conversum

1992 2548 2167 2613 atque
2200 2544 2494 2596 mutatum
2522 2559 2535 2608 ;
2559 2542 2640 2595 ita
2661 2558 2802 2596 sane
2829 2542 3066 2610 factum,
3093 2546 3157 2595 ut
3178 2540 3259 2595 ibi
3282 2534 3491 2595 sit'non
3513 2544 3649 2595 tan-

1990 2635 2116 2685 tum
2149 2630 2401 2685 Verbum
2433 2629 2531 2685 Dei
2563 2634 2621 2685 et
2650 2629 2909 2684 hominis
2940 2646 3096 2693 caro.
3129 2630 3230 2684 sed
3260 2628 3434 2684 etiam
3470 2627 3648 2683 ratio-

1992 2718 2142 2774 nalis
2172 2718 2427 2774 hominis
2459 2718 2675 2787 anima,
2711 2722 2885 2789 atque
2915 2718 3024 2773 hoc
3054 2722 3241 2773 totum
3276 2721 3332 2773 et
3363 2718 3517 2772 Deus
3550 2716 3642 2771 di-

1991 2813 2157 2862 catur
2188 2811 2420 2879 propter
2449 2807 2632 2862 Deum
2685 2810 2743 2861 et
2800 2807 2975 2862 homo
3034 2810 3269 2878 propter
3318 2804 3638 2860 hominem.

1991 2898 2154 2963 Quod
2185 2896 2232 2950 si
2279 2895 2517 2950 difficile
2561 2895 2926 2967 intelligitur,
2979 2912 3145 2950 mens
3191 2894 3304 2950 ﬁde
3336 2899 3634 2965 purgetur,

1992 2984 2177 3054 magis
2210 2985 2514 3056 magisque
2535 2983 2882 3039 abstinendo
2904 3000 2937 3037 a
2959 2983 3230 3055 peccatis,
3254 2987 3311 3037 et
3332 2982 3478 3037 bene
3500 2997 3633 3053 ope-

1989 3075 2192 3143 rando,
2224 3079 2281 3128 et
2310 3073 2529 3128 orando
2561 3089 2696 3128 cum
2735 3072 2957 3145 gemitu
3010 3070 3433 3127 desideriorum
3466 3086 3632 3126 sanc-

1988 3166 2207 3227 torum,
2240 3165 2303 3216 ut
2331 3176 2434 3232 per
2463 3159 2728 3215 divinum
2775 3158 3133 3231 adjutorium
3166 3158 3540 3231 proticiendo,
3575 3162 3633 3214 et

1989 3250 2297 3321 intelligat,
2330 3254 2387 3305 et
2416 3252 2589 3304 amet.
2622 3249 2681 3304 Si
2722 3253 2915 3305 autem
2952 3248 3251 3321 quaeritur,
3283 3251 3414 3320 post
3444 3248 3632 3303 incar-

1992 3342 2289 3398 nationem
2322 3341 2517 3405 Verbi,
2548 3340 2839 3412 quomodo
2873 3340 3024 3395 facta
3054 3342 3131 3395 sit
3159 3338 3245 3395 vel
3288 3355 3397 3394 vox
3425 3338 3639 3406 Patris,

1991 3431 2079 3487 vel
2111 3429 2333 3500 species
2356 3427 2673 3500 corporalis
2697 3446 2813 3500 qua
2833 3429 3084 3500 Spiritus
3107 3432 3346 3483 sanctus
3368 3428 3643 3482 demons-

1994 3524 2181 3576 tratus
2204 3524 2293 3575 est
2317 3536 2328 3574 :
2355 3536 2457 3590 per
2479 3524 2804 3574 creaturam
2830 3518 3068 3590 quidem
3089 3518 3237 3573 facta
3259 3518 3374 3573 ista
3394 3533 3508 3571 non
3532 3516 3645 3571 du-

1996 3610 2116 3664 bito
2136 3633 2149 3675 ;
2170 3608 2271 3663 sed
2293 3612 2487 3662 utrum
2510 3607 2918 3661 tantummodo
2942 3606 3299 3677 corporalem
3323 3610 3496 3676 atque
3520 3620 3649 3660 sen-

2000 3698 2252 3766 sibilem,
2287 3713 2358 3750 an
2391 3695 2654 3751 adhibito
2685 3695 2893 3767 spiritu
2928 3694 3103 3749 etiam
3138 3693 3404 3749 rationali
3436 3693 3524 3748 vel
3553 3693 3648 3747 in-

1998 3784 2314 3841 tellectuali
2348 3786 2478 3857 (hoc
2508 3785 2664 3839 enim
2700 3782 3055 3855 quibusdam
3084 3782 3302 3855 placuit
3332 3780 3645 3854 appellare,

2002 3878 2155 3948 quod
2187 3874 2366 3930 Graeci
2390 3876 2593 3930 dicunt
2613 3871 2844 3947 νοερόν),
2868 3890 2982 3929 non
3008 3873 3244 3945 quidem
3269 3874 3339 3928 ad
3364 3874 3647 3928 unitatem

2002 3983 2284 4038 personae,
2318 3965 2473 4037 (quis
2504 3964 2661 4020 enim
2694 3963 2803 4018 hoc
2834 3963 3062 4028 dixerit,
3096 3967 3163 4017 ut
3193 3962 3479 4035 quidquid
3504 3960 3649 4016 illud

2003 4062 2091 4112 est
2111 4061 2387 4112 creaturae
2412 4072 2513 4127 per
2534 4055 2689 4125 quod
2717 4054 2916 4110 sonuit
2938 4070 3046 4109 vox
3067 4054 3274 4124 Patris,
3297 4052 3379 4108 ita
3398 4053 3475 4108 sit
3495 4051 3650 4108 Deus

2007 4146 2191 4212 Pater,
2225 4149 2323 4201 aut
2352 4144 2639 4216 quidquid
2669 4143 2814 4199 illud
2864 4146 2953 4199 est
3000 4148 3275 4198 creatura
3314 4142 3373 4197 in
3406 4158 3522 4215 quo
3554 4157 3656 4213 per

2007 4233 2288 4289 columbae
2320 4233 2573 4305 speciem
2605 4231 2693 4287 vel
2739 4248 2842 4304 per
2884 4231 3086 4303 igneas
3132 4231 3365 4304 linguas
3395 4230 3650 4303 Spiritus

2008 4327 2248 4377 sanctus
2279 4323 2713 4377 demonstratus
2743 4325 2852 4386 est,
2882 4319 2965 4375 ita
2994 4320 3071 4375 sit
3113 4320 3365 4391 Spiritus
3395 4323 3658 4378 sanctus,

2010 4412 2162 4467 sicut
2187 4416 2276 4465 est
2306 4411 2405 4465 Dei
2440 4408 2619 4464 Filius
2651 4409 2826 4464 homo
2864 4407 2962 4463 ille
2995 4408 3096 4480 qui
3127 4424 3195 4463 ex
3224 4407 3445 4479 virgine
3469 4407 3659 4462 factus

2011 4500 2168 4570 esti?)
2201 4499 2299 4554 sed
2332 4498 2743 4553 tantummodo
2788 4497 2860 4551 ad
2893 4496 3283 4551 ministerium
3320 4497 3663 4567 peragendae

2014 4586 2481 4660 significationis,
2515 4586 2668 4641 sicut
2696 4585 3024 4657 oportuisse
3054 4585 3208 4640 Deus
3232 4584 3553 4655 judicavit:
3588 4601 3663 4639 an

2012 4677 2231 4750 aliquid
2252 4676 2411 4731 aliud
2432 4674 2875 4747 intelligendum
2900 4674 2998 4743 sit,
3024 4674 3283 4729 invenire
3300 4672 3537 4729 difficile
3554 4678 3661 4739 est,

2013 4774 2070 4823 et
2103 4774 2317 4821 temere
2349 4766 2643 4819 afﬁrmare
2676 4781 2787 4818 non
2835 4763 3085 4835 expedit.
3135 4763 3433 4826 Quomodo
3465 4768 3660 4818 tamen

2014 4857 2127 4911 ista
2159 4856 2283 4909 sine
2314 4853 2581 4909 rationali
2613 4852 2698 4908 vel
2732 4852 3111 4907 intellectuali
3157 4858 3423 4908 creatura
3451 4856 3661 4922 potue-

2015 4946 2132 5000 rint
2163 4944 2307 5009 fleri,
2345 4960 2459 4997 non
2492 4942 2681 4996 video.
2717 4941 2913 5011 Neque
2946 4941 3138 4995 adhuc
3169 4939 3332 4995 locus
3361 4944 3450 4995 est
3479 4937 3658 5009 expli-

2016 5050 2146 5091 care
2177 5051 2280 5089 cur
2311 5035 2393 5089 ita
2415 5033 2689 5098 sentiam,
2715 5038 2999 5103 quantum
3024 5031 3172 5085 vires
3195 5029 3475 5085 Dominus
3498 5027 3663 5081 dede.

2018 5125 2112 5178 rit.
2146 5122 2314 5178 Prius
2344 5121 2498 5177 enim
2525 5125 2665 5176 sunt
2685 5119 3056 5175 discutienda
3079 5122 3137 5172 et
3158 5116 3472 5171 refellenda
3492 5114 3667 5170 haere-

2017 5213 2265 5268 ticorum
2299 5216 2669 5282 argumenta,
2703 5225 2835 5281 quae
2864 5225 2977 5263 non
3000 5223 3065 5263 ex
3091 5204 3302 5261 divinis
3327 5204 3537 5275 Libris,
3565 5202 3667 5259 sed

2020 5318 2088 5358 ex
2118 5300 2446 5356 rationibus
2477 5298 2601 5355 suis
2633 5298 2952 5370 proferunt,
2982 5296 3195 5367 quibus
3218 5310 3279 5349 se
3300 5292 3671 5348 vehementer

2023 5397 2226 5453 cogere
2253 5376 2974 5445 arbitrantur,testimonia
2994 5372 3430 5444 Scripturarum
3451 5389 3578 5444 quea
3599 5372 3671 5427 de

2022 5474 2192 5524 Patre
2222 5474 2279 5524 et
2307 5467 2449 5523 Filio
2480 5472 2537 5522 et
2564 5465 2779 5536 Spiritu
2810 5466 3014 5519 sancto
3047 5466 3207 5528 sunt,
3241 5460 3319 5517 ita
3350 5478 3477 5517 esse
3496 5459 3669 5517 intel-

2024 5558 2257 5632 ligenda
2289 5564 2352 5613 ut
2381 5556 2493 5630 ipsi
2527 5555 2744 5611 volunt.

2094 5649 2183 5703 32.
2223 5647 2385 5703 Nunc
2416 5650 2609 5700 autem
2645 5658 2757 5697 nou
2790 5640 2917 5696 ideo
2968 5639 3256 5697 minorom
3293 5642 3503 5696 Filium
3534 5639 3670 5709 quia

2024 5737 2246 5795 missus
2266 5738 2355 5794 est
2375 5750 2406 5793 a
2425 5736 2615 5805 Patre,
2638 5746 2742 5786 nec
2763 5730 2891 5788 ideo
2916 5730 3201 5787 minorem
3224 5731 3510 5809 Spiritum
3529 5744 3666 5791 san-
