2050 3097
275 158 329 186 9H

276 228 353 251 clum
367 223 435 257 quia
447 225 474 249 et
489 224 573 249 Pater
583 230 648 249 rum
667 222 745 249 misit
761 224 789 249 et
804 222 893 250 Filius
908 223 1097 258 sufﬁcienter,

275 271 417 304 quantum
429 267 563 301 arbitror,
572 267 769 294 demonstratu
776 275 802 294 m
810 270 864 294 est.
872 268 935 295 Sive
942 268 1019 295 enim
1032 276 1098 303 pro-

277 316 339 348 pter
350 312 493 339 visibilem
505 314 680 341 creaturam,
692 313 751 339 sive
763 311 860 347 potius
870 315 987 348 propter
997 312 1100 348 princi-

276 357 341 392 cipii
355 356 649 389 commendationem;
662 364 717 383 non
731 359 850 392 propter
870 357 1098 392 inmqnalitatem

274 401 367 429 velim
374 401 547 437 parilitatem
556 400 598 428 vel
609 400 880 429 dissimilitudinem
891 402 1062 429 substantia:
1069 401 1098 429 in

276 446 435 481 Scripturis
446 445 506 472 haec
517 445 611 481 posita
619 444 825 480 intelliguntur
834 453 840 472 :
850 445 918 480 quia
926 446 1014 473 etiam
1023 445 1047 473 si
1055 454 1101 474 vo-

274 490 379 518 luisset
391 493 464 517 Deus
477 489 560 517 Pater
569 498 620 525 per
631 489 792 524 subjectam
803 492 967 518 creaturam
979 489 1100 518 visibili-

831 157 882 187 ΒΕ
906 156 1134 195 TRINITATE,
1157 157 1188 187 S.
1212 157 1425 188 AUGUSTINI

1890 161 1934 191 912

1155 225 1199 250 ter
1210 232 1359 259 apparere,
1373 222 1583 250 absurdissime
1598 224 1694 257 tamen
1710 224 1757 250 aut
1770 231 1784 250 a
1798 224 1858 252 Filio
1867 233 1934 260 quem

1153 268 1265 303 genuit,
1278 271 1330 295 aut
1340 276 1355 295 e
1366 267 1471 303 Spiritu
1486 270 1587 295 sancto
1598 267 1648 303 qui
1658 267 1691 295 de
1701 267 1747 294 illo
1755 270 1875 303 procedit,
1884 271 1935 298 mis-

1154 321 1204 340 sus
1221 312 1375 340 diceretur.
1395 313 1450 339 Iste
1466 312 1555 348 igitur
1572 312 1611 339 sit
1636 311 1722 347 hujus
1739 313 1876 340 voluminis
1890 323 1936 342 mo-

1154 357 1227 384 dus:
1244 357 1380 392 deinceps
1396 357 1425 383 in
1451 355 1572 391 caeteris,
1597 355 1749 390 adjuvante
1774 356 1886 389 Domino,
1899 358 1936 385 illa

1154 401 1357 429 haereticorum
1373 400 1576 428 versutissima
1599 404 1767 435 argumenta
1790 400 1875 436 qualia
1885 401 1937 437 sint,

1154 447 1183 473 et
1196 446 1445 481 quemadmodum
1459 445 1672 481 redarguantur
1686 444 1846 473 videbimus.

870 616 1058 662 LIBER
1102 616 1387 671 QUINTUS.

305 709 383 733 Venit
397 709 429 732 ad
446 708 630 732 haereticorum
646 709 805 739 argumenta
820 706 865 730 illa
880 713 939 738 quis
955 713 1009 731 non
1023 714 1053 731 ex
1070 706 1168 739 divinis
1184 707 1325 737 Libris,sed
1336 714 1368 731 ex
1383 708 1531 732 rationibus
1541 708 1596 733 suis
1606 708 1795 739 proferuntzet
1808 715 1849 732 eos
1859 707 1944 736 refellit.

273 740 371 770 quibus
386 740 446 763 ideo
462 739 568 763 videtur
580 745 632 762 non
648 739 768 762 eamdem
787 738 854 762 Patri
870 746 899 761 ac
915 738 970 762 Filii
982 745 1038 762 esse
1054 738 1240 766 substantiam,
1252 740 1314 770 quia
1329 746 1408 763 omne
1419 739 1490 769 quod
1509 740 1541 763 de
1559 738 1612 763 Deo
1627 739 1732 764 dicitur.
1750 740 1883 763 secundum
1895 740 1941 763 sub-

273 769 395 795 stantiam
412 771 461 794 divi
479 773 590 801 putant:
608 771 633 793 et
649 772 788 802 propterea
805 772 831 802 et
845 776 955 800 gignere
971 772 997 793 et
1012 769 1138 800 gigni,vel
1155 770 1275 802 genitum
1294 777 1350 793 esse.
1362 772 1388 794 et
1404 770 1693 802 iugenitum,quouiam
1710 771 1810 794 diversa
1823 772 1944 798 sunt,con-

272 804 388 826 tendunt
404 802 565 825 substantias
579 808 637 825 esse
653 801 791 830 diversas;
811 801 1064 828 demonstransmon
1079 807 1158 825 omne
1172 807 1187 832 q

1191 801 1243 825 uod
1258 802 1291 825 de
1308 802 1358 825 Deo
1370 802 1468 826 dicitur
1482 802 1629 826 secundum
1645 803 1816 826 substantiam
1831 802 1883 831 dici,
1893 802 1946 825 sicut

271 834 417 857 secundum
434 833 608 857 substantiam
624 833 721 856 dicitur
736 833 820 856 bonus
836 834 862 855 et
874 834 1025 863 magnus,“
1040 832 1060 855 si
1076 832 1140 863 quid
1156 832 1226 856 aliud
1242 833 1273 856 ad
1289 840 1316 856 se
1328 833 1437 857 dicitur:
1454 834 1498 857 sed
1517 834 1567 858 dici
1585 834 1667 858 etiam
1690 834 1807 863 relative,
1821 833 1844 856 id
1858 835 1891 856 est
1904 839 1945 855 non

271 865 303 888 ad
320 873 355 891 se,
370 866 415 888 sed
432 864 463 887 ad
478 864 577 895 aliquid
592 863 664 894 quod
676 864 733 894 ipse
750 870 804 895 non
820 864 939 890 est.sicut
954 863 1027 887 Pater
1042 863 1075 887 ad
1092 863 1186 887 Filium
1203 864 1307 892 dicitur,
1319 864 1360 888 vel
1378 864 1503 888 Dominus
1518 865 1550 888 ad
1567 867 1716 889 creaturam
1733 865 1780 888 sibi
1795 864 1946 888 servientem:

273 896 318 919 ubi
335 897 354 919 si
372 896 415 927 qui
426 894 573 927 relative.id
586 896 626 927 est
640 894 672 918 ad
688 894 789 925 aliquid
800 894 934 927 qnodipse
951 901 1005 927 non
1020 894 1150 927 est.etiam
1160 902 1196 927 rex
1214 897 1333 925 tempore
1344 895 1450 922 dicitur.
1466 896 1542 920 sicuti
1558 896 1729 922 est.Domine.
1744 895 1866 925 re/ugium
1878 896 1948 925 luctu!

272 934 298 951 es
315 925 386 951 nobis
396 935 404 951 :
420 926 485 951 nihil
499 927 524 950 ei
537 925 656 950 accidere
670 932 723 957 quo
740 926 915 955 mutetur,sed
930 926 1040 950 omnino
1055 926 1143 957 ipsum
1158 926 1185 950 in
1202 929 1297 951 natura
1315 927 1355 951 vel
1370 928 1485 951 essentia
1501 934 1550 951 sua
1564 927 1762 952 immutabilem
1773 933 1922 958 permanere.

308 1056 423 1084 CAPUT
436 1055 583 1083 PRIMUM.
596 1070 629 1075 -—
642 1055 666 1082 1.
679 1055 754 1089 Quid
773 1063 789 1082 a
811 1057 877 1089 Deo,
894 1055 959 1090 quid
970 1063 987 1082 a
998 1055 1098 1083 lectore

270 1106 362 1128 auctor
373 1100 540 1135 mpmmtJn
552 1100 603 1127 Deo
614 1099 687 1127 nihil
697 1100 838 1127 mutabilis
848 1104 873 1127 et
883 1100 1006 1134 corporei
1019 1100 1095 1135 cogi-

268 1146 392 1173 tandum.
411 1145 481 1172 Hinc
493 1145 555 1179 jam
571 1144 725 1171 exordiens
741 1152 774 1171 ea
789 1144 894 1178 dicere,
912 1152 974 1179 quae
991 1144 1047 1170 dici
1064 1146 1096 1171 ut

268 1191 433 1226 cogitantur
448 1190 491 1217 vel
506 1189 541 1216 ab
558 1188 675 1215 homine
690 1188 801 1223 aliquo,
818 1188 862 1215 vel
884 1190 962 1215 certe
977 1196 993 1215 a
1009 1189 1092 1216 nobis

268 1243 324 1261 non
337 1233 505 1261 omnimodo
517 1235 655 1269 possunt:
668 1232 802 1267 quamvis
813 1234 842 1259 et
853 1232 917 1268 ipsa
929 1235 1030 1260 nostra
1043 1241 1091 1260 co-

268 1279 380 1315 gitatio,
393 1287 456 1305 cum
471 1278 506 1305 de
522 1280 577 1304 Deo
593 1277 734 1304 Trinitate
751 1276 943 1313 cogitamus‘,
962 1277 1047 1313 longe
1063 1286 1094 1305 se

269 1323 308 1350 illi
323 1324 420 1357 dequo
430 1322 546 1357 cogitat,
556 1322 698 1356 imparem
709 1321 825 1354 sentiat,
836 1329 931 1357 neque
939 1324 1093 1349 utesteum

270 1367 375 1402 cupiat,
389 1368 452 1399 sed,
467 1369 496 1393 ut
507 1366 650 1401 scriptum
663 1368 716 1397 est,
729 1365 817 1393 etiam
830 1375 846 1392 a
857 1366 946 1392 tantis
963 1368 1093 1401 quantus

269 1412 377 1439 Paulus
393 1411 542 1446 apostolus
558 1410 605 1437 hic
619 1412 690 1445 erat,
704 1418 754 1445 per
767 1411 906 1445 speculum
921 1415 946 1437 et
961 1411 993 1437 in,
1003 1410 1092 1443 amig-

269 1461 340 1484 mate
356 1456 488 1482 videatur
501 1456 523 1489 (Ι
540 1455 599 1482 Cor.
616 1463 676 1487 XIII,
695 1455 750 1489 12),
768 1454 895 1490 primum
911 1456 947 1481 ab
963 1454 1026 1489 ipso
1042 1454 1094 1481 Do-

272 1501 351 1528 mino
364 1501 419 1527 Deo
432 1502 540 1534 nostro,
552 1499 588 1526 de
600 1507 657 1534 quo
668 1506 726 1525 sem
734 1507 784 1533 per
799 1500 925 1534 cogitare
940 1499 1092 1531 debemus,

272 1546 343 1572 etde
353 1553 407 1579 quo
417 1545 503 1578 digne
512 1543 638 1577 cogitare
648 1551 704 1569 non
714 1551 882 1577 possumus,
892 1542 938 1570 cui
947 1542 1092 1571 laudando

272 1589 420 1616 reddenda
435 1591 479 1615 est
489 1587 568 1615 omni
579 1590 708 1621 tempore
719 1587 882 1614 benedictio
893 1587 978 1621 (Psul.
993 1595 1091 1619 xxxm,

271 1634 308 1668 1),
326 1635 354 1660 et
370 1633 415 1659 cui
427 1632 604 1659 enuntianda
618 1631 699 1658 nulla
710 1631 848 1666 competit
859 1632 957 1664 dictio,
970 1635 998 1658 et
1008 1632 1091 1667 adju-

268 1678 375 1704 torium
392 1678 426 1704 ad
439 1676 628 1712 intelligenda
639 1678 725 1711 atque
738 1675 910 1710 explicanda
923 1684 986 1711 quas
999 1676 1091 1703 inten-

266 1723 313 1754 do,
331 1725 359 1749 et
376 1721 489 1748 veniam
506 1728 606 1756 precor
621 1719 715 1747 sicubi
741 1720 865 1747 olfendo.
891 1721 999 1747 Memor
1023 1728 1089 1748 sum

265 1767 354 1800 enim,
373 1775 428 1793 non
445 1765 541 1792 solum
560 1765 729 1796 voluntatis,
747 1773 844 1792 verum
861 1765 948 1792 etiam
965 1765 1089 1792 inﬁrmi-

264 1812 332 1839 tatis
349 1820 427 1838 mete.
446 1811 488 1837 Ab
503 1809 548 1837 his
564 1810 651 1837 etiam
667 1809 717 1844 qui
733 1809 788 1836 ista
799 1809 898 1836 lecturi
910 1813 990 1844 sunt,
1003 1809 1088 1845 utig-

263 1858 386 1883 noscant
401 1858 476 1890 peto,
489 1854 540 1882 ubi
552 1862 597 1881 me
612 1854 705 1890 magis
716 1853 842 1881 voluisse
854 1862 943 1889 quam
956 1853 1087 1889 potuisse

263 1900 356 1927 dicere
368 1899 553 1932 adverterint,
565 1898 642 1934 quod
657 1897 701 1924 vel
713 1897 766 1932 ipsi
779 1897 885 1925 melius
897 1898 1028 1933 intelligo
1035 1900 1084 1926 nt:

262 1945 338 1971 sicut
352 1953 403 1979 ego
421 1944 462 1971 eis
479 1943 609 1979 ignosco,
626 1942 675 1969 ubi
692 1945 811 1978 propter
822 1950 906 1970 suam
919 1942 1085 1970 tarditatem

260 1988 421 2023 intelligere
438 1995 494 2014 non
512 1990 645 2020 possunt.

295 2033 322 2059 2.
338 2032 459 2059 Facilius
471 2034 567 2059 autem
581 2031 1082 2067 nobisinviccmignoscimus,sino-

259 2077 398 2108 verimus,
412 2079 461 2103 aut
473 2078 548 2103 certe
558 2076 701 2103 credendo
714 2076 832 2102 firmum
848 2078 1039 2111 tenuerimus,
1050 2085 1084 2104 es.

259 2130 321 2157 qua:
333 2122 367 2149 de
375 2121 579 2148 uaturaincom
585 2120 718 2147 mutabili
727 2119 899 2147 etinvisibili
908 2128 973 2147 sum
979 2129 1082 2156 meque

257 2167 368 2193 vivente
380 2174 411 2192 ac
423 2166 479 2192 sibi
489 2164 652 2193 sulﬁciente
664 2163 811 2196 dicuntur,
820 2172 877 2191 non
886 2172 920 2191 ex
928 2168 1082 2192 consuetu-

256 2211 323 2237 dine
335 2210 493 2237 visibilium
509 2212 597 2245 atque
613 2208 796 2236 mutabilium
813 2211 842 2236 et
857 2209 1025 2237 mortalium
1036 2209 1080 2237 vel

254 2262 411 2289 egenarum
423 2262 518 2281 rerum
526 2262 589 2282 esse
596 2253 752 2281 metienda.
760 2253 815 2281 Sed
825 2254 927 2280 cumin
940 2253 1078 2281 bisetiam

256 2307 271 2334 q
278 2307 319 2325 ure
327 2299 435 2325 nostris
442 2298 640 2334 corporalibus
647 2298 781 2333 adjacent
791 2298 936 2330 sensibus,
949 2298 991 2325 vel
1000 2298 1077 2334 quod

254 2352 307 2370 nos
319 2343 374 2378 ipsi
386 2343 414 2370 in
424 2343 559 2370 interiore
567 2343 684 2370 homine
693 2351 807 2374 sumus,
818 2341 940 2369 scientia
946 2350 1078 2378 compre-

252 2387 416 2414 hendendis
432 2387 610 2420 laboremus,
627 2395 679 2414 nec
695 2386 878 2414 sufﬁciamus
890 2394 896 2412 :
909 2395 966 2413 non
978 2389 1076 2415 tamen

251 2432 438 2467 impudenter
450 2432 478 2458 in
490 2431 540 2458 illa
550 2439 610 2465 quas
622 2439 711 2466 supra
722 2433 791 2458 sunt
801 2431 901 2457 divina
910 2433 938 2457 et
946 2430 1076 2459 inellabi-

249 2476 298 2507 lin.
313 2477 403 2511 pietas
417 2475 510 2503 Iidelis
522 2475 661 2508 ardescit;
673 2483 728 2502 non
739 2483 827 2510 quam
839 2483 958 2502 suarum
968 2475 1074 2503 virium

247 2521 330 2547 inﬂat
341 2521 517 2554 arrogantia,
531 2520 580 2546 sed
593 2527 681 2554 quam
691 2520 784 2554 gratia
794 2520 885 2553 ipsius
895 2520 1037 2547 Creatoris
1046 2523 1074 2548 et

247 2565 406 2592 Salvutoris
419 2566 592 2591 inﬂammat.
608 2564 680 2590 Nam
693 2572 750 2598 quo
763 2563 908 2590 intellcctu
922 2564 1012 2591 Deum
1025 2573 1072 2592 ca-

247 2610 289 2644 pit
303 2610 398 2641 lioniu,
411 2609 458 2644 qui
474 2610 568 2644 ipsum
582 2608 760 2635 intellectum
774 2615 860 2634 suum
870 2616 926 2642 quo
936 2617 1001 2635 eum
1013 2608 1072 2636 vult

246 2662 348 2689 capere
360 2654 490 2680 nondum
502 2653 603 2688 capit?
615 2652 644 2680 Si
657 2655 753 2679 autem
766 2651 844 2678 hunc
854 2652 915 2686 jam
928 2654 1015 2688 capit,
1028 2656 1070 2681 at-

245 2699 344 2725 tenrlat
356 2698 511 2733 diligenter
521 2696 593 2724 nihil
606 2705 638 2724 eo
651 2704 713 2724 esse
726 2696 754 2723 in
767 2704 820 2723 sua
837 2698 941 2723 natura
953 2697 1069 2732 melius,

244 2745 272 2769 et
283 2742 377 2769 videat
390 2746 486 2768 utrum
498 2742 536 2769 ibi
543 2742 638 2769 videat
646 2741 705 2769 ulla
712 2740 1068 2776 lineamentai‘ormarum,

243 2795 343 2853 ⁷⁷ηὶςῐεὶικ
358 2794 441 2850 lﬁngd.
457 2796 521 2820 Ven.
537 2795 611 2825 Lov.,
626 2801 682 2820 cum
701 2795 733 2819 de
754 2793 803 2819 Dei
827 2793 951 2820 Trinitate
969 2784 1068 2827 cdgita-

1152 1055 1261 1083 nitores
1276 1055 1417 1088 colorum,
1443 1055 1603 1091 spatiosam
1625 1055 1829 1091 granditatem,
1843 1054 1951 1091 partium

1151 1100 1334 1132 distantiam,
1342 1100 1427 1127 molis
1435 1100 1655 1133 distensionem,
1665 1100 1780 1136 aliquas
1787 1108 1835 1135 per
1842 1099 1950 1126 locorum

1151 1144 1303 1171 intervalla
1324 1145 1476 1179 motiones,
1499 1144 1623 1180 velquid
1639 1143 1878 1180 ejusmodi.Nibil
1890 1145 1951 1170 certe

1148 1189 1271 1216 istorum
1285 1189 1452 1216 invenimus
1464 1189 1493 1216 in
1504 1197 1547 1223 eo,
1560 1197 1617 1224 quo
1632 1189 1661 1216 in
1675 1192 1783 1217 natura
1793 1191 1884 1216 nostra
1893 1187 1950 1214 nihil

1150 1232 1255 1259 melius
1271 1232 1445 1266 invenimus,
1463 1233 1491 1260 id
1508 1236 1563 1268 est,
1580 1233 1609 1260 in
1625 1236 1726 1261 nostro
1742 1232 1892 1264 intellectu,
1906 1238 1950 1266 quo

1149 1277 1323 1311 sapientiam
1335 1277 1468 1312 capimus
1479 1280 1623 1312 quantum
1635 1285 1759 1312 capaces
1768 1285 1875 1305 sumus.
1886 1275 1951 1307 Quod

1149 1329 1216 1356 ergo
1228 1329 1284 1348 non
1296 1321 1462 1349 invenimus
1473 1323 1499 1348 in
1515 1322 1632 1349 meliore
1642 1324 1755 1354 nostro,
1767 1330 1821 1349 non
1831 1321 1951 1348 debemus

1149 1365 1176 1392 in
1190 1365 1239 1393 illo
1251 1374 1389 1401 quaerere,
1401 1366 1477 1400 quod
1489 1365 1574 1400 longe
1592 1366 1698 1393 melius
1722 1369 1767 1394 est
1787 1366 1896 1393 meliore
1911 1373 1952 1392 no-

1149 1412 1208 1437 stro
1221 1417 1227 1437 :
1241 1413 1273 1437 ut
1284 1410 1324 1437 sic
1337 1409 1536 1444 intelligamus
1547 1410 1649 1443 Deum,
1662 1411 1686 1438 si
1700 1419 1866 1446 possumus,
1876 1417 1951 1445 quan-

1147 1456 1209 1481 tum
1220 1463 1387 1489 possumus,
1395 1454 1457 1481 sine
1465 1463 1480 1490 q
1487 1454 1604 1481 ualitate
1612 1455 1735 1488 bonum,
1744 1454 1953 1490 sinequantitate

1148 1506 1299 1534 magnum,
1312 1499 1374 1526 sine
1384 1498 1544 1534 indigentia
1553 1501 1725 1533 creatorem,
1737 1500 1799 1526 sine
1808 1498 1861 1526 situ
1871 1497 1952 1534 praesi-

1148 1544 1292 1575 dentem‘,
1305 1543 1366 1570 sine
1378 1543 1480 1570 habitu
1494 1543 1593 1570 omnia
1607 1543 1816 1577 continentem,
1832 1542 1890 1570 sine
1904 1541 1952 1569 loco

1147 1588 1256 1622 ubique
1269 1590 1373 1622 totum,
1387 1588 1450 1614 sine
1462 1590 1590 1623 tempore
1602 1587 1828 1622 sempiternum,
1839 1588 1897 1614 sine
1907 1586 1953 1613 ulla

1147 1633 1192 1659 sui
1208 1632 1366 1659 mutatione
1377 1632 1530 1659 mutabilia
1543 1632 1709 1665 facientem,
1721 1632 1851 1667 nihilque
1859 1631 1952 1667 patien-

1145 1678 1214 1703 tem.
1227 1677 1366 1712 Quisquis
1378 1677 1468 1703 Deuin
1482 1677 1521 1703 ita
1532 1677 1649 1712 cogitat,
1667 1677 1723 1705 etsi
1736 1678 1864 1704 nondum
1877 1677 1953 1712 potest

1145 1722 1223 1748 omni
1241 1722 1326 1749 modo
1345 1721 1473 1748 invenire
1501 1721 1570 1756 quid
1599 1722 1658 1754 sit;
1689 1722 1738 1756 pie
1766 1724 1862 1748 tamen
1877 1722 1951 1753 cavet,

1144 1768 1287 1800 quantum
1306 1767 1408 1801 potest,
1425 1765 1535 1800 aliquid
1552 1766 1587 1793 de
1600 1774 1633 1792 eo
1644 1766 1755 1793 sentire
1766 1766 1841 1800 quod
1853 1774 1904 1792 non
1914 1764 1951 1792 sit.

1179 1810 1293 1837 CAPUT
1307 1811 1338 1837 ll.
1352 1825 1386 1830 —-
1397 1810 1421 1837 3.
1436 1811 1505 1837 Deus
1515 1810 1575 1837 sola
1594 1811 1830 1838 incommutabilis
1842 1810 1950 1837 essentia.

1142 1855 1194 1882 Est
1208 1858 1305 1882 tamen
1323 1854 1386 1882 sine
1401 1854 1581 1882 dubitatione
1602 1855 1783 1887 substantia,
1801 1854 1853 1888 vel,
1867 1855 1888 1882 si
1903 1862 1952 1880 me-

1142 1898 1200 1927 lius
1211 1899 1264 1926 lioc
1275 1898 1448 1935 appellatur,
1460 1899 1597 1933 essentia,
1609 1907 1698 1934 quam
1711 1900 1804 1927 Graeci
1815 1897 1900 1925 οὐσίαν
1911 1905 1951 1924 va-

1141 1946 1218 1971 cant.
1236 1944 1317 1971 Sicut
1332 1944 1410 1970 enim
1428 1943 1464 1970 ab
1489 1951 1522 1970 eo
1545 1944 1622 1979 quod
1647 1945 1691 1971 est
1717 1952 1821 1979 sapere
1836 1943 1905 1970 dicta
1918 1946 1951 1969 est

1140 1988 1293 2023 sapientia,
1308 1990 1336 2015 et
1347 1989 1383 2015 ab
1393 1996 1426 2015 eo
1438 1988 1515 2023 quod
1527 1990 1571 2015 est
1582 1987 1656 2015 scire
1671 1988 1752 2015 dicta
1767 1990 1813 2015 est
1828 1986 1949 2018 scicntia;

1139 2032 1179 2058 ita
1194 2033 1230 2059 ab
1246 2040 1278 2059 eo
1294 2032 1369 2066 quod
1385 2034 1429 2059 est
1444 2040 1507 2059 esse
1523 2032 1600 2058 dicta
1623 2036 1666 2059 est
1689 2032 1833 2059 essentia.
1847 2031 1878 2059 Et
1897 2030 1950 2064 quis

1138 2076 1233 2111 magis
1245 2078 1299 2108 est,
1312 2084 1400 2111 quam
1413 2075 1461 2103 ille
1470 2076 1519 2111 qui
1535 2076 1606 2103 dixit
1618 2075 1729 2103 famulo
1742 2075 1898 2111 squoysi,
1907 2076 1949 2107 Ego

1137 2129 1198 2148 sum
1209 2122 1255 2156 qui
1269 2129 1330 2148 sum
1340 2129 1351 2151 ;
1365 2123 1402 2151 et.
1419 2121 1493 2148 Dices
1507 2119 1577 2155 ﬁliis
1592 2121 1679 2148 Israel
1692 2129 1698 2148 :
1714 2122 1768 2155 Qui
1778 2126 1828 2153 est,
1839 2121 1909 2148 misit
1916 2126 1950 2145 me

1135 2166 1176 2192 ad
1187 2174 1230 2193 vos
1244 2165 1339 2201 (Exod.
1353 2173 1394 2197 iii,
1408 2165 1452 2199 14)
1462 2165 1475 2192 ‘l
1489 2165 1544 2192 Sed
1556 2165 1619 2192 alia:
1631 2174 1694 2201 qua:
1714 2165 1855 2193 dicuntur
1865 2171 1948 2192 essen-

1135 2210 1181 2237 tia
1194 2218 1253 2237 Sive
1264 2211 1448 2242 substantiis,
1457 2209 1577 2245 capiunt
1585 2210 1760 2242 accidentia,
1770 2210 1877 2246 quibus
1886 2208 1950 2236 ineis

1135 2255 1186 2282 fiat
1195 2255 1238 2281 vel
1251 2249 1357 2290 magna
1367 2254 1410 2281 vel
1422 2258 1661 2290 quantacumque
1677 2255 1825 2282 mutatio:
1843 2254 1896 2282 Deo
1906 2261 1949 2280 au-

1132 2301 1191 2326 tem
1208 2298 1317 2334 aliquid
1333 2298 1477 2332 ejusmodi
1494 2298 1625 2325 accidere
1640 2307 1698 2325 non
1720 2301 1842 2334 potest;
1857 2301 1884 2326 et
1896 2297 1948 2325 ideo

1132 2342 1195 2370 sola
1206 2346 1249 2370 est
1261 2342 1513 2370 incommutabilis
1524 2342 1691 2370 substantia
1702 2343 1748 2370 vel
1762 2343 1897 2375 essentia,
1908 2340 1948 2375 qui

1131 2387 1208 2415 Deus
1223 2389 1277 2420 est,
1294 2387 1340 2414 cui
1357 2386 1494 2421 profectio
1517 2387 1614 2422 ipsum
1638 2394 1714 2419 esse,
1741 2387 1821 2414 unde
1836 2385 1949 2414 essentia

1131 2432 1282 2459 nominata
1294 2434 1348 2464 est,
1362 2431 1487 2457 maxime
1501 2439 1533 2458 ac
1544 2430 1694 2458 verissime
1710 2431 1862 2466 competit.
1879 2428 1948 2462 Quod

1129 2476 1206 2503 enim
1218 2478 1357 2508 mutatur,
1371 2483 1428 2502 non
1438 2478 1533 2502 servat
1544 2474 1641 2510 ipsum
1651 2482 1714 2502 esse
1723 2483 1730 2508 ;
1739 2475 1852 2510 etquod
1864 2476 1947 2501 muta-

1128 2521 1152 2547 ri
1165 2523 1268 2556 potest,
1277 2518 1391 2546 etiamsi
1400 2527 1456 2546 non
1466 2523 1603 2551 muletur,
1613 2522 1707 2554 potest
1714 2520 1794 2554 quod
1803 2520 1947 2546 l'ueratnon

1127 2573 1191 2592 esse
1204 2572 1210 2591 2
1223 2572 1256 2591 ac
1268 2572 1318 2599 per
1329 2563 1383 2590 hoc
1400 2563 1471 2590 illud
1487 2563 1582 2590 solum
1599 2564 1677 2598 quod
1692 2572 1750 2590 nou
1768 2567 1882 2590 tantum
1898 2568 1947 2588 non

1127 2612 1269 2643 mutatur,
1286 2616 1386 2635 verum
1403 2608 1490 2635 etiam
1516 2607 1620 2635 mutari
1638 2607 1760 2635 omnino
1778 2616 1835 2635 non
1853 2608 1946 2643 potest,

1126 2653 1189 2681 sine
1204 2654 1342 2688 scrupulo
1358 2653 1484 2680 occurrit
1496 2653 1573 2687 quod
1587 2652 1738 2679 verissime
1750 2652 1866 2679 dicatur
1880 2657 1945 2677 esse.

1161 2697 1274 2725 CAPUT
1287 2697 1333 2724 ill.
1345 2697 1416 2724 -4,
1435 2697 1601 2724 Arianorum
1623 2701 1819 2732 argumentum
1839 2704 1874 2723 ea:
1892 2701 1947 2722 voce

1124 2743 1212 2777 geniti
1222 2746 1246 2770 et
1260 2742 1379 2777 ingenili
1387 2741 1562 2775 desumptum
1572 2741 1699 2768 diluitur.
1712 2741 1909 2773 Quamobrem
1917 2738 1945 2765 ut

1155 2829 1164 2846 ί
1182 2827 1225 2853 Sic
1238 2827 1299 2852 Mss.
1315 2826 1348 2853 At
1361 2826 1433 2857 editi,
1448 2827 1613 2859 praesulem.
