4100 6194
246 413 364 475 913

235 550 363 618 jam
406 544 579 599 etiam
622 544 693 599 de
725 543 798 598 iis
828 558 953 613 qua
999 558 1102 597 nec
1134 540 1412 595 dicuntur
1460 542 1525 593 ut
1556 536 1893 607 cogitantur

244 651 349 691 nec
366 634 699 703 cogitantur
723 637 786 685 ut
810 637 968 695 sunt,
1000 630 1347 700 respondere
1389 627 1737 697 incipiamus
1758 624 1892 677 ﬁdei

240 730 452 779 nostra:
477 720 855 776 adversariis:
875 721 1023 773 inter
1050 719 1231 773 multa
1254 736 1378 789 qua:
1402 717 1595 771 Ariani
1614 716 1893 769 adversus

240 812 586 868 catholicam
639 811 810 865 fidem
836 810 1024 865 solent
1046 809 1365 878 disputare,
1389 807 1495 861 hoc
1518 805 1625 860 sibi
1648 803 1899 858 maxime

245 901 695 957 callidissimum
714 899 1248 953 machinamentum
1272 912 1589 968 proponere
1608 894 1895 956 videntur,

246 1007 381 1047 cum
406 990 641 1045 dicunt:
668 988 955 1058 Quidquid
971 988 1040 1041 de
1065 989 1173 1041 Deo
1198 987 1411 1040 dicitur
1431 984 1513 1038 vel
1534 982 1895 1051 intelligitur,

243 1097 361 1136 non
399 1079 682 1134 secndum
719 1078 1008 1140 accidens,
1034 1078 1133 1131 sed
1159 1076 1479 1130 secundum
1505 1071 1897 1127 substantiam

245 1170 479 1225 dicitur.
506 1168 867 1238 Quapropter
888 1166 1212 1237 ingenitum
1243 1180 1372 1219 esse
1393 1162 1539 1218 Patri
1572 1161 1897 1216 secundum

247 1256 638 1314 substantiam
679 1258 787 1324 est,
819 1258 875 1309 et
918 1255 1182 1325 genitum
1214 1270 1341 1309 esse
1385 1251 1527 1307 Filio
1572 1250 1895 1305 secundum

245 1344 643 1401 substantiam
660 1343 1074 1399 est.Diversum
1091 1346 1181 1398 est
1193 1349 1387 1396 autem
1408 1340 1731 1409 ingenitum
1747 1354 1896 1405 esse,

246 1440 301 1491 et
343 1435 607 1506 genitum
631 1432 1033 1488 essezdiversa
1071 1439 1311 1502 estergo
1352 1427 1683 1484 substantia
1712 1425 1898 1480 Patris

242 1529 300 1579 et
334 1523 482 1579 Filii.
508 1522 731 1586 Quibus
746 1522 1196 1594 respondemus:
1216 1520 1271 1573 Si
1293 1517 1572 1590 quidquid
1587 1518 1657 1571 de
1682 1521 1791 1569 Deo
1810 1514 1896 1569 di-

247 1614 421 1680 citur,
445 1612 768 1667 secundum
793 1611 1183 1666 substantiam
1202 1608 1446 1666 dicitur:
1470 1623 1605 1677 ergo
1632 1608 1783 1677 quod
1808 1604 1899 1658 di-

242 1706 403 1757 ctum
422 1709 528 1765 est,
560 1702 668 1769 Ego
694 1706 744 1755 et
778 1701 945 1753 Pater
973 1715 1144 1753 unum
1166 1714 1354 1753 sumus
1382 1696 1559 1766 (Joan.
1599 1713 1653 1757 x,
1673 1696 1784 1765 30),
1810 1711 1899 1749 se-

258 1792 521 1846 cundum
545 1789 936 1845 substantiam
962 1790 1148 1842 ditum
1173 1794 1280 1842 est.
1305 1786 1431 1841 Una
1452 1791 1541 1839 est
1562 1785 1739 1856 igitur
1761 1783 1898 1838 sub-

250 1882 471 1935 stantia
488 1878 672 1933 Patris
700 1884 755 1933 et
779 1877 923 1932 Filii.
947 1877 1124 1931 Autsi
1144 1878 1249 1931 hoc
1273 1892 1384 1929 non
1410 1878 1732 1928 secundum
1762 1873 1900 1928 sub-

245 1970 529 2025 stantiam
549 1968 768 2023 dictum
792 1972 898 2030 est,
920 1967 1133 2021 dicitur
1152 1982 1287 2036 ergo
1315 1964 1533 2034 aliquid
1556 1964 1624 2017 de
1652 1968 1760 2017 Deo
1786 1979 1900 2017 non

255 2059 587 2114 secundum
639 2057 1051 2122 substantiam;
1090 2062 1145 2109 et
1178 2055 1444 2123 ideojam
1488 2070 1600 2106 non
1636 2052 1904 2122 cogimur

252 2148 585 2204 secundum
618 2146 1009 2201 substantiam
1035 2144 1357 2214 intelligere
1381 2141 1703 2213 ingenitum
1727 2145 1782 2195 et
1812 2157 1904 2211 ge-

248 2238 465 2292 nitum.
493 2237 630 2291 Item
665 2237 887 2290 dictum
912 2240 998 2289 est
1020 2236 1090 2288 de
1124 2233 1284 2297 Filio,
1310 2234 1426 2287 Non
1456 2233 1712 2303 rapinam
1748 2231 1902 2285 arbi-

247 2332 431 2381 tratus
459 2335 667 2381 estesse
687 2325 914 2395 aqualis
936 2325 1041 2378 Deo
1067 2322 1338 2393 (Phili/ip.
1366 2339 1426 2389 11,
1446 2323 1500 2391 6)
1528 2338 1539 2374 :
1585 2321 1902 2391 quzerimus

245 2417 572 2472 secundum
600 2415 737 2485 quid
759 2413 1018 2483 aequalis.
1035 2414 1092 2467 Si
1112 2412 1265 2466 enim
1296 2428 1408 2464 non
1428 2411 1751 2466 secundum
1769 2410 1903 2464 sub-

247 2505 533 2560 stantiam
565 2504 780 2559 dicitur
802 2501 1063 2571 aqualis,
1088 2500 1407 2555 admittunt
1447 2505 1509 2553 ut
1542 2499 1769 2553 dicatur
1797 2499 1896 2553 ali-

248 2594 391 2665 quid
416 2595 487 2648 de
505 2592 765 2658 Deo,non
785 2590 1109 2644 secundum
1135 2588 1524 2643 substantiam
1548 2606 1560 2642 :
1585 2587 1902 2641 admittant

245 2698 388 2752 ergo
414 2698 529 2736 non
565 2680 890 2735 secundum
931 2677 1318 2733 substantiam
1349 2676 1461 2730 dici
1492 2675 1814 2745 ingenitum
1845 2682 1903 2730 et

244 2771 535 2843 genitum.
578 2769 740 2832 Quod
789 2768 838 2821 si
891 2771 1194 2837 propterea
1227 2783 1339 2820 non
1375 2765 1715 2829 admittunt,
1763 2764 1903 2835 quia

243 2860 452 2915 omnia
472 2860 540 2913 de
564 2858 678 2912 Deo
696 2857 1021 2911 secundum
1046 2854 1434 2909 substantiam
1452 2853 1564 2908 dici
1588 2853 1903 2923 volunt,se-

251 2948 519 3003 cundum
539 2946 930 3000 substantiam
953 2942 1131 2998 Filius
1153 2943 1393 3014 aequalis
1417 2948 1505 2997 est
1528 2944 1701 2996 Patri.

318 3035 552 3091 CAPUT
580 3036 664 3089 [ν.
685 3064 753 3074 -
772 3035 824 3089 5.
841 3033 1097 3088 Accidens
1118 3034 1306 3100 arguit
1326 3048 1535 3102 semper
1554 3033 1805 3102 aliquam
1820 3035 1902 3088 rei

241 3127 628 3181 mutationem.
648 3122 929 3178 Accidens
948 3127 1141 3177 autem
1164 3139 1274 3176 non
1300 3120 1591 3187 soletdici,
1614 3121 1722 3176 nisi
1743 3124 1898 3193 quod

244 3215 452 3285 aliqua
474 3212 793 3268 mutatione
823 3213 951 3281 ejus
990 3212 1071 3265 rei
1111 3211 1200 3264 cui
1237 3210 1446 3264 accidit
1466 3211 1655 3264 amitti
1688 3216 1896 3282 potest.

242 3304 396 3359 Nam
413 3302 521 3358 etsi
548 3302 814 3374 quaedam
832 3301 1107 3355 dicuntur
1129 3300 1447 3354 accidentia
1464 3300 1900 3371 inseparabilis,

237 3410 373 3463 qum
416 3408 599 3464 graece
637 3389 1009 3462 appellantur
1056 3387 1357 3462 ἀχώριστα,
1391 3390 1538 3443 sicut
1569 3395 1657 3443 est
1688 3388 1899 3460 plumae

235 3482 401 3539 corvi
429 3480 587 3536 color
617 3479 783 3551 niger
814 3479 1034 3557 amittit
1064 3495 1197 3533 eum
1241 3483 1459 3542 tamen,
1494 3496 1607 3533 non
1661 3480 1898 3549 quidem

245 3571 536 3643 quamdiu
562 3568 764 3641 pluma
792 3573 901 3632 est,
936 3568 1033 3621 sed
1054 3567 1191 3638 quia
1223 3584 1335 3621 non
1387 3584 1617 3638 semper
1649 3573 1737 3623 est
1768 3567 1897 3639 plu-

242 3678 366 3716 ma.
400 3660 724 3730 Quaproter
758 3657 885 3728 ipsa
917 3656 1187 3711 materies
1214 3656 1513 3711 mutabilis
1536 3662 1705 3721 est,et
1734 3674 1801 3711 ex
1834 3674 1899 3711 eo

238 3750 403 3822 quod
439 3748 653 3803 desinit
676 3745 961 3801 esseillud
982 3745 1197 3800 animal
1225 3744 1310 3799 vel
1332 3744 1430 3799 illa
1454 3745 1896 3816 pluma,totum-

237 3855 359 3911 que
381 3837 524 3892 illud
550 3853 761 3907 corpus
788 3835 845 3889 in
874 3838 1090 3889 terram
1113 3838 1369 3888 mutatur
1390 3840 1443 3889 et
1462 3836 1900 3898 vertitur,amit-

235 3929 315 3983 tit
342 3927 544 3998 utique
575 3927 751 3980 etiam
777 3923 939 3978 illum
964 3924 1235 3979 colorem.
1270 3924 1543 3989 Quamvis
1562 3926 1900 3982 etaccidens

246 4017 411 4087 quod
439 4013 767 4086 separabile
796 4012 1030 4075 dicitur,
1072 4029 1185 4066 non
1220 4013 1604 4082 separatione,
1641 4014 1742 4069 sed
1770 4030 1900 4068 mu-

236 4107 401 4162 tione
420 4104 751 4168 amittatur;
779 4102 950 4158 sicuti
972 4106 1061 4156 est
1081 4101 1307 4172 capillis
1330 4102 1631 4157 hominum
1659 4103 1901 4173 nigritu-

246 4194 641 4265 do,quoniam
667 4193 809 4246 dum
841 4190 1032 4262 capilli
1059 4196 1197 4245 sunt
1223 4197 1464 4260 possunt
1489 4191 1898 4259 albescere,se-

237 4282 506 4355 parabile
527 4281 798 4337 accidens
816 4280 1064 4335 dicitur:
1090 4280 1188 4334 sed
1207 4280 1514 4351 diligenter
1530 4282 1898 4338 intuentibus

237 4372 390 4428 satis
433 4376 698 4442 apparet,
729 4387 845 4425 non
884 4369 1249 4439 separatione
1284 4370 1451 4440 quasi
1478 4373 1762 4443 emigrare
1792 4373 1898 4428 ali-

236 4462 381 4533 quid
416 4478 449 4515 a
468 4459 656 4532 capite
675 4460 815 4513 dum
838 4457 1112 4526 canescit,
1158 4463 1220 4511 ut
1269 4460 1562 4529 nigritudo
1605 4461 1738 4515 inde
1760 4478 1897 4517 can-

238 4552 385 4607 dore
415 4550 761 4604 succedente
779 4547 1040 4602 discedat
1060 4544 1321 4617 etaliquo
1335 4552 1446 4611 eat,
1466 4549 1562 4602 sed
1579 4548 1737 4603 illam
1759 4567 1898 4621 qua-

234 4638 466 4693 litatem
495 4637 704 4692 coloris
724 4636 803 4691 ibi
840 4636 1008 4690 vertit
1034 4641 1207 4706 atque
1250 4636 1481 4689 mutari.
1506 4637 1658 4691 Nihil
1701 4639 1897 4711 itaque

239 4728 517 4783 accidens
539 4727 599 4781 in
622 4727 759 4791 Deo,
792 4726 931 4797 quia
956 4724 1098 4779 nihil
1124 4724 1408 4779 mutabile
1426 4732 1527 4780 aut
1549 4728 1889 4785 amissibile.

240 4818 409 4883 Quod
434 4817 482 4872 si
505 4820 559 4871 et
590 4815 732 4870 illud
771 4814 883 4869 dici
907 4815 1177 4869 accidens
1223 4813 1424 4885 placet,
1449 4816 1600 4886 quod
1626 4816 1757 4870 licet
1779 4836 1893 4873 non

236 4906 570 4973 amittatur,
613 4904 903 4959 minuitur
952 4908 1147 4958 tamen
1178 4902 1263 4957 vel
1298 4911 1562 4976 augetur,
1609 4906 1781 4960 sicuti
1809 4914 1896 4963 est

238 4996 455 5051 animae
469 4996 587 5049 vita
611 5012 622 5049 :
649 5012 781 5049 nam
798 4992 1147 5065 etquamdiu
1169 4993 1363 5047 anima
1383 4995 1892 5061 est,tamdiuvivit,

236 5090 301 5139 et
346 5084 487 5156 quia
518 5100 749 5155 semper
787 5084 985 5138 anima
1015 5087 1123 5150 est,
1157 5100 1387 5154 semper
1424 5085 1577 5151 vivit;
1615 5086 1712 5139 sed
1755 5088 1895 5157 quia

237 5174 439 5244 magis
471 5173 607 5228 vivnt
644 5190 776 5227 cum
810 5174 981 5243 sapit,
1026 5171 1341 5242 minusque
1385 5190 1516 5227 cum
1559 5174 1788 5246 desipit,
1831 5178 1895 5231 lit

230 5261 419 5315 etiam
460 5260 555 5314 hic
604 5259 799 5330 aliqua
828 5257 1095 5321 mutatio,
1132 5275 1244 5312 non
1280 5265 1343 5313 ut
1372 5260 1522 5314 desit
1552 5262 1686 5331 vita,
1721 5264 1893 5320 sicuti

232 5348 409 5403 deest
440 5348 738 5419 insipienti
787 5347 1096 5419 sapientia,
1148 5347 1247 5402 sed
1289 5352 1354 5401 ut
1393 5349 1587 5403 minus
1630 5351 1703 5405 sit
1741 5371 1751 5406 :
1788 5372 1893 5410 nec

224 5435 357 5491 tale
389 5436 607 5508 aliquid
632 5437 689 5492 in
724 5437 840 5492 Deo
871 5437 954 5503 fit,
990 5435 1129 5508 quia
1156 5434 1415 5491 omnimo
1440 5436 1890 5498 incommutabi-

226 5527 315 5582 lis
349 5530 562 5581 manet.

314 5616 550 5671 CAPUT
574 5615 768 5671 V.-—6.
794 5618 851 5671 In
877 5620 983 5671 Deo
1000 5613 1144 5668 nihil
1158 5615 1465 5669 secundum
1486 5618 1732 5674 accidens
1753 5620 1889 5677 (lici-

229 5714 357 5769 tur,
389 5705 481 5759 sed
519 5706 813 5760 secundum
855 5705 1322 5759 substanlzamaut
1342 5706 1640 5761 secundum
1662 5711 1887 5765 relatio-

226 5810 397 5852 nem.
415 5795 808 5863 Quamobrem
825 5792 971 5851 nihil
992 5793 1050 5850 in
1074 5809 1139 5851 eo
1162 5795 1779 5868 secundum_accidens
1801 5799 1887 5854 di-

1659 402 1893 464 LlBER
1936 400 2300 472 QUINTUS.

3540 410 3658 470 9H

2010 532 2181 601 citur,
2207 534 2346 605 quia
2386 534 2526 590 nihil
2566 536 2615 591 ei
2651 536 2885 603 accidit;
2929 553 3034 593 nec
3063 541 3259 594 tamen
3302 556 3473 595 omne
3500 544 3654 613 quod

2008 622 2241 687 dicitur,
2285 627 2609 680 secundum
2658 626 3047 683 substantiam
3097 629 3328 686 dicitur.
3386 632 3443 684 In
3485 631 3658 688 rebus

2008 712 2162 766 enim
2205 715 2415 769 creatis
2455 721 2629 785 atque
2672 716 3053 771 mutabilibus
3095 719 3248 789 quod
3300 736 3407 773 non
3443 736 3657 775 secun-

2008 801 2146 855 dum
2174 803 2563 857 substantiam
2589 805 2823 872 dicitur,
2856 812 3037 861 restat
3062 813 3123 861 ut
3154 810 3474 863 secundum
3505 811 3656 864 acci-

2016 892 2161 945 dens
2179 892 2635 947 dicaturiomnia
2657 893 2807 948 enim
2833 896 3105 950 accidunt
3122 896 3657 967 eis,qua2velamitti

2010 986 2261 1051 possunt
2277 981 2359 1035 vel
2386 982 2589 1047 minui,
2611 987 2667 1036 et
2690 984 3119 1054 magnitudines
3140 991 3197 1041 et
3215 988 3523 1058 qualitates
3553 1008 3565 1054 ;
3601 982 3659 1044 et

2006 1071 2160 1140 quod
2187 1070 2401 1124 dicitur
2422 1070 2490 1125 ad
2518 1070 2761 1141 aliquid,
2802 1074 2955 1128 sicut
2984 1075 3274 1143 amicitiae,
3316 1079 3655 1151 propinqui-

2003 1160 2961 1228 tates,servitutes,similitudines,
2987 1165 3430 1234 mqualitates,et
3450 1170 3498 1223 si
3536 1188 3656 1242 qua

2008 1248 2351 1319 huiusmodi
2381 1266 2393 1314 ;
2419 1254 2474 1303 et
2507 1248 2656 1304 situs
2676 1255 2732 1303 et
2761 1250 3018 1322 habitus,
3043 1257 3101 1307 et
3132 1254 3256 1310 loca
3278 1260 3335 1311 et
3367 1263 3653 1330 tempora,

2007 1344 2064 1393 et
2094 1355 2268 1406 opera
2292 1343 2461 1407 atque
2476 1338 2797 1410 passiones.
2822 1341 2883 1394 In
2899 1340 3013 1395 Deo
3032 1347 3225 1399 autem
3246 1346 3390 1401 nihil
3417 1349 3678 1427 quidem,

2006 1429 2328 1483 secundum
2364 1429 2631 1484 accidens
2661 1429 2894 1495 dicitur,
2923 1432 3062 1502 quia
3091 1433 3233 1489 nihil
3264 1436 3322 1492 in
3363 1455 3429 1494 eo
3461 1447 3653 1497 muta-

2006 1517 2122 1573 bile
2145 1521 2272 1583 est;
2306 1534 2410 1573 nec
2442 1523 2634 1573 tamen
2669 1535 2839 1574 omne
2869 1523 3020 1589 quod
3052 1523 3289 1595 dicitur,
3329 1535 3653 1588 secundum

2008 1607 2398 1663 substantiam
2421 1608 2653 1663 dicitur.
2691 1608 2911 1664 Dicitur
2931 1611 3085 1666 enim
3122 1614 3191 1668 ad
3228 1616 3468 1688 aliquid,
3500 1622 3654 1677 sicut

2006 1702 2179 1751 Pater
2208 1699 2278 1752 ad
2318 1696 2545 1765 Filium,
2580 1703 2635 1752 et
2666 1698 2848 1753 Filius
2871 1701 2940 1755 ad
2976 1702 3225 1771 Patrem,
3252 1709 3403 1777 quod
3430 1726 3541 1764 non
3569 1718 3658 1766 est

2008 1786 2279 1841 accidens
2313 1802 2325 1839 :
2361 1786 2499 1857 quia
2524 1790 2581 1841 et
2620 1786 2718 1841 ille
2748 1804 2975 1860 semper
3006 1790 3194 1857 Pater,
3225 1800 3283 1849 et
3311 1795 3407 1850 ille
3429 1814 3660 1869 semper

2010 1874 2224 1940 Filius;
2258 1879 2311 1928 et
2344 1891 2459 1929 non
2492 1874 2573 1929 ita
2594 1892 2826 1947 semper
2877 1878 3045 1948 quasi
3088 1895 3155 1934 ex
3203 1898 3317 1951 quo
3349 1889 3522 1940 natus
3572 1892 3660 1941 est

2012 1964 2214 2030 Filius,
2250 1968 2313 2047 ut
2342 1980 2409 2018 ex
2439 1980 2503 2018 eo
2528 1965 2678 2034 quod
2715 1983 3015 2037 nunquam
3039 1969 3268 2025 desinat
3295 1989 3422 2029 esse
3457 1975 3655 2046 Filius,

2011 2053 2182 2107 Pater
2224 2070 2338 2107 non
2397 2055 2629 2108 desinat
2688 2071 2815 2109 esse
2844 2056 3049 2124 Pater;
3113 2060 3211 2113 sed
3272 2078 3339 2116 ex
3398 2079 3463 2118 eo
3503 2067 3656 2135 quod

2010 2159 2241 2213 semper
2287 2147 2461 2198 natus
2485 2147 2574 2197 est
2613 2143 2815 2210 Filius,
2862 2161 2966 2201 nec
3006 2148 3178 2218 cmpit
3220 2166 3479 2221 unquam
3530 2170 3658 2210 esse

2013 2232 2209 2287 Filius.
2236 2235 2397 2298 Quod
2422 2234 2469 2288 si
2496 2234 2951 2302 aliquandoesse
2968 2238 3262 2308 coepisset,
3280 2241 3661 2314 autaliquan-

2009 2323 2082 2377 do
2106 2339 2232 2377 esse
2254 2323 2545 2378 desineret
2563 2323 2763 2392 Filius,
2796 2327 3117 2381 secundum
3142 2328 3412 2384 accidens
3445 2332 3655 2388 dicere-

2009 2416 2124 2468 tur.
2149 2412 2207 2467 Si
2241 2431 2372 2469 vero
2395 2415 2547 2484 quod
2573 2415 2787 2469 dicitur
2808 2417 2992 2487 Pater,
3026 2419 3096 2472 ad
3132 2434 3192 2471 se
3215 2418 3408 2490 ipsum
3435 2420 3657 2475 dicere-

2008 2508 2125 2572 tur,
2160 2520 2276 2558 non
2310 2501 2380 2554 ad
2430 2502 2678 2569 Filium;
2712 2508 2768 2558 et
2799 2509 2951 2573 quod
3001 2508 3214 2563 dicitur
3262 2508 3460 2574 Filius,
3491 2510 3562 2563 ad
3594 2526 3657 2564 se

2010 2592 2200 2661 ipsum
2232 2592 2543 2663 diceretur,
2578 2610 2691 2647 non
2726 2594 2797 2647 ad
2846 2594 3104 2660 Patrem;
3151 2596 3478 2649 secundum
3514 2597 3654 2652 sub-

2008 2681 2285 2734 stantiam
2327 2681 2616 2736 diceretur
2636 2688 2694 2737 et
2740 2681 2837 2737 ille
2867 2687 3054 2749 Pater,
3088 2682 3261 2738 etille
3295 2683 3474 2739 Filius
3512 2702 3525 2739 :
3554 2686 3654 2740 sed

2008 2770 2142 2842 quia
2170 2777 2225 2825 et
2243 2770 2408 2825 Pater
2427 2788 2538 2825 non
2564 2773 2779 2826 dicitur
2800 2774 2965 2827 Pater
2992 2773 3105 2827 nisi
3140 2790 3207 2827 ex
3227 2791 3293 2828 eo
3317 2775 3467 2844 quod
3494 2779 3581 2829 est
3603 2775 3656 2830 ei

2005 2858 2205 2928 Filius,
2221 2865 2274 2915 et
2295 2860 2475 2915 Filius
2498 2878 2611 2915 non
2637 2861 2847 2916 dicitur
2869 2862 2977 2916 nisi
3002 2879 3068 2916 ex
3091 2878 3156 2916 eo
3184 2864 3336 2933 quod
3363 2862 3535 2918 habet
3556 2867 3659 2917 Pa-

2008 2954 2178 3013 trem,
2213 2966 2326 3003 non
2370 2951 2692 3004 secundum
2725 2951 3117 3005 substantiam
3165 2950 3283 3005 haec
3327 2951 3651 3006 dicuntur:

2007 3042 2145 3109 quia
2168 3054 2280 3092 non
2301 3038 2549 3109 quisque
2566 3056 2764 3094 eorum
2784 3041 2854 3094 ad
2881 3056 2943 3095 se
2963 3039 3286 3111 ipsum,sed
3313 3042 3381 3094 ad
3406 3040 3656 3096 invicem

2004 3128 2260 3199 atquead
2280 3128 2627 3183 alterutrum
2658 3130 2771 3183 ista
2794 3130 3097 3183 dicuntur:
3116 3146 3302 3201 neque
3324 3130 3649 3185 secundum

2005 3218 2295 3279 accidens,
2329 3218 2467 3289 quia
2497 3223 2553 3273 et
2582 3219 2733 3289 quod
2758 3218 3150 3273 diciturPater
3179 3225 3236 3273 et
3257 3220 3411 3289 quod
3439 3220 3654 3273 dicitur

2005 3307 2336 3370 Filius,zelei
2355 3324 2493 3361 num
2520 3312 2689 3377 atque
2710 3307 3190 3361 incommutabile
3211 3314 3295 3362 est
3313 3307 3413 3362 eis.
3432 3308 3648 3370 Quam-

2004 3397 2200 3452 obrem
2224 3397 2490 3468 quamvis
2512 3396 2808 3450 diversum
2834 3396 2911 3451 sit
2938 3397 3163 3451 Patrem
3190 3414 3317 3451 esse
3341 3402 3397 3450 et
3420 3396 3650 3451 Filliurn

2004 3502 2155 3552 esse,
2187 3502 2301 3539 non
2338 3490 2426 3539 est
2446 3490 2641 3539 tamen
2666 3485 2895 3539 diversa
2913 3486 3273 3539 substantia:
3318 3486 3455 3555 quia
3502 3486 3609 3539 hoc
3633 3488 3651 3521 1

2005 3592 2116 3630 non
2134 3576 2455 3629 secundum
2478 3573 2869 3628 substantiam
2898 3574 3191 3640 dicuntur,
3208 3575 3306 3628 sed
3329 3575 3654 3628 secundum

2004 3664 2330 3729 relativum;
2374 3664 2527 3733 quod
2554 3669 2745 3717 tamen
2779 3662 3086 3716 relativum
3110 3679 3223 3717 non
3258 3668 3345 3717 est
3365 3662 3653 3730 accidens,

2007 3753 2143 3823 quia
2168 3769 2280 3805 non
2312 3762 2397 3806 est
2429 3751 2729 3806 mutabile.

2051 3843 2281 3898 CAPUT
2300 3842 2467 3898 VL—
2488 3844 2797 3899 7.00currit
2814 3844 3197 3900 haereticorum
3213 3860 3272 3898 ca
3282 3844 3656 3899 vitletz‘onibus

2008 3934 2064 3987 in
2094 3932 2282 3987 eadem
2313 3949 2442 3988 voce
2488 3936 2665 4003 geniti
2706 3938 2752 3989 el
2797 3936 3057 4006 ingenui.
3081 3934 3139 3988 Si
3173 3938 3365 3988 autem
3404 3933 3540 3988 huic
3571 3934 3654 3988 sic

2008 4027 2213 4092 putant
2235 4022 2516 4076 resistend
2529 4039 2619 4076 um
2636 4038 2762 4076 esse
2776 4024 3044 4083 sermoni,
3060 4040 3090 4092 q
3103 4024 3212 4076 uod
3238 4021 3653 4092 Paterquidem

2005 4112 2075 4165 ad
2107 4110 2312 4165 Filium
2342 4111 2556 4165 dicitur
2584 4118 2641 4166 et
2677 4111 2853 4166 Filius
2883 4113 2953 4166 ad
2988 4111 3238 4180 Patrem,
3260 4112 3554 4183 ingenitus
3579 4117 3659 4165 ta-

2000 4216 2127 4254 men
2161 4211 2213 4255 et
2238 4200 2471 4272 genitus
2513 4200 2583 4255 ad
2609 4217 2671 4256 se
2698 4202 2857 4272 ipsos
2895 4201 3190 4269 dicuntur,
3226 4217 3339 4255 non
3380 4201 3451 4254 ad
3485 4201 3656 4256 alter-

2004 4296 2196 4344 utrum
2226 4305 2238 4343 :
2263 4306 2375 4345 non
2394 4291 2548 4343 enim
2572 4289 2679 4345 hoc
2702 4296 2791 4345 est
2822 4290 3013 4343 dicere
3040 4288 3551 4359 ingenitum,quod
3572 4294 3660 4343 est

2004 4379 2228 4433 Patrem
2256 4379 2470 4443 dicere;
2493 4378 2631 4449 quia
2656 4383 2713 4432 et
2737 4379 2785 4433 si
2819 4378 3025 4431 Filium
3045 4394 3155 4431 non
3182 4376 3657 4449 genuisset,nihil

2003 4467 2334 4538 prohiberet
2360 4483 2492 4521 eum
2515 4468 2702 4522 dicere
2725 4467 3049 4537 ingenitum
3078 4483 3089 4519 :
3114 4472 3167 4520 et
3197 4467 3243 4520 si
3269 4466 3471 4538 gignat
3494 4467 3656 4537 quis-

2001 4573 2115 4627 que
2147 4556 2352 4624 filium,
2380 4573 2490 4610 non
2520 4572 2586 4611 ex
2614 4572 2680 4610 eo
2708 4556 2832 4626 ipse
2860 4555 3159 4627 ingenitus
3182 4560 3289 4621 est,
3315 4555 3452 4626 quia
3474 4556 3655 4626 geniti

2001 4645 2269 4700 homines
2291 4662 2357 4699 ex
2380 4645 2508 4698 aliis
2533 4644 3147 4715 hominibus,gignunt
3166 4644 3347 4715 etipsi
3374 4643 3518 4698 alios
3544 4645 3658 4699 :in-

2001 4736 2211 4805 quiunt
2231 4734 2591 4805 ergozPater
2612 4734 2681 4787 ad
2730 4732 2936 4787 Filium
2982 4733 3217 4800 dicitur,
3258 4739 3317 4788 et
3358 4732 3534 4787 Filius
3579 4735 3650 4787 ad

2001 4826 2252 4885 Patrem,
2280 4822 2578 4893 ingenitus
2608 4826 2798 4875 autem
2822 4822 2892 4875 ad
2918 4836 2977 4875 se
3002 4821 3218 4893 ipsum,
3242 4826 3298 4875 et
3318 4821 3549 4892 genitus
3580 4823 3650 4876 ad

2000 4928 2061 4965 se
2082 4911 2273 4981 ipsum
2300 4911 2614 4965 diciturzet
2636 4910 2762 4964 ideo
2786 4909 2834 4964 si
2859 4909 3143 4981 quidquid
3168 4911 3238 4965 ad
3264 4927 3325 4964 se
3346 4910 3536 4980 ipsum
3570 4909 3652 4963 di-

1998 5000 2169 5068 citur,
2193 4999 2516 5053 secundum
2542 5000 2931 5053 substantiam
2975 4999 3214 5064 dicitur,
3242 4999 3534 5052 diversum
3561 5000 3651 5051 est

1999 5097 2191 5142 autem
2218 5088 2542 5159 ingenitum
2576 5104 2703 5142 esse
2730 5092 2786 5142 et
2816 5088 3077 5159 genitum
3116 5102 3262 5154 esse;
3288 5084 3515 5139 diversa
3544 5084 3652 5155 igi-

1998 5181 2097 5230 tur
2114 5176 2442 5231 substantia
2463 5176 2706 5232 est:hoc
2729 5175 2777 5231 si
2802 5177 3022 5242 dicunt,
3069 5192 3183 5229 non
3215 5172 3551 5245 intelligunt
3582 5177 3653 5229 de

1998 5265 2510 5336 ingenitoquidem
2540 5265 2762 5336 aliquid
2803 5282 2865 5320 se
2887 5264 3097 5333 dicere,
3133 5262 3285 5333 quod
3310 5261 3650 5333 diligentius

1997 5354 2470 5426 pertractandum
2491 5355 2587 5425 sit,
2618 5354 2756 5425 quia
2783 5369 2885 5409 nec
2906 5352 3036 5407 ideo
3060 5353 3309 5423 quisque
3333 5356 3494 5421 pater
3514 5351 3653 5421 quia

1996 5443 2742 5515 ingenitus,necingenitus
2766 5444 2893 5497 ideo
2917 5442 3053 5513 quia
3084 5444 3327 5512 pater,et
3346 5447 3651 5511 propterea

1995 5548 2110 5587 non
2143 5534 2213 5587 ad
2238 5533 2479 5605 aliquid,
2505 5533 2601 5588 sed
2624 5533 2693 5586 ad
2719 5549 2781 5586 se
2812 5530 2923 5585 dici
2952 5528 3643 5602 putaturingenituszge-

1995 5623 2181 5677 nitum
2224 5639 2355 5677 vero
2389 5622 2535 5675 mira
2578 5620 2831 5675 caecitate
2881 5636 2993 5674 non
3028 5619 3337 5673 advertunt
3377 5619 3487 5673 dici
3526 5636 3639 5675 non

1995 5728 2165 5783 posse
2186 5711 2296 5777 nisi
2320 5712 2387 5765 ad
2410 5709 2790 5780 aliquid.ldeo
2814 5708 3028 5781 quippe
3048 5707 3202 5763 filius
3222 5708 3358 5779 quia
3382 5706 3638 5780 genitus,

2061 5812 2076 5846 ι
2112 5808 2268 5868 Editi,
2301 5808 2420 5857 haec.
2451 5809 2517 5857 At
2548 5807 2691 5867 Mss,
2722 5806 2830 5856 hoc.
