4100 6190
526 374 644 434 915

529 510 587 561 et
619 503 938 576 quiaﬁilius
966 504 1167 576 utique
1205 507 1455 578 genitus.
1480 507 1641 561 Sicut
1679 513 1867 563 autem
1895 507 2074 561 ﬁilius
2107 508 2178 561 ad

531 599 778 665 patrem,
807 594 889 649 sic
919 595 1151 665 genitus
1183 596 1252 649 ad
1286 599 1606 666 genitorem
1636 598 1907 663 refertur;
1940 602 1996 650 et
2029 597 2183 651 sicut

534 689 697 754 pater
727 685 793 736 ad
826 683 1032 747 ﬁlium,
1058 684 1136 737 ita
1161 684 1388 754 genitor
1412 686 1479 737 ad
1506 684 2047 755 genitum.ldeoque
2071 684 2184 739 alia

530 772 684 826 notio
708 776 796 825 est
818 788 933 841 qua
958 771 1302 841 intelligitur
1323 773 1698 844 genitor,alia
1726 792 1839 843 qua
1862 773 2178 844 ingenitus.

526 860 669 914 Nam
690 861 955 930 quamvis
972 861 1040 915 de
1064 862 1229 915 Patre
1261 862 1376 915 Deo
1403 868 1727 932 utrumque
1749 864 2001 927 dicatur,
2033 862 2178 916 illud

529 952 723 1003 tamen
761 949 831 1003 ad
856 950 1139 1021 genitum,
1166 949 1221 1003 id
1246 955 1354 1020 est,
1395 951 1465 1005 ad
1514 950 1722 1005 Filium
1747 952 1990 1018 dicitur;
2027 952 2183 1021 quod

531 1055 635 1095 nec
658 1039 742 1093 illi
766 1045 1010 1112 negant:
1038 1041 1143 1095 hoc
1157 1047 1351 1095 autem
1374 1042 1529 1112 quod
1550 1042 1846 1113 ingenitus
1868 1043 2183 1107 dicitur,ad

532 1144 592 1184 se
624 1129 819 1201 ipsum
846 1130 957 1184 dici
984 1130 1315 1201 perhibent.
1350 1131 1563 1185 Dicunt
1583 1132 1828 1201 ergo:Si
1856 1131 2077 1203 aliquid
2110 1133 2180 1186 ad

531 1234 592 1273 se
612 1217 805 1288 ipsum
822 1218 1035 1272 dicitur
1055 1218 1241 1281 Pater,
1261 1219 1411 1289 quod
1435 1220 1503 1272 ad
1520 1235 1580 1273 se
1604 1218 1797 1289 ipsum
1816 1220 1928 1274 dici
1958 1237 2065 1274 non
2093 1237 2187 1290 po-

532 1306 921 1370 testFilius,et
943 1307 1226 1379 quidquid
1246 1308 1316 1361 ad
1334 1306 1601 1378 seipsum
1621 1308 2185 1377 dicitur,secundum

532 1396 925 1451 substantiam
948 1396 1180 1465 dicitur,
1204 1401 1260 1451 et
1290 1397 1358 1451 ad
1385 1413 1445 1452 se
1471 1397 1666 1469 ipsum
1708 1398 1923 1451 dicitur
1955 1398 2185 1468 ingeni-

534 1486 813 1554 tus,quod
836 1485 946 1539 dici
976 1502 1090 1540 non
1115 1490 1300 1556 potest
1327 1486 1523 1553 Filius;
1550 1503 1684 1558 ergo
1709 1488 2031 1541 secundum
2057 1488 2187 1541 sub-

535 1574 811 1630 stantiam
836 1574 1047 1629 dicitur
1068 1575 1384 1647 ingenitus,
1403 1576 1556 1646 quod
1585 1575 1764 1629 Filius
1786 1576 1923 1646 quia
1942 1576 2054 1630 dici
2074 1593 2187 1631 non

536 1666 869 1735 potest,non
892 1664 1156 1730 ejusdem
1179 1668 1268 1718 est
1288 1664 1766 1719 substantiaeﬂui
1785 1664 2051 1719 versutiae
2069 1681 2185 1720 res-

537 1752 828 1824 pondetur
898 1750 979 1806 ita
1027 1756 1092 1807 ut
1142 1751 1255 1823 ipsi
1306 1755 1588 1824 cogantur
1634 1752 1822 1807 dicere
1861 1753 2186 1808 secundum

538 1840 677 1911 quid
719 1840 797 1895 sit
846 1839 1085 1910 aequalis
1134 1840 1283 1895 Patri
1308 1840 1507 1908 Filius;
1548 1846 1743 1896 utrum
1777 1841 2185 1897 secundumid

537 1928 692 1999 quod
722 1928 792 1984 ad
816 1944 879 1984 se
908 1928 1140 1995 dicitur,
1161 1946 1233 1984 an
1256 1931 1579 1984 secundum
1604 1930 1658 1984 id
1685 1931 1839 2002 quod
1863 1931 1933 1985 ad
1958 1930 2186 1987 Patrem

537 2017 772 2073 dicitur.
808 2017 933 2072 Non
973 2034 1127 2072 enim
1152 2018 1474 2073 secundum
1499 2018 1555 2074 id
1578 2020 1726 2089 quod
1753 2020 1825 2074 ad
1849 2019 2074 2075 Patrem
2097 2019 2185 2075 di-

535 2105 708 2170 citur,
731 2107 1009 2177 quoniam
1047 2107 1119 2162 ad
1146 2112 1368 2179 patrem
1417 2107 1573 2163 ﬁlius
1602 2107 1838 2178 dicitur,
1863 2107 1961 2164 ille
1987 2113 2184 2164 autem

534 2213 649 2251 non
673 2196 851 2261 ﬁlius,
874 2195 973 2251 sed
998 2201 1161 2268 pater
1177 2202 1283 2251 est.
1309 2197 1453 2260 Quia
1472 2214 1585 2252 non
1611 2196 1693 2252 sic
1717 2199 1787 2252 ad
1829 2214 1889 2252 se
1911 2198 2187 2253 dicuntur

536 2290 702 2357 pater
720 2289 779 2340 et
802 2283 981 2353 ﬁlius,
1007 2286 1303 2356 quomodo
1342 2286 1517 2341 amici
1564 2291 1664 2340 aut
1701 2286 1897 2341 vicini.
1931 2286 2185 2343 Relative

534 2373 749 2446 quippe
770 2373 994 2428 amicus
1016 2375 1230 2429 dicitur
1251 2375 1319 2428 ad
1347 2376 1624 2443 amicum;
1651 2379 1708 2429 et
1731 2376 1779 2429 si
1804 2375 2102 2446 aequaliter
2123 2391 2185 2431 se

536 2462 813 2534 diligunt,
836 2463 1038 2518 eadem
1076 2462 1135 2517 in
1156 2467 1403 2533 utroque
1427 2464 1683 2518 amicitia
1704 2469 1819 2519 est:
1848 2469 1904 2519 et
1948 2464 2185 2521 relative

536 2553 766 2609 vicinus
788 2554 1005 2608 dicitur
1024 2555 1093 2609 ad
1118 2554 1395 2621 vicinum;
1419 2559 1477 2608 et
1494 2554 1631 2625 quia
1656 2554 1955 2626 aequaliter
1975 2557 2085 2611 sibi
2110 2557 2186 2611 vi-

538 2642 649 2697 cini
674 2647 811 2697 sunt
832 2642 1136 2713 (quantum
1157 2642 1310 2697 enim
1339 2643 1448 2698 iste
1469 2642 1575 2701 illi.
1601 2648 1829 2698 tantum
1858 2645 2024 2700 etille
2048 2645 2184 2701 huic

535 2731 1073 2802 vicinatur),eadem
1102 2731 1159 2786 in
1184 2737 1430 2803 utroque
1456 2732 1741 2787 vicinitas.
1767 2734 1911 2797 Quia
1930 2750 2062 2789 vero
2099 2735 2184 2789 Fi-

535 2819 653 2875 lius
677 2837 789 2875 non
814 2821 883 2875 ad
910 2820 1115 2876 Filium
1141 2819 1374 2876 relative
1400 2820 1634 2889 dicitur,
1668 2822 1767 2876 sed
1812 2823 1881 2876 ad
1913 2828 2137 2878 Patrem
2169 2849 2182 2891 ;

536 2926 652 2965 non
676 2910 997 2965 secundum
1022 2909 1130 2965 hoc
1159 2910 1312 2981 quod
1355 2909 1424 2964 ad
1460 2914 1686 2965 Patrem
1713 2911 1924 2966 dicitur
1943 2912 2185 2982 aequalis

539 3000 627 3054 est
652 2996 831 3053 Filius
855 2999 1042 3052 Patri:
1070 3002 1248 3053 restat
1277 3002 1342 3053 ut
1362 2998 1687 3054 secundum
1729 3000 1784 3053 id
1813 3001 2057 3071 aequalis
2083 3002 2183 3069 sit,

532 3087 683 3156 quod
706 3087 777 3141 ad
807 3102 867 3141 se
888 3085 1119 3141 dicitur.
1143 3086 1433 3158 Quidquid
1459 3092 1653 3143 autem
1677 3088 1746 3142 ad
1769 3105 1831 3143 se
1854 3089 2069 3143 dicitur
2094 3106 2181 3146 se-

530 3174 789 3230 cundum
821 3174 1173 3229 sbstantiam
1215 3176 1429 3231 dicitur
1456 3193 1469 3231 :
1493 3180 1672 3231 restat
1710 3193 1846 3248 ergo
1883 3181 1947 3232 ut
1977 3195 2180 3233 secun-

529 3264 671 3318 dum
697 3262 1092 3318 substantiam
1117 3262 1686 3334 sitaequalisEadem
1703 3264 2179 3336 estigiturutriu-

528 3369 674 3424 sque
712 3351 1062 3408 substantia.
1087 3353 1229 3407 Cum
1271 3367 1403 3406 vero
1431 3352 1728 3423 ingenitus
1750 3353 1965 3408 dicitur
1993 3354 2179 3431 Pater,

525 3458 641 3496 non
671 3440 809 3514 quid
852 3441 947 3508 sit,
973 3442 1071 3497 sed
1112 3441 1251 3512 quid
1290 3457 1404 3497 non
1432 3443 1507 3497 sit
1550 3442 1781 3496 dicitur.
1807 3445 1947 3497 Cum
1984 3447 2181 3499 autem

536 3530 839 3587 relativum
873 3535 1139 3601 negatur,
1163 3548 1275 3585 non
1303 3531 1630 3586 secundum
1657 3531 2050 3587 substantiam
2078 3550 2181 3587 ne-

528 3625 722 3693 gatur,
775 3620 913 3693 quia
965 3620 1158 3692 ipsum
1186 3619 1494 3676 relativum
1534 3638 1647 3676 non
1689 3622 2014 3677 secundum
2038 3623 2177 3677 sub-

531 3709 808 3766 stantiam
842 3710 1076 3764 dicitur.

591 3798 817 3856 CAPUT
837 3798 1089 3854 VII.—8.
1114 3799 1341 3867 Negatio
1360 3799 1554 3854 addita
1573 3816 1685 3854 non
1708 3802 1882 3854 mutat
1902 3800 2176 3871 praedica-

522 3897 787 3945 mentum.
820 3888 938 3942 Hoc
973 3887 1255 3959 exemplis
1309 3886 1544 3959 planum
1587 3887 1916 3942 faciendum
1959 3894 2065 3943 est.
2103 3891 2180 3945 Ac

525 3978 781 4051 primum
810 3976 1127 4032 videndum
1167 3976 1396 4032 esthoc
1439 3976 1759 4048 significari
1802 3994 1933 4032 cum
1968 3978 2184 4034 dicitur

527 4066 782 4140 genitus,
808 4066 963 4136 quod
1003 4064 1371 4137 signiﬁcatur
1410 4082 1543 4120 cum
1576 4064 1788 4120 dicitur
1838 4066 2013 4120 ﬁlius.
2051 4068 2181 4123 Ideo

529 4157 681 4211 enim
708 4155 885 4221 filius,
910 4155 1048 4227 quia
1073 4155 1402 4227 genitus;et
1432 4157 1568 4225 quia
1592 4154 1747 4210 filius
1779 4156 1981 4227 utique
2020 4159 2184 4229 geni-

555 4262 643 4300 us.
680 4245 842 4310 Quod
875 4239 1011 4316 ergo
1066 4244 1285 4299 dicitur
1328 4243 1644 4316 ingenitus,
1686 4243 1796 4298 hoc
1832 4246 2181 4316 ostenditur,

526 4335 677 4405 quod
714 4351 825 4390 non
852 4334 927 4391 sit
959 4332 1116 4389 ﬁlius
1145 4349 1157 4387 :
1187 4334 1290 4388 sed
1324 4332 1558 4406 genitus
1590 4335 1646 4387 et
1696 4332 1993 4404 ingenitus
2027 4352 2183 4390 com-

526 4424 696 4478 mode
722 4424 1027 4491 dicuntur;
1067 4422 1223 4478 ﬁlius
1257 4427 1451 4477 autem
1490 4420 1669 4477 latine
1694 4421 1925 4491 dicitur,
1960 4425 2057 4478 sed
2096 4425 2183 4479 in-

526 4511 683 4567 ﬁlius
717 4517 780 4567 ut
808 4514 1036 4568 dicatur
1069 4529 1183 4568 non
1224 4511 1483 4567 admittit
1504 4511 1779 4583 loquendi
1803 4515 2182 4569 consuetudo.

523 4600 680 4656 Nihil
711 4605 904 4656 tamen
946 4600 1266 4656 intellectui
1319 4601 1599 4671 demitur,
1634 4601 1681 4655 si
1729 4601 1956 4656 dicatur
1977 4619 2088 4658 non
2118 4603 2184 4657 ﬁ-

523 4689 661 4758 lius;
688 4691 1185 4762 quemadmodum
1211 4690 1383 4745 etiam
1420 4690 1469 4746 si
1525 4689 1755 4745 dicatur
1785 4708 1897 4746 non
1928 4692 2183 4762 genitus.

527 4797 630 4852 pro
662 4796 727 4835 eo
769 4779 921 4851 quod
957 4778 1174 4833 dicitur
1202 4778 1525 4851 ingenitus,
1570 4778 1714 4833 nihil
1748 4778 1905 4834 aliud
1950 4779 2181 4835 dicitur.

525 4868 617 4923 Sic
649 4869 804 4924 enim
830 4874 885 4923 et
912 4867 1143 4924 vicinus
1165 4873 1221 4923 et
1252 4868 1480 4923 amicus
1506 4866 1739 4923 relative
1763 4868 2061 4933 dicuntur,
2081 4886 2185 4924 nec

529 4961 724 5013 tamen
760 4961 949 5029 potest
977 4955 1269 5012 invicinus
1300 4957 1415 5011 dici
1442 4956 1732 5029 quomodo
1756 4956 1968 5013 dicitur
1989 4957 2184 5013 inimi-

531 5066 656 5104 cus.
693 5048 1081 5112 Quamobrem
1105 5063 1219 5101 non
1252 5050 1341 5101 est
1385 5046 1443 5101 in
1489 5046 1661 5101 rebus
1692 5044 2183 5102 considerandum

533 5138 671 5209 quid
699 5136 783 5193 vel
806 5138 962 5193 sinat
986 5136 1071 5193 vel
1097 5154 1209 5193 non
1243 5136 1399 5190 sinat
1427 5134 1542 5190 dici
1572 5152 1717 5190 usus
1738 5135 2024 5191 sermonis
2049 5152 2182 5191 nos-

532 5228 628 5296 tri,
654 5228 753 5283 sed
789 5227 921 5298 quis
954 5242 1145 5282 rerum
1172 5226 1431 5297 ipsarum
1458 5224 1787 5279 intellectus
1809 5224 2183 5280 eluceat.Non

528 5333 665 5390 ergo
692 5316 818 5387 jam
870 5315 1133 5371 dicamus
1183 5313 1533 5387 ingenitum,
1583 5312 1849 5383 quamvis
1872 5313 1981 5367 dici
2006 5312 2184 5369 latine

528 5406 752 5479 possit;
805 5405 903 5462 sed
962 5421 1063 5476 pro
1096 5420 1162 5459 eo
1218 5404 1484 5459 dicamus
1535 5418 1647 5455 non
1689 5401 1972 5472 genitum,
2026 5403 2180 5475 quod

527 5498 758 5548 tantum
792 5493 964 5549 valet.
999 5498 1147 5547 Num
1183 5508 1318 5564 ergo
1359 5490 1515 5547 aliud
1551 5490 1804 5545 dicimus
1841 5507 2018 5561 quam
2066 5508 2179 5547 non

529 5580 1034 5652 filium?Negativa
1056 5599 1225 5654 porro
1250 5582 1359 5637 ista
1383 5580 1668 5653 particula
1701 5597 1811 5635 non
1844 5580 1897 5635 id
1915 5580 2184 5652 etﬁcit,ut

533 5667 693 5740 quod
715 5670 838 5726 sine
857 5671 955 5726 illa
978 5671 1451 5738 relativedicitur,
1477 5671 1676 5725 eadem
1704 5669 2011 5742 praeposita
2043 5670 2180 5726 sub-

531 5753 887 5814 stantialiter
909 5758 1263 5826 dicatur;sed
1282 5758 1336 5815 id
1355 5764 1583 5817 tantum
1600 5764 1864 5831 negatur,
1880 5760 2032 5831 quod
2056 5762 2180 5816 sine

1637 376 1737 437 DE
1782 376 2233 450 TRINITATE,
2286 377 2350 437 S.
2396 377 2823 439 AUGUSTINI

3760 386 3853 446 916

2288 507 2387 562 illa
2427 508 2710 575 aiebatur,
2735 510 2886 565 sicut
2916 509 2973 565 in
2997 508 3221 565 caeteris
3254 509 3705 580 prmdicamentis.
3726 515 3861 571 Velut

2284 614 2417 652 cum
2458 599 2920 663 dicimus,Homo
2952 605 3059 664 est,
3092 599 3488 654 substantiam
3525 600 3861 670 designamus.

2286 686 2389 749 Qui
2425 704 2559 758 ergo
2592 688 2751 753 dicit,
2786 687 2909 742 Non
2942 688 3116 743 homo
3141 693 3247 755 est,
3284 686 3555 742 nonaliud
3580 704 3741 759 genus
3760 710 3865 763 prae-

2287 778 2600 832 dicamenti
2644 780 2933 845 enuntiat,
2981 781 3079 833 sed
3114 784 3343 834 tantum
3386 778 3519 833 illud
3552 786 3716 848 negat.
3742 784 3866 838 Sicut

2289 881 2424 936 ergo
2455 868 2778 922 secundum
2806 868 3199 922 substantiam
3224 868 3334 937 aio,
3369 867 3542 922 Homo
3563 875 3643 923 est
3672 872 3775 925 :sic
3799 888 3865 926 se-

2288 955 2542 1009 cundum
2562 957 2949 1011 substantiam
2975 973 3281 1028 nego,cum
3308 957 3583 1020 dicc,Non
3614 957 3765 1013 homo
3784 965 3868 1015 est.

2288 1044 2357 1098 Et
2388 1060 2519 1098 cum
2555 1045 2853 1115 quaeritur,
2888 1053 3141 1116 quantus
3165 1046 3275 1111 sit;
3308 1051 3364 1099 et
3393 1046 3499 1115 aio,
3523 1047 3871 1117 Quadrupeda-

2291 1132 2361 1186 lis
2391 1134 2561 1199 est,id
2590 1139 2677 1188 est
2709 1139 2960 1205 quatuor
2992 1135 3228 1205 pedum,
3281 1135 3595 1189 secundum
3624 1137 3867 1205 quantita-

2290 1225 2404 1275 tem
2438 1221 2527 1276 aio
2557 1240 2568 1276 :
2594 1222 2693 1293 qui
2729 1222 2894 1293 dicit,
2926 1223 3051 1277 Non
3083 1222 3456 1293 quadrupelis
3478 1228 3581 1288 est,
3604 1225 3874 1280 secundum

2289 1311 2671 1380 quantitatem
2713 1316 2906 1382 negat.
2941 1311 3239 1366 Candidus
3270 1316 3378 1374 est,
3405 1312 3706 1365 secundum
3728 1313 3878 1383 quali-

2291 1404 2468 1454 tatem
2504 1399 2593 1455 aio
2624 1416 2634 1455 :
2662 1400 2782 1455 Non
2809 1401 3092 1455 candidus
3114 1406 3224 1468 est,
3251 1400 3570 1455 secundum
3596 1400 3880 1471 qualitatem

2292 1505 2457 1559 nego.
2507 1489 2877 1559 PrOpinquus
2932 1496 3039 1558 est,
3089 1490 3414 1544 secundum
3460 1488 3739 1543 relativum
3781 1491 3881 1544 aio:

2289 1577 2413 1632 Non
2438 1577 2802 1649 propinquus
2836 1582 2943 1649 est,
2968 1580 3293 1633 secundum
3327 1577 3622 1633 relativum
3647 1594 3790 1649 nego.
3810 1580 3883 1633 Se-

2290 1668 2548 1722 cundum
2599 1667 2780 1722 situm
2837 1667 2948 1737 aio,
2983 1683 3116 1722 cum
3169 1668 3319 1734 dico,
3365 1667 3526 1722 Jacet
3562 1684 3574 1721 :
3608 1668 3879 1722 secundum

2290 1755 2468 1810 situm
2488 1773 2655 1827 nego,
2688 1772 2822 1811 cum
2853 1755 3001 1822 dico,
3049 1756 3369 1827 Nonjacet,
3403 1756 3719 1812 Secundum
3747 1756 3885 1811 habi-

2288 1850 2414 1899 tum
2446 1844 2558 1912 aio,
2590 1861 2721 1899 cum
2755 1845 2904 1912 dico,
2937 1847 3211 1901 Armatus
3260 1849 3351 1900 est
3384 1864 3395 1901 :
3430 1846 3733 1900 secundum
3756 1845 3886 1900 habi-

2288 1938 2415 1989 tum
2448 1950 2615 2005 nego,
2649 1950 2780 1990 cum
2804 1934 2952 2000 dico,
2982 1935 3105 1991 Non
3123 1938 3391 1990 armatus
3414 1939 3519 1989 est.
3546 1934 3885 1989 Tantumdem

2288 2027 2480 2078 autem
2516 2021 2667 2078 valet
2692 2023 2741 2077 si
2771 2022 2986 2090 dicam,
3011 2024 3258 2079 lnermis
3285 2028 3392 2079 est.
3425 2024 3736 2078 Secundum
3764 2027 3883 2077 tem-

2290 2129 2398 2181 pus
2413 2112 2524 2177 aio,
2547 2129 2680 2167 cum
2700 2112 2851 2180 dico,
2868 2113 3183 2168 Hesternus
3211 2116 3331 2167 est:
3359 2112 3672 2167 secundum
3694 2116 3884 2182 tempus

2289 2218 2454 2273 nego,
2481 2216 2610 2256 cum
2639 2202 2788 2272 dico,
2814 2201 2937 2259 Non
2989 2202 3298 2257 hesternus
3342 2206 3450 2257 est.
3502 2202 3568 2256 Et
3612 2217 3734 2256 cum
3762 2200 3885 2264 dico,

2289 2289 2482 2345 Roma
2523 2296 2612 2345 est
2650 2292 2970 2345 secundum
3006 2289 3197 2345 locum
3246 2290 3374 2344 aio:
3401 2294 3458 2344 et
3487 2289 3786 2344 secundum
3824 2288 3887 2342 lo-

2287 2394 2419 2433 cum
2454 2394 2621 2449 nego,
2654 2394 2786 2433 cum
2823 2378 2971 2445 dico,
3008 2384 3131 2433 Non
3166 2380 3355 2434 Romae
3380 2383 3487 2433 est.
3520 2376 3887 2433 Secundumid

2288 2468 2441 2537 quod
2465 2474 2550 2522 est
2578 2468 2761 2522 facere
2775 2468 3026 2536 aio,cum
3044 2467 3409 2534 dico,Czsdit:
3432 2467 3477 2521 si
3503 2472 3689 2521 autem
3712 2465 3886 2530 dicam,

2288 2556 2410 2611 Non
2435 2556 2621 2621 caedit,
2645 2558 2966 2611 secundum
2992 2557 3045 2610 id
3075 2558 3228 2627 quod
3254 2562 3344 2611 est
3362 2556 3545 2611 facere
3569 2571 3725 2627 nego,
3748 2558 3890 2607 utos-

2288 2647 2519 2700 tendam
2546 2662 2658 2699 non
2694 2644 2801 2700 hoc
2830 2643 3888 2715 facere.Etcumdico,Vapulat,secun-

2286 2735 2427 2789 dum
2448 2734 2959 2805 {medicamentum
2976 2733 3065 2789 aio
3085 2735 3238 2805 quod
3257 2733 3374 2805 pati
3390 2737 3713 2789 vocaturzet
3725 2748 3891 2787 secun-

2286 2823 2495 2877 dumid
2514 2840 2679 2895 nego,
2712 2840 2843 2877 cum
2868 2824 3134 2892 dico,non
3150 2824 3406 2893 vapulat.
3436 2828 3501 2877 Et
3529 2818 3889 2877 omnimonul-

2286 2911 2407 2966 lum
2425 2912 2859 2981 praedicamenti
2883 2913 3521 2983 genusest,secundum
3545 2912 3689 2983 quod
3704 2907 3888 2979 aliquid

2287 3001 2439 3056 aiere
2467 3002 2755 3068 volumus,
2787 3002 2897 3057 nisi
2942 3007 3005 3055 ut
3027 3002 3352 3056 secundum
3378 3002 3633 3073 idipsum
3656 2999 3889 3071 praedica-

2286 3095 2546 3145 mentum
2592 3106 2804 3163 negare
2834 3090 3325 3157 convincamur,si
3361 3106 3686 3162 prazponere
3706 3085 3891 3159 negati-

2283 3196 2413 3234 vam
2438 3179 2779 3250 particulam
2802 3179 3320 3243 voluerimus.Quae
3339 3196 3475 3234 cum
3498 3180 3575 3235 ita
3596 3178 3707 3233 sint
3726 3178 3767 3231 si
3789 3175 3894 3231 sub-

2286 3266 3799 3336 stantialiterairem,dicendo,Filius;substantialiter
3816 3279 3894 3318 ne-

2284 3358 2906 3430 garem,dicendo,Non
2926 3356 3276 3421 Filius.Quia
3292 3374 3423 3413 vero
3440 3356 3669 3412 relative
3681 3356 3893 3420 aio,cum

2284 3446 2819 3511 dico,l<‘iliusest;ad
2837 3450 3056 3516 patrem
3083 3446 3238 3500 enim
3259 3448 3447 3499 refero
3471 3462 3483 3501 :
3512 3444 3737 3499 relative
3756 3456 3890 3510 nego,

2283 3534 2334 3589 si
2354 3534 2705 3603 dicam,Non
2739 3533 2892 3588 [ilius
2914 3539 3035 3598 est;
3056 3534 3125 3587 ad
3151 3539 3455 3605 parentem
3488 3532 3641 3589 enim
3669 3530 3892 3586 eamdem

2286 3623 2648 3694 negationem
2684 3623 2887 3688 refero,
2908 3622 3110 3677 volens
3148 3623 3458 3677 ostendere
3482 3623 3633 3693 quod
3654 3620 3697 3675 ei
3724 3632 3896 3690 parens

2284 3728 2396 3765 non
2423 3710 2662 3765 sit.Atsi
2694 3716 2980 3781 quantum
3009 3709 3160 3765 valet
3187 3710 3339 3781 quod
3369 3711 3589 3765 dicitur
3606 3709 3769 3776 ﬁlius,
3795 3710 3895 3759 tan—

2284 3800 2546 3856 tumdem
2574 3798 2725 3855 valet
2744 3800 2898 3870 quod
2933 3799 3145 3854 dicitur
3166 3800 3426 3871 genitus,
3456 3800 3609 3855 sicut
3639 3791 3895 3869 praelocuti

2284 3903 2512 3954 sumus;
2536 3886 2901 3940 tantumdem
2933 3902 3070 3957 ergo
3102 3888 3255 3941 valet
3283 3888 3441 3958 quod
3468 3886 3677 3942 dicitur
3702 3900 3803 3939 non
3819 3896 3895 3953 ge-

2285 3976 2465 4041 nitus,
2495 3980 2778 4047 quantum
2804 3974 2954 4029 valet
2982 3976 3136 4046 quod
3176 3975 3393 4030 dicitur
3418 3993 3535 4031 non
3570 3975 3737 4029 ﬁlius.
3766 3970 3895 4025 Rela-

2284 4064 2397 4120 tive
2423 4070 2616 4119 autem
2637 4080 2922 4134 negamus
2945 4064 3343 4133 dicendo,Non
3372 4064 3535 4120 ﬁlius
3559 4056 3898 4129 :relativeigi-

2284 4158 2383 4207 tur
2406 4170 2691 4223 negamus
2712 4152 2979 4220 dicendo,
3005 4153 3129 4207 Non
3154 4153 3411 4223 genitus.
3443 4153 3736 4223 [ngenitus
3764 4162 3899 4219 porro

2287 4242 2426 4315 quid
2461 4242 2691 4307 est,nisi
2726 4259 2838 4296 non
2863 4240 3124 4312 genitus?
3159 4242 3280 4296 Non
3304 4258 3448 4314 ergo
3481 4241 3808 4297 receditura
3833 4250 3899 4289 re-

2286 4331 2459 4386 lativo
2503 4330 2972 4403 praedicamento,
3006 4347 3138 4385 cum
3177 4330 3484 4400 ingenitus
3518 4330 3744 4385 dicitur.
3775 4325 3902 4381 Sicut

2286 4422 2439 4475 enim
2466 4421 2698 4492 genitus
2721 4437 2834 4475 non
2866 4420 2937 4473 ad
2976 4435 3037 4474 se
3066 4418 3259 4488 ipsum
3295 4420 3534 4487 dicitur,
3569 4419 3667 4474 sed
3691 4414 3822 4488 quod
3850 4427 3902 4465 ex

2286 4510 2542 4581 genitore
2565 4510 2672 4564 sit:
2699 4509 2781 4564 ita
2806 4524 2937 4563 cum
2961 4508 3175 4562 dicitur
3197 4509 3645 4579 ingenitus,non
3667 4507 3731 4562 ad
3764 4521 3818 4559 se
3834 4504 3900 4571 ip-

2287 4616 2416 4654 sum
2443 4598 2677 4663 dicitur,
2704 4598 2803 4653 sed
2827 4598 2977 4667 quod
2995 4613 3060 4652 ex
3075 4598 3336 4669 genitore
3354 4615 3469 4651 non
3497 4598 3573 4653 sit
3598 4594 3899 4652 ostenditur.

2286 4686 2348 4742 In
2368 4688 2570 4743 eodem
2594 4690 2787 4741 tamen
2814 4685 3281 4757 praedicamcnto,
3313 4687 3470 4757 quod
3508 4684 3813 4741 Relativum
3831 4694 3903 4731 vo-

2287 4780 2725 4846 catur,utraque
2748 4774 3098 4845 signiﬁcatio
3126 4776 3406 4830 vertitur:
3441 4776 3596 4845 quod
3632 4778 3812 4830 autem
3833 4783 3901 4821 re-

2286 4865 2457 4920 lative
2488 4864 2915 4936 pronuntiatur,
2964 4880 3076 4917 non
3120 4862 3340 4918 indicat
3384 4855 3904 4919 substantiamzita

2286 4954 2554 5025 quamvis
2579 4952 2869 5008 diversum
2888 4952 2965 5007 sit
2985 4953 3215 5025 genitus
3238 4953 3633 5025 etingenitus,
3660 4966 3764 5005 non
3788 4943 3904 4999 indi-

2287 5050 2379 5098 cat
2408 5042 2695 5097 diversam
2740 5041 3130 5096 subslantiam
3159 5058 3170 5096 :
3197 5040 3333 5112 quia
3352 5042 3511 5105 sicut
3550 5039 3702 5095 ﬁlius
3730 5036 3795 5092 ad
3821 5048 3901 5106 pa-

2284 5137 2455 5199 trem,
2481 5136 2538 5185 et
2564 5147 2679 5185 non
2714 5130 2871 5185 ﬁlius
2894 5131 2962 5184 ad
2993 5147 3104 5185 non
3146 5136 3367 5201 patrem
3402 5130 3688 5194 refertur;
3721 5126 3794 5180 ita
3822 5135 3900 5193 ge-

2285 5221 2444 5276 nitus
2471 5222 2537 5274 ad
2571 5218 2913 5291 genitorem,
2946 5224 3002 5274 et
3032 5235 3144 5273 non
3177 5219 3410 5291 genitus
3456 5220 3530 5273 ad
3558 5234 3668 5272 non
3702 5210 3897 5288 genito-

2285 5326 2407 5365 rem
2441 5309 2723 5364 referatur
2749 5323 2984 5363 necesse
3013 5314 3147 5373 est.,

2354 5399 2482 5455 CAP
2493 5399 2581 5456 UT
2601 5397 2878 5453 VIIl.—9.
2890 5396 3169 5468 Quidquid
3189 5396 3632 5451 substantialifm'
3644 5394 3709 5448 de
3727 5391 3821 5445 Deo
3834 5385 3901 5441 di-

2282 5491 2444 5556 citur,
2468 5489 2533 5543 de
2550 5488 2786 5559 singulis
2805 5489 3053 5559 personis
3073 5486 3437 5554 singulariter
3458 5494 3511 5541 et
3537 5483 3702 5539 simul
3719 5482 3778 5535 de
3798 5480 3899 5549 ips:

2285 5580 2545 5634 Trinitate
2563 5579 2790 5633 dicitur.
2823 5580 2892 5633 In
2922 5577 3027 5631 Deo
3052 5578 3433 5645 unaessentia,
3467 5583 3575 5631 tres
3605 5570 3791 5629 Graeci:
3808 5568 3896 5635 hy-

2282 5668 2756 5740 poslases,Lalinis
2779 5673 2894 5721 tres
2904 5667 3545 5737 personmﬂuapropter
3564 5660 3701 5716 illud
3723 5651 3891 5729 praci-

2283 5774 2395 5829 pue
2407 5762 2633 5812 teneam
2646 5755 3117 5827 us,quidquid,ad
3133 5771 3195 5812 se
3216 5743 3890 5825 diciturpraestantissima
