4100 6194
375 380 494 441 9Ξ5

377 510 1167 584 consequenterprincipium
1187 515 1293 580 est;
1314 512 1593 585 quidquid
1611 517 1807 569 autem
1827 514 1843 547 ¹
1870 510 2029 567 aliud

377 599 612 663 dicitur,
666 615 801 654 cum
839 600 981 654 Filio
1012 600 1245 666 dicitur,
1280 602 1365 659 vel
1402 602 1591 671 potius
1625 602 1680 656 in
1718 600 1880 665 Filio,
1915 600 2033 655 sive

378 705 629 759 magnus
653 705 719 742 ea
739 688 1142 758 magnitudine
1165 707 1339 762 quam
1366 692 1585 763 genuit,
1611 691 1729 745 sive
1748 691 1947 759 justus
1968 706 2036 744 ea

369 778 606 849 justitia
635 794 810 847 quam
844 778 1067 849 genuit,
1102 779 1220 833 sive
1255 780 1440 833 bonus
1473 795 1538 833 ea
1571 778 1825 833 bonitate
1857 794 2034 849 quam

379 867 599 938 genuit,
622 867 742 921 sive
774 873 980 938 potens
1012 884 1078 921 ea
1112 868 1365 938 potentia
1383 867 1467 921 vel
1500 868 1714 922 virtute
1736 884 1910 938 quam
1932 883 2034 938 ge-

380 956 527 1021 nuit,
550 956 671 1009 sive
695 956 929 1025 sapiens
952 972 1018 1009 ea
1038 957 1325 1026 sapientia
1347 974 1520 1027 quam
1543 956 1778 1027 genuit:
1814 954 2035 1027 magni-

380 1045 519 1098 tudo
543 1050 735 1098 autem
761 1045 888 1115 ipsa
914 1062 1023 1098 non
1046 1046 1257 1099 dicitur
1282 1046 1463 1111 Pater,
1487 1047 1583 1099 sed
1612 1045 2035 1116 magnitudinis

376 1139 715 1203 generator:
744 1133 923 1189 Filius
953 1150 1085 1188 vero
1114 1135 1263 1189 sicut
1295 1134 1351 1188 in
1374 1152 1433 1189 se
1453 1135 1578 1205 ipso
1600 1134 1811 1188 dicitur
1834 1134 2033 1202 Filius,

376 1226 530 1295 quod
559 1242 670 1279 non
703 1241 833 1279 cum
864 1225 1027 1280 Patre
1058 1226 1289 1291 dicitur,
1314 1228 1413 1279 sed
1437 1227 1504 1279 ad
1534 1231 1781 1291 Patrem,
1807 1243 1919 1281 non
1951 1226 2035 1281 sic

374 1318 431 1369 et
460 1314 518 1367 in
545 1330 606 1368 se
639 1314 764 1385 ipso
791 1330 1060 1385 magnus,
1082 1315 1179 1369 sed
1214 1331 1346 1369 cum
1373 1319 1538 1369 Patre
1568 1316 1737 1383 cujus
1764 1315 1887 1386 ipse
1913 1332 2034 1369 ma-

372 1403 620 1473 gnitudo
644 1407 761 1457 est:
795 1402 879 1456 sic
911 1407 965 1456 et
997 1402 1229 1473 sapiens
1252 1420 1385 1458 cum
1413 1408 1580 1457 Patre
1601 1404 1832 1471 dicitur,
1866 1405 2035 1471 cujus

374 1491 502 1562 ipse
526 1491 813 1562 sapientia
829 1498 936 1559 est;
954 1493 1105 1546 sicut
1126 1492 1219 1545 ille
1241 1493 1473 1563 sapiens
1489 1509 1619 1547 cum
1638 1492 1945 1562 Filio,quia
1968 1509 2035 1547 ea

372 1578 664 1650 sapientia
683 1579 917 1650 sapiens
936 1585 1023 1633 est
1045 1597 1220 1650 quam
1246 1581 1473 1652 genuit:
1497 1580 1783 1650 quidquid
1807 1598 1942 1649 ergo
1961 1582 2031 1636 ad

370 1684 433 1723 se
463 1668 759 1736 dicuntur,
814 1684 928 1722 non
971 1667 1184 1723 dicitur
1233 1670 1380 1723 alter
1410 1669 1535 1724 sine
1588 1668 1785 1735 altero,
1834 1669 1889 1723 id
1923 1674 2032 1741 est,

374 1756 661 1829 quidquid
678 1756 953 1812 dicuntur
967 1757 1121 1829 quod
1144 1757 1532 1812 substantiam
1550 1774 1751 1813 eorum
1765 1759 2036 1813 ostendat

375 1848 548 1903 ambo
582 1846 1074 1902 simuldicuntur.
1098 1847 1158 1902 Si
1190 1848 1310 1903 haec
1330 1848 1409 1903 ita
1440 1854 1599 1911 sunt,
1622 1850 1739 1920 jam
1771 1865 1906 1921 ergo
1930 1865 2033 1905 nec

376 1937 532 1993 Deus
564 1943 652 1994 est
670 1939 835 1995 Pater
855 1939 981 1994 sine
1010 1939 1170 2005 Filio,
1198 1956 1298 1996 nec
1333 1940 1511 1995 Filius
1534 1945 1681 1995 Deus
1700 1940 1824 1996 sine
1843 1941 2032 2012 Patre,

382 2027 483 2081 sed
504 2027 675 2082 ambo
691 2027 866 2082 simul
886 2030 1131 2083 Deus.Et
1145 2030 1295 2101 quod
1314 2029 1533 2084 dictum
1553 2034 1658 2096 est,
1682 2032 1742 2085 In
1756 2032 2031 2102 principio

377 2120 497 2171 erat
518 2117 760 2171 Verbum
773 2134 793 2178 ,ε
816 2117 873 2171 in
899 2118 1065 2172 Patre
1090 2123 1213 2174 erat
1235 2118 1510 2187 Verbum,
1532 2118 1903 2191 intelligitur:
1933 2123 2034 2175 aut

381 2205 426 2259 si
465 2207 520 2259 in
551 2207 827 2277 principio
859 2206 941 2261 sic
973 2207 1193 2262 dictum
1230 2214 1338 2272 est,
1373 2224 1436 2261 ac
1467 2210 1516 2263 si
1547 2208 1852 2277 diceretur,
1886 2211 2034 2265 Ante

378 2294 610 2363 omnia;
646 2296 797 2366 quod
833 2296 1117 2367 sequitur,
1150 2298 1213 2350 Et
1249 2297 1474 2352 Verbum
1510 2306 1636 2354 erat
1665 2298 1810 2369 apud
1840 2298 2029 2367 Deum,

376 2384 630 2440 Verbum
667 2385 901 2455 quidem
943 2385 1103 2442 solus
1136 2386 1315 2441 Filius
1350 2387 1649 2458 accipitur,
1707 2404 1820 2442 non
1853 2386 2031 2443 simul

379 2474 552 2529 Pater
584 2478 639 2528 et
671 2475 869 2540 Filius,
905 2480 1186 2546 tanquam
1221 2476 1393 2531 ambo
1428 2494 1605 2531 unum
1637 2476 1889 2532 Verbum
1924 2480 2031 2546 (sic

376 2564 531 2617 enim
560 2563 814 2618 Verbum
849 2566 1141 2635 quomodo
1169 2566 1387 2635 Imago,
1421 2583 1533 2620 non
1560 2572 1750 2621 autem
1786 2571 1955 2621 Pater
1976 2572 2033 2622 et

376 2652 557 2706 Filius
583 2652 759 2708 simul
785 2656 956 2708 ambo
980 2654 1191 2720 imago,
1214 2656 1312 2709 sed
1342 2656 1520 2710 Filius
1542 2655 1701 2710 solus
1723 2655 1914 2727 imago
1931 2661 2032 2710 Pa-

372 2741 503 2805 tris,
527 2743 1023 2812 quemadmodum
1044 2749 1101 2797 et
1118 2743 1328 2798 Filius:
1355 2761 1465 2798 non
1488 2744 1641 2799 enim
1662 2745 1833 2799 ambo
1852 2744 2030 2800 simul

374 2829 586 2901 ﬁlius):
616 2832 769 2901 quod
826 2848 955 2885 vero
988 2832 1350 2903 adjungitur,
1386 2838 1450 2888 Et
1487 2834 1710 2887 Verbum
1741 2842 1857 2889 erat
1886 2836 2031 2905 apud

376 2919 580 2979 Deum;
616 2919 867 2974 multum
901 2925 989 2975 est
1010 2927 1074 2974 ut
1096 2922 1177 2975 sic
1200 2921 1579 2993 intelligatur,
1608 2924 1850 2988 Verbum,
1875 2926 2030 2995 quod

374 3006 539 3061 solus
570 3013 658 3061 est
707 3006 906 3074 Filius,
938 3010 1057 3062 erat
1103 3009 1251 3078 apud
1298 3009 1486 3074 Deum,
1520 3012 1671 3080 quod
1726 3026 1839 3064 non
1871 3009 2032 3065 sotus

376 3104 462 3151 est
516 3095 701 3164 Pater,
761 3097 858 3151 sed
918 3096 1083 3151 Pater
1114 3101 1169 3151 et
1216 3097 1397 3151 Filius
1451 3097 1623 3152 simul
1685 3098 1859 3153 Deus.
1920 3100 2031 3154 Sed

376 3185 516 3255 quid
547 3184 839 3252 mirum,si
858 3185 913 3239 in
934 3186 1164 3240 duabus
1182 3185 1532 3256 quibusdam
1560 3188 1732 3242 rebus
1755 3186 1924 3259 longe
1946 3188 2033 3242 in-

375 3276 465 3327 ter
496 3290 558 3328 se
590 3273 833 3329 diversis
876 3278 1067 3345 potest
1107 3274 1215 3328 hoc
1245 3274 1397 3329 dici?
1429 3276 1574 3339 Quid
1606 3275 1760 3330 enim
1793 3280 1911 3331 tam
1945 3277 2032 3331 di-

374 3379 634 3432 versum,
659 3379 835 3433 quam
861 3362 1096 3418 animus
1118 3368 1174 3418 et
1195 3364 1443 3435 corpus?
1468 3365 1659 3419 Potest
1678 3370 1871 3420 tamen
1895 3367 2031 3434 dici,

373 3452 623 3507 Animus
648 3457 772 3507 erat
804 3452 953 3522 apud
984 3452 1302 3521 hominem,
1321 3452 1375 3506 id
1396 3458 1504 3517 est,
1524 3454 1580 3509 in
1607 3452 1870 3510 homine:
1896 3472 2032 3511 cum

377 3542 615 3596 animus
639 3558 751 3596 non
778 3542 1099 3612 sitcorpus,
1122 3541 1294 3595 homo
1319 3550 1507 3597 autem
1530 3543 1764 3597 animus
1786 3544 1961 3599 simul
1979 3550 2036 3600 et

374 3646 589 3701 corpus
607 3629 781 3685 sit.Ut
802 3630 976 3684 etiam
994 3630 1147 3701 quod
1172 3646 1383 3701 conseq
1397 3636 1600 3686 uenter
1621 3631 1904 3703 scriptum
1920 3637 2029 3700 est,

373 3720 439 3773 Et
472 3719 607 3773 Deus
652 3722 769 3773 erat
821 3718 1047 3774 Verbum
1078 3720 1260 3788 (Joan.
1296 3736 1336 3787 1,
1370 3720 1443 3788 1),
1498 3719 1580 3774 sic
1632 3720 2028 3791 intelligatur:

372 3806 630 3861 Verbum
667 3807 816 3878 quod
852 3823 965 3861 non
1012 3812 1099 3862 est
1128 3808 1319 3876 Pater,
1355 3807 1508 3862 Deus
1538 3813 1661 3862 erat
1690 3808 1865 3863 simul
1898 3826 2032 3866 cum

378 3894 562 3950 Patre.
600 3897 758 3951 Itane
796 3911 931 3967 ergo
980 3895 1251 3962 dicimus,
1286 3899 1349 3949 ut
1399 3896 1566 3951 Pater
1622 3898 1697 3951 sit
1728 3904 2034 3968 generator

374 3984 823 4056 magnitudinis,
855 3984 963 4039 hoc
994 3990 1080 4040 est
1113 3990 1420 4057 generator
1449 3985 1704 4053 virtutis,
1738 3986 1826 4042 vel
1857 4003 2032 4058 gene-

374 4080 533 4128 rator
548 4074 851 4145 sapientia:
873 4091 1013 4129 suae:
1034 4074 1213 4129 Filius
1238 4080 1427 4129 autem
1457 4075 2031 4149 magnitudo,virtus,

372 4166 429 4218 et
460 4162 772 4232 sapientia:
807 4162 958 4218 Deus
1004 4178 1136 4217 vero
1185 4179 1455 4235 magnus,
1508 4164 1899 4236 omnipotens,
1940 4183 2032 4221 sa-

376 4251 563 4323 piens,
585 4252 756 4307 ambo
788 4251 1008 4306 simul?
1032 4252 1332 4316 Quomodo
1356 4268 1491 4324 ergo
1521 4257 1669 4308 Deus
1691 4254 1760 4307 de
1791 4254 1926 4325 Deo,
1950 4254 2037 4309 lu'

373 4357 506 4395 men
528 4342 598 4396 de
625 4340 886 4395 lumine?
904 4341 1027 4396 Non
1060 4341 1215 4395 enim
1236 4340 1413 4396 simul
1440 4343 1610 4397 ambo
1632 4343 1784 4398 Deus
1806 4344 1875 4399 de
1900 4349 2010 4399 Deo

370 4430 473 4484 sed
506 4429 668 4485 solus
719 4429 902 4485 Filius
943 4430 1013 4484 de
1049 4436 1179 4495 Deo,
1212 4430 1433 4485 scilicet
1483 4435 1683 4485 Patre:
1721 4448 1823 4487 nec
1864 4434 2032 4490 ambo

373 4517 550 4573 simul
582 4518 779 4573 lumen
814 4519 883 4573 de
913 4518 1155 4585 lumine,
1180 4519 1277 4573 sed
1316 4517 1478 4573 solus
1501 4518 1680 4574 Filius
1711 4520 1781 4574 de
1813 4520 2033 4578 lumine

370 4607 561 4663 Patre.
576 4607 697 4663 Nisi
724 4607 869 4662 forte
884 4608 954 4661 ad
976 4607 1399 4662 insinuandum
1425 4608 1833 4664 etbrevissime
1851 4610 2034 4665 incul-

374 4697 628 4752 candum
658 4697 809 4768 quod
833 4701 1154 4751 coaeternus
1187 4700 1274 4751 est
1297 4698 1451 4751 Patri
1474 4696 1675 4764 Filius,
1697 4698 1776 4753 ita
1805 4699 2030 4755 dictum

373 4790 481 4852 est,
509 4786 664 4842 Deus
682 4786 752 4841 de
774 4785 908 4853 Deo,
934 4791 992 4841 et
1016 4774 1210 4840 lumen
1236 4786 1307 4841 de
1332 4785 1575 4853 lumine,
1599 4792 1655 4841 et
1678 4786 1723 4842 si
1759 4788 1894 4859 quid
1921 4788 2031 4845 hoc

372 4875 548 4931 modo
579 4875 814 4941 dicitur,
841 4891 908 4929 ac
934 4874 980 4929 si
1013 4875 1326 4943 diceretur,
1350 4874 1467 4930 Hoc
1487 4876 1637 4946 quod
1671 4892 1787 4931 non
1819 4881 1906 4931 est
1938 4878 2029 4934 Fi-

372 4963 488 5019 lius
512 4964 637 5020 sine
662 4965 849 5031 Patre,
874 4965 943 5019 de
966 4963 1073 5019 hoc
1089 4964 1239 5035 quod
1266 4980 1377 5019 non
1404 4969 1493 5019 est
1521 4968 1688 5020 Pater
1707 4964 1833 5020 sine
1862 4965 2026 5035 Filio,

368 5053 426 5108 id
465 5059 576 5117 est,
607 5054 709 5108 hoc
742 5053 941 5107 lumen
965 5054 1119 5125 quod
1144 5052 1341 5108 lumen
1368 5070 1479 5108 non
1506 5058 1593 5109 est
1615 5054 1739 5109 sine
1762 5053 2028 5124 Patre,de

369 5142 482 5199 hoc
510 5142 735 5198 lumine
766 5143 933 5198 Patre
955 5143 1106 5214 quod
1142 5143 1337 5197 lumen
1363 5160 1476 5198 non
1497 5148 1585 5198 est
1615 5144 1740 5198 sine
1767 5143 1938 5200 Filio:
1963 5149 2028 5200 ut

370 5248 505 5287 cum
540 5232 774 5301 dicitur,
808 5232 960 5287 Deus
1011 5233 1163 5304 quod
1198 5249 1311 5287 non
1344 5240 1430 5287 est
1468 5232 1647 5288 Filius
1677 5234 1801 5288 sine
1832 5238 2022 5303 Patre,

367 5324 425 5374 et
449 5321 520 5375 de
543 5320 655 5377 Deo
687 5322 838 5392 quod
865 5338 976 5375 non
1012 5324 1100 5375 est
1130 5320 1299 5375 Pater
1321 5321 1445 5375 sine
1469 5321 1626 5387 Filio,
1655 5322 1903 5393 perfecte
1934 5323 2024 5377 in-

366 5408 668 5482 telligatur
689 5410 842 5480 quod
872 5426 984 5464 non
1017 5410 1313 5480 praecessit
1335 5409 1562 5481 genitor
1583 5410 1728 5466 illud
1754 5412 1905 5482 quod
1930 5427 2025 5484 ge-

369 5499 514 5555 nuit.
551 5500 711 5564 Quod
748 5501 797 5556 si
830 5500 911 5555 ita
941 5504 1030 5556 est
1062 5500 1168 5555 hoc
1200 5498 1388 5555 solum
1420 5501 1492 5555 de
1521 5501 1605 5556 eis
1634 5499 1746 5557 dici
1779 5520 1895 5558 non
1928 5520 2039 5576 po-,

433 5682 449 5715 ¹
486 5679 600 5729 Huc
631 5693 942 5729 revocamus
973 5678 1305 5743 particulam,
1326 5682 1513 5739 autem,
1537 5692 1656 5743 quae
1677 5680 1731 5731 in
1762 5684 1885 5733 ante
1905 5682 2018 5735 edi-

368 5744 434 5791 tis
462 5747 661 5793 temere
691 5746 958 5806 expuncto.
984 5740 1178 5793 fuerat.

1783 379 2015 444 LIBER
2062 379 2395 445 SEXTUS.

3671 386 3788 450 926

2141 516 2275 578 test,
2302 512 2444 570 illud
2480 516 2548 571 de
2575 516 2694 587 illo,
2717 520 2869 590 quod
2903 518 3079 574 simul
3113 519 3285 574 ambo
3302 533 3417 573 non
3451 521 3607 573 sunt.
3630 518 3795 574 Sicut

2135 600 2389 657 Verbum
2424 606 2494 659 de
2524 607 2696 661 verbo
2744 608 2855 662 dici
2893 625 3005 663 non
3051 613 3261 677 potest,
3301 608 3437 677 quia
3469 624 3579 662 non
3613 608 3790 663 simul

2137 691 2308 745 ambo
2343 694 2603 760 verbum,
2626 697 2723 750 sed
2760 696 2921 750 solus
2955 696 3163 751 Filius:
3195 713 3298 750 nec
3326 696 3519 767 imago
3552 698 3621 751 de
3645 697 3788 752 ima-

2136 781 2290 851 gine,
2318 783 2449 850 quia
2483 802 2593 839 non
2620 786 2794 840 simul
2828 788 2998 841 ambo
3020 788 3241 857 imago:
3278 803 3380 841 nec
3403 787 3579 840 Filius
3611 787 3679 841 de
3702 786 3788 841 Fi-

2136 868 2234 933 lio,
2260 872 2395 941 quia
2430 890 2540 927 non
2566 873 2739 929 simul
2766 877 2937 930 ambo
2964 875 3137 931 (ilius.
3163 876 3486 931 secundum
3519 875 3669 945 quod
3702 876 3789 928 di-

2138 960 2309 1027 citur,
2346 963 2451 1030 Ego
2480 968 2531 1016 et
2559 964 2730 1017 Pater
2758 981 2931 1018 unum
2954 981 3141 1018 sumus
3174 966 3349 1033 (Joan.
3385 980 3443 1027 x,
3475 963 3587 1033 30).
3613 964 3790 1019 Unum

2136 1064 2321 1103 sumus
2346 1050 2498 1104 enim
2535 1051 2753 1105 dictum
2782 1059 2890 1117 est,
2914 1053 3071 1115 Quod
3104 1052 3222 1117 ille,
3247 1052 3353 1105 hoc
3374 1057 3429 1107 et
3452 1068 3556 1123 ego
3580 1068 3789 1107 secun-

2138 1137 2277 1192 dum
2311 1141 2650 1209 essentiam,
2687 1157 2797 1194 non
2832 1143 3156 1196 secundum
3192 1140 3519 1195 relativum.

2208 1226 2438 1283 CAPUT
2474 1230 2564 1283 Ill.
2598 1259 2666 1269 —-
2697 1231 2747 1283 4.
2787 1232 3059 1286 Unilalem
3093 1232 3338 1285 essentia?
3371 1231 3554 1286 Patris
3579 1234 3629 1284 et
3662 1231 3791 1286 Filii

2137 1316 2333 1369 haberi
2363 1334 2431 1371 ea:
2460 1318 2651 1382 verbis,
2680 1318 2865 1373 Unum
2902 1336 3128 1373 sumus.
3155 1321 3331 1373 Fitius
3359 1324 3409 1373 et
3430 1322 3489 1373 in
3517 1321 3788 1390 sapientia

2135 1406 2269 1459 etin
2316 1409 2529 1460 caeteris
2576 1409 2805 1478 aequalis
2834 1410 3010 1461 Patri.
3068 1412 3128 1461 Et
3161 1407 3351 1462 nescio
3385 1413 3582 1461 utrum
3630 1407 3785 1463 inve-

2138 1494 2336 1547 niatur
2357 1494 2413 1549 in
2437 1496 2750 1567 Seripturis
2782 1498 3025 1565 dictum,
3050 1514 3221 1551 unum
3248 1506 3393 1565 sunt,
3420 1514 3668 1568 quorum
3700 1501 3788 1552 est

2136 1582 2365 1637 diversa
2382 1585 2672 1639 natura.Si
2687 1592 2876 1640 autem
2895 1585 3091 1655 aliqua
3107 1585 3272 1656 plura
3286 1587 3547 1655 ejusdem
3566 1592 3783 1640 naturas

2136 1671 2275 1740 sint,
2294 1678 2350 1727 et
2369 1673 2594 1728 diversa
2616 1675 2891 1743 sentiant,
2916 1692 3027 1729 non
3052 1679 3190 1729 sunt
3216 1692 3397 1729 unum
3420 1678 3477 1729 et
3500 1684 3782 1745 quantum

2135 1760 2363 1816 diversa
2392 1762 2674 1816 sentiunt.
2728 1763 2872 1818 Nam
2906 1764 2954 1817 si
3001 1765 3123 1834 jam
3161 1780 3343 1818 unum
3394 1768 3590 1818 essent
3617 1780 3683 1817 ex
3718 1780 3782 1819 eo

2136 1851 2287 1922 quod
2352 1850 2617 1907 homines
2649 1856 2832 1917 erant,
2884 1869 2999 1907 non
3033 1852 3269 1922 diceret,
3306 1854 3367 1909 Ut
3423 1854 3533 1907 sint
3590 1868 3783 1917 unum,

2133 1938 2275 1994 sicut
2302 1955 2399 1993 nos
2428 1956 2601 1994 unum
2644 1941 2749 2011 (Id.
2785 1958 2919 1999 xvn.
2956 1942 3062 2012 il),
3117 1958 3249 1996 cum
3283 1957 3422 1996 suos
3465 1940 3784 2012 discipulos

2138 2029 2290 2082 Patri
2316 2030 2766 2084 commendaret.
2801 2033 2871 2084 At
2893 2045 3024 2084 vero
3057 2029 3271 2085 Paulus
3302 2035 3360 2085 et
3389 2029 3612 2101 Apollo,
3647 2030 3785 2100 quia
3864 2022 3869 2031 ’

2134 2119 2191 2171 et
2220 2117 2392 2171 ambo
2424 2116 2709 2187 homines,
2742 2122 2799 2173 et
2829 2118 2982 2173 idem
3015 2119 3378 2174 sentiebant:
3411 2120 3519 2187 Qui
3542 2120 3783 2189 plantat,

2134 2205 2348 2276 inquit,
2397 2214 2448 2261 et
2476 2209 2574 2278 qui
2602 2210 2765 2278 rigat,
2806 2224 2983 2262 unum
3012 2218 3141 2262 sunt
3186 2209 3227 2278 (l
3260 2209 3380 2263 Cor.
3415 2225 3498 2275 III,
3530 2209 3607 2276 8).
3640 2211 3783 2262 Cum

2134 2309 2269 2364 ergo
2292 2294 2377 2349 sic
2394 2295 2607 2350 dicitur
2628 2313 2834 2364 unum,
2859 2302 2924 2351 ut
2944 2313 3057 2351 non
3082 2297 3332 2351 addatur
3351 2295 3489 2368 quid
3515 2300 3785 2361 unum,et

2135 2385 2307 2455 plura
2338 2401 2521 2439 unum
2542 2385 2831 2455 dicantur,
2852 2387 3052 2442 eadem
3087 2391 3295 2441 natura
3316 2391 3490 2457 atque
3506 2386 3782 2452 essentia,

2134 2490 2246 2528 non
2277 2475 2569 2529 dissidens
2593 2492 2696 2529 nec
2718 2474 3069 2530 dissentiens
3084 2475 3468 2545 significatur.
3488 2477 3630 2529 Cum
3653 2490 3782 2528 vero

2134 2564 2369 2617 additur
2394 2563 2531 2634 quid
2556 2580 2759 2628 unum,
2778 2569 2963 2635 potest
2983 2564 3200 2635 aliquid
3226 2563 3541 2635 significari
3565 2581 3633 2618 ex
3656 2561 3779 2634 plu-

2135 2652 2298 2707 ribus
2324 2669 2504 2707 unum
2538 2653 2779 2715 factum,
2804 2654 3072 2725 quamvis
3094 2654 3341 2709 diversis
3364 2659 3592 2707 natura.
3619 2652 3783 2706 Sicut

2134 2740 2330 2795 anima
2349 2746 2404 2796 et
2426 2757 2637 2812 corpus
2670 2759 2779 2796 non
2806 2748 2945 2796 sunt
2976 2742 3180 2813 utique
3212 2758 3431 2807 unum;
3466 2740 3600 2811 quid
3624 2740 3779 2794 enim

2133 2834 2252 2884 tam
2273 2829 2606 2885 diversum?
2626 2830 2734 2885 nisi
2760 2831 3010 2885 addatur
3026 2835 3127 2885 aut
3143 2829 3622 2901 subintelligatur
3642 2829 3779 2901 quid

2135 2936 2340 2985 unum,
2374 2919 2426 2973 id
2460 2925 2570 2985 est,
2606 2936 2761 2975 unus
2794 2920 2987 2986 homo,
3024 2926 3125 2974 aut
3158 2936 3340 2974 unum
3375 2917 3612 2974 animal.
3642 2918 3783 2973 Inde

2134 3008 2474 3078 Apostolus:
2512 3009 2617 3077 Qui
2644 3008 2886 3064 adhaeret
2904 3009 3200 3072 meretrici,
3235 3007 3446 3079 inquit,
3468 3024 3641 3062 unum
3669 3023 3785 3061 cor-

2130 3113 2237 3168 pus
2265 3101 2376 3151 est:
2407 3114 2519 3152 non
2552 3098 2714 3163 dixit,
2741 3097 2930 3152 Unum
2962 3101 3119 3164 sunt,
3154 3101 3274 3167 aut,
3310 3098 3496 3153 Unum
3526 3100 3649 3163 est;
3681 3094 3783 3150 sed

2137 3186 2380 3253 addidit,
2403 3202 2615 3257 corpus,
2634 3191 2915 3257 tanquam
2940 3203 3007 3242 ex
3033 3186 3263 3241 duobus
3287 3186 3531 3239 diversis
3554 3200 3784 3239 mascu-

2134 3272 2255 3328 lino
2275 3279 2331 3328 et
2359 3274 2639 3329 feminino
2657 3291 2837 3330 unum
2863 3291 3075 3346 corpus
3096 3273 3468 3345 adjunctione
3497 3271 3785 3345 composi-

2138 3366 2283 3418 tum.
2301 3364 2387 3433 Et,
2410 3367 2519 3434 Qui
2537 3364 2783 3420 adhaeret
2800 3366 3051 3433 Domino,
3075 3364 3285 3435 inquit,
3306 3380 3448 3417 unus
3462 3365 3693 3434 spiritus
3713 3369 3789 3416 est

2136 3452 2235 3523 (Id.
2271 3470 2346 3520 v1,
2379 3454 2464 3518 16,
2501 3454 2629 3523 17);
2683 3470 2797 3508 non
2829 3452 2990 3522 dixit,
3044 3452 3150 3518 Qui
3210 3452 3463 3507 adheret
3519 3451 3783 3515 Domino,

2137 3558 2292 3597 unus
2314 3547 2422 3611 est,
2454 3546 2574 3609 aut,
2609 3559 2793 3597 unum
2818 3547 2984 3608 sunt;
3018 3543 3118 3596 sed
3152 3540 3394 3605 addidit,
3416 3542 3660 3610 spiritus.
3686 3538 3784 3593 Di-

2136 3630 2283 3685 versi
2315 3635 2455 3685 sunt
2476 3631 2628 3685 enim
2660 3635 2885 3694 natura,
2912 3629 3153 3701 spiritus
3184 3629 3439 3684 hominis
3462 3637 3513 3683 et
3546 3628 3787 3699 spiritus

2138 3719 2238 3773 Dei
2264 3722 2303 3787 ις
2354 3720 2455 3774 sed
2504 3719 2839 3774 inhaerendo
2871 3719 2937 3773 ﬁt
2970 3736 3123 3773 unus
3169 3718 3410 3789 spiritus
3441 3734 3506 3772 ex
3537 3717 3785 3771 diversis

2137 3809 2388 3873 duobus,
2420 3808 2501 3863 ita
2532 3813 2595 3863 ut
2625 3808 2751 3865 sine
2793 3808 3046 3863 humano
3088 3807 3299 3879 spiritu
3344 3807 3550 3861 beatus
3581 3807 3657 3860 sit
3690 3805 3784 3859 Dei

2137 3896 2377 3968 Spiritus
2408 3902 2582 3967 atque
2606 3896 2915 3968 perfectus,
2940 3896 3148 3951 beatus
3170 3899 3364 3951 autem
3390 3893 3643 3949 hominis
3667 3892 3786 3964 spi-

2139 3986 2287 4040 ritus
2318 4003 2431 4041 non
2466 3986 2574 4041 nisi
2620 4002 2751 4041 cum
2790 3991 2917 4040 Deo.
2970 3985 3081 4041 Nec
3132 3987 3366 4052 frustra,
3402 3990 3463 4037 ut
3494 3983 3785 4046 existimo,

2139 4092 2271 4131 eum
2304 4075 2538 4130 tantain
2561 4074 2864 4147 Evangelia
2886 4074 3209 4129 secundum
3234 4075 3513 4128 Joannem
3538 4076 3594 4125 et
3613 4070 3787 4125 toties

2139 4164 2356 4219 diceret
2380 4166 2655 4220 Dominus
2682 4165 2751 4219 de
2772 4165 2900 4234 ipsa
2921 4163 3167 4230 unitate,
3192 4162 3279 4217 vel
3312 4179 3418 4217 sua
3439 4178 3571 4216 cum
3599 4165 3784 4229 Patre,

2140 4252 2225 4308 vel
2249 4253 2708 4309 nostrainvicem
2731 4252 3037 4308 nobiscum
3054 4269 3068 4318 ;
3088 4267 3379 4321 nusquam
3404 4250 3569 4317 dixit,
3586 4248 3657 4303 Ut
3681 4264 3785 4302 nos

2138 4346 2195 4398 et
2223 4342 2335 4414 ipsi
2366 4359 2580 4398 unum:
2614 4342 2736 4409 sed,
2773 4343 2835 4399 Ut
2862 4358 3037 4396 unum
3072 4343 3204 4404 sint,
3234 4338 3457 4394 sicut'et
3483 4353 3580 4392 nos
3612 4354 3784 4391 unum

2137 4448 2323 4486 sumus
2340 4432 2513 4503 (Joan.
2535 4431 2875 4502 xvu).Pater
2890 4445 3025 4500 ergo
3041 4435 3097 4484 et
3111 4428 3289 4483 Filius
3306 4444 3490 4482 unum
3512 4424 3783 4493 sunt,uti-

2138 4537 2251 4592 que
2263 4521 2585 4575 secundum
2603 4520 2884 4574 unitatem
2905 4536 2970 4574 su
2981 4518 3328 4585 bstantiae,et
3342 4532 3496 4570 unus
3509 4515 3783 4581 Deusest,

2137 4616 2193 4665 et
2214 4627 2367 4664 unus
2395 4613 2725 4681 magnus,et
2744 4624 2898 4661 unus
2916 4606 3331 4676 sapiens,sieut
3347 4609 3659 4659 tractatum
3673 4608 3781 4659 est.

2205 4702 2241 4754 5
2286 4700 2448 4755 Unde
2470 4714 2605 4771 ergo
2630 4699 2817 4768 major
2841 4695 3047 4751 Pater?
3074 4696 3130 4750 Si
3149 4696 3301 4750 enim
3332 4697 3538 4766 major,
3560 4694 3784 4766 magni-

2134 4789 2337 4844 tudine
2357 4789 2569 4858 major:
2591 4803 2724 4840 cum
2748 4789 2941 4841 autem
2960 4785 3304 4857 magnitudo
3330 4782 3510 4839 Filius
3534 4783 3663 4853 ejus
3687 4782 3782 4849 sit,

2135 4894 2240 4933 nec
2271 4877 2366 4933 ille
2394 4876 2592 4948 utique
2623 4876 2811 4945 major
2838 4879 2929 4930 est
2965 4890 3030 4929 eo
3063 4874 3164 4947 qui
3198 4889 3260 4929 se
3299 4872 3520 4945 genuit,
3552 4887 3656 4925 nec
3688 4869 3783 4925 ille

2134 4967 2321 5036 major
2332 4970 2420 5021 est
2433 4983 2499 5021 ea
2511 4963 2912 5037 magnitudine
2926 4979 3043 5036 qua
3055 4978 3302 5035 magnus
3314 4965 3420 5016 est:
3440 4975 3576 5029 ergo
3594 4974 3783 5028 aequa-

2130 5055 2373 5111 lis.Nam
2400 5055 2553 5109 unde
2575 5052 2834 5124 mqualis,
2859 5052 2909 5108 si
2933 5069 3046 5106 non
3069 5068 3134 5107 eo
3157 5067 3268 5121 quo
3289 5052 3397 5116 est,
3421 5047 3513 5102 cui
3547 5062 3659 5100 non
3692 5049 3782 5099 est

2131 5144 2287 5200 aliud
2319 5161 2466 5209 esse,
2491 5148 2547 5197 et
2576 5142 2731 5197 aliud
2760 5158 3035 5213 magnum
3062 5139 3228 5195 esse?
3248 5141 3361 5193 Aut
3381 5136 3430 5192 si
3462 5135 3779 5189 aaternitate

2130 5235 2295 5290 Pater
2329 5235 2514 5305 major
2538 5238 2646 5300 est,
2680 5249 2792 5287 non
2825 5237 2915 5286 est
2945 5229 3186 5302 aequalis
3210 5227 3386 5282 Filius
3412 5240 3781 5296 quacumque

2128 5341 2209 5379 re.
2235 5323 2395 5379 Unde
2425 5323 2579 5378 enim
2605 5322 2845 5393 aequalis
2861 5320 2888 5375 ‘I
2910 5321 2962 5375 Si
2986 5316 3389 5389 magnitudine
3408 5314 3638 5378 dixeris,
3662 5330 3775 5368 non

2126 5418 2215 5468 est
2238 5430 2342 5485 par
2374 5412 2738 5483 magnitudo,
2758 5426 2885 5481 qua;
2912 5408 3105 5462 minus
3135 5412 3353 5460 aeterna
3374 5410 3482 5468 est,
3504 5408 3677 5474 atque
3697 5404 3777 5456 ita

2125 5506 2351 5558 cratera.
2385 5504 2467 5556 An
2497 5502 2640 5556 forte
2662 5499 2719 5553 in
2751 5499 2967 5552 virtute
2996 5494 3234 5565 aequalis
3265 5500 3372 5562 est,
3404 5494 3465 5548 in
3488 5492 3777 5563 sapientia

2122 5609 2254 5649 vero
2277 5608 2391 5648 non
2414 5594 2504 5647 est
2524 5585 2801 5660 (equalis?
2821 5585 2931 5641 Sed
2965 5584 3258 5657 quomodo
3280 5590 3368 5641 est
3396 5580 3639 5656 aequalis
3660 5581 3772 5637 vir-

2186 5748 2203 5784 ¹
2240 5745 2422 5795 Plures
2445 5742 2590 5799 Mss"
2620 5742 2670 5788 et
2699 5738 2922 5802 Spiritus
2956 5736 3105 5786 Deus.
