4100 6194
430 340 547 401 927

427 479 524 528 tus
556 490 681 544 quas
716 473 913 526 minus
945 473 1145 543 sapit?
1172 476 1257 526 An
1292 472 1348 526 in
1381 472 1666 542 sapientia
1692 472 1935 542 mqualis
1964 477 2071 534 est,

431 562 485 615 in
521 562 732 614 virtute
783 566 975 613 autem
1013 577 1126 615 non
1177 566 1265 615 est
1308 560 1595 632 aequalis?
1642 561 1750 614 Sed
1786 562 2073 631 quomodo

431 649 777 721 a'qualisest
808 650 1112 720 sapientia,
1137 667 1264 721 qua-
1296 651 1491 705 minus
1512 656 1715 720 potens
1737 652 1854 703 est?
1878 651 2077 705 Restat

430 757 564 811 ergo
589 740 727 793 utsi
757 739 813 792 in
839 739 957 792 ulla
980 756 1038 793 re
1060 739 1294 810 aequalis
1318 756 1431 794 non
1457 745 1565 801 est,
1588 739 1643 792 in
1669 740 1945 793 omnibus
1964 756 2073 792 non

430 828 505 885 sit
536 827 795 899 aequalis.
820 830 889 882 At
921 828 1221 899 Scriptura
1245 828 1476 896 clamat,
1503 832 1619 883 Non
1642 830 1897 898 rapinam
1928 829 2078 882 arbi—

435 927 611 974 tratus
641 925 717 973 est
757 934 866 973 esse
894 919 1125 988 aequalis
1182 919 1284 972 Deo
1316 920 1583 989 (Philipp.
1621 936 1677 981 II,
1711 920 1788 987 ὃ).
1848 918 2082 989 Cogitur

430 1023 564 1078 ergo
591 1007 780 1078 quivis
803 1007 1171 1061 adversarius
1196 1007 1474 1071 veritatis,
1501 1008 1599 1078 qui
1627 1008 1825 1062 modo‘
1854 1012 2084 1061 tenetur

429 1095 747 1167 apostolica
779 1097 1141 1161 auctoritate,
1175 1096 1231 1150 in
1266 1096 1525 1167 qualibet
1554 1095 1638 1151 vel
1675 1113 1788 1150 una
1812 1113 1871 1151 re
1897 1112 2085 1166 taqua-

428 1183 542 1239 lem
581 1185 688 1239 Deo
742 1184 949 1238 Filium
985 1184 1267 1239 confiteri.
1329 1184 1518 1255 Eligat
1570 1201 1743 1254 quam
1793 1183 2080 1240 voluerit:

429 1273 565 1327 hinc
601 1274 651 1328 ei
683 1274 1019 1328 ostendetur
1048 1273 1105 1326 in
1139 1273 1414 1328 omnibus
1447 1290 1574 1328 esse
1621 1272 1925 1345 aequalem,
1958 1290 2084 1343 quae

430 1364 500 1418 de
531 1363 865 1417 substantia
896 1364 1022 1433 ejus
1057 1363 1352 1417 dicuntur.

498 1452 729 1507 CAPUT
761 1452 854 1506 IV.
888 1483 955 1492 -——
993 1453 1047 1505 6.
1078 1454 1347 1523 Sequitur
1403 1453 1468 1507 de
1513 1454 1693 1507 eodem
1743 1456 2084 1519 argumento.

429 1541 522 1596 Sic
583 1542 740 1596 enim
771 1540 1014 1595 virtutes
1076 1558 1201 1613 quae
1258 1546 1395 1596 sunt
1440 1541 1499 1596 in
1552 1541 1746 1595 animo
1806 1540 2085 1606 humano,

432 1631 700 1701 quamvis
730 1632 844 1685 alio
894 1636 1066 1702 atque
1098 1630 1211 1685 alio
1256 1631 1425 1686 modo
1476 1631 1719 1703 singulae
1754 1631 2082 1702 intelligan-

431 1724 549 1788 tur,
583 1719 742 1773 nullo
800 1721 972 1774 modo
1031 1725 1227 1774 tamen
1286 1727 1635 1792 separantur
1692 1721 1762 1775 ab
1818 1721 2087 1786 invicem,

433 1814 498 1865 ut
529 1807 885 1879 quicumque
905 1809 1115 1864 fuerint
1141 1809 1419 1881 aequales,
1442 1810 1597 1865 verbi
1621 1810 1829 1881 gratia,
1855 1809 1911 1862 in
1938 1809 2093 1863 forti-

436 1898 661 1964 tudine,
684 1897 932 1968 aequales
964 1898 1080 1952 sint
1103 1902 1158 1952 et
1176 1898 1505 1970 prudentia,
1527 1904 1583 1953 et
1613 1898 2018 1969 temperantia,
2039 1909 2095 1959 et

429 1987 742 2056 justitia.Si
760 1987 913 2041 enim
931 1987 1142 2042 dixeris
1162 1988 1412 2058 mquales
1427 2004 1551 2043 esse
1571 1988 1714 2043 istos
1728 1988 2089 2060 fortitudine,

435 2077 535 2130 sed
562 2076 727 2130 illum
756 2082 1029 2147 praestare
1052 2077 1382 2147 prudentia;
1414 2078 1681 2148 sequitur
1704 2083 1765 2131 ut
1783 2077 1961 2148 hujus
1985 2078 2094 2132 for—

435 2166 621 2220 titudo
645 2166 841 2220 minus
864 2167 1123 2237 prudens
1142 2167 1238 2235 sit,
1264 2183 1327 2220 ac
1362 2184 1462 2239 per
1484 2168 1591 2221 hoc
1626 2184 1728 2221 nec
1754 2167 2093 2221 fortitudine

436 2254 684 2326 aequales
697 2260 855 2326 sunt,
879 2256 1112 2327 quando
1129 2260 1215 2310 est
1234 2256 1392 2311 illius
1423 2257 1704 2311 fortitudo
1728 2257 2090 2328 prudentior.

434 2347 623 2414 Atque
660 2344 742 2398 ita
780 2345 849 2399 de
880 2344 1102 2400 caeteris
1140 2346 1457 2402 virtutibus
1489 2346 1768 2411 invenies,
1810 2346 1857 2401 si
1890 2362 2094 2401 omnes

442 2435 643 2489 eadem
659 2434 1123 2490 consideratione
1136 2452 1460 2506 percurras.
1479 2436 1603 2491 Non
1620 2436 1771 2490 enim
1792 2436 1861 2490 de
1873 2435 2094 2490 viribus

440 2524 701 2595 corporis
717 2524 1033 2595 agitur.sed
1053 2525 1123 2579 de
1141 2525 1319 2579 animi
1339 2525 1693 2580 fortitudine.
1711 2524 1934 2588 Quanto
1959 2540 2094 2596 ergo

444 2613 635 2685 magis
671 2614 727 2666 in
760 2612 862 2668 illa
910 2613 1377 2669 incommutabili
1407 2619 1733 2686 aeternaque
1764 2614 2097 2670 substantia

440 2703 977 2774 incOmparabiliter
1008 2704 1362 2777 simpliciore
1393 2722 1570 2776 quam
1600 2711 1687 2759 est
1718 2705 1952 2760 animus
1984 2704 2095 2758 bu-

441 2792 800 2861 manus,htec
819 2793 897 2848 ita
910 2812 969 2849 se
984 2795 1507 2851 habent?Ilumano
1532 2795 1747 2868 quippe
1769 2796 1964 2850 animo
1981 2812 2095 2849 non

441 2882 548 2936 hoc
576 2887 666 2938 est
696 2899 822 2938 esse
853 2885 1003 2955 quod
1045 2892 1135 2939 est
1166 2885 1370 2940 fortem
1402 2902 1552 2950 esse,
1596 2891 1697 2940 aut
1726 2885 2093 2956 prudentem.

443 2964 807 3041 autjustum',
834 2978 933 3027 aut
963 2978 1404 3044 temperantem:
1432 2978 1618 3045 potest
1642 2974 1795 3029 enim
1820 2990 1947 3029 esse
1970 2973 2093 3029 ani-

444 3077 597 3126 mus,
625 3065 682 3116 et
707 3060 928 3115 nullam
949 3061 1195 3117 istarum
1217 3063 1429 3118 habere
1452 3064 1747 3118 virtutem.
1768 3068 1877 3118 Deo
1902 3068 2093 3119 autem

448 3149 557 3203 hoc
588 3154 675 3203 est
706 3164 833 3203 esse
856 3151 1008 3221 quod
1034 3156 1122 3205 est
1157 3152 1360 3206 fortem
1392 3168 1543 3215 esse,
1567 3158 1665 3206 aut
1688 3154 1921 3222 justum
1945 3169 2094 3223 esse,

445 3241 547 3293 aut
579 3238 901 3309 sapientem
926 3255 1075 3305 esse,
1100 3244 1155 3294 et
1178 3240 1224 3293 si
1248 3242 1382 3309 quid
1409 3242 1478 3295 ile
1500 3240 1599 3295 illa
1621 3241 1871 3313 simplici
1896 3241 2095 3296 multi-

442 3325 718 3398 plicitate,
735 3326 819 3382 vel
837 3344 889 3381 m
902 3327 1144 3399 ultiplici
1162 3329 1532 3400 simplicitate
1546 3330 1941 3401 dixeris,quod
1959 3331 2096 3385 sub-

445 3417 661 3471 stantia
682 3418 808 3486 ejus
829 3417 1624 3490 signiﬁcetur.Quamobrem,
1646 3420 1855 3475 siveita
1868 3420 2099 3475 dicatur

443 3506 596 3562 Deus
611 3507 680 3561 de
703 3506 837 3573 Deo,
856 3512 918 3561 ut
939 3513 994 3562 et
1015 3508 1266 3579 singulis
1292 3509 1396 3563 hoc
1414 3525 1619 3564 nomen
1643 3510 1965 3579 conveniat,
1985 3527 2095 3565 non

444 3600 640 3650 tamen
674 3600 736 3649 ut
758 3596 928 3651 ambo
960 3596 1133 3652 simul
1159 3598 1272 3652 duo
1295 3597 1395 3663 dii,
1420 3599 1516 3653 sed
1553 3616 1707 3653 unus
1731 3599 1885 3654 Deus
1910 3599 2099 3653 sit.lta

445 3686 601 3739 enim
634 3684 743 3740 sibi
779 3684 1087 3753 cohaerent,
1120 3688 1617 3757 quemadmodum
1649 3694 1705 3743 et
1737 3689 1795 3743 in
1828 3690 2098 3744 distanti-

445 3774 557 3829 bus
579 3775 599 3807 ²
637 3773 1001 3846 diversisque
1032 3776 1383 3831 substantiis
1426 3777 1548 3832 fieri
1579 3778 1891 3849 Apostolus
1933 3779 2097 3835 testis

448 3870 555 3918 est.
582 3863 727 3918 Nam
758 3870 816 3918 et
841 3864 1000 3920 solus
1022 3865 1305 3922 Dominus
1336 3867 1578 3939 spiritus
1600 3875 1706 3935 est,
1733 3874 1791 3924 et
1811 3868 1972 3924 solus
1996 3870 2097 3924 ho-

448 3953 626 4010 minis
658 3954 900 4024 spiritus
933 3956 1134 4026 utique
1164 3956 1407 4027 spiritus
1438 3965 1545 4024 est,
1578 3962 1773 4013 tamen
1805 3960 1854 4014 si
1886 3960 2099 4014 haereat

446 4041 694 4097 Domino
726 4059 870 4097 unus
897 4046 1131 4111 spiritus
1160 4049 1257 4100 est:
1290 4051 1509 4117 quanto
1542 4049 1727 4119 magis
1761 4048 1859 4114 ibi,
1889 4049 1988 4103 ubi
2012 4053 2100 4105 est

450 4131 689 4187 omnino
723 4131 1129 4204 inseparabilis
1152 4139 1327 4205 atque
1358 4140 1569 4191 aeterna
1590 4137 1889 4205 connexio,
1907 4154 1975 4192 ne
1997 4139 2097 4193 ah-

447 4220 749 4277 surdedici
773 4221 1212 4293 videaturquasi
1234 4224 1390 4280 filius
1404 4227 1872 4294 amborum,cum
1888 4227 2102 4281 dicitur

450 4311 626 4366 Filius
645 4312 829 4376 Dei,si
862 4312 917 4367 id
946 4315 1096 4386 quod
1132 4314 1346 4369 dicitur
1376 4315 1548 4383 Deus,
1586 4332 1697 4371 non
1732 4317 1844 4371 nisi
1876 4318 1944 4371 de
1976 4335 2095 4372 am-

452 4399 639 4455 bobus
670 4402 887 4457 dicitur
919 4404 1137 4460 simul:
1172 4405 1289 4459 sive
1322 4405 1603 4476 quidquid
1638 4405 1707 4460 de
1738 4405 1852 4461 Deo
1885 4406 2101 4461 dicitur

450 4490 602 4560 quod
636 4492 1023 4546 substantiam
1061 4494 1187 4564 ejus
1219 4493 1456 4563 indicet,
1489 4511 1601 4548 non
1637 4494 1748 4549 nisi
1797 4496 1866 4550 de
1898 4496 2097 4550 ambo-

452 4578 562 4632 bus
594 4579 791 4648 simul,
812 4580 928 4635 imo
960 4583 1029 4636 de
1053 4583 1179 4653 ipsa
1205 4582 1379 4638 simul
1404 4583 1686 4638 Trinitate
1709 4584 1948 4639 dicitur?
1971 4586 2099 4640 Sive

449 4684 586 4739 ergo
618 4668 747 4736 hoc,
770 4669 889 4723 sive
919 4670 1061 4725 illud
1095 4671 1193 4734 sit,
1225 4672 1379 4743 quod
1412 4672 1751 4745 diligentius
1783 4674 2097 4730 discutien-

451 4759 591 4812 dum
625 4763 732 4826 est,
766 4775 921 4813 nunc
956 4761 1105 4814 unde
1139 4761 1331 4832 agitur
1361 4763 1504 4817 satis
1552 4768 1642 4817 est
1691 4762 1903 4830 videre,
1938 4761 2099 4817 nullo

454 4848 624 4904 modo
649 4847 855 4902 Filium
881 4848 1157 4919 aequalem
1189 4866 1315 4905 esse
1331 4850 1558 4921 Patri,si
1582 4851 1641 4905 in
1667 4852 1863 4922 aliquo
1881 4850 2102 4907 scilicet

452 4937 607 5008 quod
649 4937 935 5009 pertineat
964 4938 1032 4993 ad
1069 4938 1514 5009 significandam
1548 4942 1675 5012 ejus
1707 4941 2099 4996 substantiam

453 5026 757 5099 inaequalis
777 5027 1375 5099 invenitur,sicutjam
1395 5030 2100 5101 ostendimus.Apostolus

452 5123 646 5171 autem
673 5117 815 5171 dixit
842 5116 1145 5188 aequalem.
1178 5119 1240 5172 In
1272 5119 1546 5172 omnibus
1578 5136 1710 5191 ergo
1740 5119 1981 5190 aequalis
2012 5126 2101 5175 est

453 5208 607 5261 Patri
644 5206 846 5272 Filius,
900 5213 957 5263 et
987 5212 1074 5262 est
1108 5207 1281 5261 unius
1315 5208 1697 5278 ejusdemque
1737 5208 2097 5263 substantiae.

525 5295 756 5351 CAPUT
787 5296 852 5350 V.
890 5327 956 5336 —-—
994 5297 1047 5351 7.
1093 5296 1335 5367 Spiritus
1389 5300 1608 5351 sanctus
1653 5298 1824 5351 etiam
1871 5298 2025 5352 Patri
2052 5302 2100 5352 et

454 5385 593 5439 Filio
622 5386 849 5455 aequalis
882 5387 943 5440 in
964 5386 1233 5440 omnibus.
1257 5388 1617 5457 Quapropter
1643 5386 1816 5440 etiam
1849 5386 2102 5458 Spiritus

458 5478 696 5527 sanctus
724 5473 780 5527 in
812 5475 1012 5529 eadem
1047 5478 1269 5531 unitate
1316 5475 1659 5531 substantia:
1689 5479 1744 5529 et
1774 5475 2103 5547 aequalitate

518 5581 727 5690 ἦξὲίιί,
761 5583 848 5644 qui
876 5584 1047 5646 aliquo
1094 5583 1262 5632 modo.
1310 5586 1377 5633 At
1404 5586 1551 5643 Mss,
1592 5584 1681 5645 qui
1724 5583 1891 5642 modo,
1940 5584 1991 5633 id
2024 5589 2104 5634 est

563 5657 587 5688 ρ
651 5678 661 5688 .

459 5657 661 5690 saltem.

522 5707 544 5740 ²
571 5704 811 5765 Plerique
842 5707 981 5765 Mss,
1014 5708 1149 5767 quod
1172 5709 1326 5756 etiam
1355 5710 1407 5757 in
1432 5708 1758 5758 distantibus.

258 5842 283 5855 ι
294 5788 387 5831 ..ι-ΓΛ
476 5774 549 5831 Ἰ

226 5856 259 5879 ,λλ

1544 340 1641 398 DE
1686 338 2138 414 THINITATE,
2187 342 2254 399 S.
2297 340 2725 401 AUGUSTINI

3680 342 3782 405 928

2186 474 2471 527 consistit.
2496 474 2621 527 Sive
2644 474 2797 527 enim
2824 474 2899 527 sit
2924 472 3118 527 unitas
3142 472 3580 539 amborum,sive
3598 478 3777 532 sancti-

2182 568 2291 628 tas,
2322 562 2441 615 sive
2462 561 2736 626 charitas,
2773 562 2890 616 sive
2931 562 3058 616 ideo
3093 562 3285 615 unitas
3320 564 3454 632 quia
3482 563 3785 627 charitas,et

2183 651 2310 705 ideo
2324 650 2579 705 Charitas
2596 652 2733 721 quia
2746 650 3210 719 sanctitas,mani
3223 650 3428 704 festum
3444 655 3675 722 estquod
3695 672 3784 710 non

2183 739 2392 809 aliquis
2414 741 2663 794 duorum
2683 746 2769 794 est
2790 756 2902 810 quo
2928 746 3168 810 uterque
3186 740 3679 812 conjungitur,quo
3704 760 3787 814 ge-

2188 828 2345 883 nitus
2368 846 2398 882 a
2420 829 3517 900 gignentediligatur,generatoremque
3540 847 3695 885 suum
3716 834 3789 887 di-

2187 917 2348 989 ligat,
2382 918 2613 989 sintque
2646 936 2757 973 non
2795 918 3255 989 participatione,
3290 919 3389 974 sed
3422 920 3662 974 essentia
3687 938 3792 991 sua,

2190 1022 2375 1078 neque
2406 1007 2557 1061 dono
2578 1007 2895 1077 superioris
2916 1006 3184 1076 alicujus,
3210 1007 3309 1062 sed
3333 1024 3438 1062 suo
3465 1008 3677 1077 proprio
3698 1026 3796 1064 ser-

2188 1096 2703 1165 vanteszunitatem
2736 1096 2979 1166 spiritus
3010 1096 3067 1150 in
3098 1096 3329 1150 vinculo
3364 1097 3520 1167 pacis
3548 1098 3797 1169 (Ephcs.v,

2189 1187 2264 1253 3).
2299 1186 2460 1249 Quod
2487 1186 2698 1241 imitari
2725 1204 2824 1257 per
2845 1186 3116 1257 gratiam,
3140 1187 3285 1240 etad
3312 1186 3513 1252 Deum,
3547 1191 3600 1241 et
3625 1187 3689 1241 ad
3717 1204 3804 1242 nos

2192 1276 2661 1346 ipsosjubemur.
2683 1276 2743 1329 ln
2767 1274 2981 1345 quibus
3008 1275 3236 1329 duobus
3266 1275 3564 1346 praeceptis
3587 1279 3695 1330 tota
3716 1281 3806 1330 Lex

2194 1364 2405 1434 pendet
2434 1368 2490 1418 et
2520 1363 2818 1436 Propheta
2841 1365 3063 1435 (Matth.
3096 1381 3232 1429 XXII,
3252 1364 3560 1435 37-140).Ita
3582 1369 3708 1418 sunt
3726 1362 3810 1419 illa

2192 1454 2325 1517 tria,
2361 1454 2513 1508 Deus
2547 1470 2720 1519 unus,
2756 1452 2943 1518 solus,
2978 1470 3249 1524 magnus,
3296 1452 3549 1525 sapiens,
3582 1458 3809 1520 sanctus,

2195 1542 2419 1596 beatus.
2446 1542 2562 1597 Nos
2594 1548 2787 1596 autem
2821 1560 2889 1597 ex
2923 1543 3073 1613 ipso,
3100 1546 3156 1595 et
3186 1558 3287 1613 per
3311 1542 3522 1612 ipsum,
3544 1546 3595 1595 et
3625 1541 3678 1595 in
3708 1541 3813 1611 ipso

2197 1633 2381 1697 beati;
2409 1632 2547 1702 quia
2578 1632 2765 1703 ipsius
2797 1648 3039 1685 munere
3067 1631 3217 1685 inter
3247 1648 3352 1685 nos
3385 1630 3815 1698 unum,cumillo

2198 1725 2391 1775 autem
2420 1738 2572 1775 unus
2595 1721 3008 1791 spiritus,quia
3023 1720 3427 1792 agglutinetur
3446 1719 3635 1775 anima
3649 1724 3818 1773 nostra

2198 1810 2571 1882 posteumdﬂt
2595 1810 2762 1865 nobis
2780 1809 2995 1865 hairere
3011 1810 3124 1865 Deo
3141 1812 3356 1865 bonum
3379 1810 3627 1880 est,quia
3646 1810 3820 1881 perdet

2200 1916 2433 1955 omnem
2466 1901 2563 1971 qui
2598 1900 2920 1954 fornicatur
2950 1900 3021 1954 ab
3053 1916 3116 1954 eo
3170 1900 3339 1969 (Psal.
3375 1916 3579 1965 Lxxvn,
3609 1899 3693 1963 28,
3720 1898 3817 1963 27}.

2199 1989 2445 2060 Spiritus
2466 2006 2601 2061 ergo
2632 1993 2870 2044 sanctus
2893 2005 3199 2044 commune
3231 1988 3453 2060 aliquid
3482 1994 3568 2043 est
3589 1987 3758 2041 Patris
3773 1990 3819 2041 et

2201 2078 2347 2144 Filii,
2369 2078 2654 2149 quidquid
2677 2078 2816 2133 illud
2842 2082 2949 2133 est.
2975 2082 3045 2133 At
3066 2079 3194 2149 ipsa
3216 2076 3573 2140 communio,
3596 2076 3819 2131 consub-

2201 2168 2491 2223 stantialis
2512 2173 2569 2223 ct
2600 2174 2916 2222 cozeterna:
2944 2184 3071 2238 quae
3094 2168 3141 2221 si
3171 2166 3432 2222 amicitia
3452 2166 3823 2221 convenienter

2203 2257 2311 2312 dici
2348 2262 2555 2329 potest,
2588 2257 2850 2323 dicatur;
2884 2257 2981 2311 sed
3017 2256 3212 2327 aptius
3243 2256 3460 2310 dicitur
3488 2254 3743 2309 Charitas.
3768 2253 3823 2306 Et

2204 2347 2320 2401 haec
2350 2363 2582 2418 quoque
2638 2344 2985 2410 substantia,
3041 2345 3177 2416 quia
3211 2345 3365 2399 Deus
3419 2344 3753 2405 substantia,
3781 2345 3828 2395 et

2202 2441 2344 2492 Deus
2362 2437 2619 2505 Charitas,
2648 2434 2801 2490 sicut
2825 2436 3108 2506 scriptum
3131 2434 3265 2505 est(l
3288 2435 3454 2490 Joan.
3486 2450 3559 2502 IV,
3587 2432 3829 2503 16).Sicut

2204 2530 2396 2579 autem
2430 2524 2762 2579 substantia
2794 2522 2969 2578 simul
3003 2540 3136 2578 cum
3173 2524 3335 2579 Patre
3366 2528 3428 2578 et
3469 2521 3630 2587 Filio,
3663 2522 3736 2575 ita
3762 2520 3828 2574 si-

2205 2614 2323 2668 mul
2357 2630 2589 2686 magna,
2615 2621 2668 2668 et
2699 2612 2872 2668 simul
2893 2614 3063 2678 bona,
3088 2617 3144 2667 et
3166 2611 3345 2667 simul
3366 2616 3593 2676 sancta,
3616 2615 3666 2665 et
3687 2608 3830 2680 quid-

2204 2704 2342 2776 quid
2369 2705 2523 2758 aliud
2559 2704 2629 2758 ad
2655 2719 2717 2758 se
2738 2703 2983 2757 dicitur:
3009 2702 3284 2773 quoniam
3314 2717 3429 2757 non
3455 2700 3611 2755 aliud
3633 2704 3715 2753 est
3733 2698 3830 2753 Deo

2204 2809 2351 2864 esse,
2383 2798 2439 2849 et
2468 2792 2625 2847 aliud
2689 2808 2970 2864 magnum
3028 2808 3156 2847 esse
3191 2791 3277 2846 vel
3340 2791 3563 2845 bonum
3622 2804 3758 2853 esse,
3786 2792 3832 2841 et

2204 2888 2427 2951 caetera,
2463 2882 2614 2937 sicut
2671 2898 2851 2949 supra
2889 2880 3277 2935 ostendimus.
3329 2878 3391 2935 Si
3446 2878 3601 2934 enim
3659 2876 3832 2933 minus

2204 2988 2417 3043 magna
2446 2977 2537 3025 est
2565 2970 2644 3025 ibi
2667 2970 2919 3025 charitas
2944 2985 3121 3040 quam
3144 2968 3659 3040 sapientia,minus
3677 2980 3832 3036 quam

2203 3066 2292 3115 est
2322 3060 2581 3127 diligitur
2613 3058 2918 3131 sapientia:
2946 3057 3185 3129 aequalis
3217 3062 3305 3113 est
3326 3058 3528 3129 igitur,
3553 3061 3613 3111 ut
3643 3059 3835 3127 quanta

2204 3155 2291 3204 est
2322 3148 2605 3220 sapientia
2636 3152 2864 3203 tantum
2896 3147 3193 3219 diligatur:
3228 3150 3313 3201 est
3346 3151 3545 3201 autem
3578 3143 3835 3216 sapientia

2203 3238 2445 3310 aequalis
2481 3238 2657 3302 Patri,
2692 3238 2845 3293 sicut
2884 3254 3064 3309 supra
3093 3235 3567 3307 disputavimus:
3619 3230 3834 3304 aequalis

2203 3333 2292 3384 est
2323 3328 2503 3399 igitur
2530 3328 2707 3383 etiam
2741 3326 2993 3398 Spiritus
3025 3329 3299 3393 sanctus;
3332 3330 3391 3380 et
3432 3326 3481 3380 si
3513 3322 3757 3395 aequalis,
3785 3321 3834 3374 in

2203 3418 2477 3473 omnibus
2510 3416 2749 3487 aequalis
2794 3421 3029 3488 propter
3073 3431 3368 3469 summam
3426 3412 3834 3486 simplicitatem

2204 3524 2327 3576 quae
2358 3506 2414 3561 in
2466 3506 2565 3560 illa
2614 3505 2950 3561 substantia
2979 3510 3085 3558 est.
3150 3504 3214 3584 Et
3262 3504 3390 3558 ideo
3443 3519 3558 3558 non
3608 3499 3836 3571 amplius

2204 3613 2380 3667 quam
2414 3596 2525 3650 tria
2556 3600 2731 3659 sunt;
2764 3611 2920 3649 unus
2952 3592 3206 3665 diligens
3228 3608 3359 3646 eum
3396 3591 3498 3663 qui
3533 3592 3604 3646 de
3630 3589 3720 3644 illo
3738 3590 3851 3653 est,‘

2204 3690 2260 3740 et
2294 3702 2445 3739 unus
2478 3683 2726 3756 diligens
2759 3700 2890 3738 eum
2927 3684 2997 3738 de
3025 3698 3139 3753 quo
3172 3687 3260 3736 est
3282 3682 3412 3752 ipsa
3444 3679 3691 3736 dilectio.
3722 3678 3835 3742 Qum

2204 3774 2250 3829 si
2287 3773 2432 3828 nihil
2463 3778 2570 3839 est,
2623 3772 2912 3842 quomodo
2946 3774 3087 3826 Deus
3116 3770 3335 3826 dilectio
3365 3774 3493 3825 est?
3539 3769 3598 3825 Si
3630 3785 3735 3823 non
3764 3768 3835 3819 est

2205 3863 2553 3931 substantia,
2588 3862 2881 3935 quomodo
2912 3862 3066 3916 Deus
3099 3860 3435 3916 substantia
3465 3858 3601 3915 est?

2275 4006 2507 4062 CAPUT
2539 4006 2631 4061 VI.
2666 4036 2731 4046 —
2752 4006 2808 4060 8.
2831 4005 3105 4073 Quomodo
3135 4005 3275 4058 Deus
3308 4004 3616 4058 substantia
3631 4001 3837 4071 simplex

2205 4101 2251 4151 et
2272 4095 2589 4165 multiplex.
2615 4093 2671 4149 Si
2701 4100 2896 4148 autem
2921 4093 3096 4164 quaari
3110 4097 3201 4147 tur
3218 4093 3515 4163 quomodo
3543 4089 3775 4162 simplex
3792 4092 3837 4141 et

2205 4183 2509 4255 multiplex
2539 4184 2616 4239 sit
2646 4182 2744 4237 illa
2788 4181 3155 4247 substantia;
3218 4181 3732 4236 animadvertenda
3765 4178 3839 4231 est

2208 4274 2393 4345 primo
2410 4278 2673 4328 creatura
2690 4288 2867 4342 quare
2882 4271 2957 4325 sit
2975 4269 3468 4342 multiplex,nullo
3482 4274 3675 4325 autem
3690 4268 3837 4323 modo

2204 4380 2334 4418 vere
2352 4361 2618 4431 simplex.
2644 4361 2713 4415 Et
2730 4360 2891 4431 prius
2911 4376 3122 4437 corpus
3140 4360 3482 4414 universum
3501 4360 3701 4429 utique
3722 4371 3837 4426 par-

2204 4453 2362 4505 tibus
2380 4454 2629 4515 constat;
2667 4450 2745 4503 ita
2769 4454 2833 4502 ut
2864 4448 2940 4502 sit
2970 4448 3049 4502 ibi
3074 4447 3187 4501 alia
3208 4464 3342 4518 pars
3374 4448 3588 4517 major,
3612 4445 3719 4500 alia
3749 4442 3839 4498 mi-

2208 4558 2331 4606 nor,
2353 4546 2409 4594 et
2438 4541 2632 4609 majus
2664 4537 2737 4593 sit
2756 4538 3096 4593 universum
3118 4553 3291 4607 quam
3313 4552 3449 4607 pars
3473 4536 3739 4607 quaelibet
3754 4536 3841 4586 aut

2207 4628 2592 4701 quantalibet.
2614 4627 2759 4682 Nam
2782 4631 2838 4681 et
2868 4626 3080 4681 caelum
3101 4630 3158 4680 et
3186 4630 3338 4680 terra
3358 4629 3555 4695 partes
3573 4628 3707 4679 sunt
3724 4619 3839 4677 uni-

2206 4736 2380 4774 versae
2401 4717 2709 4772 mundanae
2732 4714 2923 4770 molis:
2960 4720 3015 4769 et
3030 4714 3153 4770 sola
3171 4720 3340 4783 terra,
3365 4719 3423 4768 et
3441 4711 3634 4768 solum
3653 4709 3837 4765 coelum

2207 4805 2740 4862 innumerabilibus
2789 4804 3052 4876 partibus
3095 4807 3342 4867 constat,
3374 4807 3432 4857 et
3480 4802 3540 4856 in
3572 4800 3735 4857 tertia
3762 4795 3841 4852 sui

2208 4902 2368 4968 parte
2400 4896 2591 4949 minor
2613 4898 2701 4949 est
2731 4909 2907 4965 quam
2926 4892 2983 4945 in
3007 4885 3294 4961 cae’tera,et
3315 4891 3371 4944 in
3394 4890 3642 4945 dimidia
3673 4888 3843 4942 minor

2208 5001 2385 5056 quam
2415 4982 2476 5037 in
2509 4988 2658 5049 tota;
2692 4985 2749 5035 et
2778 4985 2963 5036 totum
2989 4979 3192 5034 mundi
3217 4995 3427 5049 corpus
3454 4978 3607 5049 quod
3633 4975 3841 5031 duabus

2208 5072 2551 5145 plerumque
2583 5070 2846 5142 partibus
2877 5066 3156 5140 appellari
3188 5066 3429 5133 solet,id
3451 5072 3561 5136 est,
3576 5064 3774 5121 coelum
3796 5065 3842 5115 et

2208 5168 2385 5226 terra,
2415 5162 2618 5231 utique
2646 5160 2836 5230 majus
2859 5163 2946 5213 est
2963 5172 3140 5229 quam
3174 5155 3363 5210 solum
3384 5156 3593 5210 coelum
3617 5158 3713 5209 aut
3733 5150 3842 5206 sola

2208 5251 2460 5307 terra.Et
2480 5250 2537 5304 in
2562 5264 2915 5320 unoquoque
2946 5261 3184 5315 corpore
3201 5245 3357 5300 aliud
3388 5249 3476 5300 est
3495 5241 3839 5315 magnitudo,

2208 5342 2363 5397 aliud
2381 5339 2556 5405 color,
2575 5338 2730 5393 aliud
2758 5335 3167 5407 figura.Potest
3187 5333 3342 5388 enim
3362 5336 3418 5387 et
3437 5330 3723 5387 diminuta
3740 5343 3841 5382 ma-

2210 5430 2517 5503 gnitudine
2538 5442 2774 5482 manere
2792 5425 2945 5479 idem
2969 5423 3127 5479 color
3152 5423 3423 5478 eteadem
3455 5421 3663 5493 ﬁgura,
3687 5423 3740 5473 et
3754 5432 3838 5471 co-

2210 5520 2328 5575 lore
2352 5521 2577 5572 mutato
2597 5531 2831 5570 manere
2849 5514 3052 5568 eadem
3075 5513 3188 5583 ligu
3199 5528 3261 5566 ra
3278 5518 3334 5565 et
3349 5510 3549 5566 eadem
3576 5505 3839 5578 magnitu-

2211 5610 2305 5674 do,
2327 5613 2382 5663 et
2412 5609 2599 5679 ﬁgura
2629 5604 2828 5660 eadem
2850 5620 2964 5658 non
2986 5605 3255 5656 manente
3286 5605 3406 5655 tam
3428 5612 3704 5670 magnum
3726 5608 3838 5679 esse

2210 5704 2268 5754 et
2284 5678 2486 5753 eodem
2506 5695 2677 5751 modo
2694 5693 3043 5760 coloratum;
3064 5696 3120 5747 et
3141 5703 3522 5763 quaecumque
3543 5687 3658 5744 alia
3674 5678 3835 5741 simul

3608 5688 3658 5743 ia
3674 5688 3835 5741 simul
4028 5688 4029 5757 ξ
