4100 6194
315 370 434 431 933

316 502 435 558 Hoc
457 502 609 557 enim
635 500 1011 573 questionem
1036 500 1192 569 facit,
1221 500 1356 574 quia
1374 501 1658 573 scriptum
1680 506 1789 567 est,
1815 503 1969 558 Chri-

311 596 459 646 stum
487 593 583 647 Dei
614 593 890 655 virtutem,
924 594 973 647 et
1003 593 1100 646 Dei
1147 593 1476 662 sapientiam
1528 592 1573 665 (1
1608 591 1727 647 Cor.
1761 609 1801 661 ι,
1833 593 1924 663 24)
1953 608 1966 647 :

316 687 513 735 utrum
549 680 629 735 ita
659 680 736 734 sit
766 684 928 750 pater
959 680 1257 751 sapientia
1290 688 1465 753 atque
1487 681 1717 735 virtutis
1741 698 1881 746 sum,
1908 685 1971 735 ut

315 770 427 825 bac
449 768 737 842 sapientia
757 770 987 839 sapiens
1011 769 1089 824 sit
1111 786 1286 841 quam
1312 770 1537 842 genuit,
1560 775 1617 825 et
1633 771 1740 825 bac
1759 769 1971 825 virtute

317 863 715 932 potensquam
734 859 1168 929 genuit;etquia
1181 874 1415 929 semper
1426 863 1631 928 potens
1644 863 1699 913 et
1712 858 1966 928 sapiens,

318 964 552 1019 semper
574 948 777 1019 genuit
801 947 1077 1001 virtutem
1108 952 1165 1002 et
1206 948 1579 1018 sapientiam.
1631 948 1968 1002 Dixeramus

318 1036 478 1092 enim
510 1036 559 1090 si
595 1036 676 1090 ita
705 1039 814 1102 est,
849 1053 955 1090 cur
984 1052 1097 1089 non
1129 1041 1187 1090 et
1218 1036 1642 1107 magnitudinis
1664 1053 1782 1091 suae
1810 1041 1973 1106 pater

320 1125 399 1181 sit
415 1141 533 1196 qua
550 1140 802 1196 magnus
821 1130 929 1189 est,
950 1124 1297 1179 etbonitatis
1310 1142 1426 1195 qua
1439 1124 1649 1189 bonus,
1667 1124 1969 1196 etjustitiaa

321 1231 439 1287 qua
467 1215 685 1284 justus,
720 1218 776 1267 et
805 1212 919 1267 alia
948 1212 997 1268 si
1028 1230 1145 1284 qua
1175 1214 1359 1268 sunt?
1390 1220 1507 1268 Aut
1537 1213 1586 1269 si
1627 1213 1745 1268 haec
1776 1212 1973 1270 omnia

321 1303 595 1375 pluribus
614 1302 915 1358 vocabulis
940 1301 996 1357 in
1022 1303 1225 1358 eadem
1258 1303 1546 1374 sapientia
1569 1309 1625 1357 et
1654 1303 1862 1357 virtute
1886 1302 1970 1357 in-

318 1391 687 1463 telliguntur,
721 1396 783 1447 ut
812 1409 879 1447 ea
910 1391 986 1447 sit
1016 1392 1357 1461 magnitudo
1389 1409 1514 1463 quas
1547 1392 1756 1457 virtus,
1787 1409 1853 1447 ea
1880 1394 1972 1447 bo-

322 1483 480 1537 nitas
513 1498 640 1553 quas
672 1480 982 1552 sapientia,
1031 1485 1088 1536 et
1138 1498 1207 1536 ea
1262 1498 1469 1537 rursus
1526 1482 1814 1552 sapientia
1845 1498 1970 1551 qua:

321 1572 529 1636 virtus,
553 1571 706 1625 sicut
729 1571 854 1641 jam
888 1571 1307 1638 tractavimus;
1340 1570 1803 1637 meminerimus,
1838 1586 1969 1625 cum

324 1659 545 1730 aliquid
578 1658 788 1714 borum
822 1660 1079 1727 nomino,
1113 1660 1197 1715 sic
1229 1659 1633 1731 accipiendum
1662 1676 1810 1730 esse,
1835 1676 1901 1715 ac
1921 1660 1971 1715 si

325 1749 525 1805 omnia
545 1765 1018 1804 commemorem.
1042 1748 1330 1812 Qumritur
1350 1765 1485 1820 ergo
1508 1766 1580 1804 an
1606 1749 1775 1804 Pater
1796 1748 1971 1805 etiam

322 1838 593 1910 singulus
617 1838 690 1893 sit
704 1838 959 1911 sapiens,
975 1844 1150 1910 atque
1168 1838 1296 1910 ipsa
1313 1839 1422 1894 sibi
1438 1839 1562 1911 ipse
1576 1839 1883 1911 sapientia,
1900 1855 1971 1893 an

324 1930 405 1984 ita
427 1928 505 1983 sit
526 1928 762 2000 sapiens
779 1927 1072 1999 quomodo
1091 1928 1314 1986 dicens.
1332 1928 1520 1983 Verbo
1539 1928 1692 1983 enim
1711 1928 1860 1998 quod
1882 1944 1974 2000 ge-

325 2019 456 2074 nuit
476 2017 677 2073 dicens
698 2022 815 2083 est;
842 2034 955 2072 non
979 2018 1151 2073 verbo
1174 2017 1327 2088 quod
1352 2018 1661 2089 profertur,
1695 2023 1751 2073 et
1778 2022 1970 2085 sonat,

324 2111 383 2162 et
405 2106 649 2174 transit;
676 2108 774 2162 sed
797 2106 985 2162 Verbo
1008 2107 1162 2177 quod
1185 2111 1310 2161 erat
1339 2107 1492 2178 apud
1516 2106 1722 2177 Deum,
1746 2111 1802 2163 et
1822 2110 1975 2163 Deus

324 2202 451 2251 erat
471 2195 748 2262 Verbum,
781 2201 840 2252 et
860 2195 1059 2251 omnia
1080 2212 1181 2267 per
1212 2194 1404 2267 ipsum
1440 2196 1586 2252 facta
1616 2199 1757 2251 sunt
1785 2196 1971 2267 (Joan.

324 2303 361 2353 ι,
398 2287 450 2354 1,
483 2285 576 2356 3):
611 2284 800 2339 Verbo
834 2283 1042 2355 aequali
1076 2284 1209 2352 sibi,
1252 2301 1367 2356 quo
1418 2300 1651 2357 semper
1680 2288 1854 2356 atque
1887 2285 1973 2340 in-

322 2372 822 2429 commutabiliter
859 2372 1002 2427 dicit
1031 2389 1093 2427 se
1142 2373 1356 2444 ipsum.
1390 2373 1515 2428 Non
1546 2378 1636 2429 est
1664 2373 1818 2428 enim
1853 2374 1977 2445 ipse

321 2463 588 2526 verbum,
622 2462 774 2516 sicut
807 2477 910 2516 nec
944 2461 1118 2531 ﬁlius,
1145 2478 1249 2517 nec
1274 2462 1482 2534 imago.
1511 2463 1719 2517 Dicens
1741 2469 1971 2519 autem:

320 2552 578 2623 exceptis
600 2551 713 2605 illis
739 2550 1159 2623 temporalibus
1183 2552 1423 2606 vocibus
1448 2552 1564 2616 Dei,
1589 2570 1716 2623 quae
1740 2553 1799 2605 in
1818 2569 1975 2607 crea-

322 2647 458 2695 tura
488 2641 676 2705 fiunt;
712 2656 845 2694 nam
878 2646 1110 2706 sonant,
1147 2644 1203 2695 et
1230 2646 1574 2695 transeunt:
1609 2642 1811 2696 dicens
1840 2658 1976 2714 ergo

322 2730 425 2785 illo
456 2735 737 2784 coaeterno
769 2728 978 2798 Verbo,
1013 2746 1124 2784 non
1176 2729 1431 2801 singulis
1473 2730 1841 2801 intelligitur,
1876 2732 1976 2785 sed

324 2835 455 2875 cum
490 2818 616 2889 ipso
646 2817 857 2886 Verbo,
890 2818 1015 2872 sine
1056 2834 1171 2889 quo
1222 2835 1337 2872 non
1386 2823 1475 2873 est
1522 2819 1723 2889 utique
1755 2820 1976 2875 dicens.

328 2910 490 2964 Itane
520 2913 577 2963 et
606 2908 840 2978 sapiens
872 2907 1024 2962 sicut
1055 2907 1275 2973 dicens,
1322 2912 1386 2962 ut
1435 2909 1513 2963 ita
1561 2908 1639 2963 sit
1668 2909 1977 2979 sapientia,

330 2998 485 3053 sicut
515 2998 791 3062 Verbum,
816 3002 873 3052 ct
894 2996 1000 3051 hoc
1023 2996 1101 3052 sit
1124 2998 1378 3052 Verbum
1413 3013 1538 3052 esse
1564 2998 1719 3068 quod
1743 3003 1980 3054 estesse

335 3086 682 3157 sapientiam
710 3105 722 3153 ;
758 3085 866 3140 hoc
896 3085 1070 3140 etiam
1106 3102 1234 3141 esse
1280 3086 1576 3152 virtutem,
1620 3091 1684 3141 ut
1711 3087 1895 3143 virtus
1926 3092 1984 3143 et

336 3175 626 3247 sapientia
656 3180 712 3229 et
742 3174 995 3229 Verbum
1030 3175 1183 3229 idem
1233 3175 1329 3237 sit,
1365 3180 1421 3229 et
1468 3174 1702 3231 relative
1732 3177 1979 3246 dicatur,

331 3264 485 3319 sicut
502 3263 680 3318 Filius
698 3267 753 3318 et
771 3262 963 3335 imago
982 3281 994 3319 :
1016 3269 1191 3335 atque
1209 3264 1306 3319 ille
1328 3281 1441 3319 non
1461 3264 1728 3335 singulas
1752 3272 1978 3337 potens,

330 3351 419 3407 vel
444 3353 699 3424 sapiens,
725 3352 823 3407 sed
859 3369 991 3407 cum
1015 3353 1142 3424 ipsa
1163 3354 1378 3409 virtute
1400 3360 1455 3409 et
1485 3355 1771 3425 sapientia
1800 3372 1977 3427 quam

328 3442 573 3512 genuit;
608 3442 762 3495 sicut
792 3457 905 3494 non
942 3441 1211 3513 singulus
1237 3443 1457 3507 dicens,
1482 3444 1581 3499 sed
1606 3460 1669 3499 eo
1695 3444 1901 3513 Verbo,
1924 3455 1978 3499 et

326 3546 463 3584 cum
492 3546 556 3584 eo
580 3529 765 3584 Verbo
789 3530 939 3600 quod
965 3530 1204 3601 genuit;
1240 3537 1415 3602 atque
1442 3532 1520 3585 ita
1552 3549 1802 3604 magnus
1834 3549 1901 3588 ea
1920 3538 1977 3589 et

322 3635 458 3673 cum
492 3635 559 3673 ea
587 3619 988 3689 magnitudine
1030 3636 1204 3689 quam
1239 3622 1490 3692 genuit?
1520 3622 1586 3675 Et
1634 3622 1680 3675 si
1718 3638 1828 3676 non
1864 3622 1975 3678 alio

318 3724 593 3779 magnus,
627 3707 739 3762 alio
764 3708 935 3775 Deus,
971 3709 1070 3763 sed
1105 3725 1171 3763 eo
1204 3726 1454 3780 magnus
1487 3726 1602 3780 quo
1640 3714 1805 3779 Deus,
1840 3710 1977 3781 quia

320 3812 438 3849 non
472 3795 630 3850 aliud
664 3795 744 3850 illi
775 3801 1175 3868 estmagnum
1209 3813 1356 3867 esse,
1390 3796 1547 3851 aliud
1591 3797 1770 3852 Deum
1806 3816 1971 3867 esse;

319 3901 691 3956 consequens
714 3890 802 3940 est
824 3889 887 3940 ut
914 3902 1018 3940 nec
1038 3889 1184 3940 Deus
1207 3884 1499 3957 singulus,
1532 3888 1631 3941 sed
1659 3904 1727 3942 ea
1754 3892 1810 3943 et
1840 3905 1973 3943 cum

319 3988 389 4027 ea
415 3973 632 4028 deitate
648 3990 822 4045 quam
844 3973 1064 4045 genuit,
1087 3973 1250 4029 utsic
1268 3974 1345 4029 sit
1364 3974 1544 4030 Filius
1562 3976 1748 4031 deitas
1763 3976 1969 4044 Patris,

317 4061 479 4116 sicut
498 4062 789 4133 sapientia
811 4068 867 4117 et
888 4063 1071 4117 virtus
1100 4062 1304 4128 Patris,
1328 4067 1386 4117 et
1407 4063 1579 4118 sicuti
1608 4070 1695 4119 est
1716 4064 1970 4121 Verbum

316 4155 375 4205 et
402 4150 595 4223 imago
618 4152 823 4207 Patris.
854 4153 920 4206 Et
941 4151 1080 4222 quia
1102 4169 1213 4207 non
1237 4151 1394 4207 aliud
1420 4151 1501 4207 illi
1525 4163 1608 4208 est
1640 4169 1790 4220 esse,
1814 4154 1971 4210 aliud

319 4243 505 4294 Deum
529 4256 677 4311 esse,
700 4241 781 4296 ita
805 4241 881 4295 sit
901 4241 1075 4296 etiam
1101 4241 1356 4296 essentia
1373 4241 1559 4296 Patris
1579 4242 1779 4309 Filius,
1796 4243 1971 4298 sicuti

314 4335 409 4385 est
431 4329 684 4384 Verbum
710 4336 764 4385 et
788 4330 979 4401 imago
1002 4330 1151 4399 ejus.
1176 4333 1255 4383 Ac
1278 4324 1378 4400 per
1400 4329 1507 4386 hoc
1537 4331 1711 4385 etiam
1734 4338 1967 4402 excepto

315 4434 382 4474 eo
406 4419 560 4488 quod
593 4419 753 4474 Pater
776 4426 883 4485 est,
912 4435 1024 4473 non
1045 4418 1123 4472 sit
1144 4418 1363 4489 aliquid
1388 4424 1571 4485 Pater,
1594 4420 1704 4474 nisi
1730 4420 1869 4490 quia
1882 4425 1972 4477 est

313 4506 364 4561 ei
395 4506 610 4561 Filius:
637 4512 699 4561 ut
722 4524 833 4561 non
861 4513 1085 4562 tantum
1114 4507 1168 4560 id
1193 4508 1347 4577 quod
1370 4507 1583 4562 dicitur
1607 4510 1788 4575 Pater,
1813 4511 1968 4580 quod

314 4595 698 4649 manifestum
734 4601 821 4650 est
844 4612 974 4650 eum
1012 4612 1122 4649 non
1159 4595 1229 4649 ad
1265 4611 1326 4649 se
1376 4596 1594 4666 ipsum,
1629 4598 1727 4651 sed
1762 4600 1832 4653 ad
1874 4599 1969 4653 Fi-

310 4682 461 4737 lium
493 4682 730 4737 relative
751 4684 884 4748 dici,
910 4689 965 4738 et
988 4684 1115 4737 ideo
1157 4673 1381 4738 Patrem
1408 4684 1547 4754 quia
1566 4691 1653 4740 est
1673 4686 1721 4740 ei
1750 4685 1967 4755 Filius;

313 4772 417 4827 sed
446 4772 687 4827 omnino
712 4778 775 4827 ut
801 4773 878 4827 sit
899 4774 1050 4843 quod
1074 4773 1140 4827 ad
1170 4790 1230 4827 se
1256 4773 1451 4843 ipsum
1468 4778 1575 4839 est,
1597 4772 1723 4829 ideo
1743 4776 1973 4846 sitquia

311 4860 852 4932 genuitessentiam
879 4879 1067 4916 suam.
1096 4862 1257 4916 Sicut
1278 4861 1431 4915 enim
1458 4878 1706 4933 magnus
1726 4869 1832 4932 est,
1854 4881 1967 4919 non

310 4949 429 5004 nisi
454 4964 523 5004 ea
545 4966 719 5022 quam
744 4951 945 5023 genuit
967 4951 1372 5022 magnitudine
1398 4969 1410 5017 ;
1440 4951 1518 5005 ita
1538 4957 1592 5006 et
1613 4957 1701 5006 est
1723 4970 1836 5007 non
1858 4954 1968 5009 nisi

310 5056 379 5094 ea
407 5055 586 5109 quam
611 5041 813 5110 genuit
834 5040 1115 5107 essentia;
1142 5040 1276 5111 quia
1301 5056 1411 5094 non
1434 5045 1522 5095 est
1539 5040 1697 5094 aliud
1718 5041 1797 5095 illi
1818 5060 1966 5111 esse,

310 5126 476 5183 aliud
509 5143 783 5195 magnum
816 5145 961 5183 esse.
998 5128 1157 5184 Itane
1189 5129 1369 5200 igitur
1401 5133 1565 5199 pater
1594 5134 1682 5184 est
1702 5132 1969 5187 essentia:

309 5233 457 5286 sum,
484 5217 638 5271 sicut
662 5222 825 5288 pater
840 5221 930 5272 est
944 5217 1371 5289 magnitudinis
1386 5234 1526 5281 suae,
1541 5216 1694 5273 sicut
1707 5224 1970 5289 paterest

308 5306 550 5361 virtutis
567 5322 632 5361 ac
652 5308 948 5378 sapientia
968 5307 1126 5362 suae?
1144 5307 1355 5361 Eadem
1372 5306 1585 5377 quippe
1597 5308 1725 5377 ejus
1740 5309 1967 5381 magni-

310 5395 456 5449 tudo
484 5411 608 5464 quae
638 5395 843 5464 virtus,
868 5402 923 5451 et
945 5397 1147 5452 eadem
1171 5394 1426 5451 essentia
1450 5412 1577 5466 quae
1602 5397 1964 5467 magnitudo.

381 5520 437 5573 2.
472 5519 601 5575 Haec
631 5520 956 5592 disputatio
990 5527 1125 5576 nata
1155 5526 1244 5575 est
1274 5536 1344 5575 ex
1393 5537 1459 5577 eo
1492 5520 1645 5591 quod
1680 5502 1964 5593 scriptum

315 5612 424 5675 est,
461 5608 738 5664 Christum
766 5626 893 5666 esse
922 5612 1022 5666 Dei
1050 5611 1314 5665 virtutem
1364 5616 1414 5664 et
1463 5610 1566 5664 Dei
1610 5612 1962 5680 sapientiam.

316 5697 683 5772 Quapropter
703 5698 759 5754 in
783 5714 880 5755 eas
902 5699 1206 5774 angustias
1228 5714 1417 5755 sermo
1450 5702 1798 5783 coarctatur,
1829 5717 1963 5762 cum

1692 365 1924 430 LIBER
1968 369 2384 433 SEPTIMUS.

3604 374 3723 437 934

2074 502 2390 559 ineffabilia
2407 505 2509 559 fari
2525 506 2815 577 cupimus,
2836 506 3583 563 utautdicamusChristum
3604 524 3718 563 non

2076 607 2203 646 esse
2231 592 2325 647 Dei
2348 593 2613 649 virtutem
2640 599 2697 649 et
2721 597 2813 650 Dei
2839 596 3208 667 sapientiam,
3233 596 3721 669 atqueitaimpu-

2076 680 2278 735 denter
2298 688 2353 736 et
2383 682 2561 754 impie
2590 684 2934 739 resistamus
2961 684 3263 755 Apostolo:
3299 692 3399 739 aut
3423 685 3718 741 Christum

2076 769 2311 839 quidem
2336 774 2429 825 Dei
2444 772 2714 827 virtutem
2732 780 2787 828 et
2800 774 2897 827 Dei
2913 773 3261 844 sapientiam
3276 790 3402 829 esse
3417 775 3720 845 fateamur,

2078 859 2177 912 sed
2194 860 2322 928 ejus
2342 859 2569 916 Patrem
2593 878 2704 915 non
2724 879 2849 917 esse
2866 868 3089 934 patrem
3105 862 3336 918 virtutis
3350 869 3405 918 et
3422 864 3721 934 sapientiai

2078 963 2215 1013 suae.
2234 950 2389 1018 quod
2405 966 2516 1003 non
2538 951 2730 1005 minus
2745 952 2990 1022 impium
3006 952 3204 1019 est;sic
3218 952 3373 1006 enim
3392 969 3496 1008 nec
3509 953 3723 1009 Christi

2075 1036 2186 1089 erit
2210 1041 2391 1104 pater,
2415 1039 2555 1108 quia
2575 1038 2839 1094 Christus
2870 1040 2970 1095 Dei
3001 1040 3183 1095 virtus
3222 1044 3277 1096 et
3306 1041 3403 1096 Dei
3437 1042 3726 1113 sapientia

2081 1129 2171 1179 est
2199 1143 2211 1180 :
2236 1131 2336 1180 aut
2357 1144 2469 1180 non
2494 1144 2621 1182 esse
2646 1128 2869 1183 Patrem
2892 1129 3101 1184 virtute
3133 1146 3240 1184 sua
3272 1135 3588 1201 potentem,
3626 1148 3724 1187 ne-

2083 1229 2196 1284 que
2227 1214 2512 1285 sapientia
2544 1233 2650 1270 sua
2680 1216 3004 1287 sapientem
3033 1236 3045 1285 ;
3081 1220 3233 1289 quod
3259 1220 3392 1290 quis
3414 1220 3625 1275 audeat
3646 1220 3728 1275 di-

2076 1318 2204 1357 cere
2221 1303 2521 1359 ?autaliud
2542 1305 2598 1360 in
2619 1305 3207 1379 Patreintelligiesse,
3223 1308 3381 1362 aliud
3397 1309 3724 1379 sapientem

2076 1407 2224 1457 esse,
2260 1400 2322 1446 ut
2354 1411 2465 1448 non
2500 1394 2609 1449 hoc
2637 1395 2762 1466 ipso
2786 1395 2863 1449 sit
2895 1414 3011 1464 quo
3044 1397 3279 1467 sapiens
3308 1403 3434 1465 est;
3469 1399 3621 1469 quod
3653 1400 3726 1454 de

2076 1480 2275 1536 anima
2304 1482 2547 1553 intelligi
2579 1483 2746 1550 solet,
2780 1501 2905 1555 quae
2938 1484 3083 1539 alias
3116 1486 3419 1558 insipiens,
3454 1488 3599 1543 alias
3631 1505 3728 1544 sa-

2075 1570 2242 1639 piens
2264 1575 2372 1637 est,
2396 1572 2549 1627 velut
2570 1577 2780 1627 natura
2802 1572 3127 1641 mutabilis,
3150 1580 3207 1629 et
3224 1592 3338 1629 non
3354 1593 3584 1631 summe
3605 1594 3731 1648 per-

2077 1658 2339 1730 fectaque
2361 1659 2608 1732 simplex
2631 1680 2642 1716 :
2668 1668 2768 1716 aut
2792 1666 3021 1717 Patrem
3046 1679 3161 1718 non
3184 1680 3312 1719 esse
3333 1664 3554 1737 aliquid
3577 1666 3646 1721 ad
3669 1682 3731 1721 se

2077 1746 2295 1818 ipsum,
2331 1754 2386 1804 et
2422 1767 2531 1804 non
2566 1750 2754 1805 solum
2791 1752 2943 1822 quod
2985 1751 3152 1807 Pater
3199 1758 3306 1822 est,
3356 1754 3454 1809 sed
3489 1755 3728 1810 omnino

2078 1837 2233 1908 quod
2266 1843 2373 1909 est,
2408 1839 2479 1893 ad
2527 1839 2734 1894 Filium
2789 1840 3027 1895 relative
3074 1841 3210 1897 dici.
3262 1844 3561 1906 Quomodo
3592 1858 3729 1917 ergo

2079 1925 2342 1996 ejusdem
2369 1927 2633 1982 essentize
2654 1927 2832 1983 Filius
2851 1928 3021 1999 cujus
3043 1929 3227 2000 Pater,
3250 1932 3727 2003 quandoquidem

2079 2015 2148 2069 ad
2174 2030 2236 2069 se
2259 2015 2476 2087 ipsum,
2503 2032 2607 2071 nec
2629 2017 2887 2072 essentia
2906 2021 3014 2084 est,
3040 2034 3144 2073 nec
3176 2019 3414 2075 omnino
3445 2025 3534 2075 est
3564 2021 3635 2076 ad
3669 2036 3730 2075 se

2078 2103 2273 2174 ipsum
2285 2147 2298 2172 ,
2312 2104 2411 2159 sed
2427 2104 2601 2160 etiam
2616 2121 2747 2161 esse
2759 2107 2827 2160 ad
2837 2104 3047 2161 Filium
3064 2105 3145 2161 illi
3161 2112 3249 2163 est
3266 2108 3525 2163 PAtenim
3540 2108 3728 2164 multo

2080 2191 2267 2263 magis
2286 2192 2460 2247 unius
2483 2194 2866 2265 ejusdemque
2889 2195 3175 2261 essentim,
3200 2196 3339 2267 quia
3361 2214 3477 2251 una
3498 2199 3733 2253 eadem-

2078 2298 2191 2352 que
2204 2281 2458 2337 essentia
2470 2283 2634 2339 Pater
2647 2290 2704 2338 et
2719 2283 2900 2340 Filius
2917 2302 2929 2351 ;
2947 2301 2978 2356 q
2994 2285 3430 2357 uandoquidem
3444 2286 3599 2341 Patri
3616 2304 3729 2343 non

2080 2370 2151 2425 ad
2185 2388 2246 2425 se
2278 2371 2469 2441 ipsum
2503 2376 2591 2426 est
2620 2372 2816 2444 ipsum
2849 2389 2996 2437 esse,
3028 2373 3127 2427 sed
3158 2374 3229 2429 ad
3264 2373 3493 2441 Filium,
3528 2379 3726 2443 quam‘

2079 2459 2395 2514 essentiam
2429 2460 2650 2532 genuit,
2685 2465 2741 2516 et
2773 2478 2889 2532 qua
2919 2461 3176 2517 essentia
3198 2468 3287 2518 est
3307 2464 3591 2536 quidquid
3618 2469 3727 2520 est.

2079 2548 2295 2604 Neuter
2314 2565 2450 2621 ergo
2474 2551 2541 2604 ad
2569 2567 2629 2605 se
2651 2556 2759 2616 est,
2788 2556 2849 2604 ut
2871 2557 3112 2623 uterque
3135 2553 3203 2607 ad
3230 2552 3473 2608 invicem
3495 2552 3728 2609 relative

2081 2636 2295 2692 dicitur
2310 2655 2322 2692 :
2338 2655 2409 2691 an
2428 2638 2767 2695 Patersolus
2784 2657 2894 2694 non
2911 2639 3100 2696 solum
3116 2642 3271 2712 quod
3294 2646 3462 2697 Pater
3493 2643 3725 2713 dicitur,

2083 2727 2181 2781 sed
2206 2727 2443 2781 omnino
2465 2728 2753 2799 quidquid
2778 2729 2992 2783 dicitur
3014 2729 3246 2785 relative
3268 2731 3338 2785 ad
3362 2730 3568 2785 Filium
3591 2731 3736 2787 dici-

2083 2818 2217 2881 tur;
2242 2813 2336 2870 ille
2357 2820 2551 2870 autem
2574 2816 2788 2871 dicitur
2808 2822 2864 2872 et
2885 2818 2955 2871 ad
2982 2834 3043 2873 se
3063 2817 3090 2872 ?
3120 2822 3176 2873 et
3207 2818 3287 2873 ita
3317 2823 3423 2885 est,
3459 2820 3600 2890 quid
3640 2819 3730 2874 di-

2085 2904 2235 2958 citur
2257 2905 2326 2958 ad
2350 2906 2473 2960 se“?
2494 2922 2565 2958 an
2602 2905 2729 2977 ipsa
2768 2906 3068 2962 essentia?
3108 2908 3207 2962 sed
3253 2907 3439 2962 Patris
3480 2909 3737 2965 essentia

2085 2992 2731 3061 estFilius,sicutPatris
2744 2996 2929 3051 virtus
2942 3000 2997 3050 et
3010 2996 3736 3067 sapientia,sicutVerbum

2086 3083 2272 3136 Patris
2295 3088 2351 3137 et
2371 3083 2565 3155 imago
2590 3085 2777 3138 Patris
2799 3101 2810 3140 :
2838 3089 2938 3139 aut
2959 3085 3006 3140 si
3030 3086 3305 3152 essentia,
3342 3086 3557 3141 dicitur
3577 3088 3647 3142 ad
3673 3104 3734 3143 se

2086 3170 2286 3239 Filius,
2322 3175 2490 3226 Pater
2520 3178 2713 3227 autem
2748 3190 2861 3228 non
2912 3182 2997 3227 est
3046 3174 3322 3241 essentia,
3372 3175 3472 3229 sed
3505 3176 3733 3248 genitor

2084 3261 2368 3329 essentiae,
2404 3278 2517 3315 non
2550 3266 2639 3316 est
2669 3266 2861 3316 autem
2896 3262 2965 3316 ad
2999 3279 3060 3318 se
3110 3263 3325 3334 ipsum,
3368 3264 3468 3318 sed
3501 3266 3571 3320 ad
3605 3264 3734 3337 ipsa

2082 3352 2335 3405 essentia
2364 3366 2539 3421 quam
2571 3350 2793 3422 genuit,
2826 3350 2976 3405 sicut
3008 3351 3115 3406 hac
3161 3350 3290 3423 ipsa
3332 3354 3731 3425 magnitudine

2083 3455 2335 3509 magnus
2357 3455 2531 3509 quam
2559 3439 2796 3511 genuit;
2822 3456 2957 3511 ergo
2979 3446 3036 3494 et
3058 3440 3400 3513 magnitudo
3423 3442 3639 3497 dicitur
3659 3443 3729 3497 ad

2082 3544 2143 3583 se
2167 3528 2368 3591 Filius,
2396 3544 2532 3599 ergo
2562 3535 2616 3582 et
2648 3528 2852 3595 virtus,
2886 3535 2942 3583 et
2972 3530 3278 3600 sapientia,
3311 3536 3367 3585 et
3396 3530 3652 3586 Verbum
3678 3536 3734 3586 et

2080 3616 2294 3687 imago.
2324 3616 2470 3681 Quid
2504 3622 2697 3671 autem
2732 3617 3062 3682 absurdius,
3096 3636 3271 3689 quam
3308 3619 3623 3691 imaginem
3658 3621 3731 3676 ad

2080 3723 2141 3760 se
2172 3706 2285 3759 dici
2306 3704 2333 3757 ?
2363 3708 2475 3758 Aut.
2506 3706 2551 3760 si
2588 3722 2698 3760 non
2736 3706 2990 3776 idipsum
3025 3711 3113 3762 est
3143 3707 3335 3779 imago
3366 3713 3423 3763 et
3443 3710 3725 3774 Verbum,

2079 3794 2230 3864 quod
2265 3798 2354 3848 est
2386 3794 2569 3848 virtus
2609 3799 2664 3848 et
2710 3795 3017 3866 sapientia,
3069 3797 3169 3850 sed
3221 3795 3319 3850 illa
3368 3796 3601 3852 relative
3635 3798 3723 3851 di-

2079 3886 2310 3948 cuntur,
2347 3882 2465 3937 haec
2495 3887 2689 3938 autem
2722 3885 2791 3938 ad
2818 3900 2901 3951 se,
2926 3900 3039 3938 non
3062 3884 3133 3939 ad
3157 3883 3317 3939 aliud
3343 3903 3355 3954 ;
3380 3885 3585 3956 incipit
3605 3902 3720 3941 non

2078 3988 2145 4027 ea
2174 3971 2461 4043 sapientia
2489 3988 2666 4043 quam
2698 3973 2918 4045 genuit,
2952 3972 3184 4045 sapiens
3215 3990 3342 4029 esse
3375 3974 3556 4043 Pater,
3581 3976 3721 4048 quia

2078 4077 2193 4115 non
2230 4065 2417 4131 potest
2446 4060 2569 4131 ipse
2600 4061 2669 4115 ad
2704 4078 2831 4116 eam
2864 4061 3097 4117 relative
3128 4062 3264 4132 dici,
3299 4069 3353 4117 et
3375 4062 3476 4118 illa
3494 4064 3563 4118 ad
3588 4081 3723 4119 eum

2078 4148 2312 4204 relative
2346 4166 2458 4203 non
2492 4149 2625 4204 dici.
2660 4150 2869 4206 Omnia
2900 4151 3055 4206 enim
3087 4168 3214 4222 qua:
3255 4152 3489 4208 relative
3521 4153 3731 4209 dicun-

2078 4243 2192 4307 tur,
2228 4239 2297 4293 ad
2332 4239 2577 4293 invicem
2612 4240 2909 4294 dicuntur.
2962 4240 3164 4296 Restat
3212 4242 3409 4312 itaque
3462 4248 3524 4297 ut
3554 4242 3731 4297 etiam

2078 4327 2334 4383 essentia
2362 4327 2542 4382 Filius
2575 4328 2809 4384 relative
2851 4329 3083 4384 dicatur
3111 4330 3180 4384 ad
3230 4334 3482 4385 Patrem.
3516 4332 3594 4385 Ex
3618 4348 3734 4400 quo

2079 4416 2390 4471 conficitur
2420 4416 2930 4486 inopinatissimus
2961 4433 3194 4486 sensus,
3229 4424 3292 4472 ut
3322 4419 3450 4489 ipsa
3477 4419 3735 4475 essentia

2080 4522 2194 4559 non
2229 4505 2305 4559 sit
2333 4504 2625 4560 essentia:
2670 4505 2754 4561 vel
2806 4511 2961 4561 certe
3004 4523 3136 4561 cum
3188 4506 3402 4562 dicitur
3447 4508 3724 4575 essentia,

2080 4611 2195 4648 non
2238 4593 2511 4663 essentia,
2560 4595 2657 4649 sed
2707 4593 3011 4649 relativum
3060 4595 3370 4651 indicetur.
3425 4598 3725 4661 Quomodo

2079 4699 2211 4737 cum
2246 4682 2458 4736 dicitur
2488 4682 2781 4749 dominus,
2816 4700 2930 4737 non
2975 4686 3232 4740 essentia
3278 4686 3588 4756 indicatur,
3624 4686 3725 4741 sed

2081 4770 2383 4826 relativum
2418 4772 2607 4841 quod’
2637 4773 2885 4827 refertur
2921 4774 2994 4827 ad
3044 4791 3316 4843 servum;
3366 4791 3501 4831 cum
3534 4780 3729 4830 autem

2080 4861 2251 4915 homo
2284 4859 2516 4925 dicitur,
2550 4859 2638 4915 vel
2673 4860 2894 4932 aliquid
2924 4862 3059 4929 tale,
3104 4865 3253 4935 quod
3292 4865 3363 4918 ad
3397 4881 3479 4929 se,
3513 4881 3623 4919 non
3657 4864 3727 4918 ad

2075 4948 2232 5003 aliud
2268 4948 2501 5013 dicitur,
2537 4953 2679 5004 tunc
2712 4949 3008 5005 indicatur
3057 4952 3329 5007 essentia.
3384 4953 3565 5006 Homo
3596 4967 3730 5022 ergo

2076 5053 2210 5092 cum
2235 5038 2511 5093 dominus
2534 5037 2769 5102 dicitur,
2794 5040 2918 5110 ipse
2943 5040 3116 5095 homo
3138 5041 3390 5096 essentia
3411 5045 3517 5106 est,
3543 5039 3731 5093 domi-

2075 5142 2189 5181 nus
2220 5141 2352 5181 vero
2383 5124 2618 5181 relative
2648 5126 2900 5183 dicitur:
2934 5128 3107 5183 homo
3129 5130 3282 5183 enim
3309 5128 3377 5182 ad
3405 5143 3466 5182 se
3486 5127 3720 5193 dicitur,

2075 5214 2351 5270 dominus
2385 5214 2453 5269 ad
2488 5231 2761 5283 servum;
2812 5216 2919 5272 hoc
2966 5222 3162 5271 autem
3204 5216 3358 5271 unde
3388 5214 3639 5287 agimus,
3675 5216 3722 5272 si

2074 5303 2330 5359 essentia
2359 5303 2489 5376 ipsa
2518 5302 2755 5360 relative
2786 5305 3017 5374 dicitur,
3049 5304 3303 5361 essentia
3332 5305 3460 5377 ipsa
3489 5321 3604 5359 non
3634 5308 3725 5359 est

2138 5464 2155 5499 ί
2190 5463 2303 5512 Duo
2334 5464 2458 5512 Mss.
2503 5476 2672 5525 quem.

2142 5526 2349 5593 '_F_.diti,
2379 5526 2452 5593 ad
2480 5524 2689 5593 Patrem
2713 5527 2760 5573 et
2789 5525 2864 5574 ad
2887 5540 2939 5575 se
2957 5524 2982 5575 ?
3002 5528 3050 5575 et
3079 5529 3125 5575 εἰ
3144 5528 3226 5593 ita
3258 5529 3346 5593 est,
3378 5527 3508 5593 quid
3536 5525 3730 5593 dicitur

2076 5587 2133 5661 in
2150 5588 2291 5661 filio
2321 5588 2395 5637 ad
2418 5602 2470 5636 se
2494 5586 2521 5635 7
2550 5588 2616 5637 At
2644 5588 2767 5637 Mss.
2801 5593 2982 5638 carent
3011 5591 3205 5653 verbis,
3235 5592 3308 5643 ad
3333 5586 3556 5653 Patrem,
3589 5594 3640 5641 et
3669 5588 3726 5642 in

2076 5649 2229 5701 Filio.

2140 5714 2162 5750 ³
2192 5713 2342 5772 Editi,
2375 5724 2492 5776 quo.
2524 5710 2588 5761 At
2620 5710 2764 5771 Mam,
2821 5714 2979 5783 quod.
