4100 6190
477 349 595 410 935

477 480 749 537 essentia.
774 484 897 535 Huc
921 480 1161 548 accedit,
1188 480 1326 550 quia
1350 479 1540 533 omnis
1559 480 1812 533 essentia
1830 496 1953 549 quis
1980 478 2126 532 rela-

479 572 590 625 tive
612 570 843 635 dicitur,
867 576 957 623 est
976 569 1152 623 etiam
1180 568 1399 639 aliquid
1426 574 1662 639 excepto
1688 567 1925 623 relativo
1944 584 1955 621 :
1974 568 2128 621 sicut

476 660 651 714 homo
670 659 963 721 dominus,
989 663 1043 711 et
1063 658 1235 711 homo
1256 674 1477 721 servus,
1500 661 1557 710 et
1574 659 2122 727 equusjumentum,

477 752 533 802 et
557 762 836 801 nummus
859 747 1053 811 arrha,
1081 746 1256 800 homo
1279 751 1335 801 et
1354 762 1541 816 equus
1565 752 1619 799 et
1651 762 1931 799 nummus
1964 746 2033 799 ad
2068 762 2125 801 se

476 838 770 898 dicuntur,
796 842 852 890 et
874 836 1213 890 substantia
1239 841 1377 889 sunt
1399 836 1487 889 vel
1510 834 1813 898 essentize;
1850 835 2124 889 dominus

472 943 608 981 vero
630 932 685 980 et
707 942 906 980 servus
929 926 1335 994 etjumentum
1360 929 1415 978 et
1446 923 1637 989 arrba,
1673 925 1741 978 ad
1776 923 1997 994 aliquid
2031 940 2125 978 re-

471 1013 644 1070 lative
667 1014 963 1068 dicuntur.
987 1014 1097 1067 Sed
1123 1012 1170 1068 si
1198 1030 1309 1066 non
1335 1017 1488 1067 esset
1510 1012 1703 1077 homo,
1730 1012 1782 1066 id
1809 1017 1896 1066 est
1927 1011 2125 1083 aliqua

471 1103 821 1171 substantia,
844 1118 958 1157 non
975 1107 1129 1156 esset
1144 1101 1243 1172 qui
1262 1100 1497 1155 relative
1512 1101 1786 1157 dominus
1803 1100 2119 1156 diceretur:

470 1197 527 1248 et
556 1193 602 1247 si
637 1209 752 1246 non
784 1198 937 1247 esset
966 1208 1153 1261 equus
1186 1191 1451 1262 quaedam
1502 1190 1776 1255 essentia,
1822 1206 1935 1243 non
1971 1193 2124 1245 esset

469 1282 623 1353 quod
653 1282 989 1350 jumentum
1026 1280 1265 1334 relative
1299 1279 1624 1333 diceretur:
1660 1279 1740 1333 ita
1770 1278 1817 1332 si
1842 1294 2121 1333 nummus

471 1388 585 1425 non
604 1377 759 1425 esset
777 1370 976 1440 aliqua
990 1370 1341 1435 substantia,
1361 1384 1467 1422 nec
1487 1368 1658 1422 arrha
1674 1372 1868 1438 posset
1886 1367 2122 1422 relative

468 1460 602 1515 dici.
640 1463 1005 1529 Quapropter
1038 1458 1085 1512 si
1120 1461 1175 1512 et
1210 1457 1371 1511 Pater
1402 1473 1513 1511 non
1564 1462 1651 1511 est
1699 1456 1919 1527 aliquid
1954 1456 2023 1509 ad
2060 1472 2121 1510 se

468 1550 685 1619 ipsum.
720 1564 831 1601 non
868 1552 955 1601 est
986 1547 1226 1601 omnino
1258 1546 1355 1617 qui
1392 1544 1623 1599 relative
1655 1546 1885 1600 dicatur
1906 1546 1975 1599 ad
2011 1545 2117 1599 ali-

466 1638 625 1708 quid.
656 1638 777 1691 Non
802 1636 980 1703 enim,
1008 1635 1161 1689 sicut
1185 1636 1255 1689 ad
1280 1634 1499 1703 aliquid
1524 1633 1847 1689 coloratum
1874 1635 2120 1688 refertur

467 1726 625 1781 color
646 1727 794 1793 ejus,
821 1742 923 1778 nec
946 1725 1182 1779 omnino
1204 1724 1274 1777 ad
1300 1740 1361 1777 se
1383 1723 1597 1777 dicitur
1618 1723 1792 1791 color,
1828 1724 1927 1777 sed
1960 1739 2116 1777 sem-

465 1832 570 1887 per
592 1814 840 1883 alicujus
866 1812 1101 1868 colorati
1128 1818 1242 1877 est;
1265 1812 1409 1865 illud
1430 1818 1624 1866 autem
1645 1812 1814 1881 cujus
1833 1816 1989 1866 color
2005 1817 2113 1879 est,

464 1904 639 1959 etiam
665 1904 712 1958 si
746 1919 811 1957 eo
843 1904 997 1972 quod
1032 1900 1344 1957 colotatum
1378 1902 1611 1971 dicitur,
1647 1902 1715 1956 ad
1742 1905 1993 1955 colorem
2026 1917 2112 1957 re-

465 1994 667 2059 fertur,
693 1997 888 2047 tamen
914 1990 967 2045 id
994 1990 1147 2061 quod
1172 2006 1383 2060 corpus
1404 1990 1635 2049 dicitur,
1664 1991 1733 2045 ad
1770 2006 1830 2044 se
1862 1989 2111 2044 dicitur:

465 2079 583 2135 ullo
612 2080 781 2134 modo
804 2079 881 2131 ita
907 2077 1231 2149 putandum
1257 2081 1343 2131 est
1366 2082 1592 2131 Patrem
1618 2094 1731 2133 non
1755 2077 1865 2132 dici
1891 2076 2113 2148 aliquid

461 2169 533 2222 ad
563 2184 622 2222 se
655 2168 874 2238 ipsum,
909 2166 1008 2221 sed
1044 2166 1329 2237 quidquid
1367 2165 1579 2220 dicitur
1608 2166 1677 2219 ad
1716 2166 1922 2220 Filium
1958 2165 2108 2233 dici;

462 2258 734 2311 eumdem
767 2273 897 2311 vero
933 2255 1142 2309 Filium
1176 2260 1232 2309 et
1258 2256 1327 2309 ad
1361 2271 1423 2309 se
1452 2254 1645 2325 ipsum
1680 2255 1815 2323 dici,
1840 2259 1896 2309 et
1916 2256 1985 2309 ad
2012 2260 2113 2309 Pa-

462 2352 631 2411 trem,
647 2362 778 2401 cum
794 2345 1005 2399 dicitur
1019 2344 1360 2414 magnitudo
1377 2345 1870 2415 magna'etyirtus
1884 2350 2108 2416 potens,

461 2436 661 2506 utique
684 2436 753 2488 ad
780 2451 841 2488 se
864 2435 1080 2503 ipsum,
1100 2439 1157 2487 et
1174 2433 1514 2503 magnitudo
1530 2440 1703 2503 atque
1716 2433 1899 2487 virtus
1916 2433 2109 2502 magni

458 2530 513 2579 et
538 2524 788 2595 potentis
814 2522 1023 2587 Patris,
1056 2539 1171 2592 qua
1207 2522 1371 2576 Pater
1402 2538 1649 2593 magnus
1682 2528 1737 2576 et
1774 2528 1975 2593 potens
1998 2527 2105 2577 est.

458 2614 583 2668 Non
609 2629 744 2683 ergo
770 2613 871 2677 ita,
898 2611 997 2665 sed
1022 2616 1338 2681 utrumque
1357 2610 1700 2680 substantia,
1721 2617 1776 2665 et
1795 2618 2109 2681 utrumque

459 2720 575 2757 una
604 2701 954 2756 substantia.
1000 2700 1164 2755 Sicut
1192 2705 1389 2754 autem
1422 2700 1742 2755 absurdum
1775 2706 1863 2753 est
1893 2700 2104 2767 dicere,

458 2792 769 2847 candidum
795 2807 909 2844 non
937 2806 1063 2844 esse
1082 2789 1389 2844 candorem
1419 2805 1431 2854 ;
1457 2789 1539 2843 sic
1570 2789 1890 2843 absurdum
1913 2799 1997 2843 est
2019 2788 2107 2843 di-

457 2896 602 2946 cere,
629 2879 950 2949 sapientem
972 2895 1085 2932 non
1105 2894 1231 2932 esse
1249 2876 1597 2948 sapientiam
1621 2878 1871 2932 :etsicut
1889 2878 2108 2932 candor

458 2969 527 3022 ad
562 2985 624 3023 se
655 2968 847 3037 ipsum
880 2967 1165 3021 candidus
1196 2966 1432 3035 dicitur,
1458 2968 1537 3021 ita
1558 2972 1612 3021 et
1633 2966 1919 3037 sapientia
1949 2968 2018 3022 ad
2044 2984 2105 3022 se

456 3060 643 3128 ipsam
677 3057 890 3110 dicitur
919 3056 1174 3125 sapiens.
1209 3056 1318 3110 Sed
1355 3057 1573 3110 candor
1597 3057 1856 3127 corporis
1878 3073 1990 3111 non
2016 3062 2105 3112 est

456 3145 741 3208 essentia;
767 3145 1045 3214 quoniam
1068 3144 1263 3213 ipsum
1288 3160 1501 3214 corpus
1523 3146 1775 3199 essentia
1797 3150 1902 3210 est,
1927 3150 1984 3199 et
2007 3144 2106 3201 illa

456 3236 586 3305 ejus
601 3233 883 3304 qualitas:
904 3233 1056 3287 unde
1070 3238 1125 3287 et
1144 3232 1214 3285 ab
1235 3249 1300 3286 ea
1319 3231 1855 3287 diciturcandidum
1872 3250 2103 3305 corpus,

456 3324 548 3377 cui
571 3339 682 3377 non
712 3322 818 3376 hoc
837 3327 925 3377 est
943 3338 1069 3376 esse
1089 3320 1241 3391 quod
1264 3320 1577 3375 candidum
1597 3337 1745 3375 esse.
1762 3321 1929 3376 Aliud
1946 3322 2102 3378 enim

454 3413 535 3467 ibi
558 3413 763 3477 forma,
785 3417 841 3466 et
858 3410 1013 3466 aliud
1036 3410 1222 3475 color;
1248 3414 1305 3463 et
1325 3415 1638 3478 utrumque
1662 3427 1773 3464 non
1793 3412 1848 3464 in
1867 3428 1928 3466 se
1952 3413 2098 3482 ipso,

457 3504 557 3556 sed
582 3501 639 3555 in
663 3502 861 3571 aliqua
884 3499 1054 3569 mole,
1080 3516 1208 3570 quae
1232 3498 1411 3553 moles
1445 3515 1545 3553 nec
1580 3500 1782 3567 forma,
1819 3517 1920 3555 nec
1947 3502 2104 3557 color

455 3596 566 3657 est,
608 3590 707 3644 sed
753 3590 1001 3644 formata
1042 3593 1099 3643 et
1136 3588 1410 3643 colorata.
1444 3588 1733 3659 Sapientia
1758 3606 1893 3644 vera
1924 3596 1979 3644 et
2008 3607 2101 3645 sa-

454 3678 618 3750 piens
640 3684 749 3749 est,
778 3684 833 3733 et
855 3694 915 3733 se
938 3679 1064 3748 ipsa
1082 3678 1315 3749 sapiens
1328 3685 1433 3733 est.
1454 3678 1809 3748 thuoniam
1826 3696 2099 3749 quaecun-

452 3784 563 3839 que
596 3768 791 3823 anima
829 3768 1271 3838 participatione
1321 3768 1616 3837 sapientia:
1668 3770 1733 3821 iit
1761 3770 2017 3838 sapiens,
2049 3770 2099 3823 si

450 3874 657 3912 rursus
688 3856 957 3927 desipiat,
992 3862 1187 3909 manet
1216 3861 1411 3911 tamen
1444 3858 1500 3911 in
1548 3874 1608 3911 se
1649 3857 1959 3927 sapientia,
1994 3875 2099 3914 nec

451 3962 582 4001 cum
600 3948 797 4000 anima
813 3945 1051 4000 fueritin
1068 3945 1899 4011 stultitiamgcommutata,illa
1914 3953 2101 4002 muta-

449 4039 580 4089 tur:
629 4052 741 4088 non
776 4034 855 4088 ita
885 4039 973 4088 est
1003 4035 1057 4087 in
1091 4051 1156 4089 eo
1189 4034 1287 4104 qui
1321 4051 1389 4089 ex
1418 4052 1484 4089 ea
1518 4035 1579 4087 t
1608 4036 1861 4105 sapiens,
1894 4052 2097 4105 quem-

452 4125 765 4178 admodum
800 4124 1018 4177 candor
1047 4123 1105 4176 in
1138 4140 1377 4194 corpore
1399 4124 1549 4193 quod
1574 4141 1640 4178 ex
1662 4124 1759 4178 illo
1781 4126 2097 4181 candidum

448 4219 557 4267 est.
583 4212 726 4266 Cum
755 4214 909 4267 enim
936 4228 1145 4283 corpus
1169 4212 1227 4265 in
1247 4212 1426 4266 alium
1446 4213 1696 4267 colorem
1717 4213 1888 4268 fuerit
1907 4221 2096 4270 muta-

447 4306 596 4369 tum,
623 4318 734 4356 non
761 4302 1013 4356 manebit
1039 4300 1394 4367 candorille,
1431 4303 1529 4356 sed
1563 4302 1801 4357 omnino
1834 4320 1961 4358 esse
1994 4306 2095 4359 de-

449 4391 618 4444 sinet.
645 4390 805 4452 Quod
830 4392 875 4445 si
901 4395 957 4445 et
981 4390 1147 4445 Pater
1169 4392 1265 4461 qui
1302 4392 1501 4461 genuit
1530 4392 1902 4462 sapientiam,
1936 4409 2004 4446 ex
2030 4410 2097 4449 ea.

447 4479 512 4532 fit
535 4479 788 4549 sapiens,
816 4496 1001 4548 neque
1024 4479 1129 4533 hoc
1152 4484 1241 4532 est
1271 4479 1351 4532 illi
1377 4496 1504 4534 esse
1527 4481 1679 4550 quod
1704 4496 1927 4551 sapere,
1952 4497 2092 4550 qua-

447 4566 580 4621 litae
602 4569 729 4637 ejus
754 4574 840 4623 est
864 4567 1042 4622 Filius
1068 4586 1079 4632 ;
1105 4584 1217 4622 non
1245 4567 1434 4637 proles
1458 4569 1604 4636 ejus,
1639 4573 1697 4622 et
1730 4586 1841 4623 non
1879 4569 1956 4623 ibi
1988 4569 2097 4623 erit

439 4656 564 4726 jam
598 4672 829 4710 summa
861 4656 1226 4726 simplicitas.
1258 4656 1367 4709 Sed
1402 4656 1553 4710 absit
1585 4661 1648 4711 ut
1699 4657 1775 4711 ita
1807 4658 1921 4724 sit;
1957 4658 2095 4729 quia

445 4761 576 4799 vere
610 4745 686 4799 ibi
720 4751 808 4800 est
839 4762 1069 4800 summe
1097 4744 1341 4815 simplex
1374 4746 1667 4799 essentia:
1704 4747 1809 4801 hoc
1840 4763 1975 4818 ergo
2006 4752 2095 4803 est

447 4833 524 4887 ibi
557 4849 685 4887 esse
706 4834 859 4903 quod
882 4850 1104 4903 sapere.
1133 4834 1293 4897 Quod
1328 4834 1377 4887 si
1409 4833 1518 4889 hoc
1548 4839 1636 4888 est
1666 4834 1743 4889 ibi
1778 4852 1906 4890 esse
1936 4837 2092 4907 quod

446 4938 789 4994 sapere,non
808 4940 908 4994 per
922 4923 1082 4977 illam
1097 4924 1443 4993 sapientiam
1462 4940 1637 4995 quam
1652 4924 2090 4995 genuitsapiens

444 5018 529 5067 est
555 5016 754 5075 Pater;
780 5012 1041 5082 alioquin
1071 5030 1183 5067 non
1214 5012 1337 5083 ipse
1360 5012 1541 5080 illam,
1567 5013 1664 5067 sed
1704 5011 1797 5065 illa
1828 5029 1959 5068 eum
1994 5031 2090 5085 ge-

447 5103 595 5158 nuit.
621 5102 765 5166 Quid
789 5102 941 5156 enim
968 5102 1124 5156 aliud
1146 5102 1417 5169 dicimus,
1438 5119 1569 5155 cum
1587 5101 2089 5165 dicimus,Hocilli

444 5198 531 5248 est
551 5209 677 5247 esse
702 5193 851 5263 quod
879 5208 1103 5263 sapere,
1142 5190 1276 5257 nisi,
1303 5192 1380 5245 Eo
1420 5196 1510 5245 est
1549 5207 1663 5261 quo
1704 5192 1937 5261 sapiens
1958 5199 2045 5247 est

444 5282 805 5353 Quapropter
828 5299 951 5352 qua:
975 5298 1150 5336 causa
1174 5281 1257 5335 illi
1281 5286 1368 5335 est
1391 5285 1452 5334 ut
1474 5280 1706 5348 sapiens
1730 5280 1824 5345 sit,
1861 5281 1987 5350 ipsa
2004 5281 2088 5336 illi

558 5439 710 5512 Apud
742 5441 822 5488 Er.
855 5442 984 5512 L_ov._
1012 5442 1371 5512 corrumpitur
1400 5452 1591 5512 sensus
1612 5438 1792 5512 addita
1810 5441 2087 5512 particula,

446 5514 585 5563 ergo,
616 5506 667 5549 et
698 5516 858 5563 prava
895 5504 1116 5553 inducta
1164 5518 1352 5552 vocum
1404 5504 1833 5564 iuterpunctione
1864 5504 1917 5551 in
1950 5504 2092 5555 hunc

446 5562 696 5611 modum:
728 5569 773 5612 et
806 5567 876 5611 ad
903 5580 955 5613 se
986 5568 1150 5618 ipsum
1200 5568 1320 5618 dici.
1349 5568 1397 5616 et
1448 5566 1520 5616 ad
1562 5565 1784 5614 Patrem.
1818 5565 1940 5616 Cum
1970 5582 2090 5618 erao

446 5576 696 5635 menum:
728 5576 773 5612 et
806 5576 876 5635 ait
903 5580 955 5613 se
986 5581 1150 5629 ipsum
1200 5576 1320 5628 dici,
1349 5576 1397 5616 et
1562 5576 1784 5614 Patrem.
1818 5576 1940 5616 cum
1970 5582 2058 5633 erg

446 5625 633 5695 diculn-
665 5628 970 5695 gnagmtiuio
996 5643 1202 5693 magna.

559 5685 731 5749 Forte,
756 5685 816 5740 in
834 5688 1066 5742 stultam.

1598 346 1697 405 DE
1742 341 2198 418 TlllNITATE,
2247 343 2309 404 S.
2358 343 2788 405 AUGUSTIN!
3706 346 3799 409 936

2235 494 2412 532 causa
2441 482 2529 531 est
2560 481 2622 529 ut
2654 477 2755 530 sit:
2791 475 3032 545 proinde
3056 473 3101 526 si
3128 472 3405 544 sapientia
3434 490 3589 544 quam
3620 480 3795 548 genuit,

2235 584 2412 621 causa
2447 566 2525 619 illi
2561 570 2648 619 est
2681 571 2744 619 ut
2793 564 3028 636 sapiens
3061 564 3155 632 sit,
3192 562 3363 616 etiam
3412 568 3471 617 ut
3498 566 3564 618 sit
3591 566 3697 636 ipsa
3734 570 3798 623 illi

2234 672 2412 709 causa
2439 661 2545 710 est.
2571 656 2728 718 Quod
2765 655 2886 707 fieri
2912 671 3021 707 non
3050 658 3259 724 potest,
3289 652 3392 705 nisi
3426 652 3679 725 gignendo
3698 674 3799 711 eum

2233 750 2333 797 aut
2356 744 2634 797 faciendo.
2660 743 2766 797 Sed
2795 759 2982 813 neque
3004 741 3364 812 genitricem,
3391 757 3558 811 neque
3578 746 3801 799 conditri-

2232 849 2353 887 cem
2389 832 2572 886 Patris
2606 832 2721 886 ullo
2748 832 2915 886 modo
2937 831 3250 902 quisquam
3276 830 3471 885 dixerit
3494 832 3801 901 sapientiam.

2230 922 2377 985 Quid
2411 922 2563 975 enim
2594 921 2903 975 insanius?
2938 920 3081 991 Ergo
3113 925 3167 974 et
3199 920 3364 973 Pater
3392 922 3539 989 ipse
3572 922 3803 990 sapientia

2230 1016 2349 1066 est:
2379 1016 2437 1065 et
2460 1010 2541 1065 ita
2572 1010 2785 1064 dicitur
2813 1009 2990 1064 Filius
3022 1008 3308 1080 sapientia
3342 1008 3533 1073 Patris,
3566 1012 3805 1079 quomodo

2230 1099 2653 1154 diciturlumen
2672 1099 2873 1166 Patris;
2895 1098 2948 1152 id
2963 1102 3069 1168 est,
3090 1101 3152 1152 ut
3169 1097 3807 1168 quemadmodumlumen

2231 1188 2559 1258 delumine,
2584 1192 2641 1243 et
2664 1194 2979 1259 utrumque
3010 1204 3194 1241 unum
3221 1186 3441 1252 lumen;
3474 1186 3551 1241 sic
3577 1186 3810 1259 intelliga-

2228 1280 2327 1331 tur
2342 1278 2629 1347 sapientia
2642 1278 2712 1331 de
2725 1277 3422 1349 sapientia,etutrumque
3437 1292 3543 1329 una
3554 1276 3810 1347 sapientia:

2229 1382 2363 1438 ergo
2394 1372 2451 1421 et
2482 1384 2599 1420 una
2656 1366 2947 1432 essentia;
2981 1366 3123 1437 quia
3174 1366 3281 1420 hoc
3327 1370 3411 1419 est
3440 1364 3514 1418 ibi
3550 1380 3663 1419 esse
3689 1366 3814 1435 quod

2229 1471 2450 1527 sapere.
2476 1456 2637 1521 Quod
2662 1456 2816 1510 enim
2841 1458 2930 1509 est
2954 1454 3252 1524 sapientiae
3278 1470 3490 1524 sapere,
3522 1458 3569 1507 et
3588 1454 3809 1523 potentiae

2229 1561 2419 1615 posse,
2452 1550 2507 1599 et
2538 1544 2839 1599 aeternitati
2874 1549 3148 1598 aeternam
3182 1559 3331 1611 esse,
3356 1542 3588 1611 justitiaa
3623 1544 3810 1612 justam

2226 1650 2373 1699 esse,
2411 1634 2800 1704 magnitudini
2837 1649 3110 1703 magnam
3141 1648 3306 1696 esse;
3353 1633 3455 1685 hoc
3484 1636 3567 1685 est
3592 1632 3813 1686 essentia;

2226 1724 2417 1793 ipsum
2450 1740 2595 1777 esse.
2646 1725 2709 1777 Et
2765 1722 2901 1793 quia
2932 1721 2989 1775 in
3048 1720 3148 1774 illa
3208 1719 3572 1791 simplicitate
3622 1736 3720 1774 non
3747 1724 3841 1802 est]

2224 1811 2383 1866 aliud
2419 1829 2623 1883 sapere
2654 1829 2831 1884 quam
2880 1826 3030 1875 esse,
3080 1810 3283 1865 eadem
3338 1809 3415 1863 ibi
3444 1809 3707 1881 sapientia
3746 1813 3817 1864 est

2226 1917 2353 1972 qua:
2390 1902 2661 1956 essentia.

2294 1990 2522 2045 CAPUT
2556 1992 2695 2045 ll.
2718 1991 2771 2044 3.
2794 1992 2958 2044 Pater
2973 1993 3025 2044 et
3041 1990 3215 2043 Filius
3234 1988 3409 2043 simul
3429 2004 3540 2042 una
3559 1987 3815 2057 sapientia,

2220 2082 2361 2134 sicut
2394 2096 2504 2135 una
2533 2082 2790 2145 essentia,
2824 2081 3039 2134 tametsi
3065 2094 3176 2133 non
3206 2078 3373 2132 simul
3412 2094 3575 2131 unum
3608 2076 3815 2130 Verbum.

2220 2169 2388 2223 Pater
2408 2168 2586 2241 igitur
2604 2174 2658 2223 et
2692 2168 2874 2223 Filius
2897 2166 3071 2222 simul
3096 2184 3211 2222 una
3232 2166 3500 2233 essentia,
3527 2172 3581 2220 et
3597 2182 3700 2219 una
3718 2181 3819 2220 ma-

2219 2258 2483 2328 gnitudo,
2519 2262 2575 2312 et
2608 2274 2723 2312 una
2758 2257 2993 2321 veritas,
3027 2261 3084 2311 et
3116 2273 3231 2311 una
3273 2253 3571 2327 sapientia.
3600 2254 3697 2308 Sed
3726 2269 3818 2307 non

2219 2350 2387 2401 Pater
2406 2353 2461 2401 et
2483 2347 2661 2401 Filius
2684 2346 2860 2401 simul
2884 2347 3056 2400 ambo
3080 2362 3262 2399 unum
3295 2345 3565 2407 Verbum,
3587 2343 3709 2413 quia
3727 2358 3821 2396 non

2219 2434 2393 2489 simul
2419 2436 2588 2490 ambo
2614 2453 2764 2490 unus
2783 2434 3319 2489 Filius.Sicutenim
3347 2433 3519 2488 Filius
3540 2432 3606 2486 ad
3629 2432 3821 2486 Patrem

2219 2524 2483 2588 refertur,
2514 2542 2627 2580 non
2660 2525 2730 2578 ad
2757 2540 2819 2579 se
2841 2524 3034 2595 ipsum
3055 2523 3299 2589 dicitur;
3334 2528 3416 2576 Ita
3442 2526 3498 2576 et
3518 2520 3746 2575 Verbum
3766 2518 3823 2573 ad

2217 2629 2351 2667 eum
2371 2615 2541 2684 cujus
2558 2614 2811 2668 Verbum
2831 2618 2919 2667 est
2937 2614 3346 2679 refertur,cum
3365 2610 3821 2666 diciturVerbum.

2219 2703 2293 2757 Eo
2324 2704 2539 2773 quippe
2577 2702 2752 2757 Filius
2792 2719 2906 2773 quo
2938 2700 3217 2765 Verbum,
3252 2704 3308 2754 et
3356 2716 3421 2755 eo
3450 2699 3688 2754 Verbum
3731 2712 3823 2767 quo

2217 2792 2416 2847 Filius.
2450 2792 2731 2855 Quoniam
2792 2791 2970 2862 igitur
3002 2792 3169 2844 Pater
3199 2795 3255 2843 et
3314 2790 3496 2844 Filius
3540 2786 3703 2842 simul
3731 2801 3825 2839 non

2217 2882 2419 2953 utique
2442 2899 2593 2935 unus
2613 2880 2814 2945 Filius,
2834 2896 3198 2949 consequens
3219 2883 3307 2934 est
3335 2883 3399 2933 ut
3420 2879 3582 2933 Pater
3600 2882 3651 2931 et
3672 2874 3823 2929 Filius

2215 2968 2391 3023 simul
2414 2985 2524 3023 non
2546 2970 2845 3022 amborum
2863 2984 3041 3021 unum
3058 2966 3715 3037 Verbum.Etprupterea
3729 2978 3824 3016 non

2214 3074 2279 3114 eo
2312 3057 2567 3113 Verbum
2600 3074 2713 3129 quo
2746 3056 3061 3127 sapientia;
3094 3056 3225 3125 quia
3258 3056 3509 3110 Verbum
3550 3070 3657 3108 non
3686 3052 3746 3107 ad
3773 3066 3824 3105 se

2214 3149 2446 3217 dicitur,
2482 3148 2579 3202 sed
2615 3152 2845 3201 tantum
2870 3144 3103 3199 relative
3133 3145 3203 3199 ad
3238 3161 3376 3199 eum
3407 3145 3572 3214 cujus
3602 3142 3825 3196 Verbum

2214 3242 2320 3303 est,
2355 3238 2506 3292 sicut
2538 3236 2716 3291 Filius
2748 3235 2819 3289 ad
2855 3235 3116 3289 Patrem:
3150 3233 3440 3305 sapientia
3487 3248 3614 3287 vero
3643 3248 3702 3285 eo
3731 3244 3826 3300 quo

2213 3326 2463 3382 essentia
2513 3326 2581 3380 Et
2608 3325 2736 3379 ideo
2768 3324 2908 3395 quia
2946 3340 3061 3377 una
3092 3323 3371 3387 essentia,
3406 3338 3522 3376 una
3553 3318 3826 3391 sapientia.

2213 3418 2496 3481 Quoniam
2531 3431 2662 3469 vero
2693 3419 2749 3468 et
2794 3412 3051 3467 Verbum
3125 3411 3417 3481 sapientia
3456 3415 3563 3478 est,
3595 3410 3684 3463 sed
3732 3423 3827 3461 non

2212 3522 2277 3559 eo
2310 3504 2563 3559 Verbum
2617 3519 2731 3573 quo
2763 3500 3077 3571 sapientia;
3131 3500 3383 3555 Verbum
3416 3500 3571 3555 enim
3605 3497 3827 3563 relative,

2213 3594 2499 3664 sapientia
2528 3590 2912 3646 essentialiter
2964 3588 3341 3660 intelligitur:
3378 3588 3434 3642 id
3468 3588 3579 3642 dici
3611 3583 3827 3655 accipia-

2214 3701 2342 3738 mus
2360 3700 2492 3739 cum
2518 3682 2731 3737 dicitur
2748 3680 3021 3742 Verbum,
3042 3697 3108 3733 ac
3131 3679 3177 3733 si
3205 3678 3459 3743 dicatur,
3484 3683 3614 3731 nata
3634 3675 3830 3745 sapien-

2211 3773 2310 3838 tia,
2348 3777 2413 3826 ut
2443 3772 2519 3827 sit
2547 3778 2603 3826 et
2632 3770 2813 3825 Filius
2830 3768 3113 3839 etimago.
3137 3767 3205 3822 Et
3224 3767 3345 3822 haec
3369 3768 3484 3822 duo
3505 3783 3633 3821 cum
3657 3764 3829 3819 dicun-

2210 3873 2324 3935 tur,
2361 3867 2416 3920 id
2448 3872 2554 3931 est,
2598 3868 2731 3918 nata
2760 3864 3059 3934 sapientia,
3094 3861 3152 3914 in
3186 3878 3300 3915 uno
3333 3877 3538 3915 eorum
3586 3874 3649 3912 eo
3695 3852 3827 3927 quod

2209 3963 2297 4013 est
2326 3966 2478 4021 nata,
2502 3959 2557 4009 et
2577 3953 2852 4017 Verbum,
2876 3956 2933 4005 et
2951 3949 3164 4020 imago,
3191 3954 3246 4003 et
3276 3948 3457 4003 Filius
3480 3948 3835 4045 intelligatur?

2209 4053 2265 4103 et
2296 4048 2352 4101 in
2386 4047 2477 4100 his
2495 4043 2770 4099 omnibus
2793 4039 3131 4095 nominibus
3154 4055 3267 4092 non
3292 4038 3635 4093 ostendatur

2208 4137 2309 4201 tia,
2342 4135 2480 4207 quia
2512 4132 2745 4187 relative
2801 4129 3105 4183 dicuntur:
3141 4136 3200 4181 at
3257 4126 3312 4180 in
3352 4127 3537 4181 altero
3567 4124 3714 4194 quod
3760 4121 3831 4174 est

2207 4226 2503 4296 sapientia,
2538 4219 2815 4292 quoniam
2868 4222 2923 4271 et
2970 4217 3037 4271 ad
3075 4233 3136 4270 se
3169 4216 3405 4282 dicitur,
3440 4232 3502 4269 se
3534 4214 3657 4285 ipsa
3696 4208 3827 4265 enim

2209 4315 2438 4385 sapiens
2471 4315 2579 4375 est,
2641 4307 2811 4362 etiam
2875 4305 3128 4360 essentia
3158 4306 3616 4368 demonstretur,
3649 4306 3701 4356 et
3743 4299 3834 4352 hoc

2207 4382 2334 4473 ejus
2366 4417 2493 4471 esse
2528 4398 2680 4469 quod
2715 4411 2932 4466 sapere.
2988 4394 3151 4448 Unde
3186 4393 3355 4447 Pater
3384 4399 3443 4447 et
3479 4392 3653 4445 Filius
3679 4382 3831 4443 simul

2208 4510 2327 4547 una
2358 4487 2662 4561 sapientia,
2697 4485 2833 4556 quia
2860 4500 2975 4537 una
3000 4483 3277 4548 essentia,
3308 4487 3367 4535 et
3397 4479 3732 4552 singillatim
3762 4490 3834 4529 sa-

2208 4580 2425 4654 pientia
2455 4578 2525 4632 de
2584 4573 2894 4646 sapientia,
2952 4571 3107 4625 sicut
3163 4572 3421 4625 essentia
3454 4572 3523 4624 de
3580 4564 3827 4622 essentia.

2208 4651 2591 4740 Quapropter,
2616 4680 2728 4717 non
2759 4661 2896 4733 quia
2916 4660 3079 4713 Pater
3111 4677 3225 4713 non
3249 4665 3335 4714 est
3363 4658 3566 4727 Filius,
3592 4661 3645 4711 et
3676 4651 3832 4709 Filius

2206 4775 2321 4814 non
2353 4761 2441 4811 est
2462 4758 2652 4816 Pater,
2677 4753 2779 4805 aut
2801 4747 2897 4802 ille
2919 4748 3235 4818 ingenitus,
3261 4746 3357 4801 ille
3382 4751 3580 4801 autem
3602 4742 3831 4816 genitus,

2206 4849 2334 4903 ideo
2368 4862 2483 4900 non
2517 4859 2633 4897 una
2658 4836 2949 4895 essentia:
2984 4836 3121 4907 quia
3144 4835 3234 4891 his
3262 4834 3604 4889 nominibus
3625 4827 3835 4886 relative

2205 4954 2406 4993 eorum
2440 4930 2845 4988 ostenduntur.
2892 4926 3143 4993 Uterque
3172 4929 3366 4979 autem
3399 4921 3582 4978 simul
3618 4936 3725 4975 una
3750 4932 3836 4971 sa-

2206 5026 2444 5099 pientia,
2464 5026 2520 5076 et
2540 5037 2655 5074 una
2676 5016 3054 5083 essentia,ubi
3076 5014 3183 5068 hoc
3199 5018 3287 5068 est
3307 5029 3439 5067 esse
3457 5010 3609 5083 quod
3632 5017 3831 5099 sapere:

2208 5091 2319 5171 non
2352 5117 2547 5167 autem
2578 5106 2753 5163 simul
2786 5111 3032 5174 uterque
3060 5102 3313 5157 Verbum
3348 5107 3454 5155 aut
3498 5099 3689 5163 Filius,
3717 5091 3835 5165 quia

2206 5222 2317 5260 non
2350 5202 2458 5257 hoc
2504 5201 2592 5253 est
2640 5211 2767 5251 esse
2800 5194 2953 5265 quod
3005 5192 3259 5247 Verbum
3295 5196 3399 5245 aut
3450 5189 3655 5243 Filium
3688 5194 3831 5238 esse:

2206 5296 2358 5350 sicut
2380 5293 2502 5358 jam
2537 5286 2681 5340 satis
2712 5282 3077 5339 ostendimus
3109 5281 3221 5335 ista
3250 5279 3487 5335 relative
3518 5276 3650 5332 dici.

2275 5379 2503 5437 CAPUT
2538 5376 2631 5430 .
2668 5406 2729 5414 -
2763 5375 2814 5427 li.
2850 5372 3153 5443 Sapientiae
3183 5370 3404 5425 nomine
3430 5384 3532 5421 cur
3556 5364 3726 5419 Filius
3751 5371 3831 5428 p0-

2205 5476 2480 5530 tissimum
2503 5468 2819 5523 insinuetur
2835 5464 2894 5517 in
2907 5461 3206 5533 Scripturis
3225 5476 3347 5514 cum
3366 5466 3420 5513 et
3431 5461 3601 5512 Pater
3612 5456 3661 5508 et
3678 5444 3831 5521 Spiri-

2317 5625 2402 5674 Sic
2431 5622 2570 5670 bene
2599 5616 2750 5667 multi
2784 5615 2905 5678 Mss.
2936 5614 3001 5664 At
3029 5613 3177 5676 editi,
3207 5611 3337 5678 ipsa.

2311 5687 2407 5739 Hic
2434 5682 2579 5753 apud
2609 5680 2735 5732 Lov.
2766 5677 3027 5742 additum,
3061 5679 3127 5727 et.
