4100 6190
270 298 390 359 937

267 440 359 487 tus
386 438 614 486 sanctus
639 433 719 486 sit
740 432 1032 503 sapientia.
1050 432 1321 503 Spiritum
1340 436 1591 487 sanctum
1611 432 1780 486 simul
1798 446 1921 484 cum

266 522 438 577 Patre
484 526 537 577 et
579 521 720 576 Filio
759 538 931 576 unam
978 524 1313 594 sapientiam
1361 538 1494 579 esse.
1554 525 1668 576 Cur
1706 535 1840 592 ergo
1868 520 1928 574 in

269 610 591 682 Scripturis
608 627 911 682 nunquam
929 612 1044 666 fere
1057 612 1127 666 de
1142 611 1436 683 sapientia
1449 610 1771 683 quidquam
1791 608 1929 665 dici-

267 703 388 767 tur,
408 700 520 755 nisi
545 704 608 754 ut
629 700 977 755 ostendatur
994 718 1026 756 a
1046 706 1158 756 Deo
1180 701 1375 771 genita
1396 700 1481 755 vel
1504 699 1929 770 creata?genita

269 788 515 853 scilicet,
540 805 641 859 per
671 805 846 860 quam
880 788 1033 845 facta
1055 794 1193 844 sunt
1214 790 1414 844 omnia
1437 805 1449 845 :
1472 794 1664 843 creata
1684 804 1819 842 vero
1840 786 1925 844 vel

272 878 447 943 facta,
499 876 651 931 sicut
684 877 741 931 in
790 876 1153 945 hominibus,
1216 894 1351 932 cum
1382 878 1453 931 ad
1486 894 1613 932 eam
1645 894 1774 949 quis
1809 894 1923 932 non

271 970 469 1021 creata
496 970 552 1020 et
584 964 755 1031 facta,
784 967 884 1021 sed
911 966 1110 1038 genita
1131 970 1239 1032 est,
1272 971 1692 1022 convertuntur
1713 970 1771 1021 et
1792 964 1923 1021 illu-

270 1054 625 1119 strantur;in
643 1053 786 1125 ipsis
800 1055 954 1109 enim
983 1055 1045 1109 lit
1059 1054 1281 1126 aliquid
1306 1056 1459 1127 quod
1473 1060 1708 1111 vocetur
1722 1070 1923 1110 eorum

270 1143 563 1215 sapientia
588 1159 600 1197 :
626 1142 713 1197 vel
747 1141 890 1197 illud
915 1143 1235 1215 Scripturis
1266 1144 1802 1216 praenuntiantibus
1826 1147 1927 1199 aut

268 1231 671 1297 narrantibus,
697 1232 853 1303 quod
881 1233 1109 1288 Verbum
1132 1249 1259 1289 caro
1288 1235 1497 1304 factum
1525 1241 1621 1301 est,
1644 1238 1696 1289 et
1716 1232 1927 1288 habita-

265 1322 350 1375 vit
369 1322 431 1374 in
454 1322 608 1375 nobis
621 1322 798 1392 (Joan.
833 1338 872 1391 1,
910 1322 994 1391 14)
1017 1340 1029 1389 ;
1055 1322 1163 1377 hoc
1188 1324 1358 1377 modo
1380 1323 1535 1379 enim
1559 1322 1826 1377 Christus
1848 1321 1923 1376 fa-

266 1413 361 1464 cta
382 1409 669 1482 sapientia
683 1414 793 1481 est,
827 1409 964 1481 quia
978 1410 1167 1466 factus
1189 1416 1278 1467 est
1298 1411 1491 1468 homo.
1519 1414 1597 1465 An
1623 1414 1926 1482 propterea

266 1514 385 1553 non
414 1498 679 1570 loquitur
708 1498 767 1553 in
795 1497 908 1553 illis
935 1498 1117 1559 Libris
1143 1498 1451 1571 sapientia,
1476 1500 1559 1555 vel
1579 1500 1647 1555 de
1671 1499 1768 1554 illa
1785 1498 1923 1553 dici-

266 1595 365 1643 tur
394 1588 641 1661 aliquid,
679 1589 793 1645 nisi
825 1592 977 1661 quod
1012 1608 1139 1646 eam
1164 1592 1234 1646 de
1266 1592 1380 1646 Deo
1410 1595 1605 1647 natam
1629 1592 1918 1656 ostendat,

264 1684 369 1733 aut
401 1679 911 1749 factam,quamvis
926 1680 1003 1734 sit
1024 1686 1077 1735 et
1097 1680 1266 1735 Pater
1288 1681 1441 1751 ipse‘
1469 1679 1921 1752 sapientia,quia

264 1767 371 1823 illa
401 1768 573 1823 nobis
596 1767 882 1839 sapientia
910 1770 1376 1824 commendanda
1395 1776 1519 1824 erat
1534 1774 1590 1825 et
1610 1769 1917 1837 imitanda,

265 1858 443 1927 cujus
477 1856 803 1912 imitatione
828 1857 1351 1913 formamur?Pater
1366 1858 1522 1913 enim
1536 1875 1662 1913 eam
1687 1858 1922 1923 dicit,ut

266 1945 529 2002 Verbum
560 1948 688 2017 ejus
720 1947 939 2015 sit;non
973 1949 1261 2018 quomodo
1283 1949 1571 2020 profertur
1594 1965 1661 2004 ex
1681 1964 1777 2003 ore
1801 1965 1921 2002 ver-

265 2036 413 2091 bum
447 2052 684 2104 sonans,
732 2042 834 2092 aut
862 2042 996 2093 ante
1025 2038 1559 2110 pronuntiationem
1592 2036 1914 2109 cogitatur:

265 2124 480 2195 spatiis
511 2123 666 2181 enim
696 2130 1025 2197 temporum
1057 2125 1165 2180 hoc
1189 2124 1694 2197 completur,illud
1722 2129 1919 2179 autem

264 2218 550 2269 aeternum
567 2212 1151 2279 est,etilluminando
1174 2215 1313 2269 dicit
1340 2214 1507 2270 nobis
1529 2219 1586 2269 et
1601 2215 1670 2269 de
1688 2230 1749 2269 se
1770 2218 1827 2269 et
1849 2214 1919 2269 de

265 2306 459 2368 Patre,
493 2303 645 2374 quod
678 2302 994 2359 dicendum
1026 2309 1117 2358 est
1145 2304 1507 2359 hominibus.
1540 2304 1791 2374 Ideoque
1814 2303 1917 2369 ait,

264 2394 431 2448 Nemo
458 2395 611 2447 novit
641 2394 871 2461 Filium,
898 2396 1011 2449 nisi
1024 2396 1227 2456 Pater;
1240 2400 1290 2450 et
1318 2412 1478 2451 nemo
1500 2398 1652 2450 novit
1674 2397 1915 2462 Patrem,

263 2483 385 2537 nisi
415 2482 607 2547 Filius,
641 2490 692 2537 et
727 2484 822 2537 cui
851 2482 1089 2539 voluerit
1118 2485 1299 2540 Filius
1330 2486 1572 2541 revelare
1600 2484 1810 2553 (Matth.
1837 2501 1916 2552 x1,

263 2570 397 2641 27):
432 2570 573 2641 quia
603 2586 704 2641 per
730 2571 939 2626 Filium
973 2572 1187 2627 revelat
1216 2573 1403 2639 Pater,
1437 2574 1494 2627 id
1525 2577 1633 2638 est,
1658 2589 1759 2645 per
1779 2573 1918 2628 Ver-

268 2661 410 2715 bum
428 2660 691 2716 suum.Si
709 2661 864 2715 enim
880 2661 988 2717 hoc
1005 2662 1244 2717 verbum
1261 2662 1414 2734 quod
1444 2678 1550 2718 nos
1569 2663 1918 2734 proferimus

266 2750 594 2821 temporale
628 2754 684 2804 et
708 2750 1133 2818 transitorium,
1166 2756 1223 2806 et
1253 2768 1314 2807 se
1344 2750 1539 2823 ipsum
1571 2752 1920 2819 ostendit,et

266 2837 417 2892 illud
447 2839 519 2893 de
545 2855 658 2910 quo
688 2836 1015 2909 loquimur;
1047 2845 1264 2910 quanto
1290 2840 1476 2911 magis
1506 2840 1761 2895 Verbum
1798 2839 1913 2908 Dei,

263 2927 537 2998 perquod
566 2926 715 2981 facta
738 2928 1299 2992 suntomnia70uod
1322 2928 1671 2984 itaostendit
1688 2928 1914 2984 Patrem

263 3015 441 3070 sicuti
474 3020 562 3071 est
593 3014 788 3071 Pater:
832 3016 972 3087 quia
1006 3021 1061 3071 et
1094 3016 1289 3088 ipsum
1340 3017 1422 3072 ita
1462 3022 1573 3083 est,
1604 3022 1662 3073 et
1691 3017 1800 3073 hoc
1828 3021 1917 3074 est

262 3104 423 3174 quod
440 3104 624 3171 Pater,
641 3104 965 3160 secundum
983 3106 1135 3176 quod
1151 3106 1438 3177 sapientia
1455 3112 1545 3162 est
1560 3111 1616 3163 et
1638 3106 1911 3163 essentia.

261 3191 410 3248 Nam
432 3194 757 3249 secundum
782 3196 933 3264 quod
954 3196 1231 3261 Verbum,
1254 3212 1368 3251 non
1389 3196 1497 3251 hoc
1517 3201 1607 3252 est
1626 3197 1780 3268 quod
1805 3196 1914 3252 Pa-

262 3286 379 3337 ter:
406 3282 550 3353 quia
578 3282 833 3337 Verbum
858 3299 972 3339 non
1006 3293 1092 3339 est
1114 3285 1302 3352 Pater,
1327 3290 1382 3341 et
1398 3285 1652 3341 Verbum
1678 3285 1914 3342 relative

260 3370 502 3436 dicitur,
528 3370 681 3426 sicut
700 3370 902 3440 Filius,
936 3374 1091 3443 quod
1125 3373 1327 3445 utique
1360 3390 1473 3429 non
1507 3379 1597 3430 est
1628 3374 1812 3430 Pater.
1848 3373 1915 3430 Et

257 3459 391 3515 ideo
422 3459 688 3515 Christus
718 3460 903 3515 virtus
934 3467 990 3515 et
1011 3462 1298 3532 sapientia
1328 3463 1453 3530 Dei,
1480 3463 1621 3534 quia
1650 3464 1721 3518 de
1743 3464 1912 3518 Patre

258 3548 543 3603 virtuteet
560 3548 1031 3621 sapientiaetiam
1060 3551 1184 3622 ipse
1209 3551 1394 3607 virtus
1424 3556 1481 3606 et
1500 3551 1786 3623 sapientia
1801 3556 1911 3619 est,

261 3638 417 3693 sicut
448 3638 646 3693 lumen
671 3640 691 3673 ²
714 3640 784 3694 de
817 3639 980 3695 Patre
1009 3639 1251 3709 lumine,
1304 3646 1360 3695 et
1409 3641 1537 3697 fons
1582 3642 1711 3697 vita:
1754 3641 1909 3712 apud

260 3726 449 3782 Deum
484 3732 738 3793 Patrem,
762 3729 963 3799 utique
988 3730 1203 3783 fontem
1222 3730 1367 3784 vitze.
1386 3731 1653 3799 Quoniam
1672 3730 1818 3802 apud
1837 3739 1907 3797 te,

260 3815 474 3887 inquit,
507 3826 585 3871 est
614 3817 740 3889 fons
756 3818 904 3885 vitze,
920 3826 972 3873 et
996 3819 1053 3872 in
1073 3818 1381 3873 luminetuo
1403 3818 1708 3874 videbimus
1728 3820 1913 3875 lumen

255 3905 429 3976 (Psat.
454 3922 619 3975 xxxv,
644 3906 758 3977 10):
785 3906 923 3978 quia
943 3909 1081 3962 sicut
1096 3908 1260 3962 Pater
1273 3907 1436 3963 habet
1451 3909 1623 3963 vitam
1644 3910 1702 3963 in
1722 3912 1913 3964 semet-

256 3995 396 4063 ipso,
428 3996 509 4049 sic
536 3994 685 4049 dedit
705 3996 845 4050 Filio
859 3995 1056 4051 habere
1078 3999 1247 4051 vitam
1268 3999 1323 4051 in
1347 4000 1632 4067 semetipso
1654 3996 1832 4068 (Joan.
1852 4014 1907 4066 v,

257 4083 385 4154 26):
409 4087 466 4137 et
493 4091 613 4138 erat
635 4084 819 4139 lumen
838 4101 1023 4140 verum
1039 4085 1179 4156 quod
1201 4085 1725 4142 ittuminutomnem
1736 4087 1911 4141 homi-

262 4188 392 4226 nem
408 4172 710 4226 venientem
723 4175 778 4227 in
793 4173 939 4228 hunc
951 4175 1237 4241 mundum,
1263 4179 1320 4230 et
1336 4174 1535 4230 lumen
1560 4174 1666 4231 hoc
1684 4176 1912 4231 Verbum

262 4264 383 4315 erat
412 4260 557 4330 apud
592 4262 788 4325 Deum;
809 4263 908 4317 sed
936 4272 987 4317 et
1012 4264 1151 4317 Deus
1180 4272 1295 4320 erat
1322 4264 1543 4320 Verbum
1568 4264 1666 4335 (Id.
1695 4282 1734 4333 1,
1756 4265 1810 4331 9,
1836 4264 1909 4336 1),

260 4349 403 4404 Deus
428 4354 623 4403 autem
657 4350 840 4404 lumen
866 4355 962 4413 est,
997 4361 1048 4407 et
1074 4354 1319 4410 tenebrw
1348 4355 1404 4407 in
1427 4370 1486 4409 eo
1502 4370 1614 4408 non
1635 4361 1763 4408 sunt
1784 4353 1913 4410 ultae

260 4439 304 4505 (Ι
333 4443 500 4494 Joan.
536 4454 576 4503 1,
606 4439 692 4505 5):
718 4438 917 4495 lumen
949 4458 1080 4496 vero
1110 4460 1223 4497 non
1256 4442 1577 4513 corporale,
1592 4443 1691 4497 sed
1727 4441 1913 4514 spiri-

259 4527 453 4582 tuale:
480 4544 667 4597 neque
697 4527 778 4584 ita
801 4530 1127 4602 spirituale,
1153 4537 1217 4586 ut
1243 4531 1671 4586 illuminatione
1693 4532 1911 4588 factum

260 4616 358 4682 sit,
391 4618 895 4687 quemadmodum
927 4618 1151 4675 dictum
1184 4625 1274 4675 est
1306 4619 1625 4690 Apostolis,
1663 4622 1755 4676 Vos
1782 4621 1913 4677 estis

255 4706 453 4760 tamen
483 4706 911 4777 mundi(Matth.
934 4725 980 4773 ν,
1002 4709 1089 4777 14)
1107 4727 1120 4777 ;
1137 4710 1236 4764 sed
1253 4711 1437 4764 tamen
1458 4710 1601 4779 quod
1620 4710 1915 4767 illuminat

258 4812 479 4850 omnem
512 4796 816 4863 hominem,
848 4814 915 4853 ea
945 4797 1075 4870 ipsa
1094 4803 1149 4853 et
1171 4815 1406 4854 summa
1431 4798 1717 4870 sapientia
1736 4799 1910 4866 Deus,

257 4884 415 4938 unde
430 4901 583 4939 nunc
598 4886 1155 4957 agimus.Sapientia
1176 4902 1313 4958 ergo
1330 4886 1514 4942 Filius
1534 4886 1603 4941 de
1625 4887 1915 4958 sapientia
1979 4948 1987 4959 ε

253 4977 451 5038 Patre,
476 4973 629 5028 sicut
660 4972 857 5030 lumen
882 4977 953 5030 de
983 4974 1229 5045 lumine,
1252 4988 1308 5030 et
1328 4976 1481 5031 Deus
1507 4976 1578 5030 de
1609 4975 1743 5044 Deo,
1771 4981 1836 5031 ut
1859 4981 1917 5032 et

257 5061 535 5133 singulus
560 5062 728 5117 Pater
759 5064 976 5131 lumen,
1000 5069 1056 5119 et
1086 5064 1357 5136 singulus
1390 5064 1569 5119 Filius
1600 5064 1799 5120 lumen
1822 5083 1835 5131 ;
1858 5070 1916 5121 et

258 5150 539 5221 singulus
562 5151 912 5222 PaterDeus,
938 5157 993 5208 et
1024 5152 1292 5225 singulas
1311 5153 1485 5208 Filius
1511 5157 1684 5209 Deus:
1712 5158 1918 5226 ergoet

257 5238 536 5311 singulus
556 5239 724 5295 Pater
736 5241 1105 5313 sapientia,et
1126 5241 1393 5313 singulus
1407 5242 1586 5297 Filius
1608 5242 1914 5313 sapientia.

258 5327 829 5401 Etsicututrumque
843 5330 1019 5385 simul
1038 5347 1218 5385 unum
1245 5329 1532 5396 lumen,et
1564 5347 1717 5385 unus
1740 5330 1914 5399 Deus,

256 5418 349 5473 sic
365 5422 685 5490 utrumque
701 5436 817 5475 una
830 5419 1135 5491 sapientia.
1151 5419 1260 5474 Sed
1281 5417 1457 5474 Filius
1476 5420 1656 5489 factus
1674 5430 1751 5476 est
1763 5422 1918 5477 nobis

316 5609 337 5643 ι
376 5604 504 5662 Sola
532 5604 642 5656 fere
674 5607 837 5657 editio
866 5608 1012 5665 Lov.,
1044 5607 1173 5668 ipsa.

300 5670 326 5710 ²
359 5678 511 5731 Lov..
540 5668 714 5722 lumen
745 5672 858 5722 Dei.
887 5667 1069 5731 Abest,
1104 5669 1212 5729 Dei,
1244 5669 1309 5719 ab
1342 5668 1456 5719 aliis
1476 5667 1643 5729 libris,

585 5793 847 5853 PATRUL.
893 5790 1074 5851 XLII.

1638 297 1865 358 LIBER
1910 296 2323 361 SEPTIMUS.

3563 305 3684 367 938

2026 433 2299 501 sapientia
2324 449 2359 488 a
2377 434 2498 503 Deo,
2531 437 2583 488 et
2596 435 2830 506 justitia
2850 437 2903 490 et
2917 435 3279 505 sanctiﬁcatio
3300 434 3348 509 (Ι
3370 436 3493 492 Cor.
3511 452 3550 502 1,
3565 436 3682 508 30),

2030 520 2168 591 quia
2196 522 2591 593 temporaliter
2614 539 2720 580 nos
2749 524 2820 579 ad
2855 540 2989 579 eum
3020 525 3438 595 convertimus,
3480 525 3535 580 id
3572 530 3681 593 est,

2029 625 2098 664 ex
2110 608 2307 681 aliquo
2320 616 2815 684 tempore,utcum
2830 613 2926 669 illo
2942 631 3286 670 maneamus
3302 614 3359 669 in
3375 618 3680 670 aeternum.

2028 697 2095 753 Et
2118 698 2243 768 ipse
2272 716 2339 755 ex
2371 701 2624 771 quodam
2657 706 2919 773 tempore
2946 704 3177 759 Verbum
3204 718 3330 758 caro
3350 704 3561 773 factum
3581 712 3678 775 est,

2026 790 2079 841 et
2102 786 2371 843 habitavit
2400 791 2461 843 in
2491 790 2668 846 nobis.

2097 876 2151 930 5.
2172 875 2480 947 Propterea
2494 878 2674 950 igitur
2691 894 2822 934 cum
2840 879 3320 951 pronuntiaturin
3336 880 3676 952 Scripturis,

2029 968 2130 1019 aut
2162 970 2467 1021 enarratur
2498 965 2717 1039 aliquid
2742 968 2812 1023 de
2834 970 3140 1041 sapientia,
3162 970 3281 1025 sive
3303 969 3530 1025 dicente
3552 971 3681 1042 ipsa

2028 1052 2289 1109 sivecum
2306 1055 2375 1109 de
2396 1054 2497 1110 illa
2509 1055 2741 1123 dicitur,
2762 1055 2942 1113 Filius
2964 1058 3133 1113 nobis
3147 1058 3521 1130 potissimum
3540 1058 3681 1115 insi-

2028 1147 2267 1199 nuatur.
2289 1144 2468 1216 Cujus
2484 1144 2758 1216 imaginis
2779 1145 3044 1217 exemplo
3071 1151 3128 1203 et
3154 1164 3259 1203 nos
3285 1163 3400 1202 non
3422 1146 3680 1204 disceda-

2029 1248 2161 1286 mus
2194 1249 2227 1286 a
2253 1232 2389 1300 Deo,
2414 1233 2554 1305 quia
2584 1238 2642 1289 et
2672 1250 2779 1289 nos
2803 1233 2995 1307 imago
3023 1236 3118 1289 Dei
3144 1251 3379 1291 sumus:
3407 1253 3520 1291 non
3547 1235 3677 1307 qui-

2027 1321 2159 1375 dem
2191 1321 2454 1391 aequalis,
2480 1322 2630 1378 facta
2669 1323 2887 1395 quippe
2917 1338 2949 1377 a
2978 1327 3148 1380 Patre
3171 1341 3274 1396 per
3296 1324 3528 1395 Filium,
3562 1341 3677 1382 non

2027 1415 2162 1464 nata
2175 1410 2245 1466 de
2261 1410 2427 1467 Patre
2443 1411 2726 1467 sicutilla.
2749 1412 2935 1467 Etnos
2963 1415 3003 1482 ι,
3019 1411 3159 1484 quia
3172 1411 3579 1469 illuminamur
3592 1414 3681 1469 lu-

2025 1498 2211 1567 mine;
2255 1498 2355 1555 illa
2377 1517 2529 1568 vero,
2562 1501 2697 1572 quia
2725 1500 2921 1556 lumen
2944 1500 3315 1558 illuminans:
3350 1506 3405 1557 et
3427 1502 3555 1559 ideo
3577 1502 3680 1560 illa

2025 1588 2150 1644 sine
2163 1588 2424 1660 exemplo
2440 1589 2606 1646 nobis
2630 1589 2961 1662 exemplum
2976 1595 3082 1646 est.
3104 1590 3302 1662 Neque
3316 1590 3471 1646 enim
3487 1590 3677 1649 imita-

2023 1679 2120 1729 tur
2132 1677 2547 1747 praecedentem
2572 1677 2830 1749 aliquem
2846 1679 2917 1733 ad
2934 1683 3170 1734 Patrem
3188 1696 3220 1733 a
3241 1695 3355 1750 quo
3370 1696 3674 1751 nunquam

2022 1765 2359 1821 estomnino
2388 1766 2749 1838 separabilis,
2774 1767 2912 1839 quia
2934 1767 3194 1839 idipsum
3220 1767 3477 1838 estquod
3496 1767 3589 1823 ille
3603 1769 3676 1823 de

2023 1870 2137 1924 quo
2152 1859 2260 1909 est.
2286 1855 2400 1910 Nos
2422 1860 2613 1911 autem
2638 1856 3216 1911 nitentesimitamur
3233 1860 3594 1923 manentem,
3617 1861 3675 1913 et

2022 1944 2329 2013 sequimur
2349 1950 2620 2012 stantem,
2652 1950 2707 2000 et
2738 1945 2794 1999 in
2814 1944 2940 2017 ipso
2971 1945 3344 2001 ambulantes
3370 1946 3670 2003 tendimus

2022 2031 2093 2086 ad
2124 2032 2353 2104 ipsum:
2388 2034 2523 2104 quia
2550 2034 2737 2089 factus
2769 2040 2857 2089 est
2888 2034 3056 2089 nobis
3086 2034 3179 2089 via
3206 2035 3548 2105 temporalis
3570 2050 3672 2107 per

2022 2119 2416 2177 humilitatem
2434 2124 2473 2191 ³,
2498 2139 2623 2193 quas
2638 2122 2865 2177 mansio
2884 2123 3053 2177 nobis
3066 2128 3281 2178 aeterna
3303 2127 3392 2179 est
3414 2140 3515 2193 per
3528 2124 3673 2179 divi-

2023 2210 2284 2264 nitatem.
2311 2212 2594 2277 Quoniam
2621 2212 2836 2283 quippe
2857 2210 3161 2281 spiritibus
3182 2211 3417 2266 mundis
3442 2210 3669 2268 intelle-

2022 2297 2335 2365 ctualibus,
2369 2299 2468 2369 qui
2501 2300 2777 2371 superbia
2798 2317 2911 2355 non
2939 2298 3087 2371 lapsi
3111 2301 3343 2369 sunt,in
3369 2300 3556 2355 forma
3572 2299 3669 2355 Dei

2020 2393 2076 2439 et
2098 2389 2207 2441 Deo
2233 2388 2471 2458 aequalis
2492 2393 2549 2444 et
2567 2395 2715 2444 Deus
2733 2387 3315 2460 praebetexemplum:
3344 2394 3408 2444 ut
3434 2405 3496 2444 se
3517 2388 3671 2445 idem

2020 2476 2351 2547 exemplum
2367 2478 2645 2533 redeundi
2662 2478 2835 2534 etiam
2851 2477 3014 2548 lapso
3028 2477 3672 2549 praeberethomini,qui

2020 2566 2703 2636 propterimmunditiam
2721 2572 3445 2638 peccatorumpoznamque
3461 2571 3673 2623 morta-

2018 2654 2202 2711 litatis
2223 2655 2407 2711 Deum
2425 2656 2615 2711 videre
2641 2672 2753 2711 non
2776 2660 3016 2727 poterat,
3038 2657 3396 2725 semetipsum
3416 2657 3670 2711 exinani-

2017 2746 2241 2809 vit,non
2261 2745 2541 2800 mutando
2563 2745 2931 2800 divinitatem
2949 2744 3248 2812 suam,sed
3264 2749 3527 2799 nostram
3545 2760 3668 2798 mu-

2016 2832 2364 2889 tabilitatem
2378 2852 2512 2890 assu
2522 2834 2730 2889 mendo
2746 2852 2758 2903 ;
2775 2837 2823 2889 et
2833 2837 3072 2902 formam
3083 2834 3228 2889 servi
3237 2831 3667 2904 accipiens(Phi—

2018 2922 2152 2995 lipp.
2178 2940 2239 2993 11,
2262 2924 2340 2995 7),
2366 2925 2511 2979 venit
2529 2923 2600 2979 ad
2624 2940 2729 2978 nos
2744 2924 2805 2977 in
2818 2923 2962 2977 hunc
2979 2922 3245 2978 mundum
3269 2922 3312 2990 (Ι
3341 2922 3485 2978 Tim.
3506 2920 3666 2992 1,15),

2018 3011 2119 3083 qui
2150 3013 2209 3067 in
2228 3012 2327 3069 hoc
2351 3012 2552 3068 mundo
2568 3011 3104 3083 erat,quiamundus
3130 3027 3228 3083 per
3247 3026 3370 3066 eum
3392 3010 3576 3082 factus
3588 3011 3668 3065 est

2018 3101 2212 3174 (Joan.
2231 3100 2835 3174 1,10);utexemplum
2855 3118 3091 3156 sursum
3115 3099 3447 3156 videntibus
3463 3098 3666 3171 Deum,

2016 3191 2346 3263 exemplum
2361 3193 2633 3247 deorsum
2649 3190 3002 3245 mirantibus
3016 3188 3670 3260 hominem,exemplum

2016 3280 2178 3336 sanis
2208 3281 2280 3336 ad
2304 3280 2788 3352 permanendum,
2813 3278 3144 3351 exemplum
3168 3278 3418 3334 inﬁrmis
3432 3278 3503 3334 ad
3523 3294 3669 3333 con-

2012 3368 2782 3441 valescendum,exemplum
2798 3372 3009 3424 moritu
3020 3369 3098 3422 ris
3116 3367 3185 3421 ad
3203 3384 3315 3421 non
3333 3366 3666 3422 timendum

2014 3459 2347 3531 exemplum
2379 3458 2627 3513 mortuis
2650 3456 2721 3512 ad
2739 3457 3169 3528 resurgendum
3192 3459 3369 3523 esset,
3401 3457 3462 3509 in
3481 3455 3661 3510 omni.

2015 3550 2113 3605 bus
2142 3551 2256 3620 ipse
2294 3549 2599 3617 primatum
2632 3554 2815 3601 tenens
2849 3544 3071 3617 (Coloss.
3112 3560 3150 3611 1,
3179 3544 3287 3613 18).
3329 3542 3473 3607 Quia
3503 3543 3661 3598 enim

2012 3638 2187 3694 homo
2201 3637 2271 3692 ad
2295 3636 2716 3691 beatitudinem
2730 3633 2894 3706 sequi
2911 3650 3024 3688 non
3050 3632 3298 3688 debebat
3321 3632 3432 3686 nisi
3448 3631 3659 3700 Deum,

2014 3730 2069 3782 et
2098 3724 2314 3781 sentire
2344 3741 2460 3779 non
2493 3726 2716 3795 poterat
2742 3723 2926 3778 Deum
2951 3738 2965 3776 :
3007 3721 3304 3791 sequendo
3334 3719 3515 3775 Deum
3551 3717 3655 3774 ho-

2014 3815 2230 3870 minem
2254 3813 2844 3885 factum,sequerelur
2865 3809 3041 3867 simul
3059 3814 3298 3879 etquem
3316 3810 3532 3864 sentire
3555 3824 3656 3881 po-

2012 3907 2181 3975 terat,
2205 3907 2261 3958 et
2290 3918 2465 3974 quem
2498 3898 2664 3971 sequi
2696 3900 2963 3955 debebat.
2988 3901 3267 3954 Amemus
3289 3913 3423 3969 ergo
3445 3912 3579 3953 eum
3604 3899 3661 3952 et

2012 3992 2406 4047 inbaareamus
2436 3990 2542 4057 illi,
2575 3988 2857 4045 cbaritate
2889 3988 3181 4043 diffusain
3216 3987 3492 4043 cordibus
3523 4002 3659 4042 nos-

2011 4080 2118 4137 tris
2151 4097 2253 4154 per
2276 4080 2557 4153 Spiritum
2575 4078 3166 4149 eanctum,quidatus
3198 4076 3465 4133 estnobis
3483 4076 3659 4148 (Rom.

2012 4188 2068 4242 v,
2089 4172 2166 4243 5).
2190 4174 2315 4225 Non
2346 4168 2527 4241 igitur
2549 4167 2786 4233 mirum,
2812 4166 2861 4222 si
2885 4171 3121 4238 propter
3149 4164 3481 4237 exemplum
3505 4164 3660 4235 quod

2014 4260 2260 4317 nobisut
2281 4259 2667 4314 reformemur
2683 4256 2753 4311 ad
2778 4254 3095 4325 imaginem
3124 4253 3217 4308 Dei
3234 4254 3448 4325 praabet
3471 4254 3662 4324 imago

2013 4349 2252 4422 aqualis
2283 4347 2459 4418 Patri,
2491 4362 2624 4401 cum
2648 4345 2719 4400 de
2746 4342 3035 4415 sapientia
3058 4342 3361 4415 Scriptura
3381 4340 3661 4413 loquitur,

2013 4441 2084 4495 de
2102 4436 2478 4508 Filioloquitu
2490 4450 2716 4505 r,quem
2740 4432 3043 4505 sequimur
3064 4431 3307 4487 vivendo
3332 4431 3659 4503 sapienter:

2014 4526 2281 4601 quamvis
2312 4531 2369 4581 et
2396 4525 2565 4579 Pater
2586 4523 2663 4579 sit
2683 4520 3153 4592 sapientia,sicut
3180 4518 3380 4575 lumen
3404 4522 3461 4575 et
3483 4518 3661 4574 Deus.

2081 4615 2397 4687 6.Spiritus
2416 4626 2649 4684 quoque
2664 4614 2904 4665 sanctus
2926 4609 3046 4665 sive
3067 4608 3143 4665 sit
3158 4624 3394 4664 summa
3410 4606 3666 4664 charitas
3692 4626 3703 4695 1

2013 4710 2332 4777 utrumque
2345 4703 2471 4772 conj
2483 4716 2705 4772 ungens
2724 4713 2946 4770 nosque
2960 4698 3430 4770 subjungens,qu
3440 4696 3512 4752 od
3535 4695 3665 4752 ideo
3702 4744 3707 4747 _

2014 4812 2131 4851 non
2162 4793 2401 4865 indigne
2425 4789 2645 4845 dicitur
2664 4786 2804 4858 quia
2825 4787 3113 4859 scriptum
3136 4791 3400 4858 est,Deus
3418 4785 3669 4841 Charitas

2014 4892 2091 4941 est
2118 4884 2163 4956 (Ι
2185 4887 2348 4940 Joan.
2383 4897 2459 4949 ιν,
2485 4880 2579 4947 8);
2626 4877 2919 4949 quomodo
2953 4893 3067 4932 non
3099 4882 3187 4933 est
3212 4876 3389 4932 etiam
3426 4874 3549 4947 ipse
3581 4890 3670 4929 sa-

2018 4971 2235 5045 pientia
2253 4989 2266 5038 ;
2285 4985 2419 5025 cum
2439 4968 2515 5023 sit
2532 4966 3037 5037 lumen,quoniam
3056 4966 3397 5021 Deustumen
3418 4961 3668 5019 est?sive

2016 5062 2127 5116 alio
2162 5061 2330 5115 modo
2353 5058 2373 5092 ⁸
2407 5054 2660 5112 essentia
2700 5055 2955 5126 Spiritus
3000 5055 3185 5110 sancti
3235 5050 3577 5124 singillatim
3600 5066 3666 5106 ac

2018 5149 2249 5222 proprie
2262 5146 2618 5203 nominanda
2631 5147 2721 5199 est
2737 5160 2749 5199 :
2776 5141 3056 5216 quoniam
3075 5147 3223 5197 Deus
3244 5136 3564 5209 est,utique
3577 5138 3666 5193 lu-

2018 5256 2151 5295 men
2170 5242 2257 5293 est
2274 5255 2290 5291 :
2306 5242 2361 5292 et
2386 5234 2664 5307 quoniam
2684 5234 2882 5289 lumen
2906 5231 3223 5302 est,utique
3246 5227 3534 5300 sapientia
3555 5229 3664 5283 est:

2018 5330 2200 5386 Deum
2224 5331 2419 5382 autem
2443 5340 2572 5381 esse
2595 5323 2881 5396 Spiritum
2909 5325 3200 5391 sanctum,
3225 5317 3527 5390 Scriptura
3554 5314 3671 5372 cla-

2084 5547 2101 5580 ι
2122 5544 2270 5594 Unus
2298 5554 2327 5589 θ
2354 5530 2621 5590 Vaticanis
2652 5537 2794 5592 Mss.,
2826 5535 2893 5583 Et
2920 5547 3011 5597 nos
3038 5532 3227 5594 lumen,
3258 5532 3400 5597 quia.

2085 5608 2249 5656 ’Lov.
2274 5602 2338 5653 ad
2372 5601 2693 5663 marginem:
2731 5617 2755 5640 ιι
2786 5595 3367 5663 Alias,_humanitatem.
3404 5615 3429 5641 ιι

2084 5671 2105 5707 ³
2126 5671 2273 5729 Lov.,
2306 5665 2424 5716 Sive
2451 5659 2572 5727 er'go
2599 5661 2691 5711 hoc
2720 5659 2883 5721 modo,
2914 5660 3018 5710 sive
3038 5660 3140 5711 alio
3167 5659 3337 5711 modo.

3272 5779 3354 5845 30
