4100 6190
533 290 652 353 939

537 430 659 483 mat
676 424 827 496 apud
850 420 1185 495 Apostolum
1213 418 1310 490 qui
1334 417 1731 483 dicit,Nescitis
1744 418 1885 489 quia
1906 417 2178 485 templnm

536 517 639 573 Dei
664 515 793 571 estis
814 515 837 566 ?
856 511 1180 581 Statimque
1202 506 1459 578 subjicit,
1486 510 1558 561 Et
1579 508 1830 578 Spiritus
1854 508 1951 561 Dei
1971 506 2182 560 habitat

538 607 599 661 in
627 604 838 675 vobis(l
862 601 986 659 Cor.
1020 616 1105 664 ιιι,
1133 598 1239 670 16).
1266 597 1419 651 Deus
1451 595 1604 651 enim
1637 595 1864 650 habitat
1886 596 1940 650 in
1965 594 2183 666 templo

540 711 665 751 suo.
702 692 824 748 Non
857 690 1010 747 enim
1044 694 1323 759 tanquam
1358 686 1630 741 minister
1661 684 1887 739 habitat
1932 684 2184 753 Spiritus

540 785 641 842 Dei
663 783 724 838 in
754 780 971 852 templo
1002 778 1122 847 Dei,
1156 793 1289 832 cum
1321 774 1434 831 alio
1474 773 1600 831 loco
1630 772 1953 829 evidentius
1994 773 2181 829 dicat:

539 874 765 931 Nescitis
794 872 928 942 quia
961 882 1189 939 corpora
1216 868 1391 919 vestra
1421 864 1685 934 templum
1715 863 1778 917 in
1803 862 1948 917 vobis
1964 863 2042 916 est
2061 859 2185 932 Spi-

539 965 683 1020 ritus
714 960 907 1025 sancti,
941 972 1100 1029 quem
1129 954 1339 1010 habetis
1367 971 1400 1008 a
1435 953 1563 1020 Deo,
1595 960 1647 1008 et
1676 968 1781 1008 non
1818 953 1946 1007 estis
1978 951 2188 1006 vestri?

542 1053 733 1124 [ηιριὶ
741 1050 887 1106 enim
907 1049 1038 1103 estis
1058 1046 1238 1117 pretio
1253 1058 1451 1112 magno
1472 1058 1489 1094 :
1515 1041 1815 1111 gloriﬁeate
1829 1040 1979 1107 ergo‘
2012 1043 2186 1093 Deum

540 1144 605 1199 in
635 1155 857 1213 corpore
884 1146 1054 1193 vestro
1084 1134 1183 1205 (Id.
1217 1150 1294 1201 v1,
1330 1132 1415 1198 19,
1446 1131 1559 1201 20).
1593 1129 1737 1193 Quid
1763 1135 1849 1184 est
1871 1133 2063 1183 autem
2093 1144 2185 1182 sa-

541 1228 899 1305 pientia,nisi
924 1226 1123 1281 lumen
1144 1221 1447 1293 spirituale
1470 1224 1527 1275 et
1550 1215 2025 1273 incommutabile
2046 1214 2187 1305 ?Est

540 1303 696 1378 enim
729 1323 785 1372 et
813 1314 897 1370 sol
927 1314 1034 1368 iste
1056 1311 1276 1376 lumen,
1311 1308 1409 1363 sed
1454 1305 1751 1378 corporale
1778 1310 1892 1373 est;
1934 1310 1989 1362 et
2009 1303 2185 1375 spiri-

540 1407 717 1466 tualis
748 1409 1015 1461 creatura
1043 1400 1267 1464 lumen,
1290 1398 1391 1453 sed
1428 1413 1541 1452 non
1565 1393 2185 1450 incommutabile.Lu-

541 1515 675 1556 men
705 1511 839 1566 ergo
865 1497 1051 1557 Pater,
1076 1488 1272 1543 lumen
1298 1486 1499 1553 Filius,
1535 1484 1730 1540 lumen
1763 1484 2018 1554 Spiritus
2049 1499 2186 1538 san-

540 1591 698 1644 ctus:
722 1581 900 1641 simul
914 1585 1104 1636 autem
1132 1593 1244 1631 non
1258 1575 1369 1629 tria
1387 1573 1737 1639 lumina,sed
1760 1589 1940 1627 unum
1961 1572 2181 1626 lumen.

541 1678 611 1734 Et
638 1676 767 1729 ideo
798 1669 1087 1742 sapientia
1116 1670 1304 1734 Pater,
1339 1661 1630 1735 sapientia
1663 1661 1864 1729 Filius,
1900 1658 2187 1731 sapientia

542 1764 798 1837 Spiritus
828 1761 1105 1815 sanctus:
1138 1760 1195 1810 et
1223 1752 1397 1808 simul
1428 1768 1539 1806 non
1574 1756 1693 1805 tres
1734 1748 2050 1821 sapientiae,
2084 1749 2182 1803 sed

544 1871 660 1911 una
680 1848 1002 1924 sapientia:
1028 1850 1085 1901 et
1116 1843 1252 1916 quia
1284 1841 1390 1897 hoc
1408 1847 1496 1896 est
1526 1840 1604 1895 ibi
1627 1855 1754 1896 esse
1779 1839 1933 1910 quod
1960 1853 2183 1909 sapere,

520 1948 661 2000 “una
690 1937 943 1998 essentia
963 1935 1129 1990 Pater
1150 1938 1205 1987 et
1234 1929 1414 1985 Filius
1439 1935 1495 1985 et
1525 1926 1780 2001 Spiritus
1801 1925 2184 1982 sanctus.Nec

543 2033 702 2090 aliud
725 2033 815 2087 est
845 2027 921 2082 ibi
944 2040 1071 2080 esse
1101 2037 1276 2093 quam
1306 2021 1481 2074 Deum
1502 2033 1666 2073 esse:
1693 2032 1845 2071 unus
1871 2031 2008 2087 ergo
2030 2014 2185 2069 Deus

541 2127 713 2178 Pater
741 2122 798 2174 et
824 2115 1001 2170 Filius
1031 2117 1089 2167 et
1118 2110 1371 2181 Spiritus
1404 2110 1668 2162 sanctus.

612 2206 845 2266 CAPUT
876 2201 967 2259 IV.
1013 2200 1147 2253 --7.
1190 2199 1305 2266 Qua
1336 2198 1653 2251 necessitate
1686 2195 1861 2249 Graeci
1881 2200 1990 2247 tres
2011 2192 2184 2264 hypo-

540 2307 713 2356 stases
742 2293 1024 2356 dixerint;
1050 2289 1233 2345 Latini
1242 2292 1369 2355 ,tres
1387 2282 1959 2356 personasScriptura
1982 2281 2185 2334 nultibi

542 2388 680 2444 dicit
711 2394 818 2441 tres
844 2394 1107 2454 personas
1137 2381 1197 2431 in
1226 2376 1349 2430 Deo.
1381 2375 1579 2443 Itaque
1603 2369 1878 2442 loquendi
1906 2385 2084 2424 causa
2114 2369 2185 2423 de

543 2472 960 2535 ineil'abilihus,
994 2472 1057 2523 ut
1087 2465 1194 2520 fari
1225 2462 1420 2533 aliquo
1456 2460 1626 2515 modo
1654 2461 1994 2531 [possemus,
2029 2457 2181 2529 quod

545 2564 705 2623 ell'ari
728 2560 887 2617 nullo
918 2556 1087 2613 modo
1116 2567 1450 2625 possumus,
1504 2550 1722 2604 dictum
1758 2552 1847 2602 est
1897 2565 1929 2602 a
1968 2546 2185 2603 nostris

545 2652 759 2711 Grecis
792 2666 909 2706 una
936 2642 1211 2710 essentia,
1234 2646 1352 2695 tres
1380 2637 1720 2695 substantiae
1746 2653 1756 2692 :
1784 2654 1817 2691 a
1840 2635 2060 2691 Latinis
2083 2653 2184 2691 au-

544 2749 684 2812 tem,
711 2756 826 2795 una
842 2734 1099 2793 essentia
1113 2730 1200 2786 vel
1224 2746 1288 2785 su
1298 2726 1697 2795 bstantia,tres
1712 2742 2000 2797 personas;
2027 2724 2183 2797 quia,

546 2833 700 2889 sicut
721 2830 846 2901 jam
878 2823 1155 2887 diximus,
1188 2835 1303 2873 non
1334 2815 1501 2871 aliter
1530 2816 1587 2869 in
1621 2830 1888 2869 sermone
1904 2812 2185 2884 nostro,id

545 2926 654 2988 est,
686 2918 888 2983 latino,
921 2908 1174 2969 essentia
1204 2922 1381 2979 quam
1414 2903 1741 2959 substantia
1770 2902 1917 2957 solet
1940 2901 2187 2973 intelligi

545 3009 685 3083 (Lib.
708 3008 764 3075 5,
787 3021 940 3076 capp.
973 3002 1028 3067 2,
1060 2999 1137 3069 8).
1190 2996 1257 3050 Et
1297 2995 1434 3083 dum
1486 2991 1848 3083 intelligatur
1895 2989 2099 3083 saltem
2126 2990 2185 3045 in

546 3078 853 3168 aanigmate
884 3089 1036 3163 quod
1070 3081 1530 3153 dicitur,placuit
1556 3080 1637 3134 ita
1660 3080 1867 3145 dici,ut
1898 3078 2189 3134 diceretur

547 3184 767 3257 aliquid
800 3197 933 3239 cum
954 3178 1308 3250 quaereretur
1328 3170 1468 3241 quid
1494 3168 1755 3235 triasint,
1781 3184 1906 3239 qua:
1932 3168 2041 3257 tria
2058 3184 2187 3223 esse

547 3256 693 3331 fides
714 3288 849 3328 vera
879 3262 1240 3341 pronuntiat,
1264 3276 1398 3316 cum
1423 3264 1480 3314 et
1511 3257 1737 3313 Patrem
1762 3273 1875 3311 non
1899 3256 2038 3311 dicit
2058 3272 2186 3312 esse

549 3363 781 3428 Filium,
812 3364 869 3416 et
899 3354 1180 3428 Spiritum
1213 3352 1484 3405 sanctum
1516 3346 1669 3418 quod
1702 3350 1790 3400 est
1821 3345 2038 3399 donum
2085 3344 2187 3401 Dei

549 3471 654 3511 nec
668 3457 895 3508 Patrem
915 3445 1055 3501 dicit
1078 3456 1204 3498 esse
1226 3455 1330 3494 nec
1344 3436 1722 3493 Filium.Cum
1755 3450 1889 3505 ergo
1909 3434 2189 3506 quaeritur

490 3580 513 3613 λ,
549 3543 687 3619 quid
705 3536 928 3609 tria,vel
960 3531 1098 3605 quid
1122 3526 1623 3596 tres,conferimus
1654 3540 1757 3578 nos
1790 3524 1860 3578 ad
1884 3523 2184 3580 invenien-

547 3613 688 3692 dum
712 3627 945 3701 aliquod
970 3619 1221 3695 speciale
1242 3615 1329 3672 vel
1352 3613 1619 3688 generale
1640 3628 1873 3679 nomen,
1900 3629 2013 3684 quo
2033 3630 2187 3671 com-

542 3724 866 3797 plectamur
894 3715 1013 3770 htec
1036 3710 1167 3781 tria,
1191 3721 1378 3779 neque
1399 3702 1651 3759 occurrit
1671 3702 1890 3769 animo,
1910 3701 2065 3775 quia,
2089 3720 2183 3759 ex-

542 3788 1202 3880 ceditsupereminentia
1218 3793 1537 3850 divinitatis
1559 3791 1757 3846 usitati
1776 3788 1991 3880 eloquii
2012 3792 2185 3848 facul-

538 3908 741 3959 tatem.
764 3878 966 3952 Verius
988 3888 1144 3945 enim
1178 3883 1464 3956 cogitatur
1495 3884 1645 3935 Deus
1676 3895 1852 3951 quam
1887 3878 2183 3950 dicitur,et

538 3991 731 4048 verius
762 3988 851 4041 est
879 3994 1054 4053 quam
1084 3974 1389 4047 cogitatur.
1416 3970 1557 4024 Cum
1592 3969 1745 4023 enim
1778 3967 2029 4022 dicimus
2062 3986 2178 4026 non

536 4077 809 4138 eumdem
858 4085 985 4127 esse
1027 4064 1205 4121 Jacob
1256 4059 1354 4132 qui
1401 4065 1488 4112 est
1535 4058 1849 4127 Abraham,
1889 4060 2044 4113 Isaac
2074 4076 2177 4113 au-

534 4178 652 4228 tem
687 4182 791 4223 nec
820 4160 1111 4220 Abraham
1141 4169 1269 4209 esse
1302 4168 1403 4206 nec
1434 4148 1638 4219 Jacoh,
1670 4154 1787 4203 tres
1817 4164 1943 4203 esse
1976 4150 2178 4222 utique

532 4245 1295 4325 iatemur,Abraham,Isaac
1316 4246 1372 4295 et
1400 4237 1713 4293 Jacob.Sed
1749 4253 1879 4291 cum
1898 4240 2178 4308 qumritur

531 4349 669 4422 quid
683 4352 821 4412 tres,
835 4335 1258 4410 respondemus
1273 4339 1389 4383 tres
1408 4325 1937 4422 homines,nomine
1951 4328 2171 4399 specia-

526 4412 571 4494 ﬁ
592 4454 658 4494 eo
680 4429 1015 4505 spluraliter
1036 4419 1417 4496 appellantes;
1441 4412 1692 4505 generali
1719 4416 1991 4505 autem,si
2015 4418 2173 4505 dica-

531 4542 666 4582 mus
686 4503 1114 4578 triaanimalia:
1138 4511 1307 4565 homo
1329 4504 1667 4573 enim,sicut
1687 4506 1907 4558 veteres
1930 4503 2166 4560 definie-

528 4606 911 4682 runt,animal
928 4608 1016 4661 est
1029 4592 1607 4667 rationale,mortale:
1630 4596 1729 4647 aut
1742 4590 1891 4646 sicut
1912 4592 2170 4665 Scriptu-

527 4722 602 4761 ra
624 4704 835 4758 nostra:
856 4693 1014 4765 legui
1047 4689 1375 4753 solent,lres
1407 4684 1795 4750 animas,cum
1819 4698 1851 4735 a
1873 4686 2034 4752 parte
2056 4698 2167 4737 me-

524 4794 668 4850 liore
698 4792 889 4845 totum
916 4777 1192 4854 appellari
1226 4772 1496 4846 placet,id
1520 4771 1706 4837 est,ah
1726 4769 1942 4835 anima,
1964 4775 2021 4825 et
2043 4786 2165 4825 cor-

523 4900 635 4958 pus
652 4884 709 4937 et
727 4867 1169 4941 animam,quod
1194 4869 1283 4958 est
1303 4868 1461 4958 totus
1478 4858 1791 4958 homollt-a
1812 4858 2028 4958 quippe
2042 4859 2165 4914 dic-

519 4949 646 5031 tum
669 4973 761 5026 est
778 4967 837 5022 in
859 4963 1168 5034 [Egyptum
1192 4950 1564 5009 descendisse
1586 4965 1718 5004 cum
1737 4950 1914 5003 Jacob
1936 4949 2165 5005 animas

518 5057 895 5135 septuaginta
915 5050 1193 5125 quinque,
1229 5058 1330 5114 pro
1362 5044 1443 5095 tot
1479 5036 1808 5135 hominibus
1834 5037 2160 5135 (Genium,

514 5127 606 5222 27,
638 5154 688 5207 et
714 5127 874 5204 Deut.
906 5158 961 5208 χ,
990 5138 1104 5208 22).
1128 5139 1273 5187 ltem
1308 5146 1441 5185 cum
1471 5127 1725 5222 dicimus
1748 5143 1963 5222 equum
1988 5129 2159 5222 tuum

515 5214 631 5301 non
653 5253 789 5295 eum
819 5246 947 5289 esse
964 5226 1063 5300 qui
1097 5238 1262 5279 meus
1292 5223 1465 5285 est,et
1486 5216 1725 5272 tertium
1746 5215 1997 5285 alicujus
2021 5214 2161 5269 alte-

513 5334 636 5390 rius
660 5344 763 5385 nec
787 5337 982 5379 meum
1007 5330 1135 5372 esse
1158 5327 1261 5366 nec
1285 5316 1476 5372 tuum,
1501 5306 1753 5360 fatemur
1775 5309 1892 5359 tres
1917 5320 2077 5359 esse:
2103 5306 2161 5359 et

512 5411 894 5488 interroganti
907 5406 1043 5481 quid
1061 5396 1630 5471 tres,respondemus
1646 5397 1763 5447 tres
1776 5408 1954 5463 equos
1968 5390 2157 5447 nomi-

576 5573 594 5607 ι
631 5566 769 5617 Editi
796 5560 1004 5613 addunt
1030 5555 1137 5614 hic,
1164 5554 1213 5602 et
1236 5550 1476 5615 portate;
1507 5543 1649 5610 quod
1672 5542 1831 5617 abest
1860 5557 1891 5592 ι
1924 5541 2048 5617 Mss:

576 5606 598 5667 ξ
622 5606 1059 5689 ἔιῖῗῐυῖόῖῖέη.
1091 5606 1252 5675 Ιξονοί
1285 5627 1398 5663 cum
1427 5606 1608 5676 corpus
1634 5610 1680 5659 et
1712 5607 1888 5657 anima
1924 5606 1990 5659 sit
2021 5606 2157 5658 totus

513 5693 681 5747 homo.
748 5690 815 5739 Μ.

1646 287 1749 345 DE
1792 281 2245 356 TRINITATE,
2292 284 2357 344 S.
2406 281 2835 345 AUGUSTINI

3747 294 3837 355 9ιο

2290 432 2360 471 ne
2383 414 2642 487 speciali,
2666 413 2921 487 generali
2945 419 3140 471 autem
3160 416 3274 472 tria
3308 416 3580 474 animalia.
3601 423 3720 477 Item
3738 440 3839 483 cum

2284 504 2536 559 dicimus
2567 505 2772 559 bovem
2800 522 2915 559 non
2953 521 3078 561 esse
3110 521 3355 578 equum,
3387 523 3595 564 carnem
3629 527 3735 567 vero
3764 531 3842 570 nec

2283 595 2489 650 bovem
2517 609 2645 649 esse
2676 610 2780 648 nec
2821 611 3058 665 equum,
3107 595 3218 649 tria
3261 596 3513 666 quaedam
3542 598 3778 657 dicimus:
3805 609 3846 660 et

2284 682 2760 755 percontantibus
2794 683 2932 754 quid
2970 683 3101 753 tria,
3137 701 3250 739 non
3271 686 3395 755 jam
3425 686 3639 757 speciali
3665 691 3847 747 nomine

2286 771 2537 828 dicimus
2562 776 2679 827 tres
2709 788 2910 843 equos,
2944 778 3046 827 aut
3076 776 3193 829 tres
3228 773 3420 841 boves,
3450 780 3544 829 aut
3568 779 3671 831 tres
3696 793 3849 847 canes,

2286 861 2423 933 quia
2454 878 2569 916 non
2602 861 2801 916 eadem
2836 861 3027 933 specie
3058 862 3468 925 continentur;
3514 864 3603 918 sed
3632 866 3847 938 generali,

2284 948 2397 1005 tria
2427 949 2738 1015 animalia;
2772 949 2892 1005 sive
2924 950 3223 1022 superiore
3244 966 3470 1022 genere,
3501 955 3608 1008 tres
3629 954 3846 1010 substan-

2286 1037 2421 1106 tias,
2448 1037 2533 1094 vel
2565 1043 2680 1094 tres
2711 1044 3029 1107 creaturas,
3056 1040 3142 1095 vel
3175 1044 3293 1095 tres
3330 1045 3576 1096 naturas.
3606 1042 3850 1107 Qua-cum-

2286 1143 2400 1198 que
2432 1131 2624 1182 autem
2661 1126 2869 1198 plurali
2903 1144 3148 1183 numero
3188 1128 3559 1184 enuntientur
3585 1130 3853 1201 specialiter

2286 1232 2402 1271 uno
2444 1216 2698 1278 nomine,
2736 1217 2908 1270 etiam
2960 1216 3311 1287 generaliter
3364 1218 3632 1273 enuntiari
3664 1225 3858 1290 possunt

2286 1321 2402 1361 uno
2434 1305 2688 1361 nomine.
2724 1304 2848 1360 Non
2882 1316 3075 1361 autem
3099 1306 3298 1361 omnia
3316 1323 3443 1377 qua
3470 1307 3775 1379 generaliter
3790 1326 3860 1363 no.

2286 1393 2444 1449 mine
2470 1410 2583 1448 uno
2614 1392 3007 1465 appellantur,
3055 1394 3231 1449 etiam
3281 1395 3600 1465 specialiter
3628 1395 3862 1467 appellare

2286 1499 2403 1539 uno
2434 1482 2671 1538 nomine
2703 1499 3034 1554 pessumus.
3070 1483 3216 1538 Nam
3248 1488 3369 1539 tres
3419 1500 3608 1556 equos,
3640 1486 3771 1555 quod
3797 1490 3863 1540 est

2288 1589 2497 1627 nomen
2513 1570 2782 1643 speciale,
2806 1571 2979 1627 etiam
2994 1572 3273 1629 animalia
3287 1573 3403 1627 tria
3416 1573 3673 1628 dicimus:
3692 1588 3865 1645 equum

2286 1673 2419 1715 vero
2451 1664 2507 1713 et
2529 1659 2730 1713 bovem
2763 1664 2821 1714 et
2852 1676 3078 1725 canem,
3102 1660 3508 1716 animaliatria
3537 1666 3736 1717 tantum
3760 1661 3867 1715 dici-

2288 1763 2421 1803 mus
2452 1746 2535 1803 vel
2569 1747 3101 1819 suhstantias,quae
3130 1754 3273 1804 sunt
3298 1748 3579 1819 generalia
3598 1748 3868 1815 nomina,et

2287 1834 2336 1891 si
2370 1835 2507 1907 quid
2542 1835 2696 1891 aliud
2730 1836 2799 1891 de
2821 1834 2912 1891 his
2943 1835 3296 1908 generaliter
3313 1837 3427 1892 dici
3449 1841 3653 1909 potest;
3675 1843 3773 1892 tres
3796 1854 3868 1892 ve-

2288 1942 2348 1979 ro
2370 1941 2571 1995 equos,
2606 1930 2707 1980 aut
2739 1927 2931 1994 boves,
2966 1931 3065 1980 aut
3086 1942 3280 1992 canes,
3314 1943 3442 1998 quae
3474 1925 3723 1997 specialia
3738 1942 3866 1981 voca-

2286 2013 2424 2069 bula
2455 2020 2615 2078 sunt,
2642 2030 2754 2070 non
2788 2030 2854 2069 ea
2882 2031 3201 2086 possumus
3228 2015 3438 2071 dicere.
3464 2020 3537 2070 Ea
3566 2031 3755 2087 quippe
3779 2029 3868 2069 uno

2288 2103 2524 2159 nomine
2562 2103 2828 2174 quamvis
2862 2103 3168 2176 pluraliter
3197 2106 3570 2161 enuntiemus
3600 2121 3713 2176 quis
3741 2120 3871 2160 com-

2288 2192 2543 2247 muniter
2562 2192 2779 2248 habent
2810 2192 2949 2248 illud
2984 2194 3139 2265 quod
3172 2211 3238 2249 eo
3272 2196 3506 2250 nomine
3542 2194 3869 2267 signiﬁcatur.

2286 2282 2574 2337 Abraham
2607 2282 2823 2354 quippe
2853 2288 2910 2338 et
2932 2283 3088 2338 lsaac
3106 2287 3163 2337 et
3186 2283 3369 2338 Jacob
3391 2290 3684 2339 commune
3700 2282 3873 2337 habent

2287 2368 2342 2423 id
2376 2368 2529 2439 quod
2562 2373 2651 2423 est
2680 2368 2889 2437 homo;
2922 2369 3115 2440 itaque
3145 2369 3425 2426 dicuntur
3472 2376 3585 2427 tres
3615 2369 3873 2425 homines:

2286 2474 2472 2530 equus
2501 2474 2730 2530 quoque
2760 2462 2817 2513 et
2844 2458 2949 2513 bos
2977 2463 3034 2513 et
3064 2459 3250 2525 canis,
3282 2476 3589 2516 commune
3620 2459 3807 2514 habent
3830 2456 3872 2510 id

2287 2547 2440 2620 quod
2474 2552 2561 2602 est
2590 2546 2841 2615 animal;
2891 2546 3167 2603 dicuntur
3203 2564 3339 2622 ergo
3378 2548 3489 2604 tria
3518 2545 3788 2604 animalia.
3816 2546 3877 2602 lta

2284 2639 2403 2691 tres
2433 2634 2661 2706 aliquas
2684 2635 2900 2707 lauros,
2916 2637 3089 2693 etiam
3112 2642 3229 2693 tres
3248 2639 3486 2694 arbores
3508 2637 3764 2698 dicimus;
3785 2634 3878 2690 lau-

2288 2742 2418 2780 rum
2449 2741 2582 2780 vero
2613 2728 2669 2780 et
2689 2729 2946 2796 myrtum
2978 2731 3035 2780 et
3064 2725 3519 2793 oleam,tantum
3545 2731 3654 2781 tres
3682 2724 3875 2780 arborea

2286 2813 2372 2869 vel
2403 2819 2521 2869 tres
2552 2813 3056 2884 substantias,aut
3088 2819 3202 2870 tres
3228 2819 3499 2871 naturas:
3526 2813 3772 2884 atqueita
3789 2815 3878 2864 tres

2289 2902 2532 2975 lapides,
2552 2903 2726 2958 etiam
2748 2903 2859 2958 tria
2881 2919 3158 2975 corpora;
3182 2903 3439 2977 lapidem
3460 2920 3587 2958 vero
3617 2909 3668 2957 et
3692 2900 3878 2973 lignum

2288 2996 2344 3048 et
2373 2992 2613 3058 ferrum,
2639 2996 2867 3048 tantum
2899 2991 3010 3047 tria
3040 3008 3303 3063 corpora,
3323 2992 3407 3048 vel
3427 2993 3476 3047 si
3502 3008 3612 3064 quo
3635 2991 3881 3046 etiamsu-

2290 3081 2511 3152 periore
2536 3080 2789 3153 generali
2822 3081 3057 3136 nomine
3084 3081 3196 3135 dici
3232 3087 3505 3153 possunt.
3534 3080 3690 3136 Pater
3706 3094 3820 3150 ergo
3841 3078 3884 3132 el

2288 3169 2470 3225 Filius
2501 3175 2558 3224 et
2586 3169 2837 3241 Spiritus
2867 3177 3127 3236 sanctus,
3147 3172 3428 3242 quoniam
3454 3176 3569 3226 tres
3591 3174 3736 3236 sunt,
3762 3182 3884 3237 que-

2288 3275 2487 3314 ramus
2518 3257 2655 3329 quid
2673 3262 2789 3313 tres
2806 3258 3159 3330 sint,etquid
3185 3276 3502 3314 commune
3526 3253 3905 3313 habeant.Non‘

2286 3346 2443 3403 enim
2476 3363 2785 3403 commune
2814 3346 2932 3403 illis
2962 3354 3050 3403 est
3080 3348 3136 3402 id
3164 3348 3317 3418 quod
3355 3348 3520 3403 Pater
3556 3352 3657 3414 est,
3691 3352 3747 3400 ut
3774 3340 3883 3397 invi-

2288 3453 2410 3493 cem
2443 3436 2553 3492 sibi
2580 3436 2699 3491 sint
2728 3441 2953 3508 patres;
3004 3437 3158 3492 sicut
3188 3437 3391 3506 amici,
3434 3454 3563 3493 cum
3598 3434 3805 3490 relative
3829 3429 3881 3485 ad

2289 3524 2635 3581 alterutrum
2659 3524 2949 3591 dicantur,
2984 3531 3230 3597 possunt
3261 3525 3377 3580 diei
3410 3532 3529 3581 tres
3554 3523 3735 3591 amici,
3764 3518 3884 3593 quod

2287 3614 2536 3670 invicem
2567 3613 2678 3669 sibi
2712 3619 2870 3670 sunt.
2903 3614 3026 3670 Non
3060 3620 3252 3669 autem
3278 3614 3389 3671 hoc
3411 3615 3515 3683 ibi,
3538 3614 3670 3685 quia
3698 3614 3882 3667 tantum

2286 3707 2454 3759 Pater
2485 3703 2562 3758 ibi
2599 3708 2798 3775 pater;
2833 3719 2938 3759 nec
2969 3703 3218 3758 duorum
3253 3708 3446 3775 pater,
3468 3704 3567 3760 sed
3592 3700 3736 3758 unici
3763 3696 3881 3754 Filii.

2285 3792 2400 3849 Nec
2430 3798 2547 3848 tres
2571 3791 2695 3861 lilii,
2729 3808 2863 3847 cum
2897 3795 3067 3847 Pater
3098 3793 3175 3847 ibi
3218 3809 3333 3848 non
3361 3793 3441 3848 sit
3473 3792 3642 3860 tilius,
3675 3806 3766 3845 nec
3791 3786 3881 3857 Spi-

2285 3882 2433 3938 ritus
2462 3886 2720 3937 sanctus.
2753 3880 2868 3937 Nec
2898 3888 3016 3936 tres
3047 3882 3292 3953 spiritus
3318 3882 3532 3949 sancti,
3562 3880 3696 3947 quia
3720 3883 3769 3934 et
3788 3874 3879 3949 spi-

2285 3971 2433 4027 ritus
2463 3974 2703 4026 sanctus
2735 3972 2968 4042 propria
2995 3969 3425 4042 significatione
3457 3988 3573 4043 qua
3603 3969 3763 4024 etiam
3804 3964 3880 4018 do-

2283 4077 2426 4115 num
2460 4060 2557 4115 Dei
2592 4060 2827 4126 dicitur,
2852 4076 2955 4114 nec
2984 4060 3151 4114 Pater
3186 4076 3287 4115 nec
3316 4058 3525 4116 Filius.
3570 4058 3709 4125 Quid
3741 4054 3882 4127 igitur

2281 4150 2447 4204 tres?
2493 4148 2547 4202 Si
2595 4148 2751 4203 enim
2800 4153 2914 4203 tres
2954 4164 3234 4219 personae,
3269 4164 3587 4204 commune
3627 4151 3709 4202 est
3746 4143 3816 4199 eis
3841 4138 3881 4194 id

2278 4237 2433 4308 quod
2469 4253 2712 4306 persona
2758 4241 2877 4291 est:
2927 4252 3065 4307 ergo
3097 4236 3353 4307 speciale
3387 4237 3497 4292 hoc
3529 4240 3630 4291 aut
3660 4226 3881 4306 generale

2277 4342 2487 4381 nomen
2520 4330 2609 4380 est
2638 4325 2743 4390 eis,
2777 4325 2825 4380 si
2858 4324 3345 4380 consuetudinem
3377 4324 3655 4397 loquendi
3682 4316 3883 4392 respici-

2276 4430 2434 4470 mus.
2461 4414 2569 4469 Sed
2600 4413 2695 4468 ubi
2726 4419 2815 4469 est
2844 4418 3068 4468 naturae
3100 4412 3265 4468 nulla
3294 4413 3628 4480 diversitas,
3653 4413 3725 4466 ita
3750 4420 3883 4481 gene-

2274 4502 2473 4559 raliter
2501 4502 2885 4558 enuntiantur
2916 4500 3109 4573 aliqua
3136 4502 3325 4574 plura,
3360 4508 3427 4558 ut
3448 4502 3626 4559 etiam
3656 4493 3883 4572 speciali-

2272 4595 2362 4648 ter
2385 4590 2675 4647 enuntiari
2709 4590 2953 4664 possint.
2980 4590 3212 4646 Naturaa
3243 4591 3399 4647 enim
3436 4580 3883 4646 dilferentiaiacit

2273 4684 2339 4736 ut
2369 4679 2569 4735 laurus
2605 4686 2661 4736 et
2696 4684 2921 4751 myrtus
2954 4684 3011 4734 et
3040 4678 3185 4747 olea,
3222 4683 3322 4734 aut
3341 4697 3534 4751 equus
3563 4686 3619 4734 et
3642 4679 3739 4732 bos
3753 4678 3883 4729 etca-

2270 4769 2386 4838 nis,
2412 4785 2527 4824 non
2560 4769 2832 4824 dicantur
2862 4766 3098 4839 speciali
3128 4769 3387 4835 nomine,
3418 4768 3566 4833 istae,
3591 4773 3701 4823 tres
3731 4758 3881 4823 lauri;

2271 4864 2373 4914 aut
2402 4858 2505 4926 illi,
2532 4864 2649 4913 tres
2683 4858 2853 4912 boves
2878 4874 2890 4911 :
2911 4857 3010 4912 sed
3036 4857 3312 4929 generali,
3345 4864 3404 4912 et
3433 4858 3580 4926 ista,
3606 4862 3718 4911 tres
3746 4850 3882 4907 arbo-

2268 4965 2361 5004 res
2389 4966 2402 5016 ;
2454 4954 2510 5003 et
2542 4947 2663 5013 illa,
2695 4946 2807 5001 tria
2854 4945 3155 5001 animalia.
3201 4946 3300 5001 Hic
3334 4964 3469 5002 vero
3505 4946 3603 5001 ubi
3638 4942 3787 4999 nulla
3813 4941 3882 4993 est

2266 5035 2531 5092 essentia:
2564 5034 2885 5100 diversitas,
2920 5040 3146 5106 oportet
3178 5040 3242 5090 ut
3276 5034 3528 5107 speciale
3574 5047 3774 5090 nomen
3800 5026 3879 5082 ba-

2266 5125 2439 5181 heant
2470 5125 2590 5179 haec
2614 5124 2906 5195 tria,quod
2927 5130 3122 5179 tamen
3147 5141 3257 5180 non
3283 5125 3595 5180 invenitur.
3618 5122 3755 5178 Nam
3775 5131 3880 5188 per-

2264 5230 2408 5269 sona
2438 5213 2704 5286 generale
2739 5230 2948 5269 nomen
2982 5217 3088 5283 est,
3113 5214 3171 5268 in
3195 5220 3419 5269 tantum
3456 5219 3521 5268 ut
3543 5213 3711 5268 etiam
3731 5207 3879 5263 homo

2263 5303 2451 5375 possit
2482 5303 2589 5359 hoc
2623 5303 2759 5371 dici,
2784 5318 2916 5358 cum
2941 5308 3167 5358 tantum
3190 5304 3421 5359 intersit
3441 5302 3595 5358 inter
3614 5299 3880 5355 hominem

2260 5400 2317 5448 et
2347 5392 2553 5448 Deum.

2328 5481 2383 5535 8.
2418 5480 2636 5537 Deinde
2670 5481 2726 5535 in
2757 5482 2886 5553 ipso
2906 5480 3160 5552 generali
3197 5478 3491 5544 vocabulo,
3524 5477 3574 5535 si
3607 5476 3877 5550 proptere!

2258 5570 2510 5627 dicimus
2536 5575 2656 5627 tres
2690 5570 3453 5643 personas,quiacommune
3466 5578 3552 5624 est
3575 5566 3657 5623 eis
3677 5564 3728 5619 id
3742 5553 3873 5633 quod

2252 5676 2503 5737 persona
2532 5664 2623 5718 est
2662 5658 2950 5734 (alioquin
2982 5658 3142 5716 nullo
3176 5662 3345 5718 modo
3373 5661 3625 5732 possunt
3652 5654 3729 5710 ita
3754 5643 3870 5720 dici,
