4100 6194
219 390 340 450 945

214 538 498 598 personas
526 526 790 597 ejusdem
809 526 1095 591 essentia,
1118 526 1204 582 vel
1225 530 1343 583 tres
1376 541 1657 599 personas
1689 541 1866 581 unam

216 618 534 671 essentiam
568 615 823 671 dicimus
848 634 861 671 :
886 622 1003 671 tres
1030 622 1223 671 autem
1260 633 1540 688 personas
1565 632 1633 669 ex
1663 615 1863 669 eadem

217 704 479 760 essentia
492 722 606 761 non
632 704 905 772 dicimus,
923 705 1092 775 quasi
1112 706 1269 760 aliud
1298 705 1374 759 ibi
1406 706 1481 760 sit
1503 706 1655 775 quod
1681 721 1871 758 essen-

218 793 301 848 tia
331 799 442 861 est,
476 793 634 849 aliud
667 794 820 866 quod
870 810 1146 865 persona;
1183 795 1335 849 sicut
1384 799 1502 849 tres
1543 798 1765 847 statuas
1803 808 1871 847 ex

216 883 424 938 eodem
458 900 599 938 auro
623 900 937 955 possumus
986 882 1203 949 dicere;
1238 883 1394 938 aliud
1424 883 1580 937 enim
1604 882 1742 935 illuc
1784 886 1871 937 est

217 988 349 1027 esse
380 989 613 1038 aurum,
633 971 791 1027 aliud
816 988 944 1027 esse
966 973 1283 1027 statuas.Et
1306 988 1438 1025 cum
1465 972 1867 1026 dicunturtres

218 1060 485 1116 homines
509 1078 625 1116 una
654 1066 881 1126 natura,
913 1062 998 1116 vel
1024 1066 1138 1115 tres
1169 1061 1437 1115 homines
1470 1060 1733 1131 ejusdem
1760 1076 1866 1113 na-

211 1154 639 1220 turae,possunt
660 1150 833 1204 etiam
858 1149 971 1204 dici
1002 1153 1121 1205 tres
1143 1149 1411 1205 homines
1448 1165 1517 1203 ex
1537 1151 1741 1204 eadem
1764 1166 1865 1203 na-

210 1238 368 1302 tura,
391 1239 526 1308 quia
549 1255 617 1293 ex
633 1240 833 1293 eadem
861 1245 1069 1293 natura
1090 1244 1146 1293 et
1162 1238 1259 1294 alii
1287 1244 1404 1293 tres
1430 1238 1570 1293 tales
1598 1238 1866 1293 homines

182 1394 183 1399 η
209 1333 461 1400 possunt
476 1328 808 1394 existere;in
829 1328 1071 1383 illavero
1098 1328 1351 1383 essentia
1372 1326 1865 1393 Trinitatis,nullo

212 1418 387 1472 modo
404 1416 518 1471 alia
540 1416 811 1488 quaelibet
830 1434 1078 1488 persona
1099 1434 1168 1473 ex
1181 1418 1382 1473 eadem
1402 1418 1656 1473 essentia
1674 1421 1867 1489 potest

213 1505 479 1561 existere.
514 1506 732 1561 Deinde
756 1506 815 1561 in
860 1506 951 1561 his
997 1507 1172 1561 rebus
1195 1523 1310 1561 non
1351 1510 1579 1561 tantum
1602 1510 1691 1561 est
1710 1522 1864 1559 unus

213 1594 409 1663 homo,
443 1599 730 1667 quantum
754 1599 872 1650 tres
903 1595 1169 1651 homines
1219 1594 1426 1661 simul;
1462 1599 1520 1649 et
1566 1594 1700 1666 plus
1726 1598 1867 1649 sunt

212 1684 431 1756 aliquid
459 1683 725 1749 homines
747 1684 861 1739 duo
884 1701 1059 1755 quam
1088 1701 1241 1739 unus
1264 1684 1437 1739 homo
1463 1689 1546 1739 :et
1568 1684 1625 1737 in
1650 1684 1863 1738 statuis

214 1773 541 1845 mqualibus
566 1773 698 1845 plus
719 1774 843 1828 auri
868 1778 957 1829 est
987 1778 1105 1828 tres
1129 1773 1305 1829 simul
1326 1790 1502 1845 quam
1526 1773 1790 1844 singulae,
1809 1778 1864 1828 et

216 1864 417 1919 minus
438 1863 566 1918 auri
587 1869 675 1918 est
693 1881 809 1918 una
831 1880 1005 1934 quam
1028 1864 1259 1917 dum.At
1284 1863 1337 1917 in
1359 1868 1470 1931 Deo
1496 1879 1609 1931 non
1626 1863 1715 1931 ita
1736 1866 1860 1917 est:

186 1946 189 1951 “
213 1968 329 2008 non
351 1953 504 2008 enim
535 1953 720 2023 major
736 1954 986 2007 essentia
1010 1952 1281 2008 estPater
1322 1957 1379 2006 et
1406 1951 1581 2006 Filius
1604 1956 1659 2006 et
1682 1951 1862 2022 Spiri-

212 2046 307 2096 tus
339 2046 579 2097 sanctus
603 2041 983 2113 simul,quam
1002 2040 1159 2096 solus
1176 2042 1342 2095 Pater
1359 2046 1457 2095 aut
1479 2042 1640 2096 solus
1662 2041 1861 2107 Filius;

210 2132 315 2186 sed
350 2135 469 2186 tres
496 2129 674 2186 simul
721 2130 835 2185 illae
868 2131 1210 2185 substantias
1256 2130 1376 2184 sive
1400 2146 1680 2201 personae,
1706 2130 1754 2185 si
1786 2130 1867 2184 ita

208 2220 464 2275 dicendae
494 2225 652 2286 sunt,
671 2219 921 2291 aequales
940 2224 1078 2274 sunt
1104 2219 1353 2291 singulis
1379 2238 1391 2274 :
1419 2220 1569 2291 quod
1592 2219 1862 2273 animalis

208 2306 386 2364 homo
416 2326 531 2364 non
575 2310 836 2379 percipit.
875 2309 998 2363 Non
1040 2308 1196 2363 enim
1237 2313 1429 2380 potest
1460 2309 1711 2380 cogitare
1752 2309 1865 2362 nisi

208 2396 396 2452 moles
428 2401 486 2452 et
518 2398 724 2469 spatia,
745 2397 831 2452 vel
862 2397 1086 2453 minuta
1105 2397 1191 2453 vel
1214 2397 1864 2470 grandia,volitantibus

208 2485 269 2542 in
303 2486 500 2542 animo
522 2486 648 2557 ejus
670 2487 1183 2558 phantasmatibus
1207 2493 1483 2559 tanquam
1506 2488 1863 2561 imaginibus

214 2592 546 2648 corporum.

288 2666 373 2719 12.
400 2665 477 2719 Ex
509 2681 625 2735 qua
645 2664 1028 2721 immunditia
1052 2666 1234 2720 donec
1258 2668 1557 2737 purgetur,
1592 2665 1862 2721 credatin

212 2751 445 2809 Patrem
462 2758 518 2809 et
544 2754 747 2809 Filium
767 2756 1123 2826 etSpiritum
1147 2760 1629 2821 sanctum,unum
1657 2760 1861 2822 Deum,

213 2843 429 2909 solum,
462 2844 1866 2916 magnum,omnipotentem,bonum,justum,mi-

213 2933 855 3004 sericordem,omnium
888 2933 1227 3001 visibilium,
1247 2938 1303 2988 et
1332 2933 1713 2988 invisibilium
1737 2950 1864 2989 con-

212 3022 843 3094 ditorem,etquidquid
866 3024 937 3078 de
960 3022 1057 3077 illo
1078 3040 1178 3094 pro
1203 3023 1463 3077 humana
1486 3023 1757 3078 facultate
1778 3022 1863 3077 di-

212 3124 323 3181 gne
349 3125 600 3182 vereque
631 3108 743 3175 dici
770 3114 978 3181 potest.
996 3110 1194 3181 Neque
1216 3126 1347 3163 cum
1370 3110 1863 3165 audieritPatrem

214 3197 407 3252 solum
432 3197 638 3264 Deum,
665 3204 893 3269 separet
913 3198 1049 3253 inde
1074 3199 1413 3268 Filium,aut
1432 3198 1717 3270 Spiritum
1737 3215 1866 3253 san—

214 3291 376 3343 ctum
405 3303 418 3343 :
443 3303 573 3342 cum
600 3304 666 3343 eo
691 3288 903 3359 quippe
928 3287 1086 3343 solus
1119 3288 1295 3356 Deus,
1323 3304 1455 3341 cum
1499 3304 1611 3358 quo
1635 3293 1690 3343 et
1714 3305 1866 3343 unus

218 3378 371 3432 Deus
399 3382 507 3444 est,
528 3377 666 3448 quia
688 3382 743 3431 ct
758 3377 963 3432 Filium
993 3394 1125 3432 cum
1151 3377 1424 3432 audimus
1448 3377 1635 3432 solum
1662 3382 1864 3445 Deum,

215 3465 341 3521 sine
365 3464 487 3520 ulla
506 3465 871 3537 separatione
892 3466 1078 3521 Patris
1100 3472 1202 3520 aut
1217 3465 1471 3537 Spiritus
1493 3467 1677 3521 sancti
1696 3484 1866 3537 opor-

220 3558 304 3609 tet
324 3555 605 3626 accipere.
637 3560 827 3626 Atque
848 3556 927 3609 ita
944 3555 1099 3609 dicat
1121 3572 1299 3609 unam
1322 3555 1727 3619 essentiam,ut
1751 3574 1866 3612 non

217 3643 512 3699 existimet
546 3643 701 3699 aliud
728 3644 860 3708 alio,
883 3643 969 3699 vel
1009 3643 1323 3714 majus,vel
1355 3644 1620 3714 melius‘,
1654 3646 1739 3699 vel
1763 3646 1865 3700 ali-

219 3749 339 3804 qua
368 3749 436 3788 ex
456 3738 620 3804 parte
652 3732 966 3787 diversum.
993 3733 1117 3787 Non
1142 3739 1333 3788 tamen
1365 3739 1429 3787 ut
1454 3734 1617 3788 Pater
1638 3734 1761 3805 ipse
1791 3736 1867 3790 sit

216 3828 276 3877 et
296 3821 479 3877 Filius
500 3826 557 3876 et
589 3820 846 3893 Spiritus
889 3828 1149 3889 sanctus,
1182 3828 1240 3876 et
1266 3822 1547 3892 quidquid
1592 3823 1749 3878 aliud
1793 3825 1863 3879 ad

174 3914 183 3967 ἱ
217 3909 568 3966 alterutrum
598 3910 833 3982 singula
872 3911 1166 3977 dicuntur;
1212 3910 1366 3965 sicut
1412 3911 1668 3967 Verbum
1711 3914 1867 3984 quod

217 4016 335 4056 non
359 3999 576 4054 dicitur
602 3998 713 4054 nisi
745 3999 943 4066 Filius,
971 4004 1072 4054 aut
1092 3999 1318 4055 Donum
1347 4002 1500 4072 quod
1521 4018 1634 4057 non
1656 4003 1869 4058 dicitur

216 4087 333 4145 nisi
366 4088 620 4159 Spiritus
642 4093 911 4143 sanctus:
936 4093 1170 4161 propter
1201 4090 1352 4160 quod
1385 4089 1560 4145 etiam
1584 4090 1867 4162 pluralem

214 4193 533 4233 numerum
573 4176 917 4240 admittunt,
963 4177 1117 4233 sicut
1142 4176 1199 4231 in
1249 4177 1556 4249 Evangelio
1584 4180 1867 4250 scriptum

213 4272 303 4321 est
331 4282 345 4323 :
372 4268 485 4335 Ego
506 4274 557 4321 et
584 4267 751 4321 Pater
778 4282 951 4320 unum
969 4282 1158 4321 sumus
1180 4268 1355 4337 (Joan.
1391 4284 1446 4333 x,
1471 4268 1581 4339 30).
1608 4268 1674 4322 Et
1693 4286 1867 4324 unum

212 4355 393 4423 dixit;
427 4358 503 4419 et,
534 4371 727 4410 sumus
755 4372 775 4409 .·
807 4371 1000 4421 unum,
1035 4356 1358 4409 secundum
1374 4356 1869 4428 essentiam,quod

216 4443 378 4498 idem
439 4443 614 4508 Deus,
666 4460 877 4510 sumus,
927 4444 1250 4498 secundum
1325 4443 1654 4513 relativum,
1716 4448 1868 4517 quod

215 4531 315 4588 ille
338 4532 529 4600 Pater,
564 4532 657 4587 hic
697 4533 899 4588 Filius.
932 4533 1259 4604 Aliquando
1302 4538 1358 4588 et
1409 4538 1637 4589 tacetur
1677 4536 1871 4591 unitas

215 4621 509 4689 essentiaa,
536 4625 593 4677 et
623 4620 746 4677 sola
785 4618 1090 4692 pluraliter
1130 4620 1372 4676 relativa
1406 4639 1870 4679 commemoran-

216 4716 354 4766 tur:
387 4712 672 4766 Vem'emus
703 4709 773 4765 ad
800 4727 926 4765 eum
968 4727 1067 4781 ego
1111 4713 1163 4764 el
1194 4714 1375 4780 Pater,
1414 4716 1463 4766 et
1496 4712 1873 4768 habitabimus

218 4800 367 4871 apud
403 4815 531 4855 eum
567 4800 665 4871 (Id.
722 4816 840 4864 XIV,
870 4799 983 4864 23).
1043 4800 1323 4854 Veniamus
1372 4805 1429 4855 et
1478 4801 1871 4874 habitabimus,

219 4887 469 4960 pluralis
492 4904 768 4943 numerus
801 4893 887 4943 est
907 4886 1043 4959 quia
1067 4888 1405 4959 praedictum
1429 4893 1536 4954 est,
1560 4893 1672 4961 Ego
1695 4899 1744 4944 et
1769 4896 1877 4947 Pa-

284 4996 300 5029 ¹
320 4994 554 5058 Quidam
583 4995 727 5055 Mssa,
760 4994 841 5058 vel
866 4995 1051 5058 majus,
1087 4995 1166 5043 vel
1192 4996 1377 5045 minus.
1426 4996 1603 5045 Plures
1630 5011 1777 5055 vero,
1796 4995 1880 5046 vel

214 5057 406 5120 majus.
440 5057 520 5105 vel
541 5058 722 5115 minus,
750 5056 830 5105 vel
855 5056 1053 5106 melius.

1595 390 1828 451 LIBER
1872 391 2259 453 OCTAVUS.

3516 398 3635 459 946

1980 534 2081 596 ter,
2115 525 2172 580 id
2195 530 2304 592 est,
2343 526 2522 583 Filius
2551 531 2609 583 et
2636 528 2825 597 Pater,
2852 544 2978 601 quae
3021 528 3257 586 relative
3278 531 3348 585 ad
3383 530 3631 589 invicem

1979 615 2273 669 dicuntur.
2298 616 2623 687 Aliquando
2668 617 2914 673 latenter
2950 620 3210 685 omnino,
3253 620 3402 675 sicut
3445 620 3502 674 in
3523 621 3631 677 Ge-

1985 704 2107 758 nesi
2140 721 2151 757 :
2187 707 2475 759 Faciamus
2508 706 2785 762 hominem
2814 706 2882 762 ad
2914 708 3217 777 imaginem
3264 713 3317 764 et
3359 711 3632 765 similitu-

1982 793 2170 847 dinem
2194 800 2446 848 noslram
2478 798 2631 866 (Gen.
2658 813 2695 862 1,
2727 797 2839 866 26).
2866 797 2933 850 Et
2952 798 3260 866 Faciamus,
3289 802 3345 852 et
3364 808 3627 869 nostram,

1982 880 2282 951 pluraliter
2304 883 2528 937 dictum
2554 892 2662 953 est,
2695 892 2749 939 et
2781 885 2895 939 nisi
2925 902 2993 940 ex
3023 885 3276 940 relativis
3308 888 3490 959 accipi
3514 905 3628 944 non

1980 974 2252 1041 oportet'.
2279 971 2400 1024 Non
2431 972 2585 1027 enim
2616 978 2679 1027 ut
2710 975 2963 1029 facerent
2984 974 3285 1039 dii,autad
3311 976 3629 1049 imaginem

1978 1064 2034 1113 et
2064 1059 2511 1115 similitudinem
2536 1062 2808 1128 deorum;
2845 1065 2943 1118 sed
2987 1069 3050 1119 ut
3084 1065 3336 1119 facerent
3366 1069 3535 1121 Pater
3574 1071 3631 1121 et

1976 1148 2160 1204 Filius
2187 1155 2243 1204 et
2274 1150 2525 1220 Spiritus
2583 1156 2845 1219 sanctus,
2877 1154 2947 1207 ad
2981 1153 3294 1225 imaginem
3342 1154 3527 1210 Patris
3571 1160 3629 1211 et

1977 1237 2129 1303 Filii,
2159 1243 2214 1293 et
2243 1238 2494 1310 Spiritus
2527 1240 2734 1307 sancti,
2768 1246 2831 1294 ut
2858 1240 3203 1297 subsisteret
3237 1243 3411 1298 homo
3434 1243 3625 1315 imago

1974 1326 2098 1381 Dei.
2134 1327 2287 1382 Deus
2327 1333 2525 1382 autem
2568 1328 2843 1383 Trinitas.
2889 1330 2996 1385 Sed
3044 1330 3183 1402 quia
3231 1348 3345 1386 non
3386 1336 3624 1387 omnino

1974 1414 2218 1487 aequalis
2242 1416 2415 1472 fiebat
2437 1416 2537 1471 illa
2569 1417 2761 1489 imago
2806 1418 2903 1474 Dei
2956 1423 3235 1491 tanquam
3278 1438 3391 1476 non
3421 1422 3493 1476 ab
3525 1420 3624 1478 illo

1974 1508 2132 1575 nata,
2167 1506 2268 1560 sed
2302 1506 2373 1561 ab
2394 1523 2460 1561 eo
2487 1507 3395 1580 creata,hujusreisigniﬁcandis
3423 1527 3621 1582 causa,

1972 1593 2053 1648 ita
2080 1595 2270 1666 imago
2303 1600 2393 1650 est
2420 1599 2485 1650 ut
2514 1597 2584 1650 ad
2617 1597 2929 1666 imaginem
2952 1598 3055 1653 sit:
3082 1599 3135 1654 id
3168 1604 3273 1665 est,
3296 1617 3409 1654 non
3433 1617 3625 1671 aequa-

1972 1687 2069 1738 tur
2099 1683 2410 1755 parilitate,
2446 1686 2545 1739 sed
2571 1687 2827 1756 quadam
2853 1686 3238 1742 similitudine
3253 1688 3623 1745 accedit.Non

1975 1773 2131 1826 enim
2167 1774 2422 1827 locorum
2458 1773 2799 1841 intervallis,
2827 1776 2927 1830 sed
2970 1774 3358 1832 similitudine
3399 1777 3623 1833 accedi-

1974 1867 2071 1916 tur
2098 1862 2169 1916 ad
2203 1862 2407 1929 Deum,
2442 1868 2499 1919 et
2547 1863 3033 1919 dissimilitudine
3084 1866 3375 1921 receditur
3413 1868 3484 1921 ab
3533 1885 3619 1923 eo.

1974 1952 2124 2005 Sunt
2153 1951 2308 2006 enim
2339 1952 2435 2022 qui
2470 1952 2550 2007 ita
2568 1953 3406 2025 distinguunt,utimaginem,
3440 1956 3623 2012 velint

1975 2056 2102 2095 esse
2143 2040 2346 2095 Filium
2376 2040 2705 2096 :hominem
2741 2058 2871 2097 vero
2906 2060 3019 2097 non
3046 2043 3385 2115 imaginem,
3414 2046 3514 2100 sed
3547 2047 3621 2102 ad

1974 2128 2316 2202 imaginem.
2342 2130 2572 2185 Refellit
2621 2136 2813 2185 autem
2857 2148 2954 2186 eos
2994 2133 3312 2204 Apostolus
3369 2134 3569 2189 dicens
3604 2152 3617 2191 :

1982 2220 2071 2274 Vir
2105 2219 2325 2289 quidem
2352 2237 2457 2275 non
2478 2220 2633 2274 debet
2653 2222 2834 2275 velare
2877 2226 3060 2287 caput,
3098 2238 3221 2275 cum
3251 2224 3323 2277 sit
3364 2223 3545 2292 imago
3574 2228 3626 2280 et

1974 2309 2155 2375 gloria
2189 2310 2283 2362 Dei
2318 2311 2364 2377 (ῐ
2400 2310 2518 2364 Cor.
2553 2326 2630 2375 x1,
2680 2310 2754 2380 7).
2791 2314 2914 2364 Non
2966 2310 3130 2377 dixit,
3165 2312 3234 2364 ad
3269 2311 3624 2384 imaginem;

1975 2398 2073 2453 sed
2110 2399 2306 2468 imago.
2341 2400 2475 2462 Quae
2510 2402 2702 2453 tamen
2738 2399 2956 2469 imago,
2978 2415 3108 2453 cum
3132 2399 3265 2454 alibi
3293 2400 3528 2467 dicitur,
3548 2401 3628 2457 Ad

1975 2488 2295 2555 imaginem,
2330 2504 2441 2542 non
2476 2488 2641 2559 quasi
2678 2488 2747 2542 ad
2789 2488 2991 2543 Filium
3016 2488 3249 2555 dicitur,
3278 2506 3406 2561 qua:
3439 2491 3628 2557 imago

1973 2576 2213 2647 aequalis
2263 2580 2351 2630 est
2382 2577 2573 2643 Patri;
2605 2576 2861 2649 alioquin
2902 2594 3013 2632 non
3050 2578 3283 2647 diceret,
3318 2581 3397 2635 ad
3426 2582 3626 2652 imagi«

1973 2681 2099 2721 nem
2133 2674 2398 2720 nostram.
2436 2666 2734 2728 Quomodo
2780 2666 2935 2721 enim
2985 2669 3249 2731 nostram,
3283 2683 3415 2723 cum
3454 2670 3631 2727 Filius

1975 2755 2161 2810 solius
2188 2754 2372 2809 Patris
2406 2754 2599 2825 imago
2648 2755 2763 2809 sit?
2811 2756 2921 2810 Sed
2956 2761 3188 2827 propter
3224 2756 3529 2829 imparem,
3564 2763 3631 2815 ut

1974 2843 2253 2912 diximus,
2304 2842 2751 2898 similitudinem
2802 2844 2995 2899 dictus
3023 2850 3111 2900 est
3142 2845 3316 2901 homo
3337 2846 3407 2901 ad
3434 2850 3631 2918 imagi-

1973 2949 2099 2987 nem
2122 2951 2140 2986 :
2161 2937 2218 2986 et
2248 2932 2375 2985 ideo
2400 2936 2664 2999 nostram,
2699 2938 2763 2987 ut
2793 2933 2986 3005 imago
3021 2934 3324 2991 Trinitatis
3347 2941 3503 2993 esset
3523 2938 3628 2993 ho-

1976 3039 2091 3088 mo;
2128 3038 2239 3075 non
2270 3020 2538 3075 Trinitati
2564 3021 2801 3092 aequalis
2834 3022 2987 3078 sicut
3019 3022 3198 3078 Filius
3218 3025 3503 3096 Patri,sed
3538 3044 3629 3082 ac-

1975 3110 2207 3175 cedens,
2244 3114 2306 3162 ut
2336 3110 2557 3163 dictum
2582 3116 2688 3175 est,
2737 3112 2985 3181 quadam
3010 3112 3433 3181 similitudine;
3478 3116 3660 3173 sicut.

1976 3198 2035 3253 in
2067 3197 2425 3252 distantibus
2477 3198 2844 3271 significatur
2883 3200 3151 3271 quaedam
3188 3202 3477 3271 vicinitas,
3513 3222 3629 3261 non

1976 3287 2108 3354 loci,
2135 3287 2233 3341 sed
2257 3287 2565 3358 cujusdam
2592 3287 2957 3344 imitationis.
2978 3290 3062 3344 Ad
3092 3290 3200 3346 hoc
3223 3292 3379 3347 enim
3409 3298 3465 3348 et
3487 3294 3631 3350 dici-

1977 3382 2091 3443 tur,
2118 3377 2522 3447 Reformamini
2551 3379 2611 3431 in
2628 3380 2868 3433 novitate
2885 3384 3081 3433 mentis
3112 3384 3304 3437 vestrae
3328 3383 3500 3453 (Rom.
3526 3402 3627 3453 x11,

1974 3467 2029 3537 2)
2057 3482 2068 3519 :
2097 3466 2313 3536 quibus
2338 3466 2477 3519 item
2503 3466 2663 3534 dicit,
2688 3468 2872 3520 Estote
2894 3471 3079 3539 itaque
3101 3471 3404 3524 imitatores
3426 3473 3544 3541 Dei,
3562 3475 3633 3529 si-

1976 3564 2064 3610 cut
2084 3555 2194 3625 ﬁlii
2208 3555 2529 3627 charissimi
2550 3555 3066 3625 (Ephes.v,l).Novo
3081 3558 3234 3612 enim
3258 3558 3633 3615 hominidici-

1976 3649 2101 3698 tur:
2121 3644 2225 3710 Qui
2245 3646 2537 3697 renovatur
2550 3645 2611 3697 in
2626 3646 2967 3712 agnitionem
2992 3646 3087 3699 Dei
3105 3646 3414 3701 secundum
3428 3651 3628 3721 imagi-

1974 3750 2099 3788 nem
2115 3734 2232 3804 ejus
2251 3734 2344 3801 qui
2360 3734 2699 3787 creavileum
2716 3732 2941 3805 (Coloss.
2965 3734 3287 3806 nl,tO).Aut
3310 3736 3489 3806 sijam
3512 3738 3630 3809 pla-

1982 3828 2073 3878 cet
2098 3827 2332 3894 propter
2356 3821 2692 3893 disputandi
2720 3822 3342 3889 necessitatem,etiam
3376 3827 3630 3898 exceptis

1978 3912 2317 3968 nominibus
2341 3912 2919 3982 relativis,pluralem
2954 3930 3267 3970 numerum
3300 3916 3626 3986 admittere,

1976 4008 2169 4058 utuno
2191 4001 2423 4056 nomine
2437 4003 3013 4072 respondeatur,cum
3030 4005 3474 4078 quaeritur,quid
3494 4008 3629 4075 tria,

1977 4100 2032 4147 et
2060 4090 2251 4146 dicere
2286 4096 2405 4145 tres
2436 4090 2798 4145 substantias
2836 4093 2954 4147 sive
2980 4098 3099 4147 tres
3122 4109 3430 4165 personas;
3457 4096 3630 4151 nullas

1978 4180 2162 4235 moles
2183 4184 2283 4233 aut
2307 4178 2610 4233 intervalla
2629 4178 3145 4249 cogitentur,nulla
3159 4182 3439 4239 distantia
3452 4201 3637 4253 quan-

1977 4269 2369 4339 tulaecumque
2384 4266 3091 4336 dissimilitudinis,utibi3
3105 4269 3634 4342 intelligaturaliud

1982 4358 2093 4414 alio
2126 4357 2213 4412 vel
2250 4356 2422 4428 paulo
2447 4355 2663 4423 minus,
2696 4344 3067 4428 quacumque
3092 4359 3262 4414 modo
3288 4360 3486 4415 minus
3508 4378 3637 4418 esse

1982 4447 2140 4503 aliud
2166 4446 2278 4500 alio
2304 4450 2488 4517 potest
2515 4463 2526 4500 :
2554 4450 2617 4499 ut
2640 4462 2826 4517 neque
2844 4461 3230 4517 personarum
3255 4448 3331 4502 sit
3350 4450 3635 4519 confusio,

1983 4553 2089 4591 nec
2108 4535 2242 4590 talis
2268 4533 2565 4590 distinctio
2598 4551 2715 4605 qua
2740 4535 3018 4606 sitimpar
3039 4534 3452 4607 aliquid.Quod
3478 4542 3527 4593 si
3549 4540 3637 4594 in-

1980 4624 2215 4682 tellectu
2249 4625 2376 4695 capi
2401 4639 2516 4678 non
2542 4627 2747 4694 potest,
2772 4623 2882 4678 fide
2910 4627 3195 4693 teneatur,
3230 4626 3413 4682 donec
3434 4626 3635 4683 illuce-

1982 4719 2107 4771 seat
2128 4714 2186 4767 in
2209 4713 2484 4768 cordibus
2504 4710 2600 4765 ille
2625 4711 2726 4782 qui
2747 4712 2827 4766 ait
2858 4728 2959 4783 per
2986 4714 3351 4786 prophetam,
3370 4717 3493 4774 Nisi
3520 4732 3636 4772 cre-

1981 4803 2250 4870 dideritis,
2270 4817 2379 4857 non
2400 4798 2722 4871 intelligetis
2750 4802 2904 4872 (lsai.
2939 4819 3037 4869 v11,
3070 4803 3146 4874 9).

2052 5000 2068 5033 ί
2104 4997 2189 5046 Sic
2219 4997 2342 5045 Mss.
2374 4994 2511 5043 Editi
2550 5006 2832 5058 veroLnon
2850 4994 3029 5058 potest.

2051 5061 2071 5096 9
2092 5060 2272 5109 Plures
2302 5057 2444 5117 Mss.,
2477 5059 2567 5106 aut
2586 5056 2676 5106 ibi.
2709 5057 2773 5107 Et
2802 5056 3039 5121 quidam,
3071 5061 3163 5109 aut
3190 5057 3294 5107 ubi.

1387 5203 1765 5297 LIBER
1879 5201 2478 5297 OCTAVUS.

282 5343 343 5393 In
378 5355 486 5404 quo
517 5342 721 5408 ratione
752 5342 960 5408 reddita
986 5346 1242 5391 monstrat
1270 5356 1379 5392 non
1409 5343 1579 5393 solum
1612 5345 1817 5395 Patrem
1850 5346 2039 5396 Filium
2071 5360 2181 5395 non
2209 5359 2323 5394 esse
2355 5344 2633 5408 majorem,
2659 5342 2756 5408 sed,
2783 5356 2881 5391 nec
2910 5341 3095 5408 ambos
3118 5342 3273 5408 simul
3302 5343 3503 5408 aliquid
3524 5360 3637 5398 ma-

218 5406 308 5470 jus
340 5418 456 5454 esse
486 5418 644 5471 quam
678 5405 933 5471 Spiritum
964 5410 1226 5471 sanctum,
1253 5420 1373 5471 nec
1401 5408 1667 5469 quoslibet
1701 5411 1835 5457 duos
1868 5411 2023 5458 simul
2054 5410 2107 5457 in
2137 5408 2323 5457 eadem
2370 5405 2623 5456 Trinitate
2657 5405 2827 5471 majus
2858 5405 3205 5471 esse__aliquid
3238 5405 3407 5470 quani
3443 5423 3637 5471 unum,

223 5466 325 5517 nec
354 5466 545 5540 omnes
569 5469 732 5540 simul
764 5473 867 5540 tres
896 5468 1072 5540 majus
1106 5466 1447 5540 aliquidesse
1478 5483 1633 5533 quam
1666 5472 2083 5540 singulos._Dei_n
2106 5474 2153 5519 ie
2189 5472 2296 5540 agit
2332 5475 2387 5519 ut
2417 5475 2470 5540 et_
2487 5484 2554 5540 ex_
2587 5466 3324 5540 veritatisintellectlouefet
3350 5483 3413 5518 ex
3447 5466 3638 5540 notitia

222 5531 424 5597 summi
458 5531 603 5597 boni,
632 5535 683 5578 et
714 5544 777 5579 ex
807 5530 1165 5597 insitoamore
1193 5530 1428 5597 justitiaa.
1464 5530 1684 5594 propter
1712 5530 1871 5596 qﬁam
1919 5535 2153 5596 diligitur
2200 5530 2409 5582 animus
2452 5533 2628 5595 justus
2660 5532 2725 5579 ab
2758 5530 2937 5597 animo
2968 5531 3126 5597 etiam
3160 5531 3401 5597 nondum
3462 5534 3637 5597 justo,

224 5594 563 5703 intelligatur
591 5594 707 5655 ipsa
736 5600 925 5642 natura
956 5595 1047 5644 Dei
1079 5609 1091 5643 :
1126 5593 1353 5643 maxime
1398 5593 1522 5642 vero
1570 5593 1821 5645 admonet
1853 5603 1909 5645 ut
1943 5593 2034 5646 Dei
2065 5598 2307 5657 cognitio
2335 5593 2606 5658 quaeratur
2636 5607 2731 5654 per
2760 5593 3087 5661 charitatem,
3120 5607 3239 5655 quae
3268 5595 3323 5644 in
3355 5593 3641 5662 Scripturis

226 5657 371 5703 Deus
439 5656 624 5703 icitur:
658 5670 765 5703 uua
795 5657 849 5703 in
872 5658 1127 5703 charitate
1159 5658 1315 5703 etiam
1340 5657 1607 5703 Trinitatis
1642 5661 1918 5703 vestigium
1950 5661 2221 5703 mmddam
2249 5660 2420 5703 inesse
2452 5658 2721 5703 observat.

226 5657 371 5705 Deus

301 5791 672 5850 PROOEMIUM.
712 5820 782 5833 ——
826 5791 876 5847 1.
905 5792 1161 5865 Epilogus
1178 5793 1430 5865 superius
1458 5791 1751 5849 dictorum.
1786 5795 1883 5850 Re-

439 5656 624 5715 icitur;
658 5670 765 5717 qua
795 5657 849 5705 iu
872 5658 1127 5706 charitate
1159 5658 1315 5706 etiam
1340 5657 1607 5707 Trinitatis
1642 5661 1919 5724 vestigium
1950 5661 2223 5724 quoddam
2248 5656 2420 5707 inesse
2452 5658 2721 5706 observat.

1993 5795 2118 5865 gula
2136 5796 2193 5849 in
2212 5790 2623 5862 difﬁcilioribus
2636 5789 2766 5859 ﬁdei
2781 5790 3175 5862 quaestionibus
3185 5795 3479 5855 servanda.
3489 5795 3638 5852 Dixi-
