4100 6194
489 342 606 402 947

482 494 615 533 mus
638 476 870 545 alibi,ea
890 476 1003 531 dici
1025 473 1251 546 preprie
1275 473 1333 528 in
1350 472 1446 527 illa
1465 471 1744 527 Trinitate
1769 471 2042 526 distincte
2059 471 2131 525 ad

485 566 748 636 singulas
776 581 1054 637 personas
1081 562 1582 635 pertinentia,quaa
1605 560 1840 616 relative
1861 560 2137 614 dicuntur

486 656 555 710 ad
582 656 849 719 invrcem,
873 654 1026 709 sicut
1047 657 1277 707 Pateret
1298 650 1560 718 Filius,ct
1583 651 1887 720 utriusque
1911 655 2135 704 Donum

487 744 737 816 Spiritus
757 749 1022 798 sanctus:
1046 759 1158 797 non
1190 740 1346 796 enim
1376 740 1543 794 Pater
1561 739 1945 806 Trinitas,aut
1964 738 2138 792 Filius

489 834 764 896 Trinitas,
789 839 889 887 aut
911 831 1170 887 Trinitas
1201 830 1449 884 Donum.
1500 829 1662 892 Quod
1696 845 1826 883 vero
1860 829 1929 882 ad
1956 845 2016 882 se
2049 827 2138 881 di-

491 928 703 976 cuntur
738 920 975 993 singuli,
1032 936 1146 974 non
1185 918 1298 972 dici
1333 916 1635 988 pluraliter
1654 922 1796 984 tres,
1823 917 1922 971 sed
1961 932 2140 971 unum

494 1011 680 1082 ipsam
719 1010 1120 1066 Trinitatem‘:
1148 1007 1302 1062 sicut
1341 1006 1494 1061 Deus
1534 1005 1722 1075 Pater,
1763 1005 1915 1061 Deus
1940 1004 2142 1073 Filius,

496 1106 646 1155 Deus
667 1098 920 1170 Spiritus
944 1103 1206 1164 sanctus;
1223 1101 1278 1150 et
1305 1097 1494 1151 bonus
1517 1099 1705 1161 Pater,
1727 1095 1914 1149 bonus
1939 1092 2144 1157 Filius,

495 1189 684 1244 bonus
703 1186 951 1258 Spiritus
973 1191 1233 1251 sanctus;
1262 1190 1319 1240 et
1344 1184 1720 1254 omnipotens
1745 1184 1932 1250 Pater,
1957 1179 2146 1236 omni-

1599 338 1698 398 DE
1742 336 2196 406 TRINITATE,
2249 338 2314 393 S.
2363 338 2786 400 AUGUSTINI

496 1283 700 1350 potens
741 1276 934 1347 Filius,
959 1275 1328 1346 omnipotens
1351 1273 1603 1345 Spiritus
1629 1276 1868 1327 sanctus
1899 1287 1910 1325 :
1943 1287 2044 1325 nec
2067 1275 2148 1324 ta-

499 1383 630 1421 men
657 1371 771 1420 tres
795 1365 894 1433 dii,
929 1369 1028 1418 aut
1062 1369 1180 1418 tres
1205 1362 1366 1426 boni,
1393 1365 1494 1416 aut
1536 1365 1650 1415 tres
1681 1359 2109 1430 omnipotentes
2135 1375 2149 1424 ',

501 1455 602 1510 sed
639 1472 788 1510 unus
803 1454 977 1520 Deus,
1007 1454 1218 1516 bonus,
1242 1451 1619 1522 omnipotens
1639 1450 1767 1520 ipsa
1789 1449 2075 1512 Trinitas;
2098 1451 2156 1502 et

504 1544 792 1616 quidquid
817 1543 972 1597 aliud
997 1559 1108 1596 non
1135 1543 1203 1596 ad
1229 1540 1472 1595 invicem
1489 1537 1853 1604 relative,sed
1878 1539 1946 1592 ad
1962 1554 2022 1592 se
2036 1535 2156 1591 sin-

510 1633 631 1705 guli
651 1633 943 1687 dicuntur.
969 1631 1082 1686 Hoc
1107 1630 1261 1685 enim
1286 1628 1606 1684 secundum
1629 1627 1944 1682 essentiam
1960 1627 2160 1680 dicun-

507 1727 627 1787 tur,
661 1722 798 1793 quia
817 1721 923 1776 hoc
940 1726 1028 1775 est
1059 1720 1136 1774 ibi
1160 1735 1306 1784 esse,
1337 1718 1488 1790 quod
1517 1733 1795 1787 magnum
1821 1731 1970 1784 esse,
2004 1714 2158 1786 quod

506 1812 727 1866 bonum
752 1827 902 1875 esse,
930 1810 1083 1881 quod
1115 1809 1439 1880 sapientem
1462 1805 1977 1876 esse,etquidquid
2003 1803 2158 1858 aliud

523 1902 596 1956 ad
629 1917 689 1955 se
718 1916 1077 1970 unaquazque
1110 1897 1188 1952 ibi
1215 1913 1482 1969 persona,
1523 1894 1608 1950 vel
1646 1893 2041 1965 ipsaTrinitas
2081 1891 2161 1947 di-

519 1990 949 2059 citur.Ideoque
977 1987 1089 2042 dici
1134 1991 1246 2041 tres
1289 2001 1589 2057 personas,
1625 1984 1709 2038 vel
1737 1988 1857 2038 tres
1888 1985 2162 2038 substan-

513 2075 648 2144 tias,
681 2092 792 2129 non
831 2079 895 2129 ut
926 2073 1120 2145 aliqua
1152 2069 1512 2140 intelligatur
1541 2070 1846 2125 diversitas
1871 2067 2163 2132 essentia,

517 2165 618 2221 sed
653 2169 714 2219 ut
753 2163 839 2219 vel
882 2179 996 2218 uno
1029 2163 1222 2233 aliquo
1264 2160 1544 2215 vocabulo
1585 2158 1920 2230 responderi
1959 2156 2164 2229 possit,

515 2271 649 2309 cum
681 2252 894 2308 dicitur
913 2251 1051 2323 quid
1079 2255 1217 2312 tres.
1241 2249 1327 2304 vel
1356 2249 1492 2319 quid
1519 2248 1649 2315 tria;
1677 2253 2018 2317 tantamque
2039 2262 2168 2302 esse

513 2341 901 2415 mqualitatem
927 2341 983 2395 in
1007 2358 1074 2395 ea
1094 2339 1397 2404 Trinitate,
1415 2343 1477 2392 ut
1508 2355 1621 2392 non
1650 2336 1841 2393 solum
1865 2341 2034 2392 Pater
2053 2352 2168 2390 non

511 2431 590 2487 sit
621 2431 808 2502 major
828 2447 1005 2502 quam
1038 2427 1243 2493 Filius,
1264 2427 1418 2499 quod
1452 2425 1660 2482 attinet
1680 2426 1750 2481 ad
1777 2425 2165 2494 divinitatem,

513 2520 613 2575 sed
664 2536 769 2575 nec
822 2519 990 2574 Pater
1019 2523 1076 2573 et
1108 2516 1290 2572 Filius
1327 2515 1508 2572 simul
1544 2515 1737 2586 majus
1779 2513 1997 2586 aliquid
2052 2514 2171 2570 sint

509 2626 687 2682 quam
711 2607 966 2680 Spiritus
990 2610 1252 2674 sanctus,
1277 2611 1376 2660 aut
1400 2604 1894 2676 singulaquaque
1922 2621 2172 2676 persona

509 2698 786 2772 quaelibet
815 2697 991 2752 trium
1041 2695 1241 2751 minus
1264 2695 1486 2766 aliquid
1515 2693 1591 2750 sit
1629 2711 1802 2765 quam
1840 2693 2168 2763 ipsaTrini-

516 2793 628 2843 tas.
662 2787 822 2842 Dicta
843 2790 980 2842 sunt
1007 2785 1149 2851 haec,
1181 2789 1236 2839 et
1269 2783 1316 2838 si
1348 2784 1561 2855 saepius
1597 2783 1878 2838 versando
1907 2787 2171 2852 repetan-

511 2881 625 2942 tur,
665 2875 1013 2931 familiarius
1037 2875 1274 2946 quidem
1299 2873 1670 2929 innotescunt
1701 2889 1712 2926 :
1740 2873 1838 2928 sed
1869 2877 1926 2926 et
1965 2871 2174 2926 modus

516 2967 730 3037 aliquis
754 2966 1126 3020 adhibendus
1147 2970 1258 3032 est,
1289 2965 1516 3033 Deoque
1537 2959 1985 3032 supplicandum
2011 2960 2175 3015 devo-

513 3055 747 3110 tissima
773 3055 1007 3125 pietate,
1057 3058 1119 3106 ut
1145 3050 1502 3106 intellectum
1543 3049 1782 3120 aperiat,
1807 3054 1864 3104 et
1912 3047 2173 3103 studium

512 3143 900 3200 contentionis
923 3142 1215 3204 absumat,
1241 3155 1354 3211 quo
1370 3137 1555 3209 possit
1578 3142 1771 3192 mente
1795 3138 1951 3192 cerni
1974 3154 2174 3192 essen—

525 3233 610 3287 tia
637 3231 918 3295 veritatis,
963 3230 1086 3283 sine
1129 3228 1249 3283 ulla
1287 3226 1455 3294 mole,
1480 3227 1608 3281 sine
1636 3225 1751 3280 ulla
1793 3225 2173 3282 mobilitate’.

512 3322 677 3378 Nunc
707 3321 923 3390 itaque,
951 3318 1008 3373 in
1040 3322 1325 3390 quantum
1351 3315 1474 3386 ipse
1497 3316 1734 3386 adjuvat
1755 3314 1998 3371 Creator
2033 3315 2179 3370 mire

513 3409 867 3478 misericors,
914 3407 1289 3462 attendamus
1330 3405 1450 3460 haec
1501 3421 1627 3476 quas
1678 3405 1850 3459 modo
1897 3403 2178 3460 interiore

513 3515 693 3572 qnam
737 3496 1080 3569 superiora”
1131 3493 1542 3560 tractabimus,
1572 3510 1706 3549 cum
1761 3493 1880 3548 sint
1931 3493 2175 3548 eadem:

512 3585 860 3644 servatailla
891 3583 1109 3655 regula,
1157 3583 1398 3653 utquod
1446 3581 1767 3638 intellectui
1811 3587 2010 3638 nostro
2037 3600 2180 3638 non-

517 3678 658 3733 dum
685 3673 949 3742 eluxerit,
977 3692 1010 3728 a
1043 3673 1318 3728 ﬁrmitate
1342 3672 1473 3726 ﬁdei
1504 3688 1617 3726 non
1650 3671 2000 3726 dimittatur.

587 3765 822 3821 CAPUT
855 3762 1159 3819 PRIMUM.
1184 3793 1251 3802 -—
1274 3762 1326 3815 2.
1352 3763 1410 3817 In
1448 3765 1561 3816 Deo
1590 3777 1705 3814 non
1725 3777 1838 3816 esse
1856 3761 2034 3825 maius
2051 3760 2183 3831 quid

522 3860 636 3909 (res
667 3870 829 3924 quam
849 3869 1020 3906 unam
1054 3867 1366 3922 personam,
1401 3853 1619 3904 ratione
1647 3853 2002 3904 monstratur.
2036 3849 2184 3904 Dici-

541 3959 674 3997 mus
707 3958 860 3996 enim
889 3957 1003 3995 non
1045 3955 1171 3994 esse
1212 3939 1268 3993 in
1298 3937 1406 3992 hac
1443 3938 1726 3993 'I‘rinitate
1748 3939 1940 4010 majus
1963 3938 2183 4010 aliquid

537 4032 686 4086 duas
729 4036 827 4086 aut
875 4034 993 4083 tres
1044 4043 1323 4098 personas
1358 4042 1534 4097 quam
1569 4043 1744 4082 unam
1768 4044 1964 4082 earum
1992 4045 2005 4083 :
2030 4027 2185 4099 quod

527 4136 641 4174 non
683 4117 837 4189 capit
880 4116 1240 4172 consuetudo
1281 4114 1553 4178 carnalis,
1603 4133 1716 4170 non
1761 4117 1832 4171 ob
1864 4116 2046 4185 aliud,
2072 4101 2186 4174 nisi

526 4207 668 4279 quia
692 4223 827 4261 vera
849 4221 977 4277 qua:
1009 4207 1204 4260 creata
1232 4207 1373 4258 sunt
1402 4202 1581 4257 sentit
1630 4209 1693 4258 ut
1736 4209 1944 4275 potest;
1977 4205 2187 4260 verita-

525 4301 643 4353 tem
675 4300 870 4352 autem
899 4293 1087 4366 ipsam
1119 4310 1232 4364 qua
1263 4300 1454 4347 creata
1474 4298 1612 4346 sunt
1638 4308 1752 4346 non
1778 4298 1969 4363 potest
1990 4292 2188 4348 intue-

525 4386 572 4440 ri
606 4403 619 4441 :
657 4401 790 4441 nam
824 4385 871 4439 si
897 4387 1116 4456 posset,
1153 4381 1312 4436 nullo
1336 4381 1510 4436 modo
1534 4386 1686 4436 esset
1717 4379 1816 4436 lux
1849 4381 1961 4437 ista
1983 4399 2189 4454 corpo-

526 4492 623 4530 rea
654 4473 1020 4529 manifestior
1041 4489 1217 4544 quam
1262 4471 1370 4526 hoc
1401 4470 1558 4541 quod
1603 4469 1880 4526 diximus.
1932 4472 1996 4526 ln
2044 4473 2187 4528 sub-

521 4562 735 4618 stantia
756 4561 970 4632 quippe
994 4560 1276 4629 veritatis,
1313 4560 1594 4632 quoniam
1618 4558 1743 4614 sola
1764 4576 1894 4615 vere
1933 4566 2042 4626 est,
2072 4579 2186 4617 non

526 4656 614 4707 est
641 4651 824 4720 major
847 4651 1062 4722 aliqua,
1098 4650 1208 4704 nisi
1237 4667 1364 4721 quae
1397 4650 1588 4706 verius
1603 4650 1736 4704 est‘.
1763 4649 2059 4720 Quidquid
2085 4669 2190 4706 au-

529 4746 648 4796 tem
709 4738 1073 4810 intelligibile
1129 4744 1298 4809 atque
1355 4736 1839 4794 incommutabile
1905 4745 2016 4804 est,
2077 4750 2190 4795 non

531 4829 689 4885 aliud
713 4827 825 4882 alio
847 4828 1036 4882 verius
1069 4833 1177 4893 est,
1225 4827 1364 4898 quia
1415 4843 1580 4898 aeque
1633 4827 2192 4884 incommutabiliter

537 4922 816 4973 aeternum
841 4922 953 4972 est:
974 4931 1074 4970 nec
1099 4916 1252 4986 quod
1277 4915 1355 4969 ibi
1388 4932 1661 4987 magnum
1691 4915 1927 4982 dicitur,
1954 4917 2191 4973 aliunde

540 5023 822 5080 magnum
857 5011 964 5071 est,
1000 5021 1176 5077 quam
1211 5020 1276 5058 eo
1312 5020 1426 5075 quo
1468 5021 1597 5058 vere
1649 5006 1782 5059 est‘.
1832 5005 2195 5077 Quapropter

541 5097 640 5154 ubi
674 5094 1017 5168 magnitudo
1058 5092 1187 5164 ipsa
1216 5093 1432 5146 veritas
1462 5096 1569 5158 est,
1603 5092 1889 5165 quidquid
1925 5093 2058 5167 plus
2090 5095 2191 5150 ha-

604 5239 622 5274 ί
655 5235 738 5286 Sic
766 5235 1005 5300 plerique
1046 5234 1168 5284 Mss.
1190 5232 1255 5282 At
1284 5231 1426 5290 editi,
1458 5231 1552 5281 sed
1577 5247 1733 5282 unam
1779 5235 1943 5298 ipsam
1975 5236 2192 5285 Trinita-

542 5303 663 5351 tem.

603 5363 624 5397 ³
653 5363 712 5410 lu
744 5362 884 5417 Mss"
915 5357 1280 5409 mutabilitate.

552 5486 562 5494 .
608 5424 632 5494 f
658 5423 942 5494 E_diti,qaz
966 5426 1246 5494 nio/lotam
1286 5420 1667 5494 interiorauAt
1706 5421 1846 5494 M_ss.,
1907 5424 2194 5494 quea-nodo

541 5483 896 5544 ἐπανίοι-αἶς]
931 5490 1028 5540 est,
1068 5486 1274 5534 ratione
1305 5485 1473 5543 magis
1495 5483 1682 5532 intima
1711 5487 1870 5546 atque
1893 5483 2192 5537 subtiliore.

543 5547 815 5619 Reman-iis
847 5548 1008 5596 codex
1045 5548 1218 5604 habet,
1252 5560 1364 5610 qua:
1404 5549 1556 5596 modo
1601 5547 1842 5596 interiore
1871 5562 2024 5612 quam
2049 5565 2196 5613 supe-

545 5622 660 5656 rior
693 5643 706 5656 .

607 5672 628 5705 ⁸
657 5623 855 5733 {luctor
883 5667 1027 5733 Mss,
1057 5671 1342 5733 verior_eet.

611 5732 631 5765 ⁸
664 5729 792 5778 Pls"
866 5742 902 5778 's
932 5729 1071 5788 Msa,
1103 5730 1238 5793 quod
1264 5745 1378 5779 vere
1406 5735 1496 5780 est.

3731 351 3828 411 948

2244 470 2339 525 bet
2370 473 2816 543 magnitudinis,
2843 493 3077 531 necesse
3099 483 3187 530 est
3211 479 3274 531 ut
3307 475 3429 547 plus
3451 477 3644 533 habeat
3673 482 3839 538 verita-

2251 559 2324 614 tis
2349 576 2359 613 :
2396 561 2680 633 quidquid
2705 578 2839 636 ergo
2870 563 3001 635 plus
3026 566 3286 620 veritatis
3312 582 3423 619 non
3446 566 3627 633 habet,
3647 583 3742 624 non
3758 571 3836 626 ba-

2250 649 2347 704 bet
2378 649 2509 719 plus
2536 651 2708 705 etiam
2744 655 3192 725 magnitudinis.
3229 655 3424 718 Porro,
3447 657 3706 728 quidquid
3732 659 3835 730 plus

2251 737 2424 793 habet
2455 740 2734 806 veritatis,
2761 743 3012 812 profecto
3033 743 3226 798 verius
3267 750 3373 812 est,
3397 745 3543 799 sicut
3581 747 3751 816 majus
3775 757 3844 803 est

2253 827 2406 897 quod
2443 827 2573 898 plus
2597 829 2771 884 habet
2793 831 3372 902 magnitudiniszboc
3402 849 3533 904 ergo
3554 833 3627 888 ibi
3655 842 3732 891 est
3751 853 3846 892 ma-

2246 916 2348 985 jus
2373 917 2525 986 quod
2561 917 2767 973 verius.
2807 924 2928 973 Non
2963 925 3155 974 autem
3190 921 3404 984 verius,
3427 927 3514 975 est
3534 925 3686 977 Pater
3704 929 3746 978 et
3779 926 3846 978 Fi-

2254 1003 2370 1058 lius
2393 1005 2590 1070 simul,
2620 1023 2794 1077 quam
2827 1009 3097 1080 sin’gulus
3135 1009 3320 1077 Pater,
3354 1014 3453 1064 aut
3498 1011 3743 1083 singulus
3782 1014 3850 1067 Fi-

2255 1091 2388 1148 lius.
2406 1097 2528 1148 Non
2545 1095 2642 1166 igil
2657 1112 2720 1149 ur
2742 1099 2933 1168 majus
2948 1098 3164 1170 aliquid
3191 1103 3503 1170 utrumque
3522 1099 3851 1172 simul,quam

2259 1181 2556 1253 singulum
2597 1181 2818 1240 eorum.
2863 1186 2931 1240 Et
2970 1187 3246 1258 quoniam
3271 1202 3430 1258 mque
3460 1203 3586 1242 vere
3613 1192 3692 1243 est
3713 1189 3853 1245 etiam

2261 1271 2514 1341 Spiritus
2545 1278 2804 1339 sanctus,
2854 1291 2957 1330 nec
2990 1280 3160 1331 Pater
3180 1281 3236 1331 et
3266 1276 3444 1330 Filius
3491 1275 3658 1331 simul
3702 1278 3859 1347 majus

2263 1359 2477 1431 aliquid
2529 1366 2616 1417 est
2666 1379 2841 1435 quam
2874 1363 3019 1435 ipse,
3064 1366 3200 1436 quia
3233 1381 3337 1420 nec
3381 1365 3571 1420 verius
3599 1369 3698 1420 est.
3727 1365 3864 1420 Pater

2262 1465 2495 1520 quoque
2525 1456 2580 1504 ct
2601 1451 2849 1522 Spiritus
2883 1459 3123 1508 sanctus
3145 1452 3342 1519 simul,
3372 1454 3641 1524 quoniam
3665 1455 3866 1510 veritate

2265 1555 2379 1593 non
2413 1545 2691 1611 superant
2724 1541 2930 1596 Filium
2960 1559 2972 1608 ;
3007 1559 3120 1597 non
3155 1542 3309 1597 enim
3362 1542 3551 1597 verius
3592 1550 3753 1610 sunt;
3786 1561 3868 1598 nec

2266 1629 2670 1699 magnitudine
2700 1636 2980 1703 superant
3019 1635 3206 1703 Atque
3247 1631 3327 1685 ita
3379 1632 3554 1686 Filius
3577 1639 3629 1687 et
3655 1632 3871 1704 Spiritus

2267 1723 2505 1772 sanctus
2528 1719 2703 1774 simul
2726 1725 2844 1775 tam
2879 1737 3155 1793 magnum
3181 1721 3405 1792 aliquid
3435 1726 3572 1775 sunt
3601 1738 3759 1792 quam
3787 1722 3871 1775 Pa-

2268 1811 2356 1860 ter
2389 1807 2570 1873 solus,
2605 1809 2739 1879 quia
2768 1814 2884 1863 tam
2914 1826 3043 1865 vere
3075 1814 3231 1864 sunt.
3267 1809 3362 1865 Sic
3392 1813 3447 1864 et
3496 1809 3620 1880 ipsa
3655 1809 3875 1864 Trinitas

2270 1900 2388 1950 tam
2423 1913 2701 1968 magnum
2731 1903 2839 1964 est,
2893 1915 3069 1969 quam
3121 1915 3488 1970 unaquaeque
3519 1897 3596 1951 ibi
3644 1914 3874 1969 persona.

2271 1985 2394 2040 Non
2427 1986 2583 2041 enim
2608 1986 2686 2041 ibi
2720 1989 2904 2059 major
2933 1994 3040 2056 est,
3075 2005 3205 2060 quae
3237 1989 3422 2042 verior
3445 2004 3558 2042 non
3579 1993 3680 2052 est,
3707 1987 3788 2040 ubi
3809 1993 3879 2041 est

2272 2074 2401 2147 ipsa
2422 2075 2635 2130 veritas
2662 2077 3019 2148 magnitudo.
3058 2078 3204 2143 Quia
3249 2077 3306 2130 in
3358 2076 3613 2132 essentia
3641 2075 3880 2143 veritatis,

2273 2164 2382 2219 hoc
2412 2169 2501 2218 est
2523 2181 2720 2220 verum
2753 2181 2881 2221 esse
2907 2167 3061 2238 quod
3094 2183 3222 2222 esse
3245 2185 3257 2234 ;
3284 2171 3340 2221 et
3367 2167 3478 2222 hoc
3503 2171 3591 2220 est
3619 2183 3738 2221 esse
3756 2166 3882 2237 quod

2275 2257 2364 2308 est
2419 2269 2698 2325 magnum
2759 2271 2888 2309 esse
2921 2272 2932 2309 :
2965 2255 3074 2310 hoc
3123 2260 3212 2310 est
3265 2272 3402 2327 ergo
3448 2271 3718 2328 magnum
3762 2270 3885 2320 esse,

2276 2343 2428 2415 quod
2461 2360 2661 2398 verum
2690 2359 2837 2399 esse.
2863 2344 3020 2408 Quod
3052 2344 3232 2417 igitur
3271 2343 3350 2398 ibi
3384 2361 3549 2417 aeque
3578 2360 3762 2400 verum
3799 2346 3885 2408 est,

2275 2432 2450 2486 etiam
2475 2449 2636 2504 aqua
2671 2449 2949 2505 magnum
2979 2433 3056 2488 sit
3087 2450 3322 2489 necesse
3352 2439 3466 2488 est.

2348 2521 2580 2576 CAPUT
2605 2522 2670 2576 il.
2705 2553 2774 2563 —-
2802 2523 2853 2576 3.
2890 2523 3206 2594 Respuenda
3232 2524 3406 2578 omnis
3443 2522 3733 2593 corporalis
3761 2521 3892 2592 cogi-

2276 2611 2431 2676 tatio,
2455 2615 2519 2664 ut
2548 2612 2685 2666 Deus
2709 2613 2965 2682 capiatur
3011 2612 3271 2683 quomodo
3323 2613 3464 2666 Deus
3495 2621 3572 2667 est
3602 2613 3806 2666 veritas.
3844 2611 3892 2662 in

2277 2699 2620 2771 corporibus
2659 2705 2852 2755 autem
2908 2702 3029 2756 ﬁeri
3077 2707 3266 2772 potest
3309 2708 3374 2755 ut
3414 2717 3582 2772 aeque
3625 2715 3809 2754 verum
3836 2696 3896 2752 sit

2278 2787 2387 2843 hoc
2417 2805 2625 2844 aurum
2660 2795 2834 2861 atque
2866 2789 3036 2856 illud,
3081 2791 3178 2845 sed
3233 2791 3426 2860 majus
3477 2790 3586 2845 hoc
3635 2790 3704 2846 sit
3749 2803 3895 2859 quam

2281 2876 2449 2941 illud,
2478 2878 2616 2948 quia
2645 2895 2757 2932 non
2805 2880 3009 2934 eadem
3032 2878 3110 2932 ibi
3145 2885 3232 2933 est
3299 2878 3648 2950 magnitudo
3689 2893 3802 2949 quae
3827 2891 3898 2930 ve-

2281 2966 2449 3033 ritas;
2484 2967 2760 3039 aliudque
2794 2967 2880 3021 illi
2912 2972 2999 3022 est
3029 2984 3263 3032 aurum,
3290 2983 3417 3022 esse
3466 2966 3621 3022 aliud
3657 2979 3897 3037 magnum

2280 3071 2426 3111 esse.
2461 3056 2552 3110 Sic
2579 3061 2636 3111 et
2669 3057 2724 3111 in
2760 3056 2945 3111 animi
2979 3061 3186 3111 natura
3217 3057 3553 3111 secundum
3610 3056 3753 3128 quod
3783 3053 3900 3108 dici-

2280 3148 2379 3198 tur
2408 3161 2659 3214 magnus
2691 3146 2948 3209 animus,
2982 3162 3096 3200 non
3120 3145 3448 3200 secundum
3480 3144 3589 3200 hoc
3621 3145 3816 3199 dicitur
3834 3157 3904 3193 ve-

2283 3251 2384 3288 rus
2406 3233 2660 3288 animus.
2690 3235 2958 3289 Animum
2993 3234 3147 3290 enim
3179 3251 3380 3288 verum
3415 3234 3602 3290 habet
3626 3235 3784 3288 etiam
3823 3229 3904 3301 qui

2285 3340 2398 3378 non
2447 3328 2535 3377 est
2583 3322 3552 3395 magnanimuszquandoquidem
3604 3320 3842 3393 corporis
3866 3323 3908 3373 et

2283 3411 2462 3468 animi
2487 3413 2764 3475 essentia,
2799 3429 2914 3466 non
2944 3416 3030 3466 est
3065 3412 3251 3483 ipsius
3280 3412 3552 3466 veritatis
3574 3407 3905 3474 essentia,si-

2284 3507 2382 3557 cut
2407 3502 2772 3558 estTrinitas
2813 3501 2965 3556 Deus
2995 3518 3170 3567 unus,
3212 3499 3396 3566 solus,
3453 3517 3724 3573 magnus,
3749 3513 3906 3558 verus,

2283 3607 2473 3658 verax,
2506 3591 2737 3646 veritas.
2771 3591 2952 3655 Quem
2976 3591 3024 3646 si
3049 3591 3301 3660 cogitare
3325 3606 3638 3659 conamur,
3658 3594 3905 3660 quantum

2287 3679 2426 3736 sinit
2455 3685 2510 3735 et
2541 3681 2735 3747 donat,
2759 3679 2957 3735 nullus
2993 3679 3278 3751 cogitetur
3317 3695 3420 3751 per
3465 3678 3723 3734 locorum
3753 3675 3908 3748 spatia

2287 3774 2589 3824 contactus
2633 3774 2734 3823 aut
2764 3767 3124 3840 complexus,
3168 3769 3336 3839 quasi
3377 3768 3566 3822 trium
3598 3779 3902 3839 corporum;

2288 3857 2451 3913 nulla
2487 3873 2767 3929 compago
2810 3858 3119 3927 junctum,
3154 3855 3308 3910 sicut
3352 3857 3738 3929 tricorporem
3767 3854 3905 3924 Gery-

2288 3962 2456 4002 onem
2501 3947 2706 4002 fabula:
2741 3946 2930 4000 ferunt
2966 3962 2978 4000 :
3015 3946 3112 4000 sed
3149 3945 3443 4017 quidquid
3483 3947 3682 4000 animo
3713 3943 3814 3998 tale
3835 3958 3905 3995 oc.

2289 4028 2553 4093 currerit,
2589 4031 2652 4081 ut
2702 4028 2893 4096 majus
2924 4026 2998 4080 sit
3032 4025 3084 4079 in
3133 4026 3321 4079 tribus
3370 4041 3556 4095 quam
3589 4025 3646 4079 in
3679 4021 3905 4094 singulis,

2292 4116 2604 4187 minusque
2637 4115 2693 4170 in
2723 4131 2836 4169 uno
2870 4131 3044 4186 quam
3091 4115 3149 4168 in
3182 4114 3434 4180 duobus,
3471 4114 3602 4168 sine
3634 4113 3746 4168 ulla
3772 4111 3904 4165 dubi-

2290 4206 2505 4259 tatione
2533 4209 2880 4276 respuatur:
2911 4204 2991 4257 ita
3033 4202 3190 4257 enim
3223 4202 3526 4274 respuitur
3545 4218 3716 4258 omne
3744 4214 3906 4269 corpo-

2292 4294 2553 4349 reum.ln
2580 4293 2986 4366 spiritualibus
3009 4296 3203 4346 autem
3251 4307 3426 4346 omne
3475 4290 3759 4346 mutabile
3787 4287 3906 4361 quod

2293 4382 2747 4448 occurrerit,non
2765 4387 3001 4453 putetur
3022 4381 3325 4436 Deus.Non
3346 4381 3503 4436 enim
3525 4398 3713 4453 parva:
3729 4377 3906 4433 notitia

2293 4489 2428 4546 pars
2452 4476 2560 4537 est,
2589 4487 2720 4526 cum
2743 4472 2811 4525 de
2831 4470 3118 4542 profundo
3140 4470 3251 4524 isto
3273 4469 3330 4524 in
3355 4468 3523 4525 illam
3549 4469 3907 4526 summitatem

2293 4561 2673 4634 respiramus,
2708 4561 2755 4614 si
2789 4565 3105 4630 antequam
3150 4559 3297 4613 scire
3341 4559 3646 4630 possimus
3687 4557 3811 4630 quid
3855 4553 3911 4605 sit

2293 4651 2466 4720 Deus,
2497 4651 2948 4722 possumusjam
2974 4648 3123 4703 scire
3143 4647 3282 4719 quid
3307 4663 3418 4702 non
3445 4647 3679 4703 sit.Non
3693 4643 3910 4702 estenim

2292 4745 2464 4807 certe,
2491 4755 2596 4794 nec
2619 4744 2790 4803 terra,
2816 4753 2921 4791 nec
2945 4736 3176 4803 caelum,
3217 4753 3320 4790 ncc
3344 4737 3511 4807 quasi
3557 4743 3712 4791 terra
3747 4740 3798 4790 et
3824 4748 3910 4786 ca?-

2293 4829 2439 4895 lum,
2486 4845 2589 4883 nec
2640 4828 2756 4884 tale
2795 4826 3013 4899 aliquid
3061 4826 3232 4898 quale
3263 4827 3534 4882 videmus
3559 4828 3618 4884 in
3651 4825 3803 4890 calo,
3831 4835 3911 4876 nec

2295 4919 2576 4990 quidquid
2615 4918 2723 4970 tale
2757 4933 2869 4970 non
2905 4916 3191 4970 videmus‘
3216 4920 3271 4969 et
3293 4920 3381 4969 est
3404 4916 3673 4971 fortassis
3695 4916 3747 4968 in
3776 4911 3910 4967 calo.

2295 5009 2408 5063 Nec
2437 5008 2483 5062 si
2508 5022 2723 5077 augeas
2745 5005 3160 5076 imaginatione
3180 5004 3556 5074 cogitationis
3578 5003 3761 5059 lucem
3783 4998 3914 5065 solis,

2294 5101 2574 5167 quantum
2604 5100 2785 5165 potes,
2819 5094 2939 5147 sive
2963 5110 3078 5162 quo
3102 5094 3178 5146 sit
3203 5093 3411 5162 major,
3437 5093 3561 5148 sive
3581 5109 3695 5164 quo
3736 5092 3806 5144 sit
3822 5087 3893 5142 cla

2295 5187 2430 5251 rior,
2472 5183 2680 5238 millies
2702 5187 2954 5249 tantum,
2975 5181 3620 5247 autinnumerabiliter,
3639 5194 3812 5252 neque
3830 5176 3916 5230 hoc

2295 5278 2383 5328 est
2407 5272 2699 5327 Deus.Nec
2720 5270 2874 5324 sicut
2896 5267 3461 5340 cogitantur’Angeli
3481 5267 3686 5322 mundi
3711 5263 3916 5335 spiritus

2295 5360 2548 5417 caelestia
2567 5357 3199 5430 corporainspirantes,
3227 5361 3403 5426 atque
3417 5356 3485 5410 ad
3514 5355 3915 5420 arbitriumque

2296 5449 2684 5507 serviuntDeo
2701 5452 2998 5502 mutantes
3011 5451 3187 5516 atque
3208 5449 3642 5515 versantes,nec
3663 5444 3709 5498 si
3724 5454 3914 5500 omnes,

2359 5614 2374 5647 ¹
2409 5611 2493 5660 Sic
2525 5611 2639 5661 Am.
2675 5612 2727 5658 et
2755 5607 2879 5657 Mss.
2911 5609 2976 5658 At
3002 5606 3088 5656 Er.
3119 5608 3171 5655 et
3200 5606 3451 5666 Lov.,nec
3467 5602 3574 5654 tale
3593 5595 3912 5664 aliquidquid

2296 5673 2542 5739 quid_non
2569 5672 2812 5739 vigemus.

2359 5737 2380 5771 ²
2410 5735 2582 5795 Forte,
2607 5733 2710 5783 Nec
2741 5733 2786 5780 si
2813 5731 3116 5796 cogitentur.
