4100 6190
254 382 365 442 949

252 528 380 569 cum
413 511 533 570 sint
560 512 746 569 millia
777 512 1025 570 millium
1047 514 1094 587 (Ι
1119 515 1279 587 Apoc.
1303 531 1357 581 v,
1382 515 1557 587 ll),in
1581 532 1765 571 unum
1789 516 1905 573 col-

251 600 349 656 lati
384 620 536 658 unus
563 602 727 669 ﬂant,
754 619 857 658 nec
886 602 999 658 tale
1032 603 1249 675 aliquid
1277 610 1425 659 Ueus
1446 604 1673 660 est.Nec
1703 606 1748 659 si
1773 623 1900 660 eos-

252 692 376 747 dem
411 691 657 764 spiritus
686 692 813 747 sine
843 694 1188 763 corporibus
1219 694 1459 765 cogites,
1483 695 1636 764 quod
1662 693 1899 765 quidem

251 780 465 836 carnali
483 780 826 853 cogitationi
847 781 1262 836 difficillimum
1287 784 1545 837 est.Ecce
1570 782 1773 847 vide,si
1799 800 1899 854 po-

248 875 393 935 tes,o
425 871 624 925 anima
650 876 1007 942 praegravata
1031 888 1267 942 corpore
1293 872 1447 942 quod
1481 872 1896 943 corrumpitur,

247 964 302 1013 et
331 964 544 1014 onusta
576 959 830 1015 terrenis
863 960 1317 1031 cogitationibus
1352 960 1553 1015 multis
1585 964 1640 1015 et
1672 962 1846 1015 variis
1881 978 1895 1027 ;

246 1064 375 1104 ecce
404 1048 554 1118 vide,
590 1048 638 1103 si
674 1054 837 1119 potes
872 1064 885 1103 :
920 1049 1073 1104 Deus
1109 1049 1340 1104 Veritas
1370 1054 1460 1103 est
1488 1051 1637 1122 (Sap.
1676 1067 1752 1119 IX,
1788 1051 1897 1122 15).

248 1136 361 1193 Hoc
377 1138 529 1192 enim
563 1137 852 1209 scriptum
876 1140 1271 1208 est,()uoniam
1290 1139 1425 1193 Deus
1446 1138 1547 1193 lux
1576 1148 1653 1193 est
1673 1138 1715 1207 (Ι
1738 1139 1894 1194 Joan.

246 1242 284 1291 ι,
315 1226 370 1297 5)
406 1243 419 1281 :
456 1242 565 1281 non
601 1226 894 1298 quomodo
925 1225 1020 1281 isti
1054 1226 1201 1282 oculi
1236 1227 1453 1288 vident.
1479 1228 1576 1283 sed
1603 1228 1898 1299 quomodo

243 1316 399 1370 videt
428 1332 546 1382 cor,
579 1332 710 1371 cum
745 1315 916 1370 audis
958 1318 997 1386 ι,
1030 1314 1263 1371 Veritas
1316 1320 1423 1371 est.
1477 1316 1601 1371 Noli
1644 1333 1900 1387 querere

243 1404 381 1475 quid
414 1403 491 1458 sit
517 1403 733 1458 veritas
760 1428 773 1471 ;
807 1403 1007 1459 statim
1041 1403 1196 1458 enim
1222 1419 1282 1457 se
1305 1409 1598 1477 opponent
1619 1404 1899 1477 caligines

241 1493 566 1565 imaginum
600 1492 997 1565 corporalium
1022 1498 1077 1548 et
1100 1492 1301 1548 nubila
1328 1493 1899 1563 pbantasmatum,et

242 1582 664 1654 perturbabunt
696 1581 1098 1649 serenitatem,
1135 1599 1265 1654 quae
1297 1582 1486 1654 primo
1537 1583 1650 1637 ictu
1686 1583 1900 1637 diluxit

241 1670 371 1737 tibi,
403 1687 538 1726 cum
570 1670 844 1735 dicerem,
872 1671 1121 1725 Veritas.
1144 1670 1285 1725 Ecce
1316 1670 1374 1724 in
1399 1670 1525 1742 ipso
1557 1672 1745 1742 primo
1778 1670 1893 1725 ictu

242 1775 354 1830 quo
383 1760 541 1813 velut
571 1759 974 1814 coruscatione
1024 1759 1462 1831 perstringcris,
1495 1776 1626 1815 cum
1661 1760 1895 1829 dicitur,

242 1846 491 1916 Veritas,
526 1864 693 1903 mane
728 1848 776 1903 si
834 1852 1001 1920 potes
1035 1865 1048 1903 :
1083 1848 1183 1902 sed
1219 1865 1333 1903 non
1384 1853 1582 1919 potes;
1617 1848 1897 1903 relaberis

244 1937 302 1992 in
351 1936 467 1992 ista
496 1936 667 1992 solita
697 1942 872 2007 atque
907 1946 1154 1991 terrena.
1189 1938 1311 2002 Quo
1352 1938 1585 1992 tandem
1620 1938 1894 2009 pondere,

246 2040 464 2095 quaso,
495 2023 793 2087 relaberis,
828 2023 942 2078 nisi
974 2024 1234 2077 sordium
1268 2028 1701 2078 contractarum
1734 2024 1897 2095 cupi-

246 2113 445 2169 ditatis
472 2113 629 2168 visco
660 2117 717 2168 et
749 2111 1236 2185 peregrinationis
1269 2112 1615 2167 erroribus?

313 2201 546 2257 CAPUT
586 2202 606 2256 Ι
616 2202 681 2255 ll.
717 2232 781 2241 —
810 2202 861 2256 4.
898 2200 1171 2269 Quomodo
1202 2209 1558 2269 cognoscatur
1590 2202 1755 2256 Deum
1786 2216 1899 2256 esse

242 2308 521 2347 stlmmum
543 2290 762 2345 bonum.
783 2291 1011 2345 Animus
1027 2291 1252 2345 nonnisi
1271 2292 1616 2346 conversione
1638 2290 1707 2345 ad
1732 2291 1900 2345 Deum

241 2382 300 2453 ﬁt
331 2381 518 2436 bonus.
551 2380 695 2435 Ecce
724 2379 938 2435 iterum
971 2380 1122 2447 vide,
1144 2379 1191 2433 si
1216 2380 1534 2450 potes.Non
1560 2396 1723 2435 amas
1744 2384 1898 2435 certe

242 2469 353 2526 nisi
386 2469 631 2532 bonum,
655 2468 797 2540 quia
821 2469 973 2523 bona
993 2474 1083 2524 est
1100 2474 1255 2523 terra
1276 2469 1586 2523 altitudine
1608 2470 1897 2525 montium

252 2563 307 2615 et
337 2562 801 2630 temperamento
833 2556 1070 2613 collium
1103 2561 1163 2613 et
1193 2557 1433 2629 planitie
1463 2560 1901 2629 camporum,et

255 2648 475 2704 bonum
501 2647 781 2719 praedium
814 2663 1110 2701 ammnum
1143 2663 1209 2701 ac
1232 2645 1501 2711 tertiie,et
1518 2647 1669 2701 bona
1689 2647 1902 2701 domus

256 2737 495 2810 paribus
515 2735 796 2791 membris
809 2735 1097 2805 disposita
1113 2738 1262 2790 etam
1274 2733 1365 2805 pla
1382 2739 1439 2789 et
1454 2726 1730 2805 lucida,et
1750 2735 1903 2789 bona

242 2824 526 2881 animalia
550 2826 813 2879 animata
837 2839 1099 2894 corpora,
1116 2828 1173 2877 et
1190 2823 1378 2877 bonus
1397 2839 1497 2878 aer
1519 2824 1816 2877 modestus
1846 2827 1905 2877 et

247 2913 587 2982 salubris,et
613 2912 804 2967 bonus
831 2912 998 2966 cibus
1022 2911 1217 2965 suavis
1235 2914 1409 2981 atque
1430 2915 1600 2983 aptus
1622 2911 1899 2965 valetudi-

244 3002 325 3070 ni,
364 3005 421 3057 et
440 3002 595 3056 bona
612 2999 883 3056 valetudo
899 2999 1032 3056 sine
1056 2998 1356 3055 doloribus
1372 3004 1429 3053 et
1455 2999 1821 3067 lassitudine,
1846 3005 1904 3056 et

241 3092 399 3147 bona
431 3089 609 3146 facies
640 3089 898 3145 hominis
929 3090 1199 3144 dimensa
1228 3088 1487 3161 pariliter
1506 3093 1562 3144 et
1584 3090 1788 3145 affecta
1812 3090 1896 3145 hi-

178 3173 183 3179 ’
240 3179 447 3236 lariter
473 3183 531 3235 et
558 3178 884 3235 luculenter
913 3178 1254 3245 colorata,et
1286 3179 1473 3233 bonus
1497 3178 1731 3235 animus
1753 3180 1900 3235 ami-

240 3269 293 3325 ci
317 3267 726 3324 consensionis
746 3266 1054 3321 dulcedine
1077 3272 1134 3321 et
1153 3267 1372 3321 amoris
1392 3268 1585 3335 fide,et
1610 3269 1796 3323 bonus
1817 3269 1904 3322 vir

232 3357 528 3430 justus,et
558 3357 722 3411 bona:
756 3356 995 3420 divitiae,
1020 3356 1157 3427 quia
1180 3355 1345 3411 facile
1367 3356 1699 3429 expediunt,
1720 3362 1774 3412 et
1804 3358 1897 3412 bo.

231 3461 381 3502 num
394 3444 605 3501 cmlum
625 3461 759 3500 cum
781 3444 902 3500 sole
919 3443 1128 3500 etluna
1144 3444 1400 3500 etstellis
1418 3445 1542 3499 suis
1558 3451 1613 3498 et
1631 3446 1765 3500 boni
1791 3454 1901 3500 An-

242 3533 359 3609 geli
384 3538 586 3589 sancta
615 3533 966 3600 obedientia,
997 3538 1048 3588 et
1073 3534 1225 3587 bona
1258 3532 1473 3589 locutio
1505 3534 1760 3588 suaviter
1797 3536 1899 3589 do-

242 3639 386 3678 cens
416 3625 475 3677 et
504 3625 895 3694 congruenter
926 3638 1174 3676 monens
1195 3621 1217 3655 ²
1239 3622 1570 3676 audientem
1585 3628 1657 3687 ,et
1678 3622 1899 3678 bonum

242 3726 489 3768 carmen
525 3726 809 3767 canorum
846 3710 1109 3765 numeris
1135 3714 1191 3765 et
1219 3710 1523 3766 sententiis
1552 3712 1899 3782 grave.0uid

248 3800 425 3874 plura
456 3804 514 3856 et
543 3799 755 3872 plura?
787 3801 1008 3855 Bonum
1042 3799 1152 3854 hoc
1182 3805 1240 3854 et
1281 3800 1497 3854 bonum
1530 3799 1674 3855 illud
1709 3818 1723 3856 :
1766 3800 1902 3857 tolle

244 3891 360 3947 hoc
377 3895 435 3945 et
458 3889 689 3958 illud,et
708 3888 839 3944 vide
868 3889 1060 3961 ipsum
1085 3888 1383 3957 bonum,si
1410 3889 1696 3961 potes:ita
1718 3890 1900 3945 Deum

242 3978 496 4045 videbis,
539 3994 652 4033 non
687 3976 801 4032 alio
852 3978 1003 4032 bono
1046 3977 1266 4031 bonum
1311 3978 1410 4032 sed
1461 3979 1674 4033 bonum
1710 3979 1903 4036 omnis

245 4066 407 4124 boni.
443 4066 641 4139 Neque
671 4067 827 4121 enim
876 4066 933 4119 in
982 4065 1074 4120 his
1113 4067 1388 4121 omnibus
1437 4066 1626 4136 bonis,
1660 4068 1745 4122 vel
1778 4085 1902 4141 quae

243 4156 746 4225 commemoravit,
778 4154 866 4209 vel
901 4171 1027 4227 quae
1068 4154 1182 4209 alia
1229 4160 1549 4209 cernuntur
1578 4156 1696 4211 sive
1746 4158 1902 4229 cogi-

244 4249 475 4311 tantur,
511 4243 841 4300 diceremus
874 4243 1031 4297 aliud
1066 4243 1181 4300 alio
1215 4243 1427 4299 melius
1458 4262 1589 4300 cum
1643 4263 1772 4301 vere
1804 4247 1903 4317 ju-

243 4334 541 4400 dicamus,
573 4332 685 4388 nisi
718 4337 873 4388 esset
908 4332 1077 4387 nobis
1110 4332 1397 4404 impressa
1428 4335 1584 4389 notio
1622 4334 1735 4405 ipsi
1767 4335 1905 4391 boni

244 4422 577 4480 secundum
611 4422 768 4493 quod
800 4425 857 4477 et
882 4420 1264 4493 probaremus
1295 4422 1605 4494 aliquid,et
1625 4423 1783 4479 aliud
1808 4424 1905 4479 alii

246 4527 749 4584 praeponeremus.
790 4509 883 4566 Sic
916 4510 1207 4564 amandus
1238 4515 1325 4565 est
1355 4510 1528 4578 Deus,
1564 4528 1677 4567 non
1709 4513 1816 4567 boc
1848 4518 1906 4568 et

245 4600 397 4655 illud
431 4600 672 4669 bonum,
706 4599 806 4654 sed
840 4598 1034 4671 ipsum
1068 4598 1306 4653 bonum.
1340 4600 1723 4664 Quaerendum
1747 4601 1903 4657 enim

243 4686 478 4743 bonum
510 4686 741 4755 animis,
773 4704 890 4742 non
925 4685 1017 4741 cui
1050 4686 1431 4758 supervolitet
1453 4690 1903 4759 judicando,sed

248 4777 347 4833 cui
383 4776 601 4832 haereat
630 4776 883 4832 amando
917 4791 930 4830 :
966 4780 1023 4831 et
1055 4776 1195 4847 quid
1228 4775 1359 4843 hoc,
1393 4777 1504 4832 nisi
1550 4777 1751 4833 Deus?
1780 4779 1903 4834 Non

253 4868 449 4921 bonus
480 4864 736 4934 animus,
770 4869 870 4920 aut
904 4865 1091 4919 bonus
1122 4865 1385 4937 angelus,
1419 4870 1517 4921 aut
1548 4867 1763 4922 bonum
1790 4884 1903 4922 coa-

246 4954 425 5020 lum;
457 4954 556 5009 sed
592 4954 806 5009 bonum
854 4954 1095 5008 bonum.
1151 4954 1244 5009 Sic
1288 4955 1443 5010 enim
1496 4956 1639 5009 forte
1679 4955 1906 5010 facilius

246 5042 581 5099 advertitur
609 5042 743 5112 quid
779 5040 949 5097 velim
984 5041 1347 5099 dic-ere.Cum
1374 5044 1526 5099 enim
1560 5045 1904 5112 audio,ver-

245 5132 310 5187 bi
346 5130 716 5203 gratia,quod
739 5129 956 5185 dicitur
986 5130 1222 5186 animus
1244 5132 1614 5195 bonus.sicut
1642 5135 1759 5189 duo
1781 5151 1905 5190 ver-

245 5220 328 5276 ba
359 5223 523 5284 sunt.
573 5219 652 5274 ita
702 5236 770 5274 ex
799 5217 883 5274 eis
914 5219 1107 5273 verbis
1139 5220 1255 5275 duo
1286 5222 1551 5292 quaedam
1597 5221 1857 5296 intelligo
1891 5240 1905 5280 :

245 5307 414 5364 aliud
444 5323 557 5377 quo
574 5307 810 5363 animus
832 5306 1104 5371 est,aliud
1127 5324 1243 5378 quo
1265 5309 1471 5365 bonus.
1490 5311 1553 5364 Et
1575 5312 1810 5384 quidem
1844 5316 1910 5368 ut

246 5396 493 5453 animus
523 5401 697 5465 esset,
724 5412 838 5453 non
873 5395 993 5467 egit
1026 5396 1150 5467 ipse
1181 5396 1401 5468 aliquid
1427 5416 1440 5465 ;
1477 5416 1591 5454 non
1613 5401 1908 5472 enimjam

246 5490 384 5541 erat
404 5485 559 5556 quod
575 5490 771 5558 ageret
786 5491 851 5539 ut
867 5489 1051 5540 esset:
1070 5489 1135 5540 ut
1148 5491 1342 5540 autem
1358 5486 1435 5541 sit
1448 5488 1635 5543 bonus
1652 5490 1907 5560 animus,

325 5629 341 5663 ι
376 5625 538 5685 Editi,
568 5639 680 5675 cum
712 5624 879 5674 audit.
909 5626 975 5676 At
1004 5627 1147 5687 Mss.,
1194 5641 1305 5678 cum
1342 5628 1508 5678 audis.
1539 5612 1912 5682 Germanensis

254 5689 450 5750 codex,
476 5688 603 5738 Cum
632 5703 773 5739 enim
801 5689 970 5752 audis,
1001 5694 1102 5741 etc.

324 5755 350 5788 ³
376 5752 567 5806 Plures
589 5753 735 5813 κιο..
770 5765 990 5803 mem.

1625 384 1859 445 LIBER
1905 386 2293 450 OCTAVUS.

3544 381 3665 443 950

2012 518 2179 574 video
2192 521 2482 591 agendum
2500 537 2629 576 esse
2640 518 2939 577 voluntate
2956 542 2968 583 ;
2988 535 3104 573 non
3118 516 3255 589 quia
3270 514 3528 588 idipsum
3543 530 3658 586 quo

2012 608 2247 662 animus
2269 614 2375 675 est,
2400 626 2509 664 non
2533 613 2621 664 est
2643 609 2864 681 aliquid
2886 608 3021 663 boni
3046 625 3059 673 ;
3084 622 3220 661 nam
3246 604 3534 674 undejam
3572 603 3659 658 di-

2011 696 2181 765 citur,
2196 702 2252 751 et
2280 697 2582 753 verissime
2605 697 2815 752 dicitur
2838 712 3076 768 corpore
3102 694 3349 750 melior?
3378 693 3478 746 sed
3504 692 3655 761 ideo,

2010 786 2268 839 nondum
2288 786 2497 841 dicitur
2516 788 2702 842 bonus
2726 784 3237 857 animusquoniam
3254 780 3494 837 restatei
3510 780 3658 836 actio

2008 872 2348 935 voluntatis,
2374 891 2490 945 qua
2512 874 2586 929 sit
2610 875 3012 947 praestantior;
3048 890 3223 945 quam
3248 872 3295 927 si
3321 870 3657 943 neglexerit,

2001 962 2134 1031 jure
2165 962 2456 1033 culpatur,
2488 968 2752 1033 recteque
2783 963 2995 1017 dicitur
3027 979 3139 1017 non
3174 961 3361 1016 bonus
3400 958 3656 1015 animus.

2012 1049 2193 1105 Distat
2214 1052 2370 1105 enim
2388 1051 2461 1105 ab
2482 1068 2547 1108 eo
2564 1052 2667 1123 qui
2693 1052 2802 1106 hoc
2820 1052 2939 1123 agit
2956 1068 2969 1105 :
2985 1054 3040 1106 et
3058 1048 3301 1121 quiaille
3320 1045 3657 1113 laudabilis,

2009 1139 2265 1211 profecto
2287 1138 2398 1193 iste
2421 1139 2521 1211 qui
2546 1139 2655 1194 hoc
2678 1157 2790 1194 non
2819 1137 3373 1211 agit,vituperabilis
3396 1139 3655 1191 est.Cum

2006 1243 2139 1282 vero
2164 1227 2284 1299 agit
2315 1226 2423 1282 hoc
2446 1228 2660 1294 studio,
2690 1234 2745 1282 et
2776 1228 2841 1281 fit
2873 1229 3059 1281 bonus
3091 1228 3345 1289 animus,
3365 1225 3475 1280 nisi
3501 1240 3563 1280 se
3584 1222 3656 1279 ad

2008 1315 2226 1387 aliquid
2250 1322 2545 1372 convertat
2566 1317 2721 1389 quod
2756 1317 2881 1388 ipse
2918 1332 3034 1371 non
3057 1321 3165 1381 est,
3190 1333 3301 1370 non
3326 1318 3516 1387 potest
3548 1313 3657 1368 boe

2007 1403 2392 1475 assequi.Quo
2407 1422 2469 1461 se
2483 1410 2677 1461 autem
2700 1407 2995 1459 convertat
3010 1404 3183 1458 ntiiat
3198 1405 3386 1458 bonus
3398 1401 3654 1479 animus,

2006 1492 2117 1547 nisi
2152 1494 2219 1548 ad
2258 1494 2637 1559 bonum,cum
2666 1493 2772 1550 hoc
2802 1497 2962 1547 amat
2982 1497 3038 1546 et
3068 1492 3286 1563 appetit
3306 1495 3363 1547 et
3385 1490 3657 1562 ειᾶὶρὶεοὶ-

2006 1583 2149 1637 tur?
2180 1582 2341 1638 Unde
2374 1599 2436 1639 se
2459 1582 2508 1637 si
2541 1587 2748 1638 rursus
2782 1586 3025 1645 avertat,
3050 1580 3265 1651 fiatque
3297 1596 3408 1633 non
3442 1580 3650 1646 bonus,

2005 1670 2112 1725 boc
2146 1671 2272 1743 ipso
2303 1688 2417 1742 quo
2448 1688 2509 1726 se
2566 1671 2773 1726 avertit
2799 1687 2831 1724 a
2864 1670 3036 1735 bono,
3095 1668 3206 1723 nisi
3240 1671 3472 1722 maneat
3500 1668 3557 1721 in
3591 1683 3653 1723 se

2003 1758 2145 1813 illud
2183 1760 2402 1815 bonum
2437 1761 2593 1815 unde
2623 1776 2685 1814 se
2711 1758 3058 1821 avertit,non
3083 1765 3164 1811 est
3188 1772 3303 1827 quo
3335 1772 3397 1811 se
3419 1756 3651 1827 iterum,

2005 1848 2055 1903 si
2084 1847 2331 1903 voluerit
2361 1848 2697 1914 emendare,
2732 1850 3045 1902 convertat.

2073 1937 2127 1991 5.
2158 1937 2522 2008 Quapropter
2564 1935 2727 1991 nulla
2774 1938 2971 1991 essent
3000 1932 3306 1989 mutabilia
3334 1933 3506 1999 bona,
3541 1932 3653 1988 nisi

2004 2030 2159 2080 esset
2186 2024 2663 2080 incommutabile
2694 2025 2935 2079 bonum.
2960 2025 3101 2078 Cum
3134 2023 3328 2093 itaque
3359 2022 3529 2077 audis
3551 2022 3651 2077 bo-

2006 2132 2146 2170 num
2178 2116 2288 2171 hoc
2320 2120 2378 2171 et
2410 2116 2627 2171 bonum
2675 2114 2845 2181 illud,
2895 2130 3021 2185 quas
3073 2117 3322 2184 possunt
3364 2110 3509 2168 alias
3540 2112 3653 2168 dici

2004 2204 2179 2261 etiam
2214 2222 2326 2259 non
2369 2206 2540 2271 bona,
2575 2203 2621 2260 si
2667 2203 2926 2276 potueris
2957 2203 3081 2257 sine
3112 2200 3227 2256 illis
3257 2218 3383 2273 qua
3417 2200 3652 2274 partici-

2005 2293 2238 2365 patione
2262 2292 2397 2349 boni
2418 2293 2571 2349 bona
2598 2290 3057 2363 sunt,percipere
3086 2289 3279 2360 ipsum
3312 2290 3532 2344 bonum
3556 2305 3653 2344 cu-

2006 2383 2101 2453 ius
2135 2383 2578 2454 participatione
2601 2383 2752 2437 bona
2783 2385 2961 2447 sunt;
2995 2378 3165 2435 simul
3198 2377 3354 2433 enim
3378 2383 3434 2433 et
3454 2378 3649 2449 ipsum

2008 2471 2307 2544 intelligis,
2340 2487 2473 2526 cum
2500 2471 2669 2526 audis
2702 2470 2811 2525 hoc
2846 2474 2945 2525 aut
2973 2467 3115 2523 illud
3139 2468 3355 2523 bonum
3395 2484 3407 2522 :
3437 2468 3486 2522 si
3519 2483 3656 2539 ergo

2007 2561 2269 2633 potueris
2300 2560 2417 2615 illis
2455 2559 2729 2615 detractis
2761 2576 2862 2631 per
2879 2575 2940 2613 se
2973 2558 3165 2630 ipsum
3191 2556 3516 2628 perspicere
3545 2557 3620 2612 bo

2008 2666 2174 2712 num,
2209 2648 2570 2721 perspexeris
2618 2649 2822 2703 Deum.
2875 2648 2943 2702 Et
2992 2646 3041 2701 si
3092 2662 3289 2699 amore
3332 2644 3655 2710 inbecseris,

2008 2738 2285 2793 continuo
2308 2736 2993 2792 beatiﬁcaberis.Pudeat
3017 2739 3375 2799 autem,cum
3410 2734 3523 2788 alia
3542 2750 3658 2789 non

2010 2832 2280 2881 amentur
2310 2826 2419 2881 nisi
2453 2826 2592 2897 quia
2642 2826 2796 2880 bona
2829 2832 2987 2891 sunt,
3028 2824 3112 2878 eis
3155 2822 3491 2879 inhaerendo
3540 2839 3658 2880 non

2010 2931 2208 2971 amare
2240 2917 2455 2971 bonum
2489 2914 2687 2986 ipsum
2721 2914 2876 2968 unde
2909 2914 3062 2969 bona
3093 2917 3250 2967 sunt.
3280 2911 3425 2967 Illud
3456 2912 3655 2981 etiam,

2010 3004 2158 3074 quod
2220 3002 2474 3069 animus,
2532 3006 2764 3057 tantum
2824 3001 2962 3073 quia
3009 3005 3099 3057 est
3149 3000 3419 3067 animus,
3475 3000 3654 3057 etiam

2009 3092 2269 3147 nondum
2319 3109 2385 3147 eo
2442 3092 2615 3146 modo
2676 3091 2865 3146 bonus
2925 3106 3039 3161 quo
3105 3106 3169 3145 se
3241 3090 3521 3145 convertit
3581 3090 3654 3146 ad

2008 3179 2489 3235 incommutabile
2521 3181 2740 3236 bonum
2768 3197 2781 3246 ;
2814 3179 2940 3246 sed,
2982 3183 3047 3234 ut
3092 3179 3232 3244 dixi,
3264 3183 3496 3235 tantum
3526 3178 3652 3235 ani-

2012 3286 2164 3336 mus,
2213 3284 2345 3323 cum
2394 3269 2475 3323 ita
2522 3269 2692 3324 nobis
2743 3268 2929 3341 placet
2980 3274 3044 3323 ut
3085 3282 3219 3322 eum
3279 3268 3437 3324 omni
3478 3268 3656 3327 etiam

2008 3358 2125 3414 luci
2176 3375 2464 3431 corporeae.
2517 3376 2649 3415 cum
2708 3360 2856 3414 bene
2913 3358 3317 3430 intelligimus,
3380 3359 3656 3429 prmiera-

2010 3463 2160 3513 mus,
2214 3464 2325 3501 non
2361 3447 2417 3500 in
2451 3464 2512 3501 se
2545 3448 2669 3517 ipso
2717 3448 2880 3501 nobis
2913 3446 3121 3518 placet,
3162 3446 3262 3502 sed
3310 3446 3368 3501 in
3400 3446 3501 3500 illa
3532 3451 3656 3502 arte

2008 3552 2121 3605 qua
2154 3536 2339 3590 factus
2370 3540 2476 3589 est.
2504 3536 2643 3590 Inde
2675 3536 2829 3589 enim
2853 3535 3210 3605 approbatur
3240 3533 3550 3601 factus,ubi
3572 3535 3654 3589 vi-

2009 3625 2177 3680 detur
2207 3624 2387 3679 fuisse
2419 3624 2741 3679 faciendus.
2777 3623 2906 3678 Haec
2927 3628 3014 3678 est
3046 3623 3276 3690 veritas,
3322 3626 3379 3677 et
3408 3623 3655 3695 simplex

2008 3713 2227 3768 bonum
2276 3729 2289 3767 :
2338 3729 2452 3767 non
2500 3712 2656 3767 enim
2688 3717 2778 3767 est
2810 3711 3031 3783 aliquid
3074 3728 3251 3782 quam
3302 3711 3495 3782 ipsum
3550 3712 3655 3767 bo-

2008 3819 2148 3857 num
2183 3817 2363 3873 seper
2380 3802 2484 3856 hoc
2522 3802 2697 3857 etiam
2719 3817 3018 3857 summum
3045 3801 3285 3856 bonum.
3335 3800 3458 3856 Non
3496 3801 3653 3855 enim

2010 3890 2196 3947 minui
2238 3889 2320 3945 vel
2359 3889 2558 3962 augeri
2598 3891 2812 3944 bonum
2865 3892 3075 3961 potest,
3108 3888 3219 3943 nisi
3253 3888 3406 3961 quod
3440 3905 3506 3942 ex
3539 3888 3653 3944 alio

2010 3982 2160 4036 bono
2195 3981 2411 4034 bonum
2435 3984 2542 4034 est.
2568 3979 2651 4033 Ad
2681 3978 2790 4033 hoc
2820 3995 2881 4033 se
2911 3977 3091 4049 igitur
3111 3976 3346 4032 animus
3376 3978 3655 4033 convertit

2013 4075 2077 4125 ut
2108 4070 2295 4124 bonus
2328 4069 2471 4133 sit,a
2503 4083 2616 4139 quo
2651 4066 2824 4123 habet
2857 4070 2919 4120 ut
2948 4065 3183 4121 animus
3214 4066 3307 4120 sit.
3334 4066 3497 4121 Tunc
3515 4082 3652 4140 ergo

2008 4158 2275 4214 voluntas
2304 4162 2523 4212 natura:
2545 4156 2805 4229 rongruit
2834 4161 2896 4210 ut
2918 4154 3254 4226 perficiatur
3281 4154 3338 4209 in
3363 4156 3513 4211 bono
3535 4156 3656 4211 ani-

2011 4264 2305 4313 mus,cum
2331 4246 2472 4301 illud
2497 4248 2713 4301 bonum
2738 4244 3426 4317 diligitur‘conversione
3454 4244 3655 4299 volun-

2012 4337 2334 4402 tatis,unde
2360 4340 2449 4391 est
2469 4340 2527 4389 et
2554 4333 2697 4388 illud
2731 4335 2880 4405 quod
2906 4349 3019 4387 non
3042 4332 3334 4387 amittitur
3363 4349 3467 4388 nec
3494 4350 3651 4389 aver-

2013 4426 2175 4482 sione
2202 4424 2541 4480 voluntatis.
2563 4422 2881 4477 Avertendo
2903 4421 3056 4476 enim
3076 4438 3138 4476 se
3158 4439 3192 4476 a
3214 4437 3448 4476 summo
3479 4423 3651 4491 bono,

2014 4513 2472 4571 amittitanimus
2488 4511 2841 4567 utsitbonus
2854 4509 3089 4565 animus
3106 4528 3119 4577 ;
3139 4527 3251 4564 non
3272 4515 3466 4566 autem
3488 4510 3657 4566 amit-

2010 4605 2081 4658 tit
2112 4609 2175 4658 ut
2205 4602 2280 4657 sit
2311 4601 2703 4664 animus,cum
2727 4604 2785 4653 et
2808 4598 3057 4670 bocjam
3079 4599 3300 4653 bonum
3325 4598 3402 4653 sit
3417 4614 3657 4673 corpore

2011 4691 2223 4747 melius
2258 4707 2270 4744 :
2307 4690 2411 4745 hoc
2442 4704 2577 4761 ergo
2609 4687 2825 4743 amittit
2870 4686 3162 4753 voluntas,
3195 4688 3352 4760 quod
3383 4688 3656 4746 voluntas

2011 4777 2507 4852 adipiscitur.Jam
2533 4777 2690 4831 enim
2712 4775 3212 4849 eratanimus,qui
3228 4777 3481 4833 converti
3503 4778 3571 4833 ad
3596 4777 3654 4834 id

2009 4869 2182 4925 vellet
2210 4886 2244 4923 a
2273 4883 2389 4940 quo
2418 4870 2544 4922 erat
2575 4882 2588 4920 :
2622 4864 2721 4937 qui
2750 4870 2947 4920 autem
2973 4865 3149 4921 vellet
3176 4882 3305 4923 esse
3339 4870 3652 4938 antequam

2010 4962 2163 5014 esset
2191 4957 2448 5011 nondum
2483 4955 2701 5009 erat.Et
2723 4954 2829 5009 hoc
2860 4958 2947 5009 est
2978 4954 3196 5010 bonum
3231 4960 3519 5021 nostrum,
3550 4954 3651 5009 ubi

2010 5046 2277 5103 videmus
2309 5050 2505 5100 utrum
2539 5060 2667 5099 esse
2698 5042 2965 5099 debuerit
2994 5048 3095 5098 aut
3125 5044 3350 5112 debeat,
3369 5042 3652 5114 quidquid

2011 5153 2139 5192 esse
2166 5134 2438 5191 debuisse
2469 5138 2571 5189 aut
2602 5133 2813 5189 debere
2840 5131 3433 5203 comprehendimus;
3465 5136 3523 5187 et
3553 5132 3653 5188 ubi

2013 5226 2279 5281 videmus
2297 5238 2423 5279 esse
2456 5238 2569 5277 non
2593 5221 2851 5295 potuisse
2873 5220 2985 5275 nisi
3008 5236 3136 5275 esse
3164 5219 3656 5292 debuisset,quid-

2015 5312 2153 5387 quid
2169 5312 2343 5368 etiam
2358 5311 2793 5383 quomodoesse
2806 5308 3070 5364 debuerit
3084 5325 3193 5363 non
3211 5309 3655 5379 comprehendi-

2017 5418 2149 5457 mus
2182 5400 2349 5456 ’.Hoc
2378 5416 2514 5471 ergo
2546 5398 2764 5453 bonum
2811 5413 2925 5452 non
2965 5395 3131 5467 longe
3164 5396 3420 5468 positum
3465 5402 3555 5454 est
3584 5399 3655 5455 ab

2016 5483 2371 5562 unoquoque
2392 5492 2655 5543 nostrum
2686 5502 2698 5539 :
2727 5486 2784 5540 in
2807 5484 2905 5538 illo
2925 5484 3080 5539 enim
3103 5484 3445 5552 vivimus,et
3465 5504 3658 5543 move-

2082 5634 2099 5667 1
2131 5632 2348 5694 Aliquot
2375 5624 2759 5694 Mss.,_cuni_ad
2783 5624 2919 5674 illud
2946 5624 3131 5694 donum
3159 5626 3421 5694 dirigitur.

2081 5695 2103 5731 ³
2131 5688 2290 5754 Ediii,
2318 5688 2829 5758 comprehendimus;
2865 5688 3064 5740 omissa
3108 5689 3370 5755 particula
3408 5694 3655 5758 negante,

2020 5770 2140 5822 quo
2169 5751 2440 5819 reperitur
2461 5753 2517 5802 in
2545 5751 2667 5803 Mss.
