4100 6194
302 383 419 441 9ὅ3

302 520 501 571 tamen
530 514 668 587 quid
693 515 769 571 sit
794 514 987 571 homo.
1013 513 1088 569 Ut
1110 514 1263 569 enim
1289 513 1460 586 longe
1484 530 1596 569 non
1619 514 1961 580 eamus,hoc

303 622 545 661 sumus:
580 609 637 658 et
662 603 827 659 illum
859 604 967 659 hoc
996 604 1200 668 fuisse,
1225 609 1279 657 et
1303 604 1557 659 animam
1585 596 1711 674 ejus
1733 602 1960 675 corpori

305 694 632 765 capulatam
669 692 995 748 mortaliter
1024 692 1237 747 vixisse
1278 692 1658 747 manifestum
1700 698 1807 748 est.
1847 695 1959 748 Hoc

302 800 442 855 ergo
461 784 531 838 de
556 782 652 837 illo
667 782 983 849 credimus,
1002 782 1155 853 quod
1172 782 1499 836 invenimus
1523 782 1581 835 in
1602 781 1961 853 nobis,juxta

302 873 558 945 Speciem
580 872 666 927 vel
689 888 1015 943 genus,quo
1030 871 1292 925 humana
1308 872 1500 925 omnis
1520 876 1728 925 natura
1748 870 1962 942 pariter

302 962 654 1017 continetur.
682 962 828 1027 Quid
864 961 1045 1031 igitur
1068 961 1138 1015 de
1171 959 1271 1014 illa
1294 959 1630 1015 excellentia
1659 960 1959 1014 Trinitatis

301 1051 420 1108 sive
436 1050 765 1122 specialiter
782 1051 903 1105 sive
920 1050 1266 1121 generaliter
1284 1049 1746 1121 novimus,quasi
1766 1049 1957 1104 multis

303 1141 424 1197 sint
456 1139 597 1195 tales
616 1138 928 1205 trinitates,
955 1154 1204 1210 quarum
1225 1137 1453 1209 aliquas
1483 1138 1704 1209 experti
1728 1155 1958 1206 sumus,

304 1234 368 1285 ut
393 1246 496 1301 per
518 1228 777 1301 regulam
809 1226 1217 1283 similitudinis
1244 1226 1592 1298 impressam
1622 1226 1712 1281 vel
1731 1228 1959 1299 specia-

301 1318 417 1373 lem
441 1317 527 1373 vel
548 1316 881 1389 generalem
896 1316 1188 1379 notitiam,
1204 1315 1364 1369 illam
1387 1314 1805 1386 quoquetalem
1831 1331 1959 1371 esse

302 1408 647 1472 credamus;
673 1411 847 1476 atque
864 1404 944 1459 ita
963 1420 1084 1460 rem
1104 1421 1279 1475 quam
1303 1404 1601 1459 credimus
1618 1409 1675 1458 et
1696 1406 1957 1460 nondum

304 1495 598 1560 novimus,
618 1512 686 1550 ex
709 1494 1005 1566 parilitate
1022 1493 1101 1549 rei
1126 1509 1301 1564 quam
1322 1493 1591 1547 novimus
1612 1492 1958 1566 diligamus?

306 1585 471 1651 Quod
488 1586 688 1654 utique
702 1600 815 1638 non
837 1583 1125 1638 itaest.An
1142 1582 1638 1653 quemadmodum
1653 1582 1957 1655 diligimus

305 1673 366 1729 in
397 1672 645 1728 Domino
677 1672 809 1726 .lesu
843 1670 1098 1737 Christo,
1118 1670 1271 1742 quod
1295 1671 1611 1726 resurrexit
1632 1688 1665 1725 a
1688 1670 1953 1739 mortuis,

303 1762 575 1834 quamvis
595 1760 728 1815 inde
747 1759 1038 1815 neminem
1063 1776 1322 1831 unquam
1344 1759 1730 1815 resurrexisse
1753 1760 1957 1815 videri-

306 1868 462 1921 mus,
496 1851 577 1905 ita
595 1849 941 1905 Trinitatem
977 1865 1151 1920 quam
1176 1867 1288 1904 non
1321 1848 1609 1917 videmus,
1640 1854 1697 1904 et
1728 1849 1955 1920 qualem

299 1940 524 1995 nullam
561 1955 821 2010 unquam
856 1938 1134 2008 vidimus,
1158 1954 1476 2009 possumus
1510 1938 1799 1993 credendo
1829 1937 1957 1991 dili-

296 2029 478 2101 gere?
505 2028 612 2083 Sed
654 2027 797 2099 quid
834 2028 913 2082 sit
944 2027 1113 2095 mori,
1148 2032 1207 2082 et
1237 2027 1377 2097 quid
1408 2026 1483 2081 sit
1514 2026 1721 2096 vivere,
1757 2026 1957 2097 utique

297 2117 542 2173 scimus:
563 2117 699 2188 quia
725 2120 782 2171 et
810 2116 1059 2171 vivimus
1078 2120 1413 2171 etmortuos
1440 2132 1505 2170 ac
1523 2115 1835 2171 morientes
1852 2114 1955 2171 ali-

300 2206 535 2277 quando
566 2205 822 2259 vidimus
854 2209 909 2259 et
941 2205 1160 2275 experti
1192 2221 1422 2259 sumus.
1458 2204 1605 2269 Quid
1640 2207 1729 2258 est
1757 2209 1955 2260 autem

300 2294 459 2350 aliud
494 2310 817 2367 resurgere,
843 2293 955 2349 nisi
979 2292 1339 2364 reviviscere,
1361 2293 1419 2347 id
1438 2298 1546 2359 est,
1572 2310 1640 2347 ex
1666 2298 1851 2349 morte
1882 2295 1954 2350 ad

305 2385 486 2439 vitam
520 2383 753 2439 redire?
790 2383 935 2438 Cum
965 2398 1100 2454 ergo
1137 2382 1387 2438 dicimus
1418 2388 1476 2437 et
1504 2381 1798 2439 credimus
1828 2399 1957 2439 esse

305 2474 674 2536 Trinitatem,
696 2473 968 2528 novimus
986 2472 1121 2542 quid
1142 2471 1510 2539 sit'l‘rinitas,
1532 2472 1669 2543 quia
1686 2473 1953 2528 novimus

305 2563 445 2634 quid
480 2562 599 2617 sint
632 2562 767 2629 tria;
803 2562 902 2616 sed
937 2579 1051 2617 non
1085 2561 1194 2617 hoc
1225 2561 1727 2633 diligimus..Nam
1764 2564 1821 2617 id
1854 2563 1953 2617 ubi

303 2651 597 2715 volumus,
630 2650 798 2705 facile
831 2652 1139 2719 habemus,
1167 2655 1231 2705 ut
1261 2650 1375 2705 alia
1406 2652 1695 2717 omittam,
1726 2651 1813 2707 vel
1848 2652 1954 2706 mi-

302 2742 485 2795 cando
517 2740 717 2812 digitis
748 2740 956 2795 tribus.
1007 2746 1092 2794 An
1125 2756 1259 2794 vero
1291 2738 1614 2812 diligimus,
1648 2757 1762 2795 non
1796 2741 1951 2812 quod

301 2830 493 2884 omnis
524 2830 778 2892 trinitas,
814 2830 912 2884 sed
947 2829 1102 2900 quod
1135 2828 1412 2895 Trinitas,
1440 2828 1637 2883 Deus?
1668 2828 1785 2883 Hoc
1816 2846 1952 2901 ergo

301 2918 604 2990 diligimus
636 2918 695 2973 in
752 2918 1053 2980 Trinitate,
1088 2917 1243 2987 quod
1281 2916 1434 2971 Deus
1483 2921 1599 2971 est:
1635 2918 1733 2973 sed
1768 2918 1952 2973 Deum

302 3007 533 3063 nullum
567 3006 746 3062 alium
771 3006 1047 3072 vidimus,
1074 3010 1176 3060 aut
1204 3007 1496 3073 novimus,
1521 3022 1659 3077 quia
1690 3023 1844 3061 unus
1866 3011 1955 3063 est

300 3096 478 3165 Deus,
504 3095 600 3150 ille
630 3095 792 3151 solus
811 3111 985 3165 quem
1015 3095 1277 3149 nondum
1300 3094 1574 3160 vidimus,
1594 3096 1954 3151 etcredendo

301 3184 628 3257 diligimus.
649 3184 759 3239 Sed
793 3200 856 3238 ex
891 3200 1009 3254 qua
1038 3199 1233 3238 rerum
1264 3188 1534 3238 notarum
1570 3183 1953 3241 similitudine

298 3273 386 3330 vel
434 3272 871 3345 comparatione
928 3273 1259 3343 credamus,
1294 3289 1409 3344 quo
1472 3272 1647 3329 etiam
1687 3274 1950 3330 nondum

300 3367 505 3419 notum
538 3363 722 3418 Deum
756 3361 1093 3434 diligamus,
1127 3362 1233 3417 hoc
1266 3362 1567 3434 quaeritur.

370 3503 600 3559 CAPUT
630 3503 723 3557 Vl.
785 3532 840 3542 -—
875 3503 927 3557 9.
960 3504 1233 3573 Quomodo
1263 3504 1505 3559 nondum
1536 3505 1711 3575 justus
1731 3506 1949 3576 justum

296 3596 581 3665 cognoscat
601 3609 761 3664 quem
782 3592 1001 3660 diligat.
1018 3593 1157 3647 Redi
1180 3610 1313 3665 ergo
1339 3609 1591 3658 mecum,
1606 3597 1663 3648 et
1684 3594 1945 3651 conside-

298 3699 499 3738 remus
520 3681 953 3751 curdiligamus
973 3681 1335 3753 Apostolum.
1352 3681 1792 3752 Numquidnam
1820 3700 1947 3754 pro-

296 3777 426 3845 pter
438 3772 758 3827 humanam
774 3770 1231 3841 speciem,quam
1248 3771 1619 3827 notissimam
1635 3771 1943 3845 habemus,

297 3878 364 3916 eo
385 3862 537 3933 quod
563 3858 859 3915 credimus
876 3876 1009 3915 eum
1026 3858 1321 3915 hominem
1346 3860 1556 3915 tuisse?
1573 3860 1696 3915 Non
1719 3862 1942 3933 utique:

295 3949 556 4022 alioquin
591 3965 747 4005 nunc
766 3965 879 4003 non
911 3954 999 4004 est
1030 3965 1203 4020 quem
1222 3949 1945 4023 diligamus,quandoqui-

290 4040 421 4095 dem
452 4039 626 4094 homo
649 4036 746 4092 ille
766 4038 892 4108 jam
918 4055 1032 4092 non
1065 4042 1184 4103 est;
1210 4038 1407 4092 anima
1426 4038 1581 4093 enim
1614 4040 1742 4110 ejus
1764 4057 1797 4095 a
1818 4056 1943 4096 cor-

292 4146 432 4201 pore
450 4131 718 4200 separata
735 4132 844 4182 est.
863 4127 973 4183 Sed
992 4126 1048 4181 id
1071 4127 1225 4198 quod
1256 4126 1315 4182 in
1332 4126 1431 4182 illo
1453 4143 1744 4197 amamus,
1765 4130 1942 4185 etiam

290 4235 447 4273 nunc
480 4217 667 4273 vivere
698 4217 1013 4272 credimus:
1044 4232 1312 4271 amamus
1335 4216 1489 4271 enim
1524 4219 1940 4289 animumjus-

288 4313 439 4363 tum.
476 4309 557 4363 Ex
588 4324 704 4379 qua
735 4324 870 4380 ergo
900 4306 1156 4379 generali
1189 4310 1290 4361 aut
1322 4307 1557 4379 speciali
1580 4309 1798 4381 regula,
1826 4309 1941 4365 nisi

287 4397 425 4470 quia
447 4397 669 4452 scimus
691 4401 748 4451 et
765 4395 904 4467 quid
926 4395 1001 4451 sit
1018 4396 1273 4463 animus,
1297 4404 1351 4451 et
1374 4396 1512 4467 quid
1533 4397 1855 4467 sitjustus?
1873 4398 1940 4453 Et

285 4486 519 4543 animus
538 4484 773 4557 quidem
798 4484 937 4557 quid
964 4484 1062 4555 sit,
1079 4502 1194 4539 non
1218 4484 1538 4557 incongrue
1557 4502 1662 4541 nos
1685 4486 1939 4542 dicimus

284 4575 411 4629 ideo
448 4590 641 4641 nosse,
676 4573 814 4645 quia
855 4578 911 4627 et
942 4589 1047 4628 nos
1090 4572 1377 4627 habemus
1409 4574 1695 4629 animum.
1744 4575 1938 4646 Neque

284 4665 438 4720 enim
477 4680 737 4734 unquam
764 4662 947 4718 oculis
977 4662 1251 4731 vidimus,
1272 4666 1327 4716 et
1356 4679 1422 4717 ex
1448 4663 1837 4720 similitudine
1859 4665 1937 4719 vi-

282 4770 483 4809 sorum
528 4752 787 4823 plurium
833 4752 1128 4806 notionem
1170 4749 1501 4821 generalem
1552 4754 1935 4823 specialemve

280 4842 675 4914 percepimus;
697 4841 795 4896 sed
810 4840 1026 4912 potius,
1044 4844 1107 4894 ut
1122 4839 1410 4911 dixi,quia
1425 4844 1482 4895 et
1500 4857 1605 4897 nos
1622 4842 1928 4899 habemus.

280 4932 427 4998 Quid
461 4930 618 4986 enim
662 4935 783 4985 tam
825 4930 1029 4985 intime
1084 4929 1288 4995 scitur,
1336 4946 1515 5001 seque
1559 4930 1755 5002 ipsum
1806 4950 1933 4990 esse

280 5022 475 5088 sentit;
502 5035 677 5092 quam
702 5019 756 5075 id
782 5035 896 5091 quo
929 5019 1101 5074 etiam
1129 5022 1333 5074 caetera
1361 5020 1719 5090 sentiuntur,
1742 5020 1799 5075 id
1823 5028 1931 5092 est,

277 5108 405 5183 ipse
422 5110 697 5165 animus?
726 5108 872 5163 Nam
900 5111 958 5163 et
981 5111 1173 5163 motus
1198 5124 1532 5180 corporum,
1552 5109 1766 5181 quibus
1790 5127 1932 5182 prte-

276 5205 365 5255 ter
394 5216 500 5255 nos
518 5198 664 5254 alios
689 5198 875 5253 vivere
893 5198 1200 5265 sentimus,
1222 5213 1289 5252 ex
1320 5202 1521 5253 nostra
1547 5197 1932 5257 similitudine

278 5288 686 5361 agnoscimus:
724 5287 861 5357 quia
906 5291 963 5341 et
994 5303 1101 5341 nos
1144 5286 1227 5340 ita
1272 5302 1575 5343 movemus
1606 5305 1820 5361 corpus
1848 5288 1931 5345 vi-

272 5378 484 5447 vendo,
509 5378 661 5432 sicut
692 5376 789 5430 illa
811 5391 1051 5447 corpora
1082 5375 1297 5428 moveri
1320 5376 1699 5432 advertimus.
1734 5378 1931 5450 Neque

271 5468 429 5521 enim
462 5482 596 5521 eum
630 5482 840 5537 corpus
866 5466 1057 5518 vivum
1090 5469 1374 5531 movetur,
1409 5465 1670 5536 aperitur
1700 5466 1819 5522 ulla
1840 5468 1932 5522 via

270 5554 459 5611 oculis
482 5555 700 5610 nostris
722 5555 792 5609 ad
819 5554 1135 5609 videndum
1161 5553 1575 5619 animum,rem
1599 5571 1725 5626 quae
1744 5555 1927 5612 oculis

274 5644 455 5700 videri
486 5660 602 5700 non
635 5648 852 5715 potest:
887 5644 987 5699 sed
1029 5641 1112 5697 illi
1146 5641 1285 5698 moli
1318 5641 1536 5714 aliquid
1570 5644 1763 5700 inesse
1794 5662 1925 5701 sen-

271 5733 456 5793 timus
488 5731 661 5807 quale
715 5733 883 5790 nobis
936 5732 1090 5791 inest
1127 5732 1199 5789 ad
1250 5733 1602 5790 movendum
1655 5733 1927 5794 similiter

1681 380 1913 439 LIBER
1955 378 2337 440 OCTAVUS.

3589 377 3712 440 954

2062 512 2276 568 molem
2308 516 2591 579 nostram,
2647 513 2801 584 quod
2842 516 2931 567 est
2980 512 3098 567 vita
3127 516 3184 567 et
3238 511 3453 568 anima.
3512 513 3711 586 Neque

2063 602 2230 674 quasi
2256 602 2524 657 humanae
2545 601 2862 673 prudentiae
2890 602 3250 673 rationisque
3278 604 3576 675 prOprium
3600 610 3710 660 est.

2062 692 2131 746 Et
2162 692 2359 746 bestiae
2409 692 2623 763 quippe
2658 691 2917 745 sentiunt
2964 691 3175 761 vivere,
3228 709 3341 747 non
3394 698 3619 748 tantum
3654 712 3715 749 se

2062 781 2242 852 ipsas,
2271 782 2370 836 sed
2395 782 2563 836 etiam
2588 796 2647 835 se
2676 780 2919 835 invicem
2947 785 3121 852 atque
3143 780 3512 853 alterutrum,
3532 788 3589 837 et
3613 801 3719 839 nos

2062 870 2242 941 ipsos.
2276 869 2391 925 Nec
2423 870 2651 924 animas
2702 875 2932 925 nostras
2962 870 3177 936 vident,
3234 872 3332 925 sed
3368 887 3435 925 ex
3465 873 3720 929 motibus

2063 958 2343 1031 corporis,
2364 958 2538 1028 idque
2561 959 2759 1013 statim
2780 964 2835 1013 et
2854 958 3129 1013 facillime
3148 961 3401 1031 quadam
3424 962 3718 1033 conspira-

2062 1048 2220 1103 tione
2238 1047 2510 1101 naturali.
2528 1047 2803 1101 Animum
2827 1048 3008 1119 igitur
3025 1049 3339 1119 cujuslibet
3355 1054 3410 1104 et
3429 1067 3494 1105 ex
3518 1056 3713 1106 nostro

2062 1137 2351 1202 novimus,
2382 1141 2437 1189 et
2458 1153 2525 1191 ex
2548 1141 2744 1191 nostro
2767 1137 3059 1191 credimus
3082 1154 3255 1209 quem
3280 1155 3393 1193 non
3420 1140 3709 1195 novimus.

2060 1225 2185 1280 Non
2206 1224 2360 1279 enim
2386 1230 2617 1279 tantum
2638 1225 2925 1280 sentimus
2948 1226 3233 1293 animum,
3251 1228 3350 1282 sed
3370 1228 3542 1283 etiam
3570 1230 3715 1285 scire

2062 1328 2376 1383 possumus
2418 1312 2559 1383 quid
2591 1312 2668 1365 sit
2719 1311 2950 1367 animus
2983 1314 3450 1371 consideratione
3484 1318 3666 1372 nostri
3697 1334 3711 1373 :

2061 1400 2348 1456 habemus
2385 1401 2540 1456 enim
2570 1400 2856 1455 animum.
2892 1402 2999 1457 Sed
3036 1402 3176 1473 quid
3210 1404 3533 1474 sitjustus,
3564 1408 3718 1463 unde

2060 1490 2371 1546 novimus?
2397 1492 2735 1545 Dixeramus
2760 1490 2917 1545 enim
2942 1509 3049 1546 nos
3080 1492 3422 1564 Apostolum
3456 1512 3567 1549 non
3604 1497 3719 1551 alia

2061 1596 2238 1635 causa
2272 1578 2533 1651 diligere,
2572 1580 2681 1634 nisi
2715 1581 2870 1651 quod
2902 1581 2980 1635 sit
3003 1582 3206 1651 justus
3251 1583 3505 1639 animus.
3542 1585 3713 1641 Novi-

2060 1686 2195 1724 mus
2227 1686 2362 1741 ergo
2404 1674 2461 1724 et
2492 1669 2631 1741 quid
2667 1671 2743 1724 sit
2765 1671 2990 1740 justus,
3025 1671 3179 1725 sicut
3209 1676 3263 1726 et
3295 1673 3432 1743 quid
3480 1674 3555 1728 sit
3586 1677 3710 1730 ani-

2061 1776 2214 1814 mus.
2240 1759 2348 1813 Sed
2381 1760 2519 1830 quid
2555 1761 2632 1813 sit
2663 1760 2917 1825 animus,
2955 1766 3017 1814 ut
3047 1760 3267 1816 dictum
3302 1766 3411 1831 est,
3442 1764 3710 1820 novimus

2059 1864 2128 1903 ex
2158 1848 2354 1902 nobis:
2388 1848 2538 1902 inest
2567 1847 2722 1902 enim
2756 1850 2989 1903 animus
3024 1851 3209 1905 nobis.
3238 1852 3383 1916 Quid
3419 1858 3611 1907 autem
3639 1853 3715 1908 sit

2051 1936 2257 2006 justus
2289 1937 2441 1991 unde
2474 1937 2763 2003 novimus,
2800 1938 3016 2007 sijusti
3050 1956 3163 1993 non
3197 1940 3444 1994 sumus?
3475 1944 3633 2007 Quod
3662 1944 3709 1998 si

2060 2041 2230 2079 nemo
2264 2026 2419 2079 novit
2441 2025 2580 2096 quid
2604 2026 2896 2094 sitjustus
2921 2027 3030 2081 nisi
3057 2027 3154 2098 qui
3183 2032 3386 2097 justus
3409 2036 3517 2097 est,
3545 2048 3713 2085 nemo

2061 2112 2500 2185 diligitjustum
2538 2113 2645 2168 nisi
2670 2114 2903 2184 justus:
2931 2132 3044 2169 non
3076 2116 3230 2169 enim
3256 2124 3446 2187 potest
3476 2118 3714 2190 diligere

2060 2204 2475 2275 quemjustum
2501 2219 2628 2257 esse
2658 2203 2861 2267 credit,
2886 2205 2958 2259 ob
2983 2204 3088 2259 hoc
3112 2204 3303 2276 ipsum
3330 2206 3713 2276 quiajustum

2058 2307 2187 2347 esse
2206 2290 2463 2359 credit,si
2483 2291 2621 2362 quid
2640 2292 2925 2361 sitjustus
2941 2293 3192 2365 ignorat;
3214 2296 3536 2349 secundum
3557 2297 3713 2366 quod

2059 2380 2332 2452 superius
2375 2380 2926 2445 demonstravimus,
2962 2382 3252 2437 neminem
3286 2383 3525 2455 diligere
3557 2386 3711 2455 quod

2059 2469 2311 2525 creditet
2335 2486 2446 2525 non
2465 2469 2633 2536 videt,
2653 2470 2765 2524 nisi
2789 2487 2855 2525 ex
2880 2470 3076 2541 aliqua
3096 2470 3295 2544 regula
3308 2472 3521 2526 notitize
3541 2490 3713 2545 gone-

2060 2559 2200 2613 ralis
2223 2561 2342 2613 sive
2374 2558 2663 2630 specialis.
2690 2564 2769 2614 Ac
2803 2576 2904 2632 per
2925 2560 3031 2615 hoc
3055 2561 3102 2615 si
3128 2578 3241 2616 non
3272 2562 3709 2633 diligitjustum

2061 2647 2412 2716 nisijustus,
2447 2649 2739 2718 quomodo
2766 2649 2916 2703 volet
2945 2650 3193 2720 quisque
3218 2651 3419 2721 justus
3449 2668 3576 2706 esse
3612 2653 3708 2723 qui

2058 2738 2320 2791 nondum
2338 2737 2454 2791 est?
2480 2736 2603 2793 Non
2626 2737 2780 2791 enim
2798 2738 2920 2792 vult
2944 2739 3258 2809 quisquam
3279 2756 3406 2794 esse
3428 2742 3577 2808 quod
3596 2758 3710 2796 non

2058 2824 2269 2895 diligit.
2289 2824 2361 2879 Ut
2383 2830 2575 2879 autem
2603 2826 2890 2896 sitjustus
2914 2827 3012 2897 qui
3036 2828 3295 2882 nondum
3319 2830 3584 2894 est,volet
3605 2832 3712 2884 uti-

2059 2914 2382 2985 quejustus
2400 2930 2555 2968 esse:
2589 2919 2652 2969 ut
2668 2920 2865 2969 autem
2884 2916 3711 2990 velit,diligit,justuin.Diligit

2058 3004 2440 3073 ergojustum
2462 3007 2518 3057 et
2537 3002 2635 3075 qui
2651 3005 3119 3076 nondumjustus
3134 3005 3499 3079 est.Diligere
3511 3014 3705 3063 autem

2050 3092 2283 3163 justum
2308 3109 2421 3147 non
2436 3094 2749 3164 potest,qui
2773 3094 2908 3163 quid
2931 3094 3487 3168 sitjustus,ignorat.
3511 3097 3705 3152 Proin-

2058 3181 2129 3235 de
2152 3181 2308 3235 novit
2339 3182 2478 3253 quid
2505 3181 2579 3237 sit
2602 3182 2825 3252 justus,
2850 3184 3025 3238 etiam
3049 3185 3145 3256 qui
3170 3186 3427 3241 nondum
3454 3192 3572 3242 est:
3610 3186 3707 3243 ubi

2057 3285 2193 3341 ergo
2208 3270 2538 3326 novit?num
2557 3271 2741 3326 oculis
2756 3273 3019 3328 vidit?An
3037 3273 3219 3329 ullum
3235 3278 3709 3349 corpusjustum,

2056 3358 2213 3413 velut
2243 3358 2463 3426 album,
2501 3365 2605 3416 aut
2636 3360 2890 3433 nigrum,
2915 3368 3015 3417 aut
3039 3364 3348 3434 quadrum,
3378 3371 3475 3420 aut
3511 3371 3711 3421 rotun-

2055 3448 2240 3503 dum?
2269 3450 2409 3513 Quis
2432 3450 2541 3505 hoc
2562 3449 2812 3505 dixerit?
2836 3455 2910 3505 At
2932 3451 3115 3507 oculis
3147 3470 3257 3507 non
3286 3455 3426 3509 vidit
3449 3456 3557 3509 nisi
3583 3473 3709 3510 cor-

2054 3552 2215 3607 pora.
2241 3537 2447 3593 Justus
2466 3543 2663 3593 autem
2691 3538 2749 3592 in
2779 3538 3015 3595 homine
3042 3558 3154 3594 non
3175 3547 3281 3611 est,
3318 3542 3429 3597 nisi
3453 3543 3705 3599 animus:

2052 3629 2258 3680 etcum
2284 3626 2676 3697 homojustus
2698 3626 2927 3693 dicitur,
2956 3645 3024 3683 ex
3048 3629 3242 3684 animo
3265 3631 3618 3697 dicitur,non
3640 3651 3708 3689 ex

2053 3716 2419 3786 corpore.Est
2434 3716 2588 3770 enim
2604 3716 2870 3786 quaedam
2891 3716 3264 3788 pulchritudo
3283 3719 3706 3789 animijustilia

2052 3819 2168 3874 qua
2186 3802 2411 3874 pulchri
2429 3810 2566 3859 sunt
2584 3804 3144 3877 homines,plerique
3158 3808 3331 3862 ctiam
3351 3808 3448 3879 qui
3468 3826 3706 3881 corpore

2051 3892 2283 3947 distorti
2300 3897 2397 3965 atq
2409 3910 2477 3947 ue
2491 3894 2781 3949 deformes
2795 3896 3118 3949 sunt.Sicut
3131 3901 3323 3951 autem
3341 3896 3575 3951 animus
3593 3916 3705 3953 non

2048 3982 2280 4037 videtur
2304 3981 2509 4050 oculis,
2530 3982 2610 4036 ita
2633 3999 2736 4038 nec
2759 3982 3134 4054 pulchritudo
3153 3985 3418 4055 ejus.Ubi
3444 4004 3580 4059 ergo
3606 4004 3705 4042 no-

2048 4070 2130 4125 vit
2155 4070 2294 4141 quid
2317 4070 2391 4126 sit
2416 4072 2738 4143 iustus,qui
2758 4073 3016 4127 nondum
3036 4078 3325 4145 est,atque
3345 4080 3407 4129 ut
3425 4076 3499 4130 sit
3520 4076 3711 4147 diligit

2040 4160 2308 4231 justum?
2326 4167 2406 4215 An
2426 4160 2597 4232 signa
2620 4162 2884 4232 quaedam
2911 4178 3012 4232 per
3030 4167 3252 4218 motum
3277 4165 3537 4236 corporis
3562 4166 3704 4219 emi-

2048 4254 2203 4318 cant,
2224 4250 2438 4321 quibus
2470 4248 2564 4305 ille
2595 4256 2695 4304 aut
2727 4250 2823 4305 ille
2854 4251 3028 4306 homo
3060 4254 3403 4322 essejustus
3436 4255 3706 4324 apparet?

2046 4339 2161 4394 Sed
2194 4340 2350 4393 unde
2384 4340 2540 4394 novit
2564 4339 2663 4394 illa
2687 4341 2855 4411 signa
2877 4356 3003 4395 esse
3034 4341 3213 4395 animi
3247 4342 3408 4409 iusti,
3437 4343 3705 4399 nesciens

2048 4428 2188 4501 quid
2207 4428 2445 4483 omnino
2469 4428 2795 4499 sitjustus?
2817 4428 2982 4483 Novit
3002 4445 3158 4499 ergo.
3179 4430 3284 4483 Sed
3310 4429 3403 4483 ubi
3430 4431 3704 4488 novimus

2047 4517 2187 4590 quid
2219 4518 2297 4572 sit
2320 4518 2542 4587 justus,
2576 4518 2751 4573 etiam
2772 4534 2907 4572 cum
2928 4517 3073 4588 justi
3101 4518 3359 4573 nondum
3381 4524 3616 4575 sumus?
3640 4522 3700 4577 Si

2046 4610 2205 4662 extra
2236 4623 2341 4661 nos
2366 4606 2689 4673 novimus‘,
2714 4606 2773 4661 in
2796 4623 3034 4679 corpore
3063 4606 3258 4679 aliquo
3291 4610 3701 4666 novimus.Sed

2045 4713 2160 4752 non
2182 4702 2271 4752 est
2294 4696 2404 4751 ista
2419 4712 2507 4750 res
2526 4696 2876 4767 corporis.ln
2894 4696 3062 4752 nobis
3080 4696 3259 4767 igitur
3277 4699 3545 4754 novimus
3562 4701 3701 4771 quid

2045 4785 2123 4841 sit
2145 4787 2365 4855 justus.
2400 4784 2523 4840 Non
2555 4785 2710 4839 enim
2744 4784 2884 4839 alibi
2911 4785 3019 4841 hoc
3049 4785 3303 4852 invenio,
3336 4804 3467 4845 cum
3504 4806 3700 4859 quaero

2044 4874 2231 4931 uthoc
2255 4872 2516 4945 eloquar,
2534 4873 2644 4930 nisi
2665 4874 2820 4946 apud
2844 4890 2936 4930 me
2956 4875 3182 4943 ipsum:
3204 4876 3324 4931 etsi
3348 4877 3697 4947 interrogem

2043 4963 2223 5020 alium
2258 4962 2398 5036 quid
2432 4963 2510 5018 sit
2544 4965 2767 5034 justus,
2799 4964 2952 5036 apud
2999 4980 3061 5019 se
3093 4964 3287 5037 ipsum
3320 4965 3527 5036 quaerit
3559 4966 3696 5035 quid

2041 5052 2423 5124 respondeat;
2457 5057 2515 5108 et
2535 5053 2806 5124 quisquis
2838 5052 2973 5107 hinc
2996 5068 3197 5107 verum
3230 5052 3579 5122 respondere
3598 5070 3695 5123 po-

2040 5142 2171 5210 tuit,
2191 5142 2345 5213 apud
2366 5158 2425 5198 se
2445 5142 2637 5213 ipsum
2658 5142 2797 5212 quid
2819 5143 3194 5213 responderet
3212 5141 3445 5196 invenit.
3469 5143 3536 5197 Et
3558 5141 3693 5196 Car-

2039 5232 2339 5304 thaginem
2373 5231 2611 5303 quidem
2635 5248 2767 5286 cum
2799 5230 2991 5304 eloqui
3016 5231 3162 5295 volo,
3189 5232 3343 5302 apud
3374 5247 3465 5286 me
3496 5231 3694 5302 ipsum

2040 5338 2233 5393 quaero
2255 5326 2316 5376 ut
2333 5320 2655 5394 eloquar,et
2677 5321 2831 5392 apud
2857 5337 2946 5375 me
2970 5320 3163 5390 ipsum
3189 5320 3416 5375 invenio
3441 5321 3689 5392 phanta-

2042 5410 2189 5465 siam
2215 5410 2617 5482 Carthaginis:
2643 5410 2743 5464 sed
2770 5424 2895 5463 eam
2919 5424 3020 5479 per
3049 5424 3264 5479 corpus
3296 5408 3509 5479 accepi,
3528 5408 3585 5462 id
3607 5414 3695 5463 est

2041 5517 2143 5572 per
2164 5500 2422 5572 corporis
2435 5515 2693 5568 sensum,
2710 5497 2983 5569 quoniam
3004 5512 3263 5568 praesens
3287 5496 3344 5552 in
3366 5514 3434 5553 ea
3452 5514 3693 5569 corpore

2102 5746 2119 5781 ί
2153 5741 2391 5805 Plerique
2420 5741 2566 5791 Mam:
2596 5738 2655 5790 Si
2682 5742 2829 5790 extra
2864 5754 3015 5804 quam
3044 5753 3137 5791 nos
3164 5740 3415 5791 novimus.
