4100 6190
457 350 573 410 955

457 483 564 549 fui,
589 488 643 540 et
663 501 789 541 eam
817 490 929 544 vidi
956 496 1134 563 atque
1157 497 1334 562 sensi,
1357 500 1757 571 memoriaque
1781 496 2015 566 retinui,
2042 504 2100 551 ut

461 578 608 643 apud
635 592 728 629 me
752 577 1067 636 invenirem
1089 584 1159 638 de
1182 585 1280 639 illa
1303 589 1563 655 verbum,
1590 606 1723 644 cum
1743 606 1868 645 eam
1892 585 2098 640 vellem

463 661 809 734 dicere.lpsa
831 668 982 723 enim
1003 671 1307 740 phantasia
1321 676 1516 745 ejusin
1534 678 1814 732 memoria
1837 693 1964 731 mea
1981 691 2102 729 ver-

466 750 606 804 bum
641 753 787 819 ejus,
823 773 934 810 non
962 775 1141 814 scnus
1177 763 1282 818 iste
1303 765 1641 836 trisyllabus
1665 783 1795 820 eum
1820 765 2101 833 Carthago

462 840 814 909 nominatur,
839 846 924 898 vel
950 848 1121 903 etiam
1147 852 1318 907 tacite
1342 871 1549 909 nomen
1575 855 1767 925 ipsum
1793 871 1893 925 per
1913 851 2104 924 spatia

460 931 787 997 temporum
823 935 1135 1005 cogitatur;
1171 942 1267 994 sed
1302 942 1445 997 illud
1471 944 1624 1013 quod
1659 944 1713 997 in
1748 943 1942 998 animo
1975 958 2102 995 meo

459 1031 651 1083 cerno,
687 1036 816 1075 cum
851 1022 958 1079 hoc
988 1028 1354 1099 trisyllabum
1388 1049 1525 1087 voce
1552 1031 1905 1102 proi'ero,vel
1939 1036 2098 1086 ante-

459 1121 636 1175 quam
665 1110 947 1177 proferam
960 1114 1072 1169 .Sic
1085 1123 1141 1170 et
1155 1118 1563 1175 Alexandriam
1587 1138 1720 1175 cum
1736 1120 1928 1191 eloqui
1952 1118 2099 1188 volo,

458 1210 633 1263 quam
657 1215 955 1270 nunquam
981 1205 1119 1267 vidi.
1137 1214 1342 1276 prasto
1363 1211 1610 1281 estapud
1638 1228 1728 1264 me
1750 1211 2102 1280 phantasma

456 1285 600 1352 ejus.
645 1290 786 1343 Cum
821 1291 974 1346 enim
1009 1310 1042 1348 a
1074 1295 1276 1350 multis
1307 1299 1603 1353 audissem
1637 1303 1693 1352 et
1722 1297 2098 1352 credidissem

450 1388 720 1443 magnam
737 1395 865 1432 esse
885 1380 1042 1436 illam
1068 1386 1451 1448 urbem,sicut
1473 1388 1615 1442 mihi
1642 1387 1864 1442 narrari
1890 1385 2096 1457 potuit,

452 1462 590 1516 tinxi
625 1465 820 1521 animo
849 1485 976 1524 meo
1008 1471 1321 1543 imaginem
1349 1478 1476 1545 ejus
1508 1494 1683 1547 quam
1709 1475 1889 1547 potui:
1914 1479 1970 1530 et
1990 1474 2099 1529 hoc

453 1557 540 1604 est
565 1554 715 1623 apud
734 1572 825 1610 me
847 1559 1084 1614 verbum
1110 1563 1403 1632 ejus,cum
1429 1583 1554 1620 eam
1581 1565 1705 1621 volo
1729 1566 2101 1628 dicere,ante-

453 1655 631 1709 quam
655 1660 790 1699 voce
813 1648 1069 1718 quinque
1093 1651 1349 1722 syllabas
1374 1657 1683 1725 proferam,
1708 1655 1858 1726 quod
1887 1670 2097 1709 nomen

455 1728 582 1797 ejus
608 1732 721 1786 fere
735 1735 1007 1790 omnibus
1026 1744 1227 1795 notum
1246 1743 1545 1806 est.Quam
1563 1749 1756 1798 tamen
1781 1743 2095 1813 imaginem

452 1817 580 1870 siex
593 1819 788 1875 animo
804 1840 928 1878 meo
953 1830 1205 1896 proferre
1230 1843 1459 1901 possem
1479 1834 1546 1886 ad
1572 1832 1770 1886 oculos
1787 1831 2094 1886 hominum

451 1905 548 1974 qui
580 1907 981 1967 Alexandriam
1009 1922 1574 1989 noverunt,profecto
1602 1925 1699 1975 aut
1722 1937 1922 1975 omnes
1946 1919 2096 1973 dice-

451 2001 600 2060 rent,
621 1996 741 2050 Non
765 2006 852 2053 est
874 2002 1019 2071 ipsa;
1045 2011 1145 2058 aut
1163 2007 1209 2058 si
1244 2007 1521 2075 dicerent,
1558 2010 1689 2079 lpsa
1708 2013 1814 2072 est,
1841 2008 2091 2062 multum

452 2082 714 2153 mirarer,
749 2094 922 2158 atque
952 2091 1194 2149 intuens
1225 2096 1281 2149 in
1315 2098 1510 2151 animo
1545 2114 1671 2152 meo
1699 2098 1904 2168 ipsam,
1929 2096 1984 2150 id
2010 2102 2097 2151 est

451 2170 762 2242 imaginem
777 2179 940 2246 quasi
970 2180 1256 2249 picturam
1271 2185 1319 2252 ej
1332 2202 1418 2251 us,
1437 2187 1624 2255 ipsam
1644 2192 1840 2240 tamen
1856 2203 1983 2240 esse
1998 2202 2093 2239 ne-

452 2260 786 2329 scirem,sed
813 2267 894 2320 eis
918 2271 1210 2325 crederem
1236 2273 1333 2342 qui
1361 2274 1541 2329 visam
1561 2275 1976 2331 tenerent.N0n
2000 2291 2096 2328 au-

453 2350 663 2405 temita
686 2369 878 2422 quaero
900 2357 1035 2424 quid
1061 2361 1138 2413 sit
1157 2361 1376 2429 justus,
1403 2379 1504 2417 nec
1528 2364 1610 2418 ita
1631 2363 1992 2429 invenio,nec
2015 2362 2096 2417 ita

452 2437 699 2506 intueor,
717 2458 848 2498 cum
875 2443 927 2497 id
953 2445 1212 2517 eloquor;
1237 2451 1433 2505 necita
1451 2452 1679 2521 probor,
1707 2469 1840 2506 cum
1867 2452 2092 2519 audior;

453 2529 648 2583 necita
671 2532 867 2601 probo,
894 2549 1026 2589 cum
1044 2537 1240 2605 audio;
1257 2540 1422 2609 quasi
1439 2540 1550 2595 tale
1573 2541 1793 2611 aliquid
1809 2540 1992 2596 oculis
2013 2541 2093 2595 vi-

452 2616 660 2683 derim,
695 2627 794 2674 aut
826 2620 942 2675 ullo
975 2627 1234 2695 corporis
1267 2644 1441 2683 sensu
1468 2630 1899 2693 didicerim,aut
1919 2631 1991 2684 ab
2013 2631 2095 2684 eis

452 2705 547 2774 qui
577 2706 658 2760 ita
680 2708 1020 2766 didicissent
1044 2716 1501 2772 audierim.Cum
1518 2720 1670 2773 enim
1688 2719 1815 2774 dico
1829 2725 1884 2774 et
1905 2719 2096 2775 sciens

453 2795 813 2863 dico,Justus
843 2805 931 2855 est
962 2802 1307 2874 animusqui
1336 2806 1578 2862 scientia
1599 2814 1772 2880 atque
1794 2810 2015 2864 ratione
2037 2825 2096 2863 in

452 2882 571 2937 vita
593 2902 657 2940 ac
684 2888 942 2943 moribus
965 2907 1071 2945 sua
1094 2893 1303 2963 cuique
1325 2895 1658 2964 distribuit;
1695 2915 1807 2952 non
1839 2897 2096 2968 aliquam

455 2989 574 3026 rem
610 2975 907 3030 absentem
942 2980 1149 3049 cogito,
1182 2983 1332 3036 sicut
1356 2985 1784 3056 Carthaginem,
1812 2993 1914 3043 aut
1943 2988 2097 3058 fingo

457 3066 519 3114 ut
552 3079 810 3131 possum,
839 3065 991 3120 sicut
1025 3069 1450 3137 Alexandriam,
1475 3074 1594 3129 sive
1626 3076 1704 3129 ita
1723 3076 1816 3143 sit,
1843 3075 1960 3130 sive
1984 3093 2098 3130 non

455 3149 555 3202 ita:
583 3151 679 3204 sed
715 3170 970 3222 praesens
1003 3158 1282 3227 quiddam
1306 3178 1498 3227 cerno,
1525 3168 1580 3217 et
1602 3179 1774 3218 cerno
1806 3165 1957 3235 apud
1984 3179 2096 3235 me,

454 3237 562 3292 etsi
588 3256 699 3294 non
720 3258 849 3296 sum
871 3244 993 3315 ipse
1016 3249 1167 3317 quod
1194 3258 1448 3318 cerno,et
1469 3251 1635 3306 mulli
1659 3253 1706 3306 si
1731 3252 1970 3308 audiant
1991 3271 2099 3325 ap-

454 3328 807 3397 probabunt.
836 3331 901 3386 Et
930 3334 1199 3406 quisquis
1222 3354 1314 3392 me
1338 3339 1501 3394 audit
1525 3345 1696 3412 atque
1726 3343 1976 3398 scienter
1996 3360 2098 3414 ap-

458 3416 851 3489 probat,apud
884 3438 945 3475 se
966 3429 1020 3478 et
1043 3424 1164 3494 ipse
1188 3425 1296 3480 hoc
1326 3425 1478 3482 idem
1505 3429 1706 3496 cernit,
1729 3430 1960 3486 etiamsi
1984 3448 2098 3486 non

457 3504 534 3558 sit
565 3512 621 3559 et
653 3506 777 3578 ipse
808 3513 957 3580 quod
985 3513 1185 3567 cernit.
1211 3518 1414 3570 Justus
1447 3535 1578 3573 vero
1601 3536 1734 3574 cum
1766 3519 1823 3574 id
1857 3519 2016 3590 dicit,
2040 3519 2097 3574 id

461 3595 613 3664 quod
640 3595 765 3666 ipse
786 3605 872 3651 est
893 3601 1144 3656 cernitet
1166 3603 1329 3658 dicit.
1354 3608 1418 3658 Et
1442 3606 1537 3660 ubi
1563 3606 1734 3662 etiam
1759 3607 2098 3678 ipseceruit,

463 3683 573 3737 nisi
599 3687 750 3754 apud
767 3687 1066 3757 seipsuni‘?
1086 3691 1192 3746 Sed
1219 3692 1326 3748 hoc
1346 3695 1559 3749 mirum
1581 3701 1813 3751 nonest:
1832 3697 1926 3751 ubi
1944 3696 2098 3751 enim

457 3787 518 3825 se
533 3781 810 3839 cerneret,
829 3778 1105 3849 nisiapud
1141 3797 1201 3835 se
1230 3781 1454 3851 ipsum?
1477 3783 1618 3837 illud
1646 3785 1908 3840 mirabile
1928 3791 2103 3842 estut

460 3861 613 3927 apud
652 3878 712 3916 se
744 3865 975 3919 animus
999 3868 1186 3921 videat
1216 3871 1367 3938 quod
1404 3870 1846 3942 alibinusquam
1869 3875 2103 3939 vidit,et

457 3965 590 4002 veru
602 3965 656 4003 m
670 3951 1080 4025 videat,etipsu
1094 3974 1142 4009 ιιι
1159 3973 1290 4010 veru
1303 3976 1353 4012 rn
1368 3960 1598 4029 justum
1616 3962 1876 4018 animum
1890 3963 2100 4034 videat,

461 4041 516 4090 et
530 4037 739 4108 sitipse
754 4042 987 4097 animus
1002 4049 1055 4097 et
1074 4061 1188 4100 non
1204 4047 1929 4121 sitjustusanimus,quem
1946 4052 2100 4124 apud

460 4142 521 4181 se
544 4126 736 4197 ipsum
757 4129 1087 4187 videt.Num
1111 4135 1810 4210 estaliusanimusjustus
1829 4141 1885 4194 in
1906 4143 2102 4197 animo

467 4213 1071 4288 nondumjusto?‘Aut
1093 4223 1139 4278 si
1175 4241 1288 4279 non
1311 4231 1418 4290 est,
1451 4244 1622 4298 quem
1657 4229 1734 4283 ibi
1771 4230 1941 4296 videt,
1967 4247 2100 4286 cum

460 4304 615 4359 videt
635 4313 689 4360 et
720 4307 860 4363 dicit
882 4311 1019 4382 quid
1047 4311 1122 4367 sit
1143 4313 1604 4386 animusjustus,
1629 4333 1731 4371 nec
1763 4319 1897 4372 alibi
1927 4335 2100 4390 quam

467 4396 523 4448 in
550 4412 611 4450 se
640 4397 764 4468 ipso
789 4400 1096 4468 videt,cum
1125 4402 1247 4474 ipse
1271 4421 1383 4458 non
1409 4405 1484 4458 sit
1506 4405 1984 4476 animusjustus?
2014 4416 2101 4463 An

463 4484 606 4539 illud
633 4489 787 4556 quod
821 4489 995 4558 videt,
1022 4493 1233 4546 veritas
1263 4499 1350 4547 est
1375 4493 1612 4548 interior
1637 4513 1885 4566 praesens
1909 4497 2102 4553 animo

466 4575 562 4643 qui
599 4591 722 4628 eam
759 4576 1175 4632 valetintueri?
1196 4581 1392 4652 Neque
1424 4598 1627 4637 omnes
1657 4583 1873 4639 valent:
1907 4590 1963 4640 et
2001 4587 2103 4657 qui

461 4663 673 4716 intueri
709 4663 918 4729 valent,
941 4666 1045 4721 hoc
1062 4668 1236 4723 etiam
1263 4671 1414 4740 quod
1441 4671 1743 4726 intuentur
1759 4691 1872 4728 non
1900 4691 2103 4731 omnes

460 4758 617 4818 sunt,
656 4752 878 4816 hocest,
912 4772 1022 4808 non
1058 4763 1194 4810 sunt
1223 4759 1524 4828 etiamipsi
1550 4760 1698 4830 justi
1730 4763 2105 4831 animi,sicut

460 4847 707 4912 possunt
725 4843 914 4897 videre
933 4860 997 4898 ac
1012 4845 1201 4899 dicere
1220 4847 1356 4916 quid
1375 4847 1657 4917 sitjustus
1672 4849 1923 4904 animus.
1941 4854 2098 4917 Quod

461 4933 616 4986 unde
647 4949 775 4987 esse
807 4938 1082 5003 poterunt
1102 4935 1136 4997 ',
1159 4934 1268 4988 nisi
1292 4935 1624 4992 inhaerendo
1645 4938 1832 4993 eidem
1861 4940 1968 5012 ipsi
1990 4943 2102 4997 for-

462 5038 568 5074 mae
603 5037 775 5092 quam
807 5023 1128 5089 intuentur,
1150 5029 1213 5079 ut
1235 5025 1368 5079 inde
1400 5025 1722 5081 formentur
1739 5033 1793 5083 et
1825 5029 2102 5100 sintjusti

461 5111 661 5176 animi;
688 5129 796 5166 non
816 5117 1045 5167 tantum
1067 5118 1437 5169 cernenteset
1454 5114 1950 5187 dicentesjustum
1975 5137 2105 5176 esse

461 5201 721 5254 animum
743 5205 838 5272 qui
859 5203 1104 5256 scientia
1125 5210 1300 5274 atque
1317 5203 1536 5258 ratione
1555 5203 1612 5257 in
1631 5206 1743 5259 vita
1763 5224 1828 5261 ac
1844 5209 2104 5264 moribus

463 5305 567 5344 sua
586 5291 796 5362 cuique
829 5290 1273 5355 distribuit.sed
1300 5293 1474 5346 etiam
1509 5297 1572 5347 ut
1603 5294 1710 5366 ipsi
1733 5297 1892 5366 juste
1911 5298 2105 5374 vivant

456 5378 730 5448 justeque
753 5381 959 5435 morati
984 5382 1121 5448 sint,
1139 5399 1246 5437 sua
1266 5383 1476 5453 cuique
1491 5382 1986 5449 distribuendo,ut
2005 5403 2104 5441 ne-

465 5467 604 5519 mini
621 5467 938 5538 quidquam
956 5472 1203 5525 debeant
1221 5471 1331 5526 nisi
1349 5477 1409 5524 ut
1425 5472 1662 5526 invicem
1680 5472 2102 5546 diligant(Rom.

465 5571 583 5621 xm,
609 5557 685 5625 8).
725 5557 787 5610 Et
811 5561 959 5612 unde
991 5559 1410 5615 inhaereturilli
1442 5562 1658 5626 forma,
1683 5562 1790 5617 nisi
1818 5565 2106 5623 amando?

528 5698 545 5730 ί
578 5695 735 5753 Editi,
762 5699 1053 5758 potuerunt.
1075 5705 1135 5751 At
1167 5701 1356 5755 melius
1384 5702 1529 5763 Mss"
1550 5706 1796 5768 poterunt

1571 368 1670 428 DE
1716 365 2170 437 TRINITATE,
2219 365 2284 424 S.
2329 360 2754 425 AUGUSTINI

3692 359 3784 419 956

2203 496 2317 552 Cur
2336 511 2471 564 ergo
2497 493 2675 548 alium
2703 491 3005 564 diligimus
3028 504 3200 561 quem
3225 484 3790 560 credimusjustum,et

2206 601 2318 638 non
2335 584 2638 653 diligimus
2653 583 2838 652 ipsam
2861 583 3104 635 formam
3128 577 3224 632 ubi
3245 576 3502 630 videmus
3517 577 3635 646 quid
3649 577 3791 648 sitju~

2206 678 2335 728 stus
2354 672 2608 735 animus,
2636 680 2700 725 ut
2724 676 2780 726 et
2800 668 3062 739 nosjusti
3088 683 3216 722 esse
3247 664 3566 737 possimus?
3591 667 3663 719 An
3690 682 3791 721 vero

2207 761 2316 815 nisi
2349 766 2406 816 et
2436 761 2610 814 istam
2643 759 3042 830 diligecemus,
3077 755 3237 812 nullo
3271 753 3439 808 modo
3478 770 3596 807 eum
3628 754 3794 826 dilige-

2208 867 2339 904 mus
2367 865 2538 920 quem
2571 849 2874 920 diligimus
2907 864 2969 902 ex
3008 847 3140 908 ista,
3163 844 3263 898 sed
3287 841 3575 910 dumjusti
3603 859 3699 895 non
3719 859 3797 896 su-

2208 955 2363 1003 mus,
2391 938 2587 993 minus
2605 955 2731 992 eam
2757 935 3058 1007 diligimus
3080 949 3252 1004 quam
3276 930 3488 1002 utjusti
3511 947 3624 984 esse
3642 929 3796 985 valea-

2211 1026 2388 1081 mus?
2410 1031 2591 1082 Homu
2620 1043 2755 1097 ergo
2779 1025 2875 1097 qui
2903 1023 3393 1092 crediturjustus,
3415 1036 3480 1073 ex
3499 1035 3561 1072 ea
3581 1019 3740 1072 forma
3759 1023 3804 1073 et

2205 1115 2448 1169 veritate
2469 1114 2752 1186 diligitur,
2777 1130 2949 1182 quam
2966 1106 3495 1178 cernitetintelligit
3509 1107 3647 1177 apud
3661 1106 3803 1160 seille

2205 1203 2306 1273 qui
2329 1203 2550 1274 diligit:
2573 1203 2699 1274 ipsa
2719 1218 2852 1256 vero
2881 1201 3064 1256 forma
3087 1205 3145 1255 et
3174 1198 3386 1253 veritas
3433 1212 3537 1250 non
3581 1200 3662 1248 est
3684 1210 3804 1264 quo-

2205 1293 2373 1347 modo
2402 1292 2634 1346 aliunde
2661 1290 2958 1361 diligatur.
2997 1289 3192 1359 Neque
3213 1287 3367 1342 enim
3394 1283 3700 1338 invenimus
3718 1281 3803 1336 ali-

2205 1382 2342 1451 quid
2377 1380 2489 1435 tale
2524 1385 2729 1452 praeter
2756 1379 2967 1450 ipsam,
3002 1382 3067 1432 ut
3089 1394 3238 1442 eam,
3263 1391 3396 1430 cum
3425 1372 3698 1443 incognita
3717 1376 3808 1439 est,

2201 1470 2489 1524 credendo
2511 1469 2849 1541 diligamus,
2874 1484 2941 1522 ex
2963 1483 3027 1521 eo
3051 1466 3202 1536 quod
3224 1466 3349 1535 jam
3375 1461 3484 1516 tale
3503 1459 3704 1531 aliquid
3725 1476 3806 1512 no-

2199 1559 2413 1613 vimus.
2440 1558 2730 1628 Quidquid
2754 1557 2909 1612 enim
2927 1555 3039 1610 tale
3059 1553 3374 1625 aspexeris,
3394 1553 3515 1621 ipsa
3528 1554 3610 1604 est
3626 1565 3638 1602 :
3655 1552 3810 1603 etnon

2201 1653 2288 1702 est
2309 1645 2629 1717 quidquam
2654 1645 3070 1716 tale,quoniam
3099 1642 3222 1698 sola
3245 1642 3371 1712 ipsa
3397 1638 3524 1694 talis
3545 1635 3812 1707 est,qualis

2201 1736 2331 1807 ipsa
2349 1741 2456 1790 est.
2483 1735 2588 1799 Qui
2612 1753 2748 1807 ergo
2767 1741 2921 1789 amat
2945 1732 3231 1797 homines,
3260 1736 3357 1784 aut
3379 1726 3655 1800 quiajusti
3674 1730 3808 1822 sunt,

2202 1830 2304 1878 aut
2328 1824 2551 1894 utjusti
2577 1824 2714 1889 sint,
2739 1839 2939 1878 amare
2960 1822 3150 1877 debet.
3174 1820 3266 1875 Sic
3292 1819 3447 1873 enim
3481 1822 3536 1871 et
3566 1819 3812 1884 semetip-

2201 1929 2331 1966 sum
2366 1929 2562 1968 amare
2593 1912 2784 1977 debet,
2814 1915 2915 1966 aut
2936 1911 3298 1981 quiajustus
3319 1912 3428 1974 est,
3453 1911 3549 1961 aut
3569 1904 3813 1974 utjustus

2200 2001 2316 2058 sit:
2349 2001 2433 2056 sic
2463 2001 2617 2056 enim
2660 2000 2853 2072 diligit
2883 1999 3210 2071 proximum
3245 2003 3524 2068 tanquam
3557 2011 3615 2049 se
3645 1992 3812 2063 ipsum

2200 2091 2327 2146 sine
2358 2089 2475 2145 ullo
2501 2089 2775 2161 periculo.
2802 2089 2906 2155 Qui
2935 2089 3092 2144 enim
3114 2087 3284 2143 aliter
3303 2102 3366 2141 se
3389 2084 3593 2156 diligit,
3621 2082 3808 2151 injuste

2199 2195 2261 2235 se
2289 2178 2494 2250 diligit,
2524 2178 2799 2249 quaniam
2833 2195 2894 2233 se
2924 2178 2992 2232 ad
3021 2178 3126 2232 hoc
3149 2175 3338 2246 diligit
3359 2177 3425 2229 ut
3444 2174 3521 2228 sit
3541 2173 3809 2243 injustus:

2200 2269 2269 2322 ad
2304 2268 2413 2322 hoc
2444 2285 2580 2340 ergo
2614 2274 2677 2322 ut
2706 2268 2783 2322 sit
2815 2266 3098 2332 malus,ac
3130 2282 3230 2336 per
3260 2264 3509 2334 hocjam
3532 2277 3639 2316 non
3662 2275 3717 2314 se
3736 2257 3810 2312 di-

2201 2356 2346 2428 ligit,
2393 2358 2498 2426 Qui
2546 2357 2700 2412 enim
2754 2357 2948 2426 diligit
3002 2356 3376 2426 iniquitatem,
3433 2351 3546 2409 odit
3596 2351 3816 2405 animam

2197 2463 2356 2502 suam
2387 2447 2557 2513 (Psal.
2589 2464 2645 2511 x,
2675 2447 2752 2515 6).

2272 2536 2501 2591 CAPUT
2533 2536 2653 2590 VII.
2677 2567 2748 2577 —
2776 2537 2860 2590 10.
2887 2537 2960 2590 De
2988 2552 3114 2591 vera
3134 2533 3454 2599 dilectione,
3477 2546 3577 2603 per
3595 2545 3745 2602 quam
3764 2525 3823 2582 ad

2204 2626 2489 2680 Trinitatis
2531 2625 2896 2693 cognitionem
2944 2626 3274 2696 pervenitur.
3319 2619 3654 2690 Quaerenda:
3681 2622 3820 2681 Deus,

2199 2730 2312 2770 non
2341 2716 2606 2780 exterius,
2638 2714 2933 2784 appetendo
2959 2715 3104 2768 mira
3130 2715 3314 2783 facere
3332 2727 3459 2766 cum
3481 2708 3726 2776 Angelis;
3745 2703 3823 2760 sed

2202 2803 2751 2868 interius,imitando
2775 2803 3036 2858 bonorum
3059 2802 3399 2875 Angelorum
3413 2800 3682 2870 pietatem.
3701 2795 3826 2859 Qus-

2202 2899 2439 2965 propter
2451 2909 2561 2947 non
2577 2901 2663 2947 est
2677 2892 2960 2963 praecipue
2977 2891 3288 2946 videndum
3302 2889 3361 2943 in
3384 2889 3492 2944 hac
3510 2884 3824 2959 quaestione,

2204 2998 2328 3052 quae
2361 2982 2432 3036 de
2462 2980 2746 3036 Trinitate
2778 2981 2944 3035 nobis
2975 2986 3082 3045 est,
3115 2983 3172 3034 et
3194 2979 3264 3034 de
3286 2975 3687 3050 cognoscendo
3709 2973 3825 3035 Deo,

2207 3071 2318 3125 nisi
2343 3071 2481 3140 quid
2506 3069 2583 3125 sit
2604 3086 2740 3125 vera
2765 3069 3018 3134 dilectio,
3042 3070 3158 3124 imo
3179 3085 3310 3124 vero
3335 3067 3480 3140 quid
3502 3065 3578 3121 sit
3599 3062 3825 3119 dilectio.

2207 3159 2288 3214 Ea
2319 3159 2536 3230 quippe
2567 3157 2801 3213 dilectio
2834 3157 3078 3212 dicenda
3108 3162 3216 3224 est,
3249 3173 3377 3227 quae
3408 3171 3546 3210 vera
3565 3159 3652 3209 est
3673 3177 3685 3219 ;
3709 3151 3828 3206 alio-

2206 3247 2348 3316 quin
2373 3246 2664 3317 cupiditas
2683 3251 2799 3301 est:
2821 3251 2995 3317 atque
3013 3245 3094 3300 ita
3111 3243 3306 3317 cupidi
3325 3243 3564 3299 abusive
3580 3241 3831 3295 dicuntur

2208 3335 2971 3406 diligere,quemadmodum
2987 3341 3196 3406 cupere
3210 3333 3453 3388 abusive
3467 3326 3830 3398 dicunturqui

2207 3424 2478 3496 diligunt.
2505 3424 2634 3479 Haec
2657 3431 2746 3478 est
2767 3427 2964 3479 autem
2985 3440 3118 3479 vera
3139 3422 3393 3491 dilectio,
3420 3426 3485 3477 ut
3509 3420 3830 3476 inhaerentes

2204 3513 2430 3569 veritati
2451 3513 2613 3584 juste
2644 3512 2939 3580 vivamus;
2962 3517 3017 3568 et
3038 3513 3164 3566 ideo
3187 3517 3638 3567 contemnamus
3658 3505 3835 3563 omnia

2207 3601 2505 3656 mortalia‘
2537 3619 2651 3672 prae
2684 3619 2881 3657 amore
2911 3602 3238 3670 hominum,
3290 3618 3407 3672 quo
3457 3617 3557 3656 eos
3586 3597 3834 3653 volumus

2201 3691 2363 3762 juste
2390 3691 2597 3747 vivere.
2633 3691 2716 3745 Ita
2745 3690 2895 3745 enim
2931 3697 2987 3745 et
3018 3691 3164 3746 mori
3199 3707 3298 3758 pro
3332 3689 3616 3745 fratribus
3638 3685 3836 3742 utiliter

2210 3781 2392 3852 parati
2413 3797 2541 3835 esse
2560 3782 2900 3852 poterimus,
2923 3781 3072 3850 quod
3098 3796 3200 3835 nos
3222 3772 3838 3834 DominusJesusChri-

2210 3875 2336 3924 stus
2367 3870 2630 3941 exemplo
2659 3887 2765 3925 suo
2797 3869 3009 3924 docuit.
3042 3871 3186 3926 Cum
3220 3869 3377 3923 enim
3425 3869 3544 3923 duo
3579 3866 3838 3939 praecepta

2210 3958 2329 4015 sint
2350 3959 2406 4013 in
2430 3959 2647 4029 quibus
2671 3964 2790 4013 tota
2811 3958 2918 4013 Lex
2944 3958 3154 4029 pendet
3182 3962 3238 4012 et
3271 3958 3595 4029 Prophetas,
3627 3951 3837 4009 dilectio

2212 4047 2312 4103 Dei
2337 4053 2391 4102 et
2417 4047 2646 4103 dilectio
2673 4047 2916 4119 proximi
2941 4047 3174 4117 (Matth..
3200 4047 3551 4117 xxu,37-40)
3582 4060 3723 4111 ;non
3742 4042 3835 4095 im-

2213 4135 2419 4190 merito
2436 4135 2698 4206 plerumq
2711 4135 3081 4205 ueScriptura
3097 4150 3197 4206 pro
3212 4140 3461 4206 utquue
3475 4150 3660 4190 unum
3678 4129 3837 4203 ponit:

2213 4224 2330 4280 sive
2357 4229 2582 4279 tantum
2610 4224 2728 4290 Dei,
2756 4223 2926 4280 sicuti
2949 4228 3038 4280 est
3059 4223 3227 4292 illud,
3252 4223 3473 4279 Scimus
3493 4224 3750 4294 quoniam
3769 4217 3839 4273 1i-

2214 4315 2509 4386 ligentibus
2541 4315 2707 4368 Deum
2740 4331 2931 4369 omnia
2960 4323 3318 4385 cooperantur
3349 4316 3408 4368 in
3453 4314 3653 4369 bonum
3683 4314 3840 4384 (Rom.

2213 4421 2336 4469 vm,
2360 4405 2449 4475 28)
2476 4421 2489 4470 ;
2511 4409 2568 4459 et
2590 4405 2824 4467 iterum,
2844 4405 3099 4475 Quisquis
3122 4411 3302 4458 autem
3331 4403 3526 4472 diligit
3558 4405 3740 4468 Deum,
3769 4399 3844 4452 hic

2211 4495 2465 4565 cognitus
2490 4497 2568 4549 est
2595 4495 2662 4548 ab
2693 4494 2789 4548 illo
2817 4493 2863 4564 (Ι
2895 4493 3014 4547 Cor.
3045 4510 3165 4558 νιιι,
3189 4493 3243 4563 3)
3268 4510 3280 4559 ;
3314 4498 3373 4547 et
3392 4493 3568 4560 illud,
3595 4492 3846 4560 Quoniam

2213 4583 2464 4639 charitas
2487 4584 2607 4648 Dei,
2624 4581 2834 4654 diﬁ‘usa
2844 4591 2922 4637 est
2935 4585 2990 4637 in
3005 4582 3256 4637 cordibus
3268 4585 3480 4637 nostris
3489 4598 3592 4653 per
3603 4580 3845 4652 Spiritum

2211 4675 2462 4728 sanctum
2481 4671 2574 4741 qui
2592 4671 2751 4724 datus
2773 4673 2849 4725 est
2870 4671 3026 4726 nobis
3050 4673 3220 4737 (Rom.
3247 4687 3296 4739 v,
3319 4671 3377 4738 5)
3405 4688 3418 4735 ;
3444 4675 3506 4726 et
3527 4669 3643 4725 alia
3663 4666 3846 4723 multa:

2213 4762 2528 4833 quiaetqui
2551 4759 2740 4830 diligit
2761 4760 2936 4814 Deum
2957 4775 3318 4830 consequens
3333 4764 3503 4814 estut
3523 4754 3843 4827 faciatquod

2216 4850 2486 4922 praecepit
2507 4855 2673 4915 Deus,
2695 4853 2751 4902 et
2767 4848 2825 4902 in
2847 4853 3070 4902 tantum
3092 4847 3282 4918 diligit
3299 4847 3354 4901 in
3376 4853 3675 4918 quantum
3692 4845 3846 4907 facit;

2215 4955 2578 5009 consequens
2601 4953 2736 5007 ergo
2757 4941 2845 4991 est
2864 4941 2922 4990 ut
2939 4937 3335 5007 etproximum
3355 4935 3590 5008 diligat,
3610 4934 3743 5007 quia
3756 4934 3848 4986 hoc

2216 5028 2486 5101 praecepit
2519 5030 2704 5082 Deus:
2753 5024 2869 5080 sive
2907 5029 3136 5080 tantum
3189 5026 3436 5096 proximi
3491 5024 3848 5080 dilectionem

2214 5119 2513 5189 Scriptura
2535 5120 2973 5179 commemorat,
3000 5112 3425 5181 siculestillud,
3444 5116 3688 5170 Invicem
3701 5126 3851 5166 onera

2215 5213 2395 5263 vestra
2412 5207 2648 5277 portate,
2673 5213 2724 5258 et
2745 5205 2824 5257 sic
2839 5203 3209 5274 adimplebitis
3231 5203 3398 5273 legem
3424 5204 3642 5257 Christi
3664 5201 3850 5271 (Gala-t.

2215 5314 2291 5352 v1.
2315 5299 2371 5362 2)
2393 5320 2407 5360 ;
2430 5298 2488 5348 et
2507 5293 2674 5355 illud,
2700 5292 2888 5349 Omnis
2910 5295 3057 5347 enim
3077 5293 3167 5347 lex
3189 5294 3247 5345 in
3268 5307 3375 5346 uno
3394 5307 3656 5346 sermone
3672 5289 3850 5359 imple—

2217 5395 2328 5449 tur,
2362 5387 2419 5438 in
2449 5399 2508 5439 eo
2539 5383 2686 5454 quod
2722 5384 2991 5452 scriptum
3027 5385 3121 5444 est,
3147 5381 3347 5451 Diliges
3361 5382 3690 5451 proximum
3714 5387 3852 5434 tuum

2215 5479 2475 5546 tanquam
2508 5480 2559 5527 te
2581 5474 2760 5542 ipsum
2790 5472 2897 5540 (Id.
2922 5486 2975 5538 v,
3002 5469 3089 5538 14)
3115 5487 3127 5534 ;
3152 5469 3285 5523 etin
3308 5468 3640 5538 Evangelio,
3670 5468 3850 5525 Omnia

2217 5576 2559 5640 quaecunque
2588 5560 2754 5616 vultis
2785 5567 2845 5614 ut
2872 5557 3090 5632 faciant
3117 5557 3264 5615 vobis
3293 5557 3566 5624 homines,
3598 5559 3676 5612 ita
3705 5560 3752 5611 et
3773 5567 3853 5610 vos

2281 5711 2298 5748 ι
2329 5706 2392 5757 ιιι
2418 5703 2562 5765 Μαι..
2581 5698 2902 5769 temporalia.
