4100 6194
468 282 588 341 963

471 413 633 480 Quod
660 409 1041 467 subtilissime
1059 406 1590 479 obscurissimeque
1609 408 2123 478 disseritur,donec

471 501 838 575 apertissime
873 496 1420 558 demonstretur,vel
1453 497 1532 551 ita
1554 514 1616 552 se
1649 514 1768 551 rem
1804 498 2130 569 habere,ve1

475 611 586 648 non
621 594 718 646 ita.
753 591 862 646 Sed
893 605 1128 660 quoquo
1166 587 1336 641 modo
1389 604 1449 641 se
1482 586 1693 641 habeat
1742 587 1827 641 vis
1870 605 1982 656 qua
2031 603 2132 656 per

471 681 672 738 oculos
720 679 1050 744 cernimus;
1088 677 1274 748 ipsam
1308 682 1460 730 certe
1493 676 1631 742 vim,
1660 676 1779 730 sive
1810 677 1928 730 sint
1960 677 2127 738 radii,

475 772 594 827 sive
625 770 780 824 aliud
815 765 1253 838 aliquid,oculis
1288 781 1519 819 cernere
1553 781 1666 819 non
1692 765 1991 832 valemus;
2026 767 2126 820 sed

472 865 666 916 mente
698 858 1101 929 quaerimus,et
1128 855 1176 910 si
1214 854 1335 910 ﬁeri
1370 853 1762 926 potest,etiam
1797 854 1905 908 hoc
1938 859 2129 909 mente

469 967 595 1005 com
608 944 1215 1020 prehendiinus.Mens
1233 961 1369 1015 ergo
1396 944 1522 1014 ipsa
1546 941 1697 998 sicut
1719 960 2126 1014 corporearum

465 1055 662 1094 rerum
698 1036 938 1090 notitias
959 1051 1057 1105 per
1078 1049 1284 1088 sensus
1307 1032 1563 1102 corporis
1595 1031 1927 1103 colligit;sic
1945 1032 2128 1087 incor.

469 1141 781 1198 porearum
817 1140 916 1194 per
947 1120 1506 1192 semetipsam.Ergo
1537 1127 1593 1175 et
1625 1121 2001 1192 semetipsam
2027 1136 2128 1192 per

469 1234 531 1271 se
562 1217 750 1287 ipsam
785 1211 1246 1282 novit,quoniam
1270 1215 1357 1264 est
1386 1207 1894 1281 incorporea.Nam
1930 1209 1978 1264 si
2011 1226 2125 1264 non

470 1321 532 1360 se
565 1304 742 1368 novit,
777 1319 889 1356 non
924 1316 986 1354 se
1018 1302 1198 1353 amat.

540 1392 772 1448 CAPUT
806 1390 896 1444 IV.
922 1420 988 1428 —
1021 1390 1069 1442 Ιι.
1109 1389 1230 1442 Tria
1253 1403 1424 1441 unum
1446 1391 1497 1441 et
1515 1387 1771 1456 aequalia,
1807 1403 1956 1441 mens
1983 1388 2124 1457 ipsa,

467 1488 516 1537 et
548 1497 723 1546 amor,
773 1484 822 1534 et
869 1479 1070 1532 notitia
1100 1477 1238 1547 ejus.
1277 1476 1402 1530 Tria
1449 1474 1637 1529 eadem
1684 1476 2128 1530 substantialiter

465 1587 598 1639 esse,
631 1587 694 1625 ac
724 1569 949 1624 relative
977 1567 1108 1620 dici.
1144 1567 1270 1619 Tria
1307 1564 1494 1620 eadem
1545 1581 1654 1620 esse
1686 1565 2123 1637 (inseparubz'lia.

470 1661 606 1715 Tria
639 1658 827 1713 eadem
858 1673 964 1711 non
1001 1657 1250 1726 partium
1294 1656 1472 1708 instar
1510 1655 1704 1724 juncta
1734 1661 1783 1708 et
1828 1656 2125 1708 commixta

461 1765 574 1803 esse
598 1767 620 1812 ;
648 1746 741 1801 sed
786 1761 900 1800 esse
929 1746 1095 1798 unius
1124 1744 1391 1808 essentia,
1425 1759 1488 1797 ac
1519 1740 1779 1797 relativa.
1827 1743 1987 1798 Sicut
2017 1759 2125 1798 au-

463 1843 580 1892 tem
623 1836 737 1889 duo
772 1834 1040 1905 quaedam
1072 1837 1403 1900 sunt,mens
1435 1836 1490 1885 et
1522 1848 1685 1886 amor
1716 1833 1862 1902 ejus,
1896 1848 2029 1886 cum
2062 1849 2124 1887 se

466 1930 668 1991 amat;
707 1925 784 1978 ita
815 1922 1082 1993 quaedam
1116 1921 1230 1974 duo
1264 1925 1424 1986 sunt,
1451 1938 1618 1975 mens
1650 1926 1706 1976 et
1740 1920 1944 1975 notitia
1972 1921 2121 2007 ejus,

466 2033 598 2069 cum
633 2030 694 2069 se
725 2012 898 2067 novit.
939 2011 1121 2081 Igitur
1155 2009 1285 2080 ipsa
1320 2026 1479 2065 mens
1510 2015 1568 2064 et
1617 2027 1783 2065 amor
1831 2015 1885 2064 et
1917 2011 2123 2066 notitia

459 2106 612 2175 ejus,
645 2103 756 2156 tria
787 2102 1052 2172 quaedam
1088 2104 1308 2167 sunt,et
1339 2099 1457 2153 haec
1489 2100 1600 2153 tria
1635 2115 1816 2153 unum
1853 2104 2031 2166 sunt;
2065 2116 2124 2172 et

461 2209 592 2247 cum
631 2191 884 2263 perfecta
916 2193 1072 2258 sunt,
1107 2187 1355 2258 aequalia
1386 2189 1605 2242 sunt.Si
1643 2188 1798 2242 enim
1832 2189 2029 2244 minus
2057 2207 2120 2245 se

454 2287 617 2338 amat
653 2297 830 2352 quam
865 2284 971 2344 est,
1000 2285 1062 2332 ut
1093 2278 1246 2331 verbi
1280 2277 1724 2347 gratia,tantum
1752 2295 1813 2333 se
1846 2277 2118 2332 ametho-

458 2371 634 2425 minis
669 2386 856 2434 mens,
891 2375 1178 2438 quantum
1212 2367 1533 2420 amandum
1567 2371 1654 2420 est
1680 2381 1895 2436 corpus
1927 2366 2116 2421 homi-

458 2461 710 2524 nis,cum
748 2458 879 2528 plus
909 2458 983 2508 sit
1015 2456 1143 2526 ipsa
1174 2471 1349 2524 quam
1382 2470 1629 2523 corpus;
1666 2460 1883 2524 peccat,
1909 2460 1966 2508 et
1999 2471 2112 2509 non

454 2554 545 2603 est
580 2547 868 2619 perfectus
900 2561 1062 2599 amor
1093 2546 1241 2612 ejus.
1281 2544 1420 2598 ltem
1453 2542 1500 2596 si
1545 2542 1800 2612 amplius
1845 2559 1907 2598 se
1955 2549 2114 2599 amat

457 2653 638 2706 quam
675 2633 944 2700 est,velut
975 2633 1022 2687 si
1056 2636 1287 2686 tantum
1320 2648 1380 2686 se
1412 2636 1881 2701 amet,quantum
1907 2648 2110 2687 aman-

453 2727 564 2781 ilus
594 2730 683 2780 est
718 2727 885 2792 Deus,
911 2739 1044 2777 cum
1080 2719 1617 2790 incomparabiliter
1651 2720 1846 2774 minus
1878 2721 1953 2775 sit
1984 2721 2113 2791 ipsa

455 2832 630 2885 quam
673 2816 820 2868 Deus
848 2831 860 2880 ;
897 2813 1072 2866 etiam
1105 2811 1188 2864 sic
1222 2809 1471 2864 nimium
1506 2815 1723 2880 peccat,
1746 2815 1802 2864 et
1833 2826 1945 2864 non
1981 2827 2108 2881 per-

454 2905 665 2958 fectum
701 2903 875 2956 habet
905 2917 1161 2955 amorem
1197 2899 1308 2953 sui.
1343 2898 1556 2968 Majore
1586 2903 1782 2952 autem
1821 2896 2110 2968 perversi-

453 2996 571 3046 tate
602 2997 657 3045 et
687 2990 996 3060 iniquitate
1029 2995 1387 3058 peccat,cum
1423 3002 1632 3057 corpus
1665 2991 1890 3040 tantum
1923 2991 2104 3056 amat,

453 3086 737 3150 quantum
788 3078 1076 3131 amandus
1109 3082 1198 3130 est
1227 3075 1398 3129 Deus.
1435 3076 1573 3129 Item
1599 3076 1805 3129 notitia
1836 3075 1884 3129 si
1917 3074 2108 3130 minor

453 3176 561 3231 est,
596 3183 772 3238 quam
800 3171 889 3220 est
920 3165 1064 3219 illud
1120 3166 1273 3235 quod
1326 3164 1605 3228 noscitur,
1639 3170 1696 3218 et
1745 3163 1910 3234 plene
1945 3165 2105 3219 nosci

453 3257 920 3329 potest,perfecta
945 3273 1054 3310 non
1083 3256 1252 3309 est.Si
1285 3260 1478 3308 autem
1513 3255 1699 3324 major
1729 3258 1835 3320 est,
1855 3257 1978 3320 jam
2010 3271 2105 3309 su-

452 3347 642 3418 perior
668 3352 755 3399 est
788 3350 997 3398 natura
1027 3360 1149 3412 qua:
1203 3344 1380 3406 novit,
1415 3359 1592 3412 quam
1645 3341 1743 3395 illa
1791 3359 1920 3412 quae
1969 3348 2104 3398 nota

448 3444 536 3493 est
569 3455 581 3493 ε
617 3440 771 3492 sicut
805 3437 988 3506 major
1019 3441 1108 3489 est
1140 3434 1347 3488 notitia
1379 3433 1662 3504 corporis,
1695 3451 1871 3504 quam
1905 3434 2100 3505 ipsum

446 3543 656 3597 corpus
689 3528 842 3597 quod
875 3543 942 3580 ea
982 3524 1185 3579 notitia
1234 3527 1435 3577 notum
1489 3527 1596 3577 est.
1634 3521 1733 3575 [lla
1781 3522 1934 3576 enim
1985 3523 2102 3577 vita

445 3618 710 3686 quaedam
742 3624 831 3671 est
855 3618 910 3669 in
944 3618 1165 3669 ratione
1196 3611 1631 3684 cognoscentis:
1659 3629 1870 3684 corpus
1903 3618 2097 3668 autem

445 3725 558 3761 non
591 3713 677 3762 est
708 3707 930 3762 vita.Et
962 3707 1079 3760 vita
1109 3706 1383 3776 quaalibet
1411 3704 1673 3775 quolibet
1700 3722 1940 3776 corpore
1975 3722 2094 3759 ma-

437 3796 533 3863 jor
564 3801 670 3864 est,
708 3812 822 3850 non
859 3795 1030 3858 mole,
1064 3795 1163 3849 sed
1195 3797 1270 3848 vi.
1306 3793 1466 3848 Mens
1499 3810 1630 3848 vero
1651 3810 1786 3848 cum
1814 3811 1874 3848 se
1909 3794 2095 3864 ipsam

447 3886 780 3954 cognoscit;
810 3901 923 3938 non
949 3899 1010 3937 se
1033 3889 1270 3953 superat
1293 3882 1494 3936 notitia
1515 3899 1623 3936 sua
1649 3899 1661 3948 ;
1687 3883 1823 3952 quia
1846 3883 1972 3953 ipsa
2001 3899 2095 3938 co-

447 3974 827 4044 gnoscit,ipsa
856 3973 1396 4042 cognoscitur.Cum
1417 3987 1552 4041 ergo
1576 3989 1633 4025 se
1653 3977 1834 4025 totam
1859 3988 2097 4041 cognos-

445 4061 736 4132 cit,neque
767 4078 965 4116 secum
1001 4061 1318 4130 quidquam
1348 4060 1642 4129 aliud,par
1673 4059 1753 4112 illi
1787 4065 1876 4114 est
1897 4061 2094 4131 cogni-

445 4150 521 4202 tio
552 4167 701 4204 sua:
739 4151 876 4221 quia
907 4166 1095 4220 neque
1127 4165 1194 4202 cx
1227 4147 1341 4202 alia
1376 4153 1584 4201 natura
1617 4153 1706 4202 est
1737 4149 1864 4217 ejus
1896 4150 2093 4219 cogni-

442 4239 685 4303 tio,cum
713 4256 773 4293 se
807 4241 994 4310 ipsam
1025 4238 1422 4308 cognoscit.Et
1452 4253 1584 4291 cum
1617 4253 1680 4291 se
1711 4241 1888 4290 totam
1926 4236 2096 4292 nihil-

441 4344 553 4396 que
584 4327 840 4398 amplius
865 4328 1235 4398 percipit,nec
1255 4327 1446 4380 minor
1478 4342 1580 4379 nec
1613 4327 1900 4394 majorest
1923 4326 2094 4381 Recte

448 4415 622 4484 igitur
652 4417 1056 4480 diximus,haac
1087 4417 1198 4470 tria
1215 4433 1346 4470 cum
1369 4415 1620 4486 perfecta
1643 4422 1935 4480 sunt,esse
1955 4433 2091 4472 con-

441 4512 751 4573 sequenter
779 4507 1045 4574 aequalia.

509 4593 562 4646 5.
600 4593 786 4647 Simul
818 4597 991 4648 etiam
1028 4595 1437 4658 admonemur,
1469 4593 1516 4648 si
1554 4599 1870 4663 utcumque
1898 4593 2093 4650 videre

441 4698 777 4749 possumus,
813 4681 930 4736 haec
955 4683 1011 4736 in
1039 4684 1233 4736 anima
1254 4685 1518 4748 existere,
1552 4689 1607 4737 et
1627 4687 1905 4754 tanquam
1929 4683 2090 4738 invo-

439 4769 561 4823 luta
585 4768 846 4823 evolviut
877 4773 1204 4824 sentiantur
1244 4776 1299 4825 et
1329 4771 1774 4826 dinumerentur
1821 4772 2092 4827 substan-

439 4857 1709 4928 tialiter,vel,utitadicam,essentialiter,non
1735 4860 2088 4931 tanquamin

440 4947 723 5014 subjecto,
759 4954 823 5000 ut
866 4949 1043 5010 color,
1075 4955 1174 5000 aut
1226 4950 1409 5017 tigura
1444 4948 1498 5001 in
1549 4966 1807 5019 corpore,
1841 4953 1940 5001 aut
1973 4947 2091 5003 ulla

439 5035 552 5088 alia
584 5035 835 5104 qualitas
864 5043 964 5089 aut
997 5037 1611 5106 quantitas.Qundquid
1649 5038 1800 5089 enim
1837 5036 1950 5090 tale
1977 5041 2088 5104 est,

438 5140 547 5175 nun
585 5125 804 5176 excedit
835 5124 1165 5191 subjectum
1198 5125 1252 5177 in
1289 5142 1398 5192 quo
1449 5130 1554 5178 est.
1591 5123 1711 5177 Non
1746 5125 1900 5178 enim
1934 5124 2091 5181 color

435 5212 544 5264 istc
577 5220 676 5264 aut
710 5213 893 5278 figura
913 5214 1090 5282 hujus
1109 5229 1367 5282 corporis
1387 5218 1577 5282 potest
1608 5228 1734 5266 esse
1765 5219 1820 5265 et
1845 5213 2088 5270 alterius

434 5301 711 5369 (πωροι-ξε.
749 5305 904 5355 Mens
936 5309 1130 5355 autem
1182 5319 1379 5356 amore
1433 5317 1548 5370 quo
1578 5318 1638 5354 se
1687 5308 1864 5362 amat,
1901 5307 2090 5373 potest

433 5406 628 5441 {mare
662 5396 716 5442 et
747 5390 900 5443 aliud
939 5399 1142 5460 praater
1173 5396 1405 5445 se.ltem
1441 5407 1551 5444 non
1580 5407 1640 5444 se
1664 5390 1847 5444 solam
1880 5408 2085 5463 cogno-

435 5480 536 5528 scit
575 5494 759 5540 mens,
793 5480 889 5531 srd
917 5486 967 5534 et
992 5480 1104 5533 alia
1131 5479 1330 5534 multa.
1366 5479 1750 5542 Quamobrem
1780 5495 1891 5533 non
1924 5497 2090 5535 amor

433 5573 480 5617 ct
520 5566 769 5633 cognitio
803 5575 1082 5638 tanquam
1118 5570 1174 5624 in
1207 5571 1465 5640 subjecto
1493 5569 1695 5624 insunt
1732 5569 1950 5635 menti;
1985 5570 2084 5625 sed

432 5653 898 5710 substantialiter
942 5656 1116 5712 etiam
1147 5659 1261 5714 ista
1308 5665 1466 5730 sunt,
1498 5657 1653 5715 sicut
1700 5656 1830 5730 ipsa
1867 5673 2035 5715 mens
2066 5673 2083 5716 :

1598 278 1699 336 DE
1743 276 2193 352 'l‘RlNl'l‘ATE,
2242 279 2308 337 S.
2354 279 2774 340 AUGUSTINI

3725 291 3831 350 968

2235 410 2373 481 quia
2403 415 2458 465 et
2485 411 2535 465 si
2567 411 2803 468 relative
2832 411 3109 467 dicuntur
3140 412 3212 467 ad
3262 411 3521 486 invicem,
3549 414 3601 470 in
3637 434 3731 474 sua
3759 425 3832 476 ta-

2237 516 2369 554 men
2403 507 2542 555 sunt
2571 499 2804 571 singula
2834 518 3078 572 quaeque
3111 502 3572 560 substantia.Nec
3601 506 3734 562 sicut
3758 525 3830 564 co-

2234 586 2323 644 lor
2353 595 2408 643 et
2455 592 2775 645 coloratum
2811 590 3051 645 relative
3083 593 3161 645 ita
3185 593 3459 646 dicuntur
3504 595 3571 648 ad
3602 595 3831 665 invicem,

2235 684 2298 732 ut
2329 677 2485 733 color
2517 680 2572 733 in
2625 681 2887 750 subjecto
2918 679 3170 734 colorato
3202 681 3298 746 sit,
3335 698 3446 736 non
3477 681 3680 738 habens
3710 686 3758 738 in
3785 704 3834 742 se

2233 765 2360 836 ipso
2415 768 2708 839 propriam
2758 767 3191 833 substantiam;
3226 769 3501 838 quoniam
3552 769 3834 828 coloratum

2233 870 2444 926 corpus
2492 855 2822 910 substantia
2868 864 2974 922 est,
3006 854 3102 910 ille
3151 863 3344 910 autem
3387 856 3444 910 in
3495 857 3833 916 substantia:

2231 945 2331 999 sed
2364 945 2518 1000 sicut
2548 945 2662 1000 duo
2695 945 2867 999 amici
2905 943 3082 999 etiam
3115 944 3229 999 duo
3262 950 3400 999 sunt
3429 944 3699 1011 homines,
3728 965 3833 1019 qua:

2230 1038 2370 1088 sunt
2399 1033 2740 1088 substantia;
2769 1051 2782 1100 ;
2807 1049 2938 1088 cum
2973 1033 3239 1088 homines
3271 1051 3385 1089 non
3418 1033 3642 1090 relative
3669 1036 3836 1092 dican-

2229 1136 2344 1189 tur,
2381 1123 2550 1176 amici
2586 1127 2777 1178 autem
2814 1121 3071 1178 relative.

2299 1213 2351 1266 6.
2386 1211 2494 1267 Sed
2529 1211 2667 1266 item
2719 1211 2988 1282 quamvis
3041 1212 3371 1266 substantia
3417 1211 3493 1267 sit
3539 1229 3728 1268 amans
3767 1213 3839 1269 vel

2230 1302 2419 1358 sciens
2449 1301 2783 1355 substantia
2813 1300 2888 1356 sit
2917 1299 3182 1364 scientia,
3207 1301 3559 1368 substantia,
3581 1301 3652 1356 sit
3680 1318 3838 1368 amor,

2228 1391 2328 1445 sed
2362 1406 2567 1445 amans
2595 1395 2651 1443 et
2672 1395 2963 1456 amor,aut
2992 1390 3182 1444 sciens
3207 1390 3519 1444 etscientia
3549 1390 3764 1445 relative
3782 1392 3839 1446 ad

2229 1496 2290 1534 se
2321 1479 2592 1534 dicantur
2613 1480 2765 1533 sicut
2785 1478 2958 1533 amici
2983 1493 2997 1533 :
3027 1494 3193 1533 mens
3219 1494 3350 1532 vero
3373 1485 3476 1533 aut
3495 1478 3725 1550 spiritus
3745 1495 3841 1534 non

2229 1569 2347 1624 sint
2375 1567 2635 1632 relative,
2659 1567 2810 1622 sicut
2842 1584 2945 1621 nec
2976 1567 3243 1622 homines
3278 1567 3515 1622 relative
3543 1573 3675 1622 sunt
3703 1585 3715 1622 ε
3746 1584 3842 1622 non

2228 1664 2421 1712 tamen
2448 1656 2785 1711 sicutamici
2811 1655 3077 1710 homines
3098 1661 3346 1727 possunt
3367 1671 3627 1711 seorsum
3645 1673 3760 1711 esse
3786 1656 3845 1711 ab

2227 1746 2496 1810 invicem,
2531 1745 2615 1799 sic
2647 1761 2854 1799 amans
2885 1749 2940 1798 et
2969 1761 3152 1810 amur,
3186 1750 3288 1799 aut
3311 1744 3503 1799 sciens
3528 1749 3582 1798 et
3610 1744 3844 1800 scientia.

2228 1838 2571 1906 Quanquam
2605 1839 2661 1888 et
2690 1833 2859 1888 amici
2895 1849 3132 1904 corpore
3154 1834 3424 1889 videntur
3455 1834 3704 1905 separari
3731 1850 3846 1904 pos-

2227 1942 2309 1990 se,
2344 1942 2456 1979 non
2486 1924 2703 1988 animo,
2747 1922 2804 1976 in
2830 1929 3114 1993 quantum
3148 1923 3319 1978 amici
3363 1929 3502 1978 sunt
3536 1941 3549 1978 :
3583 1929 3845 1977 verumta-

2229 2032 2359 2070 men
2393 2014 2514 2068 fieri
2551 2016 2738 2084 potest
2786 2018 2848 2065 ut
2879 2013 3102 2066 amicus
3155 2011 3409 2066 amicum
3458 2013 3630 2067 etiam
3675 2012 3846 2067 odisse

2224 2104 2486 2175 incipiat,
2516 2108 2571 2156 et
2600 2118 2664 2156 eo
2697 2103 2822 2172 ipso
2854 2100 3079 2155 amicus
3119 2117 3247 2155 esse
3278 2101 3531 2171 desinat,
3581 2101 3844 2156 nesciente

2221 2193 2343 2256 illo.
2373 2198 2431 2248 et
2460 2191 2652 2247 adhuc
2685 2197 2937 2244 amante.
2971 2191 3146 2244 Amor
3194 2194 3387 2244 autem
3437 2206 3553 2261 quo
3593 2207 3652 2244 se
3698 2206 3844 2244 mens

2223 2286 2400 2351 amat,
2429 2283 2473 2336 si
2523 2297 2652 2336 esse
2699 2277 2947 2343 desinat,
2989 2276 3166 2333 simul
3217 2282 3274 2332 et
3323 2277 3418 2333 illa
3470 2279 3693 2333 desinet
3734 2294 3844 2332 esse

2219 2388 2446 2428 amans.
2481 2371 2622 2425 ltem
2659 2368 2862 2423 notitia
2892 2385 3009 2438 qua
3038 2384 3100 2422 se
3135 2384 3298 2422 mens
3331 2368 3507 2432 novit,
3533 2368 3580 2422 si
3611 2384 3731 2423 esse
3758 2368 3843 2421 dc-

2218 2458 2575 2529 sinat,simul
2607 2464 2662 2512 et
2692 2457 2790 2511 illa
2823 2473 2992 2511 nosse
3022 2474 3085 2512 se
3115 2456 3531 2511 desinet.Sicut
3563 2462 3730 2526 caput
3755 2472 3842 2511 ca-

2218 2550 2380 2622 pitati
2416 2548 2664 2618 alicujus
2715 2547 2914 2616 utique
2947 2549 3122 2616 caput
3166 2551 3277 2612 est,
3311 2551 3366 2599 et
3415 2545 3650 2600 relative
3695 2545 3761 2600 ad
3789 2561 3842 2600 se

2213 2639 2509 2704 dicuntur,
2543 2634 2812 2707 quamvis
2841 2633 3012 2688 etiam
3064 2635 3404 2688 substantiae
3435 2635 3555 2688 sint
3587 2649 3599 2686 :
3635 2651 3757 2688 nam
3793 2640 3844 2689 et

2213 2733 2391 2799 caput
2420 2741 2632 2796 corpus
2678 2729 2786 2790 est,
2820 2729 2877 2777 et
2922 2723 3238 2794 capitatam
3269 2740 3282 2789 ;
3315 2727 3372 2776 et
3407 2722 3457 2776 si
3511 2739 3623 2778 non
3665 2723 3736 2777 sit
3761 2739 3841 2777 ca-

2214 2823 2316 2888 put
2348 2818 2387 2883 ί,
2422 2831 2524 2870 nec
2556 2813 2872 2884 capitatam
2913 2812 3042 2866 erit.
3074 2812 3181 2866 Sed
3235 2811 3354 2865 haec
3402 2812 3738 2882 praecisione
3781 2811 3842 2865 ab

2211 2906 2456 2960 invicem
2489 2903 2744 2974 separari
2778 2906 3041 2972 possunt,
3076 2899 3175 2954 illa
3207 2917 3318 2954 non
3353 2905 3622 2971 possunt.

2279 2996 2331 3049 7.
2365 2993 2520 3056 Quod
2557 2993 2602 3047 si
2637 3001 2776 3045 sunt
2806 2989 3003 3060 aliqua
3050 3005 3292 3060 corpora
3349 3005 3478 3059 quae
3510 2988 3690 3043 secari
3729 3004 3841 3043 om-

2211 3085 2350 3139 nino
2382 3088 2438 3137 et
2468 3081 2647 3136 dividi
2682 3083 2983 3150 nequeunt
3015 3095 3027 3131 ε
3066 3083 3262 3132 tamen
3296 3078 3406 3132 nisi
3443 3079 3706 3150 partibus
3734 3076 3844 3132 suis

2208 3177 2562 3234 constarent,
2596 3187 2836 3241 corpora
2858 3185 2970 3222 non
3004 3173 3218 3222 essent.
3243 3172 3383 3221 Pars
3408 3184 3549 3240 ergo
3581 3169 3649 3222 ad
3674 3174 3841 3221 totum

2209 3262 2443 3317 relative
2495 3260 2732 3325 dicitur,
2765 3257 2903 3328 quia
2951 3257 3144 3311 omnis
3193 3273 3326 3327 pars
3380 3256 3635 3327 alicujus
3684 3256 3843 3310 totius

2209 3369 2342 3423 pars
2368 3355 2537 3412 est,et
2568 3354 2754 3402 totum
2787 3346 3062 3400 omnibus
3095 3345 3357 3415 partibus
3391 3351 3579 3400 totum
3614 3351 3719 3401 est.
3743 3345 3841 3399 Sed

2204 3439 2482 3511 quoniam
2514 3443 2570 3492 et
2602 3453 2734 3507 pars
2765 3451 2975 3505 corpus
3006 3438 3186 3497 est,et
3215 3438 3399 3487 totum
3429 3458 3444 3500 ;
3481 3451 3598 3488 non
3630 3440 3838 3487 tantum

2203 3530 2316 3583 ista
2330 3527 2563 3582 relative
2580 3527 2612 3579 d
2625 3526 2818 3578 icuntu
2831 3523 2980 3592 r,sed
3001 3523 3178 3576 etiam
3209 3521 3680 3577 substantialiter
3695 3526 3838 3576 sunt.

2205 3615 2492 3672 Fortassis
2523 3631 2657 3686 ergo
2693 3629 2857 3667 mens
2889 3618 3074 3665 totum
3108 3615 3279 3679 est,et
3309 3613 3439 3679 ejus
3467 3612 3635 3682 quasi
3667 3618 3840 3682 partes

2200 3723 2365 3761 amor
2395 3721 2509 3775 quo
2541 3719 2601 3757 se
2634 3706 2888 3766 amat,et
2920 3699 3162 3754 scientia
3191 3715 3308 3769 qua
3337 3713 3397 3753 se
3432 3705 3612 3769 novnt,
3648 3699 3840 3770 quibus

2200 3796 2428 3849 duabus
2464 3792 2726 3864 partibus
2758 3788 2900 3843 illud
2935 3793 3120 3842 totum
3152 3786 3433 3842 constat?
3461 3791 3549 3842 An
3579 3795 3695 3844 tres
3717 3794 3840 3843 sunt

2199 3884 2452 3954 aequales
2505 3885 2717 3952 partes,
2749 3878 2961 3948 quibus
3010 3881 3194 3931 totum
3241 3893 3426 3931 unum
3482 3875 3841 3949 completur?

2198 3973 2306 4027 Sed
2343 3970 2500 4025 nulla
2535 3986 2667 4040 pars
2716 3973 2926 4036 totum,
2961 3968 3130 4036 cujus
3181 3983 3315 4038 pars
3365 3971 3477 4031 est,
3514 3964 3836 4037 complecti-

2196 4068 2292 4116 tur
2324 4079 2336 4116 :
2375 4077 2539 4114 mens
2570 4074 2700 4113 vero
2756 4074 2890 4111 cum
2924 4074 2984 4110 se
3017 4062 3197 4111 totam
3233 4055 3410 4123 novit,
3449 4054 3564 4109 hoc
3597 4060 3684 4110 est
3725 4071 3840 4127 per-

2198 4150 2339 4204 fecte
2372 4148 2547 4213 novit,
2583 4163 2681 4218 per
2710 4151 2896 4200 totum
2931 4145 3058 4214 ejus
3089 4148 3177 4198 est
3209 4143 3414 4198 notitia
3447 4145 3580 4214 ejus
3606 4163 3619 4210 ;
3645 4150 3700 4199 et
3721 4159 3838 4198 cum

2197 4255 2259 4293 se
2293 4237 2540 4309 perfecte
2571 4239 2748 4298 amat,
2780 4239 2959 4287 totam
2995 4249 3056 4287 se
3088 4238 3339 4297 amat,et
3369 4249 3472 4303 per
3502 4240 3692 4288 totum
3725 4233 3839 4303 ejus

2197 4333 2285 4382 est
2314 4343 2477 4380 amor
2505 4327 2652 4393 ejus.
2687 4324 2837 4378 Num
2869 4339 3005 4389 ergo
3037 4322 3190 4377 sicut
3232 4339 3299 4377 ex
3350 4323 3483 4377 vino
3515 4329 3575 4378 et
3623 4338 3766 4392 aqua
3791 4324 3840 4375 et

2198 4414 2368 4470 melle
2397 4432 2514 4469 una
2545 4416 2607 4468 tit
2638 4414 2877 4484 potio,et
2908 4412 3142 4483 singula
3175 4428 3274 4482 per
3300 4416 3487 4466 totum
3521 4416 3743 4474 sunt,et
3770 4414 3839 4464 ta-

2199 4522 2327 4558 men
2360 4504 2470 4558 tria
2519 4508 2657 4556 sunt
2696 4500 2882 4572 (nulla
2911 4500 3066 4554 enim
3101 4518 3234 4569 pars
3282 4507 3371 4554 est
3412 4501 3690 4570 potionis,
3723 4514 3837 4570 quae

2198 4609 2312 4646 non
2365 4591 2574 4646 habeat
2619 4590 2740 4644 haec
2787 4591 2936 4656 tria;
2972 4606 3085 4644 non
3132 4588 3284 4642 enim
3332 4590 3567 4658 juncta,
3617 4587 3767 4642 velut
3793 4585 3836 4640 si

2195 4698 2347 4753 aqua
2376 4685 2433 4735 et
2465 4679 2654 4734 oleum
2689 4679 3019 4743 essent,sed
3052 4677 3290 4732 omnino
3319 4677 3640 4732 commixta
3671 4680 3836 4740 sunt;

2195 4775 2251 4825 et
2280 4769 2619 4824 substantia:
2651 4771 2791 4821 sunt
2821 4783 3043 4832 omnes,
3078 4775 3135 4820 et
3165 4770 3321 4821 totus
3353 4765 3450 4822 ille
3499 4766 3694 4836 liquor
3732 4779 3837 4818 una

2196 4859 2456 4928 quaedam
2494 4863 2580 4910 est
2602 4874 2668 4910 ex
2691 4857 2877 4910 tribus
2907 4856 3166 4910 confecta
3196 4855 3550 4923 substantia)
3575 4852 3720 4920 ;tale
3749 4850 3839 4906 ali-

2195 4947 2334 5016 quid
2370 4946 2774 5000 arbitrandum
2805 4950 2893 4999 est
2921 4960 3048 4999 esse
3078 4943 3392 4998 simulhaec
3425 4943 3833 5006 tria,mentem,

2194 5051 2475 5098 amorem,
2494 5033 2756 5088 notitiam
2777 5032 2803 5086 ?
2824 5033 2933 5087 Sed
2961 5050 3074 5087 non
3110 5032 3284 5086 unius
3307 5031 3655 5086 substantiae
3687 5032 3834 5097 sunt,

2194 5123 2659 5196 aqua,vinum,et
2679 5121 3087 5192 niel,quainvis
3111 5138 3178 5176 ex
3203 5137 3405 5175 eorum
3432 5119 3836 5174 commixtione

2195 5213 2295 5266 fiat
2316 5229 2430 5266 una
2450 5211 2780 5266 substantia
2803 5209 3380 5280 potionis.Quomodo
3402 5213 3596 5262 autem
3613 5206 3711 5260 illa
3731 5203 3837 5260 tria

2196 5319 2309 5356 non
2341 5302 2458 5355 sint
2480 5300 2741 5368 ejusdem
2766 5299 3126 5364 substantiae,
3145 5315 3256 5352 non
3283 5299 3483 5363 video;
3517 5312 3651 5350 cum
3678 5307 3832 5348 mens

2194 5391 2322 5462 ipsa
2351 5406 2412 5443 se
2444 5394 2617 5448 amet,
2648 5395 2822 5458 atque
2853 5386 2981 5458 ipsa
3012 5404 3072 5441 se
3097 5387 3356 5454 noverit;
3390 5393 3562 5457 atque
3602 5383 3682 5437 ita
3723 5381 3834 5436 sint

2193 5480 2314 5534 haec
2347 5478 2476 5548 tria,
2501 5483 2565 5531 ut
2596 5493 2711 5531 non
2743 5475 2910 5531 alteri
2937 5475 3108 5532 alicui
3134 5492 3328 5531 rerum
3351 5491 3514 5531 mens
3539 5471 3628 5528 vel
3650 5473 3834 5527 amata

2255 5670 2273 5706 ί
2307 5665 2461 5728 Editi.
2488 5667 2536 5716 et
2563 5665 2610 5715 si
2635 5678 2737 5716 non
2764 5665 2831 5715 εει
2859 5680 3055 5730 σον-μω.
3090 5667 3157 5718 At
3183 5667 3327 5727 Μαι..
3359 5665 3526 5732 caput.
