4100 6194
467 320 577 377 971

471 449 624 503 sicut
657 461 834 516 supra
852 443 1127 498 diximus.
1164 442 1310 506 Quid
1335 457 1470 512 ergo
1492 442 1561 495 de
1588 457 1784 495 amore
1809 439 2120 494 dicendum

472 541 689 601 cst,cur
715 550 828 588 non
856 533 1028 586 etiam
1051 548 1183 584 cum
1211 547 1271 585 se
1291 537 1468 593 amat,
1489 529 1679 600 ipsum
1707 545 1939 599 quoque
1958 544 2123 582 amo-

475 640 595 679 rem
616 623 703 677 sui
729 620 1000 692 genuisse
1022 619 1328 673 videatur?
1361 620 1495 673 Erat
1521 618 1676 671 enim
1697 616 1967 670 amabilis
1991 615 2120 670 sibi.

477 719 532 767 et
563 716 880 780 antequam
906 727 965 764 se
989 708 1376 777 amaret,quia
1399 711 1623 778 poterat
1645 723 1705 760 se
1733 705 2127 768 amare;sicut

476 807 600 857 erat
625 800 734 855 sibi
761 798 1082 858 noscibilis,
1111 802 1167 851 et
1191 801 1504 867 antequam
1530 811 1590 849 se
1615 799 1832 859 nosset,
1858 794 1996 864 quia
2027 809 2126 862 po-

477 896 625 946 terat
642 905 703 944 se
722 905 912 942 nosse.
939 887 1083 940 Nam
1112 886 1158 939 si
1187 903 1300 940 non
1332 885 1442 939 sibi
1462 882 1951 944 essetnoscibilis,
1977 898 2124 936 nun-

477 994 653 1050 quam
678 995 739 1032 se
762 993 934 1030 nosse
962 974 1276 1044 potuisset:
1314 974 1396 1027 ita
1425 973 1474 1028 si
1506 989 1618 1027 non
1653 972 1761 1026 sibi
1797 976 1951 1025 esset
1970 986 2126 1024 ama-

477 1067 942 1136 bilis,nunquam
962 1080 1022 1119 se
1051 1079 1248 1118 amare
1267 1061 1694 1133 potuisset.Cur
1714 1061 1908 1130 itaque
1931 1075 2129 1113 amau-

477 1160 550 1212 do
591 1174 651 1212 se
697 1173 808 1212 non
843 1153 1115 1227 genuisse
1164 1152 1391 1208 dicatur
1423 1166 1680 1206 amorem
1715 1165 1925 1215 suum;
1977 1148 2130 1203 sicut

477 1246 880 1319 cognoscendo
903 1262 963 1298 se
987 1242 1189 1315 genuit
1212 1241 1483 1297 notitiam
1512 1256 1679 1294 suam
1709 1241 1832 1293 PAn
1856 1254 1922 1292 eo
1951 1240 1966 1272 ί
1991 1237 2126 1307 qui-

479 1338 609 1390 dem
644 1335 952 1389 manifeste
982 1333 1308 1386 ostenditur
1342 1330 1450 1385 hoc
1493 1329 1708 1384 amoris
1744 1344 1872 1382 esse
1909 1325 2126 1398 princi-

481 1425 665 1495 pium,
693 1423 844 1476 unde
878 1419 1134 1491 procedit
1163 1437 1175 1474 :
1200 1420 1272 1472 ab
1305 1419 1430 1489 ipsa
1462 1417 1677 1488 quippe
1705 1421 1896 1470 mente
1929 1429 2127 1485 proce-

483 1515 605 1567 dit:
639 1529 766 1582 quaa
799 1511 911 1564 sibi
944 1507 1317 1564 estamabilis
1340 1515 1647 1576 anlequam
1674 1522 1734 1559 se
1756 1507 1937 1568 amet;
1960 1508 2130 1573 atque

485 1602 565 1656 ita
600 1598 950 1671 principium
971 1602 1059 1651 est
1085 1596 1302 1650 amoris
1327 1594 1559 1664 sui,quo
1582 1609 1642 1648 se
1669 1597 1827 1646 amat
1847 1609 1858 1646 :
1877 1592 1975 1645 sed
2004 1593 2129 1645 ideo

485 1708 599 1745 non
633 1693 786 1743 recte
816 1687 1030 1740 dicitur
1057 1685 1287 1756 genitus
1345 1683 1416 1737 ab
1465 1699 1550 1745 ea,
1585 1681 1735 1736 sicut
1783 1680 1990 1734 notitia
2039 1680 2131 1734 sui

487 1797 602 1849 qua
632 1795 693 1832 se
726 1776 904 1842 novit,
939 1775 1077 1844 quia
1109 1772 1313 1827 notitia
1334 1773 1458 1841 jam
1496 1772 1796 1824 inventum
1831 1776 1942 1834 est,
1975 1769 2128 1840 quod

485 1871 716 1936 partum
751 1862 836 1916 vel
873 1865 1166 1931 repertum
1199 1859 1430 1922 dicitur,
1477 1859 1626 1928 quod
1681 1871 1830 1927 saepe
1872 1856 2132 1927 procedit

484 1951 781 2022 inquisitio
812 1967 877 2004 eo
912 1950 1024 2003 fine
1056 1947 1371 2019 quietura?
1401 1947 1544 2001 Nam
1579 1945 1879 2017 inquisitio
1910 1951 1999 2000 est
2029 1961 2129 2015 ap-

480 2043 699 2113 petitus
755 2037 1106 2100 inveniendi,
1167 2036 1321 2106 quod
1398 2035 1552 2090 idem
1622 2034 1775 2088 valet
1846 2035 1893 2087 si
1948 2034 2129 2098 dicas,

479 2129 832 2201 reperiendi.
897 2130 1032 2192 Quae
1091 2131 1284 2180 autem
1345 2124 1734 2196 reperiuntur,
1801 2123 1965 2193 quasi
2027 2139 2130 2192 pa-

481 2219 714 2273 riuntur
774 2235 786 2271 :
846 2217 1001 2270 unde
1079 2214 1224 2285 proli
1281 2213 1500 2268 similia
1559 2220 1737 2278 sunt;
1789 2213 1937 2280 ubi,
2017 2211 2130 2266 nisi

478 2307 536 2360 in
600 2307 727 2379 ipsa
786 2304 991 2359 notitia
1033 2303 1060 2356 ‘2
1110 2301 1193 2357 Ibi
1253 2302 1409 2356 enim
1457 2300 1623 2371 quasi
1681 2316 1954 2370 expressa
2014 2300 2130 2353 for-

481 2400 736 2450 mantur.
770 2394 916 2447 Nam
950 2392 1057 2446 etsi
1094 2392 1220 2461 jam
1271 2394 1434 2444 erant
1487 2406 1578 2444 res
1627 2405 1770 2458 quas
1819 2388 2130 2458 quaerendo

481 2482 1046 2550 invenimus,notitia
1076 2492 1270 2534 tamen
1295 2479 1422 2550 ipsa
1453 2494 1566 2532 non
1599 2481 1743 2542 erat,
1774 2493 1947 2546 quam
1980 2476 2135 2531 sicut

483 2571 701 2643 prolem
742 2574 1074 2624 nascentem
1100 2569 1470 2638 deputamus.
1495 2567 1665 2620 Porro
1689 2565 1979 2635 appetitus
2012 2563 2131 2632 ille,

484 2661 583 2732 qui
616 2665 704 2714 est
734 2659 792 2712 in
825 2657 1155 2729 quaerendo,
1189 2653 1448 2727 procedit
1487 2671 1520 2708 a
1552 2657 1864 2724 quaerente,
1899 2658 1955 2706 et
1985 2668 2131 2723 pen-

549 2805 562 2836 ¹
597 2802 750 2858 Editi,
786 2802 845 2849 In
874 2814 949 2848 eo.
980 2798 1351 2848 Emendautua
1383 2809 1445 2845 ex
1478 2796 1604 2844 Mss.

1590 311 1692 369 DE
1736 307 2189 381 TBINITA'I‘E,
2240 309 2304 368 S.
2339 305 2765 369 AUGUSTINI

3721 321 3817 382 972

2232 439 2328 493 det
2358 439 2612 508 quodam
2648 440 2819 493 modo
2855 455 3042 511 neque
3069 439 3382 512 requiescit
3412 439 3518 496 ﬁne
3541 458 3644 513 quo
3673 447 3823 502 inten-

2233 527 2530 594 ditur,nisi
2565 529 2617 581 id
2654 529 2806 598 quod
2842 529 3123 599 quaeritur
3154 530 3450 584 inventum
3483 537 3819 600 querentico-

2234 617 2484 688 puletur.
2521 617 2624 681 Qui
2660 618 2978 688 appetitus,
3010 619 3067 673 id
3101 624 3208 685 est,
3251 621 3565 691 inquisitio,
3596 627 3824 692 quamvis

2239 723 2404 760 amor
2434 722 2562 760 esse
2621 723 2735 760 non
2767 707 3052 770 videatur,
3080 709 3266 778 quoid
3293 711 3440 780 quod
3467 714 3650 764 notum
3694 721 3768 767 est
3794 718 3826 784 ί,

2237 799 2470 848 amatur
2491 818 2505 861 ;
2531 794 2638 848 hoc
2659 797 2812 848 enim
2839 794 3030 849 adhuc
3049 801 3112 848 ut
3135 802 3511 866 cognoscatur
3538 799 3740 868 agitur:
3762 806 3828 854 ta-

2236 897 2370 934 men
2403 898 2471 936 ex
2500 883 2703 936 eodem
2737 898 2944 953 genere
2977 881 3254 952 quiddam
3281 887 3384 937 est.
3429 883 3568 938 Nam
3598 884 3828 942 voluntas

2227 970 2354 1039 jam
2374 969 2487 1025 dici
2506 972 2856 1040 potest,quia
2876 971 3068 1026 omnis
3091 970 3189 1041 qui
3208 973 3415 1042 quaerit
3437 972 3674 1028 invenire
3697 974 3831 1041 vult;

2237 1063 2295 1111 et
2323 1057 2372 1110 si
2401 1058 2457 1111 id
2486 1058 2764 1127 quaeritur
2789 1059 2942 1129 quod
2975 1061 3045 1112 ad
3074 1059 3343 1113 notitiam
3377 1061 3834 1130 pertineat,omnis

2237 1145 2338 1214 qui
2370 1146 2579 1216 quaerit
2608 1162 2780 1202 nosse
2811 1147 2952 1200 vult.
2978 1148 3140 1211 Quod
3180 1147 3228 1202 si
3260 1148 3526 1202 ardenter
3554 1154 3711 1219 atque
3737 1151 3839 1205 ins-

2235 1237 2429 1289 tanter
2457 1233 2601 1301 vult,
2627 1236 2855 1290 studere
2883 1234 3132 1289 dicitur:
3165 1237 3317 1306 quod
3353 1237 3598 1290 maxime
3626 1238 3680 1290 in
3710 1254 3841 1293 asse-

2238 1323 2488 1394 quendis
2510 1328 2685 1393 atque
2707 1323 3102 1393 adipiscendis
3133 1324 3462 1394 quibusque
3493 1324 3752 1379 doctrinis
3770 1327 3840 1379 di-

2239 1411 2286 1466 ci
2322 1410 2488 1465 solet.
2525 1411 2761 1465 Partum
2811 1427 2946 1482 ergo
2999 1412 3212 1467 mentis
3261 1413 3548 1466 antecedit
3592 1415 3845 1484 appetitus

2238 1499 2495 1570 quidam,
2530 1517 2645 1571 quo
2675 1501 2730 1554 id
2763 1502 2919 1571 quod
2953 1517 3122 1555 nosse
3167 1501 3438 1556 volumus
3484 1503 3770 1572 querendo
3802 1508 3848 1558 et

2240 1587 2604 1654 inveniendo,
2642 1589 2902 1643 nascitur
2943 1589 3134 1659 proles
3180 1589 3308 1659 ipsa
3347 1589 3552 1644 notitia
3602 1608 3614 1645 :
3664 1608 3723 1646 ac
3767 1608 3850 1662 per

2237 1676 2347 1731 hoc
2371 1677 2664 1747 appetitus
2687 1677 2781 1732 ille
2803 1694 2917 1748 quo
2939 1678 3265 1748 concipitur
3295 1680 3626 1749 pariturque
3654 1680 3849 1748 notitia,

2241 1771 2444 1837 partus
2476 1770 2530 1820 et
2565 1765 2753 1836 proles
2786 1771 2936 1821 recte
2954 1767 3068 1822 dici
3088 1784 3202 1821 non
3229 1772 3416 1837 potest
3443 1793 3456 1833 ;
3490 1768 3744 1838 idemque
3773 1786 3854 1838 ap-

2240 1853 2456 1925 petitus
2489 1871 2603 1923 quo
2635 1854 2898 1908 inhiatur
2927 1855 3006 1909 rei
3037 1857 3474 1927 cognoscendae,
3501 1858 3564 1910 fit
3593 1873 3746 1912 amor
3770 1874 3854 1911 co-

2240 1943 2435 2014 gnitae,
2470 1944 2611 1996 dum
2645 1949 2799 1997 tenet
2828 1949 3000 2014 atque
3033 1946 3407 2016 amplectitur
3448 1943 3709 2016 placitam
3741 1962 3856 2017 pro-

2240 2029 2376 2101 lem,
2412 2032 2468 2085 id
2520 2037 2627 2099 est,
2679 2031 2965 2097 notitiam,
3024 2033 3408 2104 gignentique
3453 2034 3762 2104 conjungit.
3806 2035 3859 2089 Et

2243 2125 2330 2174 est
2363 2121 2626 2190 quasdam
2662 2120 2854 2190 imago
2885 2121 3208 2190 Trinitatis,
3244 2121 3373 2193 ipsa
3419 2138 3604 2191 mens,
3635 2127 3688 2176 et
3724 2121 3856 2176 noti-

2242 2207 2323 2262 tia
2353 2210 2498 2278 ejus,
2529 2209 2682 2278 quod
2706 2214 2795 2264 est
2825 2209 3015 2279 proles
3047 2210 3173 2279 ejus
3199 2227 3262 2265 ac
3294 2212 3366 2266 de
3399 2227 3460 2266 se
3496 2211 3623 2281 ipsa
3649 2211 3861 2266 verbum

2241 2297 2390 2367 ejus,
2445 2301 2500 2351 et
2543 2314 2706 2351 amor
2749 2299 2977 2363 tertius,
3024 2305 3079 2353 et
3129 2298 3248 2352 haec
3305 2298 3418 2354 tria
3481 2316 3662 2354 unum
3708 2306 3860 2370 atque

2243 2402 2360 2439 una
2390 2387 2739 2440 substantia.
2789 2387 2901 2442 Nec
2950 2389 3142 2443 minor
3173 2387 3364 2459 proles
3399 2391 3540 2443 dum
3574 2394 3782 2444 tantam
3812 2405 3865 2442 se

2244 2476 2404 2529 novit
2437 2489 2603 2529 mens
2635 2480 2853 2544 quanta
2882 2481 2972 2530 est
3002 2491 3104 2530 nec
3137 2477 3331 2532 minor
3363 2494 3551 2544 amor,
3587 2479 3722 2532 dum
3753 2483 3862 2530 tan-

2245 2568 2371 2618 tum
2404 2580 2466 2618 se
2488 2564 2678 2635 diligit
2706 2569 2990 2634 quantum
3015 2565 3173 2620 novit
3202 2571 3257 2620 et
3287 2571 3510 2637 quanta
3537 2572 3644 2622 est.

2307 2794 2323 2828 ί
2359 2792 2540 2842 Plures
2571 2795 2712 2854 Mss.,
2744 2794 2862 2858 quia
2894 2795 3033 2858 quod
3063 2798 3240 2844 notum
3270 2800 3362 2844 est.

479 2881 3350 2903 ...φφ-ΜΗ

1651 2928 2025 3020 LIBER
2124 2927 2708 3020 DECIMUS.

478 3063 533 3110 lu
568 3075 672 3122 quo
698 3061 988 3110 trinitatem
1019 3058 1177 3107 aliam
1208 3058 1262 3106 in
1291 3056 1525 3106 hominis
1555 3058 1732 3104 mente
1761 3050 2287 3164 ineststirostepditqr,
2321 3065 2545 3163 elamtqize
2595 3053 2749 3116 longe
2783 3053 3169 3104 evidentiorem
3218 3068 3481 3119 apparere
3515 3057 3571 3106 in
3619 3056 3871 3112 memoria,

1807 3129 1860 3163 1n
1889 3130 1914 3164 e
1960 3128 2079 3164 men
2107 3127 2158 3162 ia
2188 3129 2215 3164 e
2270 3128 2336 3163 vo
2359 3128 2430 3162 un
2459 3129 2486 3164 a
2517 3128 2562 3163 e.

1807 3127 2158 3177 Intelligenua
2188 3127 2241 3164 et
2270 3127 2562 3164 vomntate.

560 3253 791 3309 CAPUT
825 3252 1206 3308 PRIMUM.—
1223 3252 1272 3304 1.
1291 3252 1543 3306 Amorem
1571 3247 1837 3303 studentis
1858 3249 2054 3312 animi,
2077 3249 2138 3302 id

489 3355 587 3413 est,
620 3345 768 3398 scire
805 3343 1097 3413 cupientis,
1131 3357 1237 3394 non
1266 3356 1380 3395 esse
1409 3355 1654 3393 amorem
1700 3338 1816 3407 ejus
1854 3339 1935 3390 rei
1974 3353 2136 3407 quam

493 3433 850 3488 nescil.Nunc
873 3432 944 3485 ad
963 3448 1028 3486 ea
1048 3431 1177 3500 ipsa
1197 3434 1618 3499 consequenter
1637 3426 1938 3481 enodatius
1960 3424 2137 3496 expli-

495 3522 680 3577 canda
724 3520 979 3574 limatior
1016 3519 1249 3574 accedat
1283 3516 1544 3571 intentio.
1575 3519 1653 3570 Ac
1685 3514 1962 3586 primum,
1997 3513 2136 3584 quia

497 3629 618 3667 rem
653 3628 891 3683 prorsus
925 3609 1180 3679 ignotam
1212 3622 1408 3661 amare
1431 3604 1668 3660 omnino
1700 3603 1895 3658 nullus
1925 3607 2132 3672 potest,

495 3703 804 3773 diligenter
834 3697 1180 3753 intuendum
1211 3699 1299 3750 est
1346 3693 1676 3763 cujusmodi
1709 3691 1784 3746 sit
1812 3709 1975 3746 amor
2006 3697 2134 3745 stu-

494 3791 783 3854 dentium,
816 3789 872 3841 id
904 3794 1137 3855 est,non
1161 3786 1285 3854 jam
1319 3783 1649 3846 scientium,
1685 3781 1783 3835 sed
1817 3781 2007 3834 adhuc
2030 3779 2136 3834 sci-

495 3898 553 3934 re
586 3877 947 3949 cupientium
980 3889 1269 3946 quamque
1297 3871 1640 3925 doctrinam.
1669 3871 1735 3924 Et
1757 3870 1814 3922 in
1848 3868 1939 3922 his
1971 3870 2137 3939 quip-

493 3987 560 4040 pe
594 3970 765 4022 rebus
797 3967 854 4018 in
888 3963 1102 4034 quibus
1127 3979 1240 4015 non
1273 3961 1481 4014 usitate
1512 3959 1726 4012 dicitur
1747 3958 2132 4027 studium,so-

492 4060 610 4112 lcnt
639 4056 881 4112 e’xistere
912 4068 1138 4106 amores
1170 4067 1237 4103 ex
1267 4048 1491 4112 auditu,
1527 4048 1664 4100 dum
1699 4048 1984 4116 cujusque
2007 4047 2133 4117 pul-

496 4143 846 4200 chritudinis
880 4143 1037 4194 fama
1065 4138 1136 4192 ad
1185 4137 1496 4191 videndum
1546 4153 1611 4189 ac
1661 4136 1972 4189 fruendum
2006 4135 2134 4189 ani-

498 4253 630 4291 mus
678 4231 1031 4297 accenditur,
1083 4226 1220 4297 quia
1260 4224 1606 4296 generaliter
1639 4224 1796 4278 novit
1825 4240 2135 4294 corporum

496 4320 984 4398 pulchritudines,
1008 4334 1076 4372 ex
1106 4332 1172 4370 eo
1200 4315 1352 4385 quod
1390 4313 1673 4384 plurimas
1702 4312 1865 4377 vidit,
1898 4319 1952 4366 et
1985 4314 2137 4367 inest

495 4411 848 4466 intrinsecus
879 4407 1031 4461 unde
1063 4401 1436 4473 approbetur,
1465 4399 1557 4453 cui
1589 4400 1911 4454 forinsecus
1948 4400 2132 4454 inhia-

495 4507 610 4555 tur.
643 4497 805 4561 Quad
837 4511 968 4550 cum
1002 4493 1085 4558 ﬁt,
1121 4508 1234 4544 non
1266 4489 1345 4544 rei
1378 4488 1606 4559 penitus
1639 4488 1942 4559 incognitas
1973 4505 2138 4544 amor

495 4587 800 4651 excitatur,
832 4585 1003 4652 cujus
1043 4596 1228 4652 genus
1259 4579 1340 4633 ita
1372 4583 1573 4632 notum
1606 4582 1712 4632 est.
1765 4577 1909 4631 Cum
1940 4583 2135 4632 autem

492 4678 682 4731 virum
717 4683 926 4728 bonum
959 4685 1249 4736 amamus,
1286 4667 1680 4737 cujusfaciem
1714 4683 1827 4720 non
1860 4667 2139 4734 vidimus,

495 4784 564 4822 ex
597 4764 801 4818 notitia
829 4761 1112 4815 virtutum
1144 4772 1599 4826 amamus,quas
1633 4755 1898 4810 novimus
1931 4755 1988 4808 in
2013 4757 2140 4826 ipsa

495 4850 845 4910 veritate.Ad
867 4846 1160 4902 doctrinas
1192 4850 1385 4899 autem
1417 4843 2137 4914 cognoscendas.plerum-

499 4961 611 5017 que
642 4958 746 4996 nos
789 4936 1157 4993 laudantium
1192 4937 1369 5004 atque
1402 4933 1842 5003 praedicantium
1876 4933 2140 4987 accendit

497 5030 840 5086 auctoritas:
867 5031 922 5078 et
947 5032 1137 5077 tamen
1162 5020 1272 5073 nisi
1298 5019 1546 5073 breviter
1566 5019 1913 5090 impressam
1940 5021 2136 5089 cujus-

497 5137 606 5192 que
647 5115 919 5173 doctrina:
961 5113 1309 5165 haberemus
1363 5109 1418 5161 in
1457 5111 1650 5162 animo
1683 5108 2140 5172 notionem,nul-

494 5211 548 5264 lo
567 5210 637 5263 ad
655 5224 780 5262 eam
804 5201 1142 5258 discendam
1171 5196 1363 5252 studio
1388 5197 1787 5266 ﬂagraremus.
1823 5196 1961 5260 Quis
1983 5198 2136 5251 enim

496 5297 761 5358 sciendae,
795 5290 951 5346 verbi
1002 5288 1210 5359 gratia,
1264 5286 1563 5339 rhetoricae
1606 5285 1783 5338 ullam
1835 5302 2032 5339 curam
2083 5291 2139 5340 et

496 5402 730 5454 operam
764 5379 1141 5451 impenderet,
1178 5375 1290 5430 nisi
1339 5380 1470 5428 ante
1519 5375 1691 5427 sciret
1739 5390 1864 5426 eam
1909 5374 2138 5428 dicendi

500 5491 627 5528 esse
651 5467 993 5526 scientiam?
1013 5465 1337 5536 Aliquando
1369 5463 1540 5516 etiam
1568 5461 1828 5531 ipsarum
1851 5462 2138 5516 doctrina-

504 5577 634 5615 rum
681 5560 825 5614 fines
865 5555 1094 5611 auditos
1138 5558 1470 5624 expertosve
1511 5551 1815 5619 miramur,
1845 5557 1901 5605 et
1935 5567 2003 5604 ex
2032 5550 2139 5608 hoc

504 5647 925 5706 inardescimus
955 5640 1288 5700 facultatem
1321 5655 1657 5713 comparare
1700 5639 1996 5712 discendo,
2027 5657 2142 5713 qua

2245 3247 2315 3302 ad
2348 3265 2446 3302 eos
2495 3247 2792 3318 pervenire
2839 3249 3155 3320 possimus.
3207 3251 3518 3323 Tanquam
3577 3252 3624 3306 si
3677 3251 3876 3306 litteras

2245 3337 2526 3392 nescienti
2567 3338 2795 3392 dicatur
2845 3340 3164 3408 quamdam
3216 3356 3344 3394 esse
3393 3343 3750 3406 doctrinam,
3780 3358 3880 3411 qua

2245 3426 2494 3496 quisque
2523 3425 2727 3490 valeat,
2761 3428 3029 3496 quamvis
3060 3427 3228 3500 longe
3260 3429 3519 3496 absenti,
3553 3433 3722 3484 verba
3754 3429 3876 3482 mit-

2243 3517 2362 3568 tere
2412 3531 2588 3568 manu
2639 3515 2790 3570 facta
2840 3516 2895 3568 in
2947 3515 3196 3583 silentio,
3231 3535 3356 3588 qua:
3410 3535 3629 3574 rursus
3683 3518 3770 3573 ille
3798 3516 3879 3572 cui

2244 3603 2577 3669 mittuntur,
2607 3620 2723 3677 non
2756 3603 3016 3671 auribus,
3052 3606 3151 3659 sed
3201 3606 3387 3660 oculis
3424 3607 3684 3679 colligat,
3718 3608 3876 3676 idque

2245 3691 2366 3745 ﬁeri
2398 3691 2624 3758 videat;
2658 3709 2868 3758 nonne,
2902 3693 3042 3747 dum
3076 3695 3443 3765 concupiscit
3478 3713 3654 3752 nosse
3685 3713 3790 3767 quo
3829 3695 3877 3748 id

2243 3781 2611 3851 possit,omni
2637 3781 2829 3836 studio
2853 3782 3004 3836 circa
3032 3782 3199 3838 illum
3223 3783 3397 3838 ﬁnem
3428 3791 3874 3856 movetur,quem

2235 3869 2362 3939 jam
2398 3875 2598 3924 notum
2630 3869 2830 3924 tenet?
2879 3871 2968 3924 Sic
3000 3873 3398 3927 accenduntur
3441 3875 3646 3929 studia
3677 3875 3880 3929 discen-

2242 3958 2390 4012 tium
2428 3976 2439 4012 :
2475 3976 2606 4013 nam
2650 3959 2803 4029 quod
2837 3959 3087 4031 quisque
3135 3977 3376 4031 prorsus
3435 3963 3878 4035 ignorat,amare

2246 4048 2405 4101 nullo
2441 4053 2602 4116 pacto
2633 4052 2841 4118 potest.

2315 4138 2367 4188 2.
2405 4137 2488 4189 Ita
2517 4137 2690 4190 etiam
2725 4135 2958 4206 signum
3004 4136 3053 4190 si
3103 4137 3234 4208 quis
3267 4137 3474 4194 audiat
3515 4140 3880 4210 incognitum,

2245 4223 2419 4278 veluti
2453 4225 2608 4278 verbi
2641 4223 2892 4294 alicujus
2936 4242 3168 4292 sonum,
3203 4243 3318 4296 quo
3357 4228 3508 4297 quid
3543 4229 3886 4300 signiﬁcetur

2247 4314 2495 4384 ignorat,
2529 4314 2690 4383 cupit
2722 4315 2869 4368 scire
2898 4315 3176 4384 quidnam
3211 4317 3308 4381 sit,
3349 4315 3404 4369 id
3442 4323 3561 4381 est,
3598 4335 3775 4372 sonus
3808 4315 3886 4369 ille

2247 4402 2340 4456 cui
2375 4402 2453 4455 rei
2486 4403 3006 4456 commemoranda
3030 4403 3339 4458 institutus
3365 4405 3446 4460 sit
3473 4422 3486 4460 :
3515 4406 3701 4461 veluti
3732 4407 3778 4462 si
3799 4420 3885 4459 au-

2248 4492 2370 4545 diat
2404 4506 2536 4544 cum
2570 4489 2783 4544 dicitur
2812 4492 3399 4564 temetum,ignorans
3433 4494 3584 4564 quid
3619 4496 3696 4550 sit
3726 4492 3890 4564 requi-

2249 4584 2356 4634 rat.
2383 4579 2514 4634 Jam
2547 4579 2748 4649 itaque
2779 4585 3003 4650 oportet
3037 4585 3100 4634 ut
3133 4582 3357 4636 noverit
3389 4583 3636 4653 signum
3671 4599 3813 4652 esse,
3840 4581 3887 4635 id

2248 4673 2353 4733 est,
2392 4685 2504 4722 non
2533 4684 2659 4722 esse
2707 4667 2942 4722 inanem
2974 4667 3130 4723 illam
3176 4686 3395 4739 vocem,
3431 4673 3542 4726 sed
3592 4672 3808 4744 aliquid
3835 4687 3891 4725 ea

2249 4757 2569 4828 signiﬁcari
2614 4774 2626 4810 :
2671 4755 2929 4826 alioquin
2957 4757 3078 4825 jam
3125 4764 3329 4813 notum
3362 4764 3453 4814 est
3505 4762 3619 4816 hoc
3654 4759 3890 4831 trisylla-

2250 4846 2438 4913 bum,
2507 4851 2563 4900 et
2619 4844 2989 4900 articulatam
3051 4847 3305 4917 speciem
3366 4863 3542 4903 suam
3609 4847 3893 4922 impressit

2250 4935 2448 4988 anima
2493 4950 2592 5004 per
2634 4949 2872 4987 sensum
2919 4933 3149 4988 aurium
3205 4951 3217 4987 :
3267 4934 3405 5005 quid
3454 4938 3722 5008 amplius
3754 4939 3806 4991 in
3837 4950 3892 4989 eo

2251 5022 2606 5092 requiratur,
2640 5037 2754 5090 quo
2788 5023 2800 5054 ¹
2839 5021 3028 5092 magis
3077 5023 3419 5092 innotescat,
3479 5027 3660 5096 cujus
3709 5040 3894 5082 omnes

2249 5109 2452 5164 litterae
2484 5109 2797 5179 omniaque
2829 5111 2955 5163 soni
2989 5110 3177 5180 spatia
3211 5116 3348 5166 nota
3385 5119 3573 5180 sunt;
3630 5115 3741 5170 nisi
3776 5112 3895 5184 quia

2250 5200 2427 5256 simul
2459 5201 2715 5254 innotuit
2746 5200 2982 5271 signum
3027 5217 3175 5266 esse,
3213 5202 3515 5272 movitque
3549 5204 3772 5259 sciendi
3805 5219 3894 5259 cu-

2250 5289 2573 5360 piditatem,
2609 5289 2778 5358 cujus
2832 5290 2910 5343 rei
2969 5289 3204 5359 signum
3237 5290 3359 5344 sit?
3407 5289 3537 5352 Quo
3574 5293 3758 5364 igitur
3785 5308 3895 5347 am-

2253 5378 2410 5448 pitus
2443 5384 2645 5430 notum
2678 5381 2788 5442 est,
2823 5378 2922 5431 sed
2957 5393 3070 5431 non
3104 5378 3272 5447 plene
3303 5385 3510 5433 notum
3563 5386 3676 5449 est,
3711 5396 3776 5435 eo
3807 5395 3897 5433 cu-

2252 5466 2338 5538 pit
2369 5465 2602 5519 animus
2633 5465 2703 5520 de
2754 5463 2852 5519 illo
2904 5480 3075 5520 nosse
3125 5467 3280 5538 quod
3332 5465 3638 5538 reliquum
3692 5473 3797 5524 est.
3843 5465 3896 5522 Si

2253 5555 2406 5611 enim
2429 5554 2832 5608 tantummodo
2851 5570 2977 5609 esse
3003 5553 3176 5610 istam
3199 5571 3394 5611 vocem
3421 5561 3894 5630 nosset,eamque

2326 5654 2338 5687 ³
2361 5651 2575 5716 Aliquot
2603 5652 2746 5715 Mss,
2776 5651 2928 5718 quod.
