4100 6190
223 360 340 419 973

224 490 478 560 alicujus
500 488 579 543 rei
604 486 836 558 signum
864 501 992 542 esse
1014 501 1126 540 non
1146 488 1364 554 nosset,
1394 484 1535 539 nihil
1559 484 1683 553 jam
1717 499 1871 554 quis-

225 583 398 644 reret,
429 576 692 632 sensibili
716 592 795 642 re,
828 579 1111 645 quantum
1136 577 1380 644 poterat,
1415 572 1720 627 sentiendo
1756 588 1878 642 per-

224 672 413 739 cepta.
440 666 584 731 Quia
596 682 727 719 vero
745 681 858 719 non
875 663 1063 718 solum
1079 680 1205 718 esse
1222 678 1439 726 vocem,
1457 661 1555 716 sed
1572 661 1874 730 etsignum

223 757 494 826 essejam
520 754 700 821 novit,
727 753 973 824 perfecte
996 753 1052 806 id
1088 768 1259 806 nosse
1284 750 1424 804 vult.
1459 749 1656 821 Neque
1691 748 1875 803 ullum

223 845 478 916 perfecte
508 844 742 913 signum
777 841 1055 906 noscitur,
1091 841 1200 895 nisi
1235 842 1405 910 cujus
1438 839 1514 895 rei
1542 841 1776 910 signum
1802 839 1878 892 sit

223 935 635 1004 cognoscatur.
661 932 774 985 Hoc
798 947 932 1001 ergo
957 929 1056 1000 qui
1078 931 1302 984 ardenti
1321 946 1459 982 cura
1476 927 1758 999 quaaritut
1776 944 1876 981 no-

219 1022 530 1091 verit,stud
544 1021 630 1091 ioq
643 1037 712 1074 ue
725 1036 1004 1074 accensus
1018 1019 1405 1084 iusistit,num
1423 1021 1612 1088 potest
1625 1017 1736 1070 dici
1751 1033 1878 1071 esse

223 1112 353 1166 sine
372 1108 605 1164 amore?
625 1108 771 1172 Quid
791 1109 970 1179 igitur
987 1107 1184 1161 amat?
1206 1109 1368 1161 Certe
1385 1107 1540 1160 enim
1565 1105 1748 1159 amari
1771 1103 1874 1158 ali-

223 1200 366 1272 quid
388 1198 498 1254 nisi
522 1203 724 1252 notum
749 1214 863 1251 non
884 1202 1093 1267 potest.
1111 1197 1308 1266 Neque
1321 1195 1476 1250 enim
1495 1193 1744 1248 illeistas
1761 1198 1877 1248 tres

222 1288 481 1361 syllabas
505 1294 680 1354 amat,
705 1303 879 1356 quam
897 1287 1023 1356 jam
1044 1289 1211 1341 notas
1233 1285 1425 1339 habet.
1448 1285 1603 1346 Quod
1624 1285 1673 1338 si
1693 1283 1876 1339 hocin

222 1378 309 1433 eis
326 1380 507 1444 amat,
529 1375 667 1447 quia
685 1375 795 1430 scit
829 1391 927 1429 eas
969 1373 1300 1446 signiﬁcare
1322 1373 1578 1444 aliquid;
1606 1389 1719 1427 non
1744 1373 1879 1427 inde

222 1482 382 1521 nunc
403 1465 614 1537 agitur,
640 1481 753 1518 non
777 1463 933 1518 enim
956 1463 1064 1518 hoc
1099 1479 1271 1517 nosse
1305 1463 1548 1532 quierit:
1583 1462 1683 1516 sed
1718 1461 1776 1515 in
1811 1478 1876 1516 eo

222 1556 377 1626 quod
403 1555 549 1609 scire
572 1554 788 1617 studet,
815 1551 954 1621 quid
980 1556 1135 1605 amet
1160 1551 1541 1622 inquirimus,
1568 1552 1720 1621 quod
1750 1567 1874 1622 pro-

224 1643 372 1696 iecto
395 1642 655 1695 nondum
677 1639 862 1695 novit:
885 1645 940 1694 et
959 1644 1257 1710 propterea
1276 1640 1560 1694 miramur
1578 1657 1681 1694 cur
1697 1645 1873 1704 amet,

221 1731 498 1800 quoniam
534 1728 873 1783 ﬁrmissime
909 1729 1176 1783 novimus
1209 1729 1391 1783 amari
1443 1729 1555 1783 nisi
1592 1733 1728 1782 nota
1761 1745 1874 1783 non

225 1835 416 1888 posse.
439 1818 583 1881 Quid
605 1833 740 1889 ergo
759 1821 936 1882 amat,
960 1817 1072 1871 nisi
1092 1817 1228 1888 quia
1245 1819 1405 1871 novit
1422 1823 1595 1888 atque
1617 1817 1877 1872 intuetur

224 1909 281 1961 in
315 1907 639 1961 rationibus
670 1923 865 1960 rerum
898 1923 1024 1977 quae
1057 1907 1135 1961 sit
1165 1907 1542 1977 pulchritudo
1575 1906 1871 1974 doctrinae,

224 2013 344 2068 qua
374 1996 749 2050 continentur
781 1997 998 2050 notitiae
1021 1997 1323 2067 signorum
1345 1997 1605 2050 omnium
1634 2015 1646 2061 ;
1671 2002 1726 2050 et
1749 2013 1873 2067 quat

223 2086 301 2140 sit
323 2085 545 2140 utilitas
566 2085 620 2138 in
639 2102 702 2139 ea
721 2084 947 2155 peritia,
967 2101 1083 2155 qua
1103 2084 1252 2138 inter
1267 2103 1327 2139 se
1346 2086 1605 2138 humana
1627 2085 1874 2139 societas

220 2175 905 2238 sensacommunicat,ne
919 2173 1026 2228 sibi
1046 2174 1348 2228 hominum
1365 2179 1546 2228 coetus
1561 2173 1874 2229 deteriores

219 2263 343 2316 sint
358 2263 561 2332 quavis
577 2262 812 2316 solitudi
827 2261 972 2325 ne,si
989 2261 1372 2332 cogitationes
1387 2278 1524 2316 suas
1538 2259 1871 2332 colloquen-

221 2355 295 2406 do
316 2368 432 2405 non
457 2351 759 2404 misceant.
779 2354 939 2404 Hanc
963 2366 1097 2421 ergo
1121 2351 1370 2421 speciem
1397 2350 1665 2404 decoram
1690 2357 1744 2404 et
1769 2350 1874 2403 uti-

220 2439 338 2495 lem
373 2439 556 2493 cernit
589 2440 804 2503 anima,
838 2445 894 2493 et
927 2439 1108 2502 novit,
1138 2445 1194 2493 et
1225 2445 1418 2507 amat;
1452 2456 1693 2509 eamque
1723 2440 1779 2492 in
1813 2455 1874 2494 se

221 2529 427 2601 perﬁci
451 2529 669 2595 studet,
696 2534 979 2598 quantum
1006 2531 1215 2598 potest,
1241 2527 1508 2598 quisquis
1529 2545 1732 2583 vocum
1757 2528 1872 2598 sig-

219 2617 592 2672 niﬁcantium
627 2633 1006 2687 quaecumque
1049 2616 1339 2687 ignorati,
1391 2616 1654 2688 inquirit.
1708 2616 1873 2670 Aliud

219 2711 314 2760 est
342 2707 496 2760 enim
531 2708 681 2774 quod
717 2722 843 2760 eam
869 2705 927 2759 in
950 2705 1210 2761 veritatis
1233 2704 1361 2760 luce
1386 2706 1690 2776 conspicit,
1716 2705 1872 2759 aliud

220 2795 382 2864 quod
402 2795 460 2848 in
482 2811 589 2849 sua
609 2792 881 2848 facultate
903 2793 1282 2864 concupiscit.
1309 2794 1603 2865 Conspicit
1623 2811 1875 2864 namque

219 2883 283 2937 in
319 2882 450 2937 luce
478 2882 738 2937 veritatis
771 2898 945 2953 quam
979 2898 1260 2952 magnum
1284 2890 1337 2937 et
1358 2899 1534 2954 quam
1559 2885 1775 2937 bonum
1801 2883 1876 2937 sit

221 2987 430 3027 omnes
452 2971 712 3025 omnium
735 2971 998 3041 gentium
1021 2968 1252 3041 linguas
1272 2970 1595 3042 intelligere
1613 2989 1678 3025 ac
1697 2971 1871 3040 loqui,

221 3059 572 3129 nullamque
603 3063 666 3112 ut
697 3058 1056 3129 alienigena2
1089 3059 1311 3129 audire,
1345 3064 1401 3114 et
1432 3077 1462 3113 a
1487 3059 1644 3114 nullo
1670 3061 1748 3114 ita
1768 3078 1873 3114 au-

221 3149 363 3203 diri.
399 3148 579 3218 Cujus
615 3147 829 3202 notitiae
862 3149 1042 3202 decus
1075 3148 1422 3218 cogitatione
1446 3150 1568 3218 jam
1594 3149 1872 3215 cernitur,

220 3243 579 3307 amaturque
612 3254 700 3291 res
735 3241 906 3304 nota;
940 3253 1066 3307 quae
1090 3237 1170 3291 ita
1192 3237 1566 3308 conSpicitur,
1594 3244 1766 3309 atque
1789 3239 1874 3292 in-

220 3328 496 3381 ﬂammat
527 3324 722 3380 studia
752 3325 1123 3393 discentium,
1159 3331 1222 3380 ut
1252 3326 1405 3382 circa
1443 3343 1571 3382 eam
1605 3344 1873 3382 movean-

215 3422 342 3486 tur,
379 3415 546 3486 eique
577 3414 805 3469 inhient
835 3415 890 3468 in
925 3415 1084 3469 omni
1109 3432 1285 3486 opera
1315 3432 1492 3486 quam
1527 3417 1876 3487 impendunt

215 3505 652 3575 consequendas
683 3503 782 3557 tali
807 3503 1087 3573 facultati,
1110 3509 1173 3558 ut
1193 3506 1365 3559 etiam
1392 3523 1501 3559 usu
1525 3522 1615 3560 am
1629 3505 1876 3576 plectan-

214 3600 324 3649 tur
356 3595 511 3665 quod
546 3594 767 3647 ratione
795 3599 1199 3663 praenoscunt:
1249 3600 1425 3664 atque
1473 3594 1554 3648 ita
1601 3593 1872 3665 quisque,

217 3683 322 3739 cui
358 3681 616 3736 facultati
650 3698 751 3752 spe
793 3682 1166 3752 prOpinquat,
1216 3682 1266 3737 ei
1317 3682 1628 3737 ferventius
1679 3699 1875 3738 amore

216 3770 573 3828 inardescit.
610 3771 700 3823 Eis
725 3770 1004 3824 doctrinis
1026 3771 1238 3841 quippe
1270 3771 1537 3825 studelur
1567 3770 1875 3826 vehemen-

218 3863 372 3927 tius,
407 3876 534 3931 quaa
566 3859 690 3928 capi
739 3875 909 3929 posse
954 3875 1068 3912 non
1100 3859 1501 3930 desperantur.
1532 3859 1676 3914 Nam
1709 3862 1876 3932 cujus

219 3951 310 4004 rei
343 3948 732 4019 adipiscendae
764 3963 929 4018 spem
962 3947 1212 4018 quisque
1236 3965 1346 4002 non
1372 3949 1540 4019 gerit,
1565 3949 1878 4021 auttepide

221 4043 413 4105 amat,
450 4037 722 4108 quamvis
755 4053 931 4106 quam
964 4036 1209 4106 pulchra
1239 4036 1313 4091 sit
1342 4039 1551 4092 videat.
1578 4038 1875 4110 Quocirca,

223 4127 374 4198 quia
407 4124 668 4179 omnium
704 4125 1037 4196 linguarum
1066 4125 1305 4180 scientia
1336 4126 1453 4181 fere
1485 4128 1556 4181 ab
1605 4129 1878 4184 omnibus

221 4218 600 4286 desperatur,
633 4231 750 4268 suae
782 4213 974 4284 gentis
1003 4213 1255 4284 quisque
1286 4215 1536 4271 maxime
1569 4218 1782 4284 studet,
1819 4222 1882 4273 ut

220 4303 478 4359 noverit.
513 4303 674 4368 Quod
709 4303 756 4357 si
789 4307 846 4357 et
866 4301 950 4355 illi
977 4302 1048 4356 ad
1075 4303 1393 4374 perfectum
1417 4305 1797 4375 percipiendae
1820 4323 1882 4362 se

221 4409 348 4448 non
383 4392 653 4447 sufﬁcere
693 4392 891 4457 sentit,
944 4408 1114 4446 nemo
1164 4396 1358 4446 tamen
1401 4397 1519 4447 tam
1553 4394 1882 4450 desidiosus

221 4486 323 4536 est
355 4480 536 4549 hujus
567 4480 804 4547 notitiis,
837 4479 936 4550 qui
971 4497 1106 4546 non,
1142 4497 1272 4534 cum
1325 4481 1575 4535 audierit
1617 4483 1883 4554 incogni-

221 4574 359 4622 tum
395 4566 660 4630 verbum,
691 4566 828 4620 velit
854 4583 1024 4621 nosse
1056 4567 1196 4636 quid
1230 4565 1374 4621 illud
1407 4569 1500 4633 sit,
1525 4575 1582 4622 et
1602 4570 1646 4623 si
1674 4575 1881 4639 potest,

226 4659 464 4724 quaerat
493 4671 559 4708 ac
589 4654 800 4708 discat.
835 4655 994 4716 Quod
1028 4655 1168 4709 dum
1201 4655 1426 4725 quaerit,
1464 4656 1663 4728 utique
1689 4659 1746 4712 in
1769 4665 1886 4714 stu-

226 4744 332 4797 dio
365 4742 627 4797 discendi
667 4747 772 4808 est,
799 4747 855 4796 et
875 4743 1102 4798 videtur
1123 4760 1318 4798 amare
1346 4760 1465 4799 rem
1489 4744 1843 4816 incognitam
1871 4769 1884 4816 ς

227 4831 396 4901 quod
432 4846 547 4885 non
581 4830 660 4884 ita
691 4835 798 4884 est.
833 4829 1062 4900 Species
1095 4848 1348 4902 namque
1395 4832 1495 4887 illa
1543 4835 1727 4906 tangit
1759 4836 1888 4890 ani-

229 4935 430 4986 mum,
466 4936 642 4989 quam
685 4919 844 4973 novit
872 4924 928 4973 et
955 4920 1186 4990 cogitat,
1223 4922 1279 4975 in
1331 4938 1446 4992 qua
1494 4922 1683 4978 elucet
1713 4925 1889 4980 decus

225 5007 772 5063 consociandorum
826 5008 1144 5064 animorum
1196 5011 1253 5064 in
1304 5012 1544 5066 vocibus
1598 5014 1749 5067 notis
1787 5031 1889 5069 au-

224 5095 475 5151 diendis
491 5101 659 5163 atque
683 5097 1014 5152 reddendis:
1039 5115 1219 5168 eaque
1241 5101 1502 5154 accendit
1523 5102 1715 5155 studio
1740 5119 1891 5172 quis-

224 5191 469 5239 rentein
505 5183 739 5254 quidem
776 5185 929 5254 quod
966 5185 1210 5256 ignorat,
1246 5187 1346 5241 sed
1392 5193 1586 5242 notam
1622 5191 1890 5257 formam,

221 5289 360 5344 quo
393 5272 451 5326 id
485 5273 794 5343 pertineat,
846 5273 1173 5329 intuentem
1224 5281 1280 5328 et
1327 5283 1644 5332 amantem.
1697 5281 1895 5351 Itaque

217 5363 293 5419 si
327 5363 638 5434 qumrenti,
683 5363 838 5418 verbi
888 5363 1096 5435 gratia,
1148 5361 1287 5433 quid
1333 5364 1410 5419 sit
1452 5371 1731 5422 temetum
1765 5370 1896 5439 (hoc

313 5552 328 5586 1
361 5550 448 5600 Sic
480 5550 597 5617 ᾼω.
628 5550 711 5617 Er.
743 5556 793 5600 et
822 5553 944 5601 Mss.
978 5553 1041 5600 At
1072 5553 1215 5609 Lov.,
1265 5552 1665 5614 signiﬁcantium
1715 5571 1894 5617 quam-

217 5627 462 5672 cumque
491 5614 716 5672 ignorat.

313 5676 338 5712 θ
364 5674 448 5743 [t9
476 5674 590 5725 Am.
624 5675 826 5743 et__Mss.
854 5678 916 5727 At
939 5677 1021 5726 Er.
1047 5680 1098 5743 et
1120 5678 1262 5743 L_ov.,
1287 5680 1340 5725 ut
1361 5674 1721 5743 alienigenam.
1743 5681 1897 5734 Forte

215 5739 562 5810 legendum,
591 5738 891 5805 nullumque
919 5743 974 5789 ut
1005 5741 1370 5804 alienigenam.

1611 349 1841 412 LIBER
1887 347 2256 413 DECIMUS.

3515 355 3636 414 9⁸74

1984 483 2138 537 enim
2170 484 2416 555 exempli
2455 500 2632 538 causa
2679 483 3031 554 posueram),
3081 482 3328 554 dicatur,
3382 484 3528 548 Quid
3561 485 3632 540 ad

1983 577 2036 625 te
2064 572 2359 641 pertinet?
2391 573 2787 644 respondebit,
2823 589 2892 626 ne
2926 573 3069 627 forte
3121 572 3357 627 audiam
3391 575 3633 644 loquen-

1982 663 2123 726 tem,
2145 666 2200 714 et
2225 677 2338 715 non
2363 661 2706 731 intelligam,
2729 669 2827 715 aut
2850 660 3080 733 uspiam
3105 663 3247 716 forte
3271 662 3326 716 id
3346 661 3556 733 legam,
3579 667 3635 716 et

1983 748 2122 817 quid
2158 748 2407 820 scriptor
2435 749 2705 816 senserit,
2743 750 3018 805 nesciam.
3062 751 3202 815 Quis
3230 752 3462 806 tandem
3493 751 3632 806 huic

1981 837 2154 905 dicat,
2192 837 2314 894 Noli
2349 837 2670 910 intelligere
2701 840 2853 908 quod
2888 839 3077 907 audis,
3121 839 3238 893 noli
3273 856 3444 894 nosse
3476 840 3628 909 quod

1981 924 2173 997 legis?
2205 927 2491 981 Omnibus
2524 929 2679 981 enim
2733 928 2845 981 fere
2891 927 3106 982 animis
3156 927 3539 982 rationalibus
3569 929 3628 984 in

1980 1020 2251 1086 promptu
2273 1021 2358 1070 est
2376 1017 2444 1070 ad
2464 1015 2777 1070 videndum
2802 1015 2980 1086 hujus
2999 1017 3214 1087 peritiae
3229 1016 3626 1087 pulchritudo,

1980 1122 2102 1175 quae
2117 1104 2420 1159 hominum
2438 1105 2587 1159 inter
2599 1122 2660 1159 se
2674 1105 3406 1176 cogitata,signiﬁcantium
3423 1123 3628 1160 vocum

1980 1193 2381 1248 enuntiatione
2413 1197 2774 1259 noscuntur;
2809 1199 3044 1263 propter
3064 1193 3173 1248 hoc
3197 1200 3401 1249 notum
3426 1197 3626 1264 decus,

1980 1283 2120 1336 etob
2133 1282 2241 1337 hoc
2256 1287 2520 1337 amatum
2537 1282 2674 1352 quia
2690 1286 2915 1349 notum,
2936 1282 3193 1338 studiose
3214 1285 3628 1354 queeriturver-

1978 1371 2117 1425 bum
2153 1371 2297 1426 illud
2330 1373 2618 1443 ignotum.
2651 1371 2851 1442 Itaque
2874 1387 3005 1426 cum
3028 1373 3275 1426 audierit
3298 1379 3470 1444 atque
3494 1390 3627 1444 cog-

1981 1461 2199 1515 noverit
2223 1464 2504 1515 temetum
2529 1478 2561 1514 a
2583 1459 2874 1514 veteribus
2897 1459 3096 1514 vinum
3120 1461 3500 1531 appellatum,
3525 1463 3626 1517 sed

1972 1549 2096 1619 jam
2125 1566 2192 1603 ex
2224 1566 2332 1604 usu
2368 1548 2640 1620 loquendi
2673 1565 2845 1619 quem
2876 1566 3030 1603 nunc
3061 1548 3365 1618 habemus,
3402 1552 3507 1606 hoc
3530 1568 3626 1606 vo-

1980 1637 2252 1692 cabulum
2287 1643 2642 1704 emortuum,
2676 1643 2910 1709 propter
2933 1638 3242 1693 nonnullos
3267 1640 3509 1695 fortasse
3533 1657 3625 1696 ve-

1979 1731 2170 1781 terum
2204 1727 2383 1782 libros
2417 1727 2526 1782 sibi
2562 1728 2955 1782 necessarium
2989 1728 3308 1799 deputabit.
3343 1729 3401 1783 Si
3431 1735 3626 1784 autem

1978 1821 2034 1870 et
2063 1815 2195 1870 illos
2226 1833 2685 1887 supervacaneos
2721 1817 2915 1882 habet,
2948 1818 3229 1887 fortejam
3255 1834 3358 1872 nec
3382 1819 3626 1889 dignum

1979 1905 2132 1975 quod
2177 1904 2468 1959 memoria:
2520 1907 2891 1960 commendet
2938 1906 3252 1976 existimat,
3305 1907 3441 1977 quia
3471 1907 3628 1962 videt

1979 1994 2050 2047 ad
2085 1993 2243 2047 illam
2279 1995 2530 2064 speciem
2565 1994 2839 2048 doctrinae
2873 2011 3049 2065 quam
3080 2001 3275 2050 notam
3309 2002 3502 2050 mente
3533 1997 3627 2050 in-

1977 2086 2175 2136 tuetur
2205 2088 2378 2152 atque
2409 2087 2585 2148 amat,
2621 2082 2862 2137 minime
2905 2084 3213 2154 pertinere.

2047 2171 2100 2224 3.
2137 2173 2524 2234 Quamobrem
2558 2171 2750 2226 omnis
2781 2188 2945 2226 amor
2975 2174 3264 2227 studentis
3291 2173 3492 2240 animi,
3518 2173 3627 2230 hoc

1978 2264 2065 2313 est
2087 2258 2332 2313 volentis
2356 2260 2504 2314 scire
2527 2260 2681 2331 quod
2707 2261 2911 2326 nescit,
2937 2278 3050 2315 non
3076 2266 3164 2316 est
3195 2278 3356 2315 amor
3386 2263 3512 2331 ejus
3546 2262 3627 2316 rei

1979 2365 2154 2418 quam
2180 2348 2386 2415 nescit,
2411 2350 2510 2402 sed
2536 2350 2664 2416 sjus
2686 2366 2862 2419 quam
2888 2349 3015 2416 scit,
3052 2355 3283 2420 propter
3305 2367 3481 2420 quam
3503 2349 3629 2404 vult

1979 2436 2126 2490 scire
2152 2437 2299 2505 quod
2329 2438 2530 2491 nescit.
2569 2441 2676 2491 Aut
2707 2438 2754 2491 si
2789 2443 2908 2492 tam
2954 2439 3222 2493 curiosus
3270 2445 3377 2506 est,
3411 2444 3476 2493 ut
3508 2455 3622 2493 non

1979 2530 2213 2596 propter
2225 2542 2464 2580 causam
2481 2525 2656 2580 aliam
2673 2530 2872 2580 notam
2885 2529 3001 2593 ,sed
3017 2528 3140 2582 solo
3155 2545 3352 2582 amore
3365 2527 3627 2598 rapiatur

1978 2613 2275 2685 incognita
2305 2614 2527 2669 sciendi
2553 2631 2566 2681 ;
2599 2615 3020 2670 discernendus
3043 2618 3278 2686 quidem
3303 2623 3392 2672 est
3414 2619 3485 2672 ab
3508 2621 3626 2672 stu-

1977 2703 2126 2757 diosi
2159 2702 2394 2757 nomine
2424 2703 2534 2757 iste
2564 2703 2855 2771 curiosus,
2889 2707 2988 2760 sed
3025 2722 3127 2760 nec
3162 2707 3285 2777 ipse
3330 2710 3486 2760 amat
3533 2707 3625 2760 in-

1978 2792 2229 2863 cognita,
2283 2791 2400 2845 imo
2431 2793 2848 2863 congruentius
2880 2794 3113 2860 dicitur,
3148 2794 3281 2849 Odit
3309 2794 3624 2865 incognita,

1978 2898 2104 2951 quae
2128 2881 2288 2934 nulla
2310 2897 2437 2935 esse
2460 2883 2605 2947 vult,
2635 2882 2775 2936 dum
2799 2882 2923 2937 vult
2944 2884 3142 2937 omnia
3159 2883 3410 2954 cognita.
3430 2885 3536 2937 Sed
3557 2900 3628 2939 ne

1979 2969 2289 3040 quisquam
2328 2968 2498 3024 nobis
2530 2970 2914 3025 difficiliorem
2962 2971 3171 3026 referat
3221 2972 3627 3042 quaestionem,

1979 3075 2247 3114 asserens
2272 3063 2386 3110 tam
2412 3075 2524 3112 non
2553 3075 2722 3128 posse
2750 3076 3106 3130 quemquam
3131 3060 3323 3116 odisse
3345 3061 3502 3131 quod
3532 3077 3627 3116 ne-

1980 3146 2107 3217 scit,
2139 3163 2315 3218 quam
2343 3164 2456 3201 non
2482 3151 2673 3217 potest
2693 3165 2889 3204 amare
2913 3151 3067 3219 quod
3092 3151 3298 3215 nescit,
3323 3167 3437 3205 non
3462 3151 3632 3206 resis-

1978 3236 2162 3290 timus
2186 3236 2365 3290 veris‘
2395 3254 2407 3290 :
2441 3235 2544 3290 sed
2577 3235 3022 3308 intelligendum
3051 3243 3160 3306 est,
3191 3256 3308 3294 non
3335 3240 3443 3294 hoc
3474 3240 3629 3294 idem

1979 3325 2092 3379 dici
2125 3341 2256 3379 cum
2301 3325 2536 3390 dicitur,
2569 3327 2740 3379 Amat
2771 3326 2919 3381 scire
2940 3327 3254 3398 incognita,
3289 3344 3354 3382 ac
3380 3345 3440 3383 se
3471 3328 3629 3383 dice-

1979 3418 2158 3482 retur,
2191 3415 2359 3467 Amat
2389 3413 2702 3482 incognita.
2751 3413 2894 3468 Illud
2948 3415 3101 3470 enim
3153 3415 3276 3470 ﬁeri
3324 3421 3531 3486 potest,
3566 3421 3630 3471 ut

1979 3509 2132 3557 amet
2156 3502 2404 3572 quisque
2419 3501 2567 3556 scire
2582 3501 2874 3572 incognita
2892 3521 2903 3556 :
2921 3508 2983 3557 ut
2996 3510 3190 3558 autem
3207 3508 3360 3559 amet
3373 3505 3425 3558 in
3435 3506 3628 3576 cogni-

1983 3599 2182 3660 la,non
2203 3594 2410 3660 potest.
2445 3589 2570 3644 Non
2589 3589 2745 3643 enim
2763 3590 2977 3646 frustra
2992 3591 3066 3644 ibi
3082 3598 3170 3646 est
3187 3592 3438 3663 positum
3455 3593 3623 3646 scire:

1979 3678 2256 3751 quoniam
2276 3677 2536 3747 quiscire
2563 3678 3047 3749 amatincognita,
3083 3696 3194 3734 non
3214 3679 3622 3749 ipsaincogni-

1977 3774 2056 3833 ta,
2082 3767 2183 3821 sed
2207 3766 2401 3837 ipsum
2425 3765 2574 3820 scire
2595 3772 2771 3821 amat.
2810 3767 2972 3830 Quod
3014 3767 3125 3821 nisi
3165 3768 3401 3822 haberet
3423 3768 3624 3838 cogni-

1979 3861 2128 3921 tum,
2151 3872 2340 3926 neque
2358 3855 2507 3909 scire
2527 3871 2588 3909 se
2605 3855 2918 3926 quisquam
2940 3860 3134 3925 posset
3152 3857 3396 3911 ﬁdenter
3412 3857 3622 3922 dicere,

1980 3960 2167 4016 neque
2191 3944 2434 3999 nescire.
2460 3943 2583 3997 Non
2611 3943 2800 3998 solum
2825 3943 2980 3999 enim
3005 3946 3103 4016 qui
3127 3946 3288 4013 dicit,
3312 3946 3437 4001 Scio
3465 3952 3522 4001 et
3543 3962 3626 4000 ve-

1983 4050 2111 4089 rum
2135 4033 2292 4098 dicit,
2329 4049 2565 4088 necesse
2604 4038 2694 4087 est
2733 4039 2798 4087 ut
2839 4035 2980 4104 quid
3022 4036 3097 4089 sit
3135 4035 3283 4090 scire
3322 4036 3494 4090 sciat:
3522 4035 3623 4090 sed

1982 4124 2157 4180 etiam
2174 4121 2272 4192 qui
2286 4122 2450 4179 dicit.
2469 4121 2697 4186 Nescio,
2719 4122 2894 4193 idque
2912 4123 3156 4179 fidenter
3169 4129 3224 4178 et
3243 4141 3440 4180 verum
3459 4125 3623 4191 dicit,

1983 4219 2040 4269 et
2059 4213 2170 4266 scit
2190 4228 2391 4265 verum
2417 4226 2478 4264 se
2503 4211 2716 4276 dicere,
2740 4211 2848 4266 scit
2887 4212 3086 4282 utique
3127 4213 3263 4283 quid
3305 4215 3416 4268 scit
3435 4214 3620 4268 scire:

1986 4301 2124 4372 quia
2147 4306 2201 4354 et
2222 4299 2503 4354 discernit
2525 4300 2594 4353 ab
2616 4298 2834 4354 sciente
2855 4301 3226 4368 nescientem,
3253 4318 3386 4356 cum
3411 4300 3626 4356 veraci-

1985 4395 2074 4444 ter
2097 4406 2156 4444 se
2182 4389 2416 4443 intuens
2444 4388 2601 4454 dicit,
2626 4388 2830 4443 Nescio
2857 4413 2870 4454 ;
2894 4395 2949 4443 et
2977 4406 3108 4444 cum
3134 4390 3188 4444 id
3213 4407 3274 4446 se
3294 4392 3405 4446 scit
3424 4407 3626 4445 verum

1988 4478 2197 4539 dicere,
2230 4477 2385 4530 unde
2418 4477 2611 4539 sciret,
2645 4478 2693 4531 si
2726 4477 2864 4547 quid
2897 4477 2972 4531 sit
3001 4479 3151 4534 scire
3183 4479 3474 4534 nesciret?

2059 4565 2291 4621 CAPUT
2324 4566 2390 4620 II.
2422 4596 2488 4605 —
2520 4566 2572 4619 4.
2605 4566 2770 4620 Nemo
2797 4582 3019 4635 prorsus
3049 4575 3197 4622 amat
3231 4570 3529 4637 incognita.

1991 4653 2242 4720 Quilibet
2259 4654 2436 4723 igitur
2452 4653 2775 4719 studiosus,
2797 4654 3042 4724 quilibet
3059 4655 3326 4712 curiosus
3344 4674 3458 4712 non
3477 4663 3637 4713 amat

1990 4743 2307 4814 incognita,
2342 4743 2520 4796 etiam
2550 4759 2680 4795 cum
2725 4743 3136 4799 ardentissimo
3167 4747 3420 4816 appetitu
3453 4747 3636 4801 instat

1992 4832 2140 4886 scire
2163 4831 2314 4901 quod
2341 4830 2544 4885 nescit.
2573 4837 2685 4885 Aut
2707 4832 2999 4903 enimjam
3018 4850 3227 4904 genere
3243 4841 3445 4890 notum
3461 4836 3636 4890 habet

1995 4920 2148 4990 quod
2173 4924 2349 4985 amat,
2390 4919 2564 4989 idque
2585 4937 2756 4974 nosse
2782 4923 3016 4992 expetit,
3051 4923 3224 4978 etiam
3259 4924 3317 4977 in
3349 4925 3546 4994 aliqua
3577 4941 3637 4978 re

1996 5007 2250 5078 singula,
2272 5008 2357 5062 vel
2382 5013 2438 5061 in
2467 5008 2717 5079 singulis
2743 5011 2935 5076 rebus,
2959 5028 3085 5082 quae
3106 5013 3188 5067 illi
3211 5013 3470 5066 nondum
3492 5020 3638 5067 notae

1999 5101 2143 5152 forte
2175 5096 2508 5162 laudantur,
2544 5098 2824 5169 fingitque
2855 5102 3049 5156 animo
3080 5102 3485 5172 imaginariam
3521 5101 3639 5158 for-

1999 5202 2155 5240 mam
2189 5202 2303 5255 qua
2335 5186 2613 5241 excitetur
2642 5188 2698 5241 in
2730 5206 3010 5244 amorem.
3047 5190 3208 5245 Unde
3236 5196 3428 5244 autem
3453 5192 3639 5261 ﬁngit,

2000 5272 2112 5326 nisi
2145 5288 2212 5325 ex
2244 5270 2314 5324 iis
2364 5288 2488 5341 qua
2524 5273 2650 5343 jam
2692 5276 2975 5329 noverat?
3005 5277 3181 5345 Cujus
3214 5283 3408 5332 tamen
3443 5279 3640 5334 formae

2000 5360 2196 5416 animo
2229 5360 2483 5430 ﬁguratis
2514 5367 2687 5431 atque
2722 5364 2779 5416 in
2820 5365 3169 5433 cogitatione
3216 5368 3556 5434 notissimae,
3592 5369 3644 5424 si

2004 5465 2132 5505 eam
2165 5465 2291 5518 quae
2323 5447 2674 5503 laudabatur
2700 5451 3038 5507 dissimilem
3071 5453 3372 5526 invenerit,
3399 5457 3646 5514 fortasse

2004 5555 2120 5593 non
2138 5537 2377 5592 amabit.
2403 5539 2562 5601 Quod
2586 5538 2633 5590 si
2659 5541 2957 5606 amaverit,
2982 5557 3050 5595 ex
3073 5542 3170 5596 illo
3194 5560 3389 5599 amare
3410 5546 3648 5616 incipiet

2005 5644 2073 5684 ex
2104 5643 2216 5698 quo
2248 5624 2470 5680 didicit.
2515 5625 2690 5680 Paulo
2743 5633 2875 5681 ante
2925 5629 3137 5702 quippe
3185 5632 3299 5688 alia
3349 5639 3471 5688 erat
3525 5651 3649 5704 quae

2073 5751 2090 5788 ί
2121 5750 2205 5802 Sic
2232 5749 2471 5816 plerique
2499 5749 2622 5798 Mss.
2653 5749 2788 5801 Editi
2818 5766 2966 5820 vero,
3007 5770 3107 5807 non
3157 5758 3437 5809 resistimus
3466 5758 3648 5813 verbis.
