4100 6190
533 336 648 395 9'75

537 467 864 534 amabatur,
890 478 1064 535 quam
1090 461 1198 518 sibi
1224 460 1456 517 animus
1481 462 1738 517 formans
1761 461 2029 517 exhibere
2051 477 2188 516 con-

535 557 818 611 sueverat.
861 552 918 606 Si
971 557 1164 606 antem
1216 550 1300 604 illi
1353 551 1547 606 formae
1600 551 1850 606 similem
1903 551 2189 606 invenerit

539 659 715 714 quam
752 642 906 696 fama
939 641 1370 712 praedicaverat,
1419 641 1510 695 cui
1559 658 1689 696 vere
1740 641 1925 712 possit
1977 640 2188 706 dicere,

539 735 668 787 Jam
702 735 756 785 te
789 730 1056 784 amabam
1086 747 1098 796 ;
1126 746 1229 784 nec
1261 735 1400 783 tunc
1432 729 1635 801 utique
1666 730 1901 784 amabat
1929 728 2189 801 incogni-

541 826 686 887 tam,
711 836 888 890 quam
913 820 969 874 in
992 819 1088 873 illa
1106 818 1495 874 similitudine
1514 824 1767 875 noverat.
1793 823 1903 874 Aut
1922 819 1979 873 in
2001 818 2193 890 specie

545 909 908 980 sempiternae
965 909 1207 963 rationis
1257 909 1525 964 videmus
1574 908 1792 979 aliquid
1839 913 1892 963 et
1924 909 2001 962 ibi
2034 925 2190 963 ama-

546 1016 699 1069 mus,
731 998 884 1069 quod
912 1013 1044 1052 cum
1076 1013 1416 1068 expressum
1442 998 1498 1051 in
1529 998 1724 1068 aliqua
1749 998 1830 1052 rei
1857 997 2194 1069 temporalis

546 1088 756 1159 el'ﬁgie,
789 1087 905 1141 illis
938 1087 1036 1157 qui
1069 1087 1287 1158 experti
1330 1093 1469 1141 sunt
1515 1086 1892 1142 laudantibus
1924 1091 1978 1140 et
2005 1087 2195 1141 credi-

548 1194 701 1244 mus,
735 1181 792 1231 et
815 1192 1107 1242 amamus,
1134 1192 1248 1230 non
1273 1175 1493 1246 aliquid
1519 1193 1785 1231 amamus
1809 1177 2192 1246 incognitum,

548 1267 848 1336 undejam
884 1283 1064 1336 supra
1097 1265 1240 1320 satis
1273 1265 1701 1321 disseruimus:
1737 1269 1835 1320 aut
1855 1265 2074 1335 aliquid
2100 1282 2198 1320 no-

548 1361 675 1411 tum
705 1372 995 1422 amamus,
1031 1358 1267 1425 propter
1299 1355 1452 1425 quod
1487 1355 1753 1425 ignotum
1786 1355 2006 1425 aliquid
2038 1372 2194 1425 quas-

549 1445 774 1500 rimus:
809 1445 978 1512 cujus
1009 1443 1188 1512 ignoti
1239 1459 1402 1496 amor
1452 1459 1822 1514 nequaquam
1871 1460 1976 1498 nos
2017 1447 2193 1511 tenet,

549 1535 649 1590 sed
685 1533 842 1588 illius
873 1532 1116 1604 cogniti,
1149 1547 1264 1602 quo
1296 1532 1583 1602 pertinere
1635 1533 1920 1598 novimus,
1958 1538 2020 1587 ut
2053 1532 2195 1588 illud

551 1625 725 1679 etiam
760 1622 913 1693 quod
947 1621 1138 1676 adhuc
1169 1620 1432 1692 ignotum
1457 1621 1796 1692 quaerimus,
1823 1621 2195 1692 noverimus;

551 1714 702 1768 sicut
731 1712 801 1765 de
832 1710 1124 1781 incognito
1152 1709 1324 1765 verbo
1375 1709 1545 1779 paulo
1595 1715 1726 1765 ante
1779 1709 2010 1764 locutus
2040 1727 2193 1766 sum.

550 1803 664 1855 Aut
695 1801 889 1871 ipsum
919 1799 1064 1854 scire
1096 1797 1345 1869 quisque
1371 1803 1546 1869 amat,
1575 1799 1730 1869 quod
1753 1798 1894 1852 nulli
1918 1800 2065 1854 scire
2089 1799 2198 1853 ali-

555 1888 694 1961 quid
729 1887 982 1958 cupienti
1013 1903 1140 1942 esse
1188 1887 1545 1956 incognitum
1597 1893 1805 1958 potest.
1860 1888 1958 1943 His
2005 1888 2198 1943 causis

553 1979 824 2033 videntur
852 1993 1048 2032 amare
1079 1977 1391 2048 incognita,
1427 1977 1526 2048 qui
1560 1976 1706 2032 scire
1746 1977 1963 2049 aliquid
1997 1977 2200 2033 volunt

556 2067 709 2139 quod
735 2066 1019 2133 nesciunt,
1044 2071 1099 2120 et
1121 2071 1355 2137 propter
1371 2067 1758 2121 ardentiorem
1781 2068 2076 2138 quaerendi
2096 2085 2198 2139 ap-

553 2156 817 2228 petitium
837 2155 962 2210 sine
979 2171 1175 2210 amore
1193 2171 1320 2210 esse
1337 2154 1450 2209 dici
1470 2172 1582 2210 non
1605 2161 1868 2227 possunt.
1890 2156 1998 2211 Sed
2021 2173 2197 2227 quam

553 2263 614 2300 se
641 2261 733 2299 res
767 2243 934 2297 aliter
962 2243 1190 2314 habeat,
1218 2259 1405 2314 neque
1427 2244 1666 2298 omnino
1691 2245 2014 2315 quidquam
2040 2260 2197 2299 ame-

550 2339 646 2388 tur
675 2332 1060 2404 incognitum,
1089 2332 1340 2386 arbitror
1370 2348 1463 2386 me
1495 2333 1861 2402 persuasisse
1891 2350 2092 2387 verum
2117 2333 2199 2387 di-

550 2422 796 2494 ligenter
823 2421 1213 2476 intuentibus.
1265 2421 1375 2476 Sed
1410 2421 1546 2491 quia
1588 2421 1851 2492 exempla
1880 2440 2006 2492 quas
2040 2422 2198 2476 dedi-

553 2527 708 2576 mus,
741 2527 942 2565 eorum
977 2515 1134 2574 sunt,
1163 2510 1263 2581 qui
1296 2510 1517 2580 aliquid
1551 2511 1705 2580 quod
1754 2510 1863 2582 ipsi
1915 2527 2029 2565 non
2063 2513 2201 2564 sunt

553 2617 723 2656 nosse
741 2599 984 2671 cupiunt
1003 2618 1016 2668 ;
1035 2600 1351 2654 videndum
1371 2604 1458 2654 est
1477 2615 1545 2654 ne
1566 2601 1710 2654 forte
1727 2599 1963 2670 aliquod
1986 2615 2198 2654 novum

551 2706 736 2760 genus
766 2693 1061 2760 appareat,
1085 2705 1218 2743 cum
1247 2705 1308 2744 se
1336 2688 1465 2759 ipsa
1492 2705 1658 2742 mens
1689 2705 1860 2743 nosse
1884 2688 2196 2743 desiderat.

623 2777 848 2834 CAPUT
882 2779 977 2833 Ill.
1013 2810 1078 2818 —
1101 2779 1155 2834 5.
1194 2777 1345 2845 Quod
1368 2795 1522 2832 mens
1540 2784 1687 2832 amet
1710 2794 1765 2832 se
1786 2780 1962 2849 ipsam
1985 2793 2090 2832 non
2111 2779 2197 2831 in-

552 2871 828 2939 cognitam
847 2869 972 2923 sibi.
995 2866 1140 2933 Quid
1161 2883 1295 2939 ergo
1315 2871 1473 2922 amat
1491 2883 1678 2932 mens,
1698 2884 1829 2921 cum
1849 2867 2122 2923 ardenter
2139 2882 2200 2921 se

555 2958 744 3029 ipsam
778 2957 983 3027 quaerit
1015 2961 1076 3011 ut
1125 2955 1365 3019 noverit,
1419 2956 1558 3009 dum
1593 2955 1887 3026 incognita
1929 2955 2038 3009 sibi
2073 2955 2202 3008 est?

557 3045 701 3100 Ecce
731 3046 886 3100 enim
929 3061 1093 3099 mens
1125 3044 1501 3114 semetipsam
1535 3043 1742 3114 quierit
1773 3051 1838 3098 ut
1869 3043 2112 3109 noverit,
2148 3046 2205 3097 et

560 3133 618 3187 in
634 3135 966 3188 flammatur
979 3133 1085 3187 hoc
1105 3133 1317 3187 studio.
1337 3135 1505 3186 Amat
1518 3132 1698 3202 igitur
1714 3149 1725 3187 :
1743 3133 1840 3187 sed
1857 3131 1994 3203 quid
2010 3131 2203 3186 amat?

562 3224 634 3278 Se
657 3224 843 3292 ipsam
865 3221 891 3275 ‘I
922 3222 1242 3290 Quomodo,
1276 3237 1409 3276 cum
1441 3237 1503 3275 se
1537 3221 1792 3276 nondum
1826 3221 2067 3287 noverit,
2101 3237 2207 3275 nec

558 3312 875 3383 quisquam
900 3310 1085 3381 possit
1102 3326 1298 3365 amare
1316 3310 1470 3380 quod
1492 3310 1712 3365 nescit?
1725 3313 1809 3364 An
1824 3311 1873 3364 ei
1890 3311 2044 3364 fama
2063 3327 2204 3380 pra:-

555 3401 768 3456 dicavit
797 3399 1049 3468 speciem
1082 3414 1272 3468 suam,
1308 3399 1460 3454 sicut
1490 3400 1560 3454 de
1581 3399 1924 3454 absentibus
1949 3398 2206 3454 solemus

552 3489 801 3546 audire?
835 3489 997 3544 Forte
1029 3504 1165 3559 ergo
1198 3504 1258 3542 se
1290 3504 1405 3542 non
1457 3493 1635 3557 amat,
1687 3489 1786 3543 sed
1839 3489 1992 3558 quod
2042 3489 2112 3542 de
2144 3503 2205 3542 se

551 3578 738 3652 fingit,
765 3579 872 3633 hoc
897 3583 1074 3644 amat,
1102 3576 1272 3649 longe
1295 3579 1538 3632 tortasse
1562 3577 1719 3632 aliud
1745 3594 1916 3648 quam
1937 3576 2066 3648 ipsa
2082 3581 2200 3631 est:

549 3675 649 3723 aut
679 3669 726 3723 si
760 3685 820 3724 se
850 3684 1017 3722 mens
1051 3667 1143 3721 sui
1177 3665 1430 3720 similem
1465 3666 1653 3738 tingit,
1688 3671 1743 3720 et
1773 3666 1900 3720 ideo
1934 3683 2062 3720 cum
2099 3666 2206 3720 hoc

551 3762 936 3828 lingmentum
955 3761 1133 3822 amat,
1151 3773 1211 3811 se
1225 3762 1710 3826 amatantequam
1728 3757 1977 3823 noverit;
1995 3757 2133 3827 quia
2148 3756 2204 3810 id

550 3847 703 3918 quod
736 3845 827 3901 sui
889 3845 1080 3901 simile
1135 3850 1224 3900 est
1275 3846 1572 3900 intuetur:
1630 3845 1790 3900 novit
1846 3845 2028 3917 igitur
2058 3844 2204 3900 alias

553 3940 776 3989 mentes
798 3951 863 3989 ex
890 3934 1105 4006 quibus
1130 3949 1189 3988 se
1219 3934 1421 4003 ﬁngat,
1455 3938 1511 3988 et
1541 3949 1749 4004 genere
1782 3933 1907 4004 ipso
1932 3934 2042 3988 sibi
2070 3939 2206 3990 nota

552 4029 658 4079 est.
691 4028 803 4077 Cur
833 4040 968 4094 ergo
1002 4039 1136 4076 cum
1179 4022 1324 4077 alias
1373 4028 1598 4077 mentes
1649 4023 1826 4089 novit,
1862 4041 1922 4078 se
1955 4040 2067 4077 non
2101 4041 2202 4078 no-

553 4114 652 4179 vit,
687 4129 817 4167 cum
855 4129 913 4166 se
946 4113 1074 4182 ipsa
1107 4110 1253 4165 nihil
1291 4112 1399 4164 sibi
1438 4111 1620 4180 possit
1649 4127 1775 4166 esse
1809 4112 2154 4182 praesentius
2178 4112 2206 4165 ?

555 4202 716 4266 Quod
741 4201 790 4255 si
818 4206 880 4254 ut
906 4198 1092 4255 oculis
1115 4201 1374 4270 corporis
1404 4200 1589 4270 magis
1606 4200 1702 4253 alii
1730 4200 1880 4254 oculi
1909 4200 2024 4253 noti
2045 4205 2201 4269 sunt,

556 4308 732 4362 quam
758 4289 868 4362 ipsi
892 4290 1002 4343 sibi
1031 4307 1042 4355 ;
1070 4306 1182 4344 non
1208 4305 1268 4342 se
1289 4305 1424 4357 ergo
1459 4293 1680 4357 quaerat
1724 4305 1983 4357 unquam
2004 4288 2201 4342 inven-

553 4386 703 4435 tura.
739 4379 1050 4450 Nunquam
1086 4377 1238 4431 enim
1274 4394 1334 4430 se
1366 4374 1515 4430 oculi
1554 4381 1758 4446 praeter
1788 4376 2026 4447 specula
2047 4378 2202 4431 vide-

554 4471 735 4524 bunt:
771 4485 874 4523 nec
907 4468 1022 4522 ullo
1075 4467 1246 4522 modo
1298 4465 1622 4536 putandum
1675 4471 1762 4519 est
1810 4465 1982 4519 etiam
2027 4468 2202 4522 rebus

551 4556 903 4628 incorporeis
935 4555 1401 4626 contemplandis
1434 4554 1547 4609 tale
1576 4553 1797 4624 aliquid
1823 4554 2109 4623 adhiberi,
2139 4562 2203 4609 ut

553 4662 719 4702 mens
751 4652 1027 4717 tanquam
1061 4646 1118 4699 in
1153 4644 1392 4716 speculo
1426 4661 1486 4698 se
1511 4643 1753 4698 noverit.
1785 4645 1870 4698 An
1896 4644 1950 4697 in
1978 4644 2202 4700 ratione

550 4735 808 4790 veritatis
834 4740 1054 4788 aeternae
1079 4733 1231 4787 videt
1253 4750 1427 4800 quam
1455 4731 1786 4802 speciosum
1812 4732 1888 4785 sit
1911 4749 2082 4786 nosse
2111 4749 2200 4787 se-

549 4825 882 4894 metipsam,
915 4827 971 4877 et
1001 4824 1108 4877 hoc
1141 4830 1297 4876 amat
1329 4823 1480 4892 quod
1515 4821 1690 4885 videt,
1725 4820 2113 4891 studetquein
2140 4839 2201 4876 se

551 4914 670 4969 fieri
685 4912 863 4984 ‘Iquia
881 4911 1145 4983 quamvis
1164 4911 1274 4965 sibi
1300 4916 1433 4964 nota
1458 4926 1571 4963 non
1587 4909 1684 4975 sit,
1710 4914 1913 4964 notum
1934 4914 2130 4963 tamen
2149 4910 2198 4964 ei

547 5008 841 5073 estquam
869 5002 1087 5055 bonum
1113 4999 1204 5066 sit,
1231 5004 1296 5053 ut
1319 4998 1428 5052 sibi
1455 5004 1590 5051 nota
1615 4997 1710 5051 sit.
1739 4998 1801 5050 Et
1822 4997 1929 5052 hoc
1962 4998 2197 5067 quidem

548 5090 920 5164 permirabile
937 5095 1044 5155 est,
1063 5089 1321 5143 nondum
1339 5103 1399 5141 se
1415 5103 1604 5150 nosse,
1624 5092 1676 5139 et
1693 5103 1866 5155 quam
1885 5086 2197 5156 pulchrum

547 5182 620 5237 sit
643 5198 703 5236 se
729 5197 920 5250 nosse,
938 5181 1063 5250 jam
1089 5195 1278 5232 nosse.
1305 5179 1389 5230 An
1413 5176 1667 5245 aliquem
1690 5176 1864 5227 tinem
1885 5175 2193 5245 optimum,

546 5273 603 5326 id
637 5277 725 5326 est
756 5270 1123 5325 securitatem
1159 5273 1214 5322 et
1245 5265 1668 5321 beatitudinem
1703 5281 1869 5316 suam
1896 5264 2068 5330 videt,
2097 5281 2197 5335 per

545 5361 858 5430 quamdam
895 5357 1182 5414 occultam
1217 5355 1582 5421 memoriam,
1608 5369 1734 5422 quae
1759 5352 1815 5404 in
1841 5351 2192 5423 longinqua‘

543 5467 666 5505 eam
702 5465 1072 5520 progressam
1106 5464 1220 5502 non
1244 5444 1522 5512 deseruit,
1545 5447 1601 5497 et
1622 5441 1804 5494 credit
1826 5440 1894 5494 ad
1920 5442 2192 5496 eumdem

541 5540 739 5606 ﬁnem,
773 5538 884 5590 nisi
916 5555 976 5592 se
1009 5539 1196 5608 ipsam
1228 5531 1582 5605 cognoverit,
1631 5547 1692 5584 se
1743 5529 2043 5601 pervenire
2075 5547 2190 5584 non

539 5642 708 5697 posse
729 5626 756 5678 ?
784 5630 870 5680 Ita
900 5627 1040 5682 dum
1073 5626 1214 5682 illud
1265 5628 1446 5689 amat,
1477 5622 1585 5676 hoc
1619 5619 1861 5692 quaerit:
1898 5622 1953 5675 et
1983 5624 2187 5676 notum

599 5725 617 5761 ι
654 5720 892 5784 Plerique
922 5723 1065 5785 Mss.,
1096 5724 1150 5774 in
1181 5721 1534 5786 longinquum.

1651 333 1750 390 DE
1795 330 2238 401 TRINITATE,
2291 332 2354 390 S.
2394 331 2819 394 AUGUSTINI
3759 339 3848 397 976

2297 462 2643 530 amatillud,
2669 467 2904 536 propter
2923 463 3078 534 quod
3122 461 3331 534 quaerit
3367 459 3624 534 ignotum.
3662 463 3750 521 Sed
3778 483 3855 523 cur

2297 553 2577 607 memoria
2590 553 2969 608 beatitudinis
2983 570 3097 608 suae
3114 551 3320 624 potuit,
3337 557 3391 606 et
3404 552 3656 608 memoria
3668 555 3856 613 suicum

2296 657 2362 696 ea
2396 644 2710 713 perdurare
2741 660 2856 698 non
2890 643 3097 715 potuit,
3122 648 3186 696 ut
3209 647 3325 696 tam
3349 657 3409 697 se
3440 646 3618 696 nosset
3645 660 3750 714 qua:
3769 647 3860 701 vult

2299 732 2612 802 pervenire,
2640 749 2816 804 quam
2841 732 2997 787 novit
3017 731 3160 785 illud
3193 747 3307 802 quo
3330 729 3448 784 vult
3477 734 3774 802 pervenire?
3795 739 3858 790 An

2300 836 2430 875 cum
2459 837 2518 876 se
2541 838 2710 877 nosse
2734 826 2911 888 amat,
2935 838 3049 876 non
3073 837 3134 875 se
3155 837 3332 891 quam
3358 821 3600 874 nondum
3623 822 3775 891 novit,
3790 823 3862 877 sed

2300 909 2495 980 ipsum
2552 929 2724 967 nosse
2777 916 2971 981 amat;
3007 910 3394 980 acerbiusque
3423 909 3614 964 tolerat
3644 927 3696 964 se
3722 911 3864 980 ipsam

2301 999 2502 1054 deesse
2518 1000 2772 1054 scientiae
2789 1015 2921 1063 suae,
2938 1015 3054 1070 qua
3071 997 3191 1051 vult
3206 1003 3416 1051 cuncta
3429 995 3870 1066 comprehendere?

2300 1086 2466 1142 Novit
2491 1094 2685 1143 autem
2715 1087 2852 1160 quid
2877 1088 2955 1143 sit
2978 1103 3169 1156 nosse,
3204 1090 3258 1140 et
3289 1086 3428 1139 dum
3461 1083 3559 1138 hoc
3590 1089 3726 1138 amat
3754 1085 3870 1154 quod

2302 1179 2479 1244 novit,
2505 1179 2679 1233 etiam
2706 1195 2767 1233 se
2790 1177 2951 1248 cupit
2973 1193 3162 1232 nosse.
3190 1174 3295 1229 Ubi
3315 1189 3449 1244 ergo
3468 1188 3626 1226 nosse
3641 1188 3784 1227 suum
3802 1188 3874 1228 no-

2299 1267 2402 1332 vit,
2423 1267 2550 1322 sise
2570 1284 2681 1322 non
2707 1267 2904 1322 novit?
2930 1266 3072 1320 Nam
3098 1265 3258 1319 novit
3279 1263 3432 1333 quod
3464 1260 3566 1316 alia
3606 1261 3809 1326 noverit,
3831 1276 3877 1315 se

2303 1360 2496 1411 autem
2518 1375 2632 1411 non
2655 1355 2911 1412 noverit?
2929 1354 3064 1409 hinc
3083 1354 3237 1408 enim
3258 1352 3412 1407 novit
3428 1355 3479 1405 et
3497 1350 3624 1421 quid
3643 1349 3876 1405 sitnosse.

2302 1445 2422 1508 Quo
2455 1451 2622 1516 pacto
2671 1445 2851 1518 igitur
2897 1461 2958 1500 se
3002 1443 3224 1514 aliquid
3261 1440 3535 1495 scientem
3565 1440 3680 1493 scit.
3711 1456 3813 1509 qua
3837 1455 3881 1493 se

2303 1535 2491 1606 ipsam
2513 1535 2734 1590 nescit?
2758 1535 2955 1605 Neque
2972 1533 3127 1588 enim
3145 1531 3386 1586 alteram
3404 1533 3640 1583 mentem
3656 1527 3880 1582 scientem

2305 1624 2434 1694 scit,
2460 1625 2560 1678 sed
2587 1640 2648 1678 se
2675 1623 2884 1694 ipsam.
2911 1622 3030 1677 Scit
3049 1621 3230 1693 igitur
3252 1636 3311 1674 se
3337 1618 3541 1688 ipsam.
3566 1617 3757 1670 Deinde
3783 1633 3882 1671 cum

2306 1729 2366 1767 se
2399 1713 2603 1784 quaerit
2635 1718 2696 1766 ut
2728 1711 2966 1781 noverit,
2999 1714 3355 1782 quaerentem
3389 1723 3448 1762 se
3471 1708 3590 1775 jam
3613 1705 3768 1760 novit.
3786 1704 3884 1758 Jam

2305 1817 2366 1855 se
2387 1815 2523 1871 ergo
2547 1801 2722 1855 novit.
2753 1801 3119 1872 Quapropter
3137 1814 3247 1852 non
3271 1800 3457 1867 potest
3473 1793 3694 1848 omnino
3710 1793 3887 1848 nescire

2306 1906 2387 1956 se,
2411 1907 2536 1960 qua:
2557 1890 2696 1943 dum
2718 1905 2778 1944 se
2797 1888 3155 1943 nescientem
3177 1886 3305 1947 scit.
3327 1901 3386 1939 se
3407 1883 3599 1954 utique
3617 1883 3716 1938 scit
3753 1882 3799 1936 Si
3814 1899 3888 1935 au-

2305 1984 2421 2033 tem
2438 1995 2498 2032 se
2517 1978 2870 2032 nescientem
2888 1976 3247 2046 nesciat,non
3263 1991 3324 2030 se
3337 1973 3541 2044 quaerit
3554 1971 3890 2033 utsciat.Qua-

2307 2071 2543 2139 propter
2564 2084 2628 2122 eo
2653 2068 2779 2138 ipso
2803 2083 2918 2138 quo
2944 2083 3005 2121 se
3037 2065 3264 2136 quaerit,
3299 2062 3485 2134 magis
3515 2078 3572 2116 se
3601 2061 3702 2115 sibi
3735 2064 3889 2114 notam

2307 2173 2482 2227 quam
2510 2157 2767 2228 ignotam
2791 2173 2918 2211 esse
2939 2155 3319 2210 convincitur.
3344 2152 3509 2206 Novit
3527 2149 3671 2205 enim
3693 2165 3748 2204 se
3766 2165 3893 2219 quae-

2308 2252 2530 2301 rentem
2551 2251 2723 2316 atque
2750 2246 3125 2309 nescientem,
3151 2243 3291 2296 dum
3317 2256 3378 2295 se
3402 2239 3674 2311 quaritut
3695 2237 3891 2291 noverit.

2378 2334 2603 2390 CAPUT
2631 2334 2717 2387 [ν.
2743 2365 2810 2374 -
2832 2335 2885 2388 6.
2909 2332 3184 2403 Quomodo
3221 2347 3372 2385 mens
3413 2345 3522 2384 non
3542 2344 3608 2383 ex
3642 2329 3799 2398 parte,
3826 2325 3894 2379 sed

2305 2429 2468 2479 tozam
2490 2441 2545 2480 se
2574 2428 2872 2495 cognoscat.
2905 2424 3051 2489 Quid
3084 2437 3220 2492 ergo
3253 2421 3518 2474 dicemus
3539 2417 3565 2470 ?
3594 2435 3660 2471 an
3690 2416 3821 2486 quod
3845 2430 3896 2467 ex

2307 2520 2470 2585 parte
2498 2529 2558 2568 se
2583 2515 2758 2577 novit,
2783 2530 2851 2568 ex
2893 2517 3054 2583 parte
3077 2527 3191 2565 non
3237 2508 3442 2564 novit?
3479 2506 3584 2561 Sed
3622 2503 3894 2560 absurdum

2306 2603 2624 2670 estdicere,
2657 2617 2771 2657 non
2795 2618 2921 2656 eam
2947 2605 3124 2654 totam
3150 2599 3297 2654 scire
3321 2598 3474 2668 quod
3499 2596 3621 2651 scit.
3648 2594 3756 2650 Non
3780 2593 3896 2655 dico,

2305 2691 2514 2745 Totum
2548 2691 2694 2756 scit;
2735 2690 2834 2744 sed
2869 2689 3023 2759 quod
3056 2687 3186 2756 scit,
3241 2693 3358 2741 tota
3407 2685 3534 2741 scit.
3582 2687 3712 2737 Cum
3742 2682 3896 2750 itaque

2305 2779 2525 2850 aliquid
2558 2779 2629 2832 de
2660 2795 2720 2833 se
2751 2779 2880 2845 scit,
2913 2778 3066 2848 quod
3099 2775 3210 2830 nisi
3243 2781 3361 2829 tota
3397 2791 3510 2828 non
3537 2777 3729 2845 potest,
3753 2774 3895 2824 totam

2307 2885 2368 2922 se
2391 2867 2555 2922 scit‘.
2583 2868 2702 2922 Scit
2732 2876 2922 2922 autem
2957 2884 3018 2921 se
3043 2864 3263 2936 aliquid
3295 2863 3598 2931 scientem,
3628 2878 3721 2915 nec
3751 2862 3902 2924 potest

2309 2956 2625 3028 quidquam
2652 2956 2799 3011 scire
2822 2956 2933 3011 nisi
2957 2960 3093 3010 tota.
3117 2953 3704 3024 Scitseigiturtotam.
3726 2947 3904 3003 Deinde

2310 3045 2448 3117 quid
2483 3047 2608 3115 ejus
2640 3045 2688 3101 ei
2721 3051 2839 3100 tam
2875 3051 3077 3099 notum
3108 3047 3215 3109 est,
3251 3059 3430 3112 quam
3475 3058 3536 3096 se
3565 3036 3780 3093 vivere?
3807 3035 3902 3088 Non

2311 3138 2501 3206 potest
2531 3137 2723 3189 autem
2755 3138 2811 3188 et
2840 3150 3008 3188 mens
3038 3149 3188 3196 esse,
3233 3137 3289 3186 et
3321 3147 3437 3184 non
3482 3129 3683 3195 vivere,
3715 3124 3908 3196 quando

2311 3223 2486 3278 habet
2517 3224 2689 3277 etiam
2723 3223 2975 3293 amplius
3009 3225 3071 3276 ut
3101 3219 3430 3290 intelligat:
3484 3235 3612 3272 nam
3659 3220 3709 3270 et
3737 3215 3905 3268 anima

2311 3313 2632 3367 bestiarum
2666 3312 2887 3377 vivunt,
2922 3313 3018 3366 sed
3055 3327 3169 3366 non
3220 3308 3583 3380 intelligunt.
3627 3305 3775 3360 Sicut
3803 3315 3908 3369 ergo

2313 3419 2477 3456 mens
2508 3406 2626 3456 tota
2658 3417 2822 3455 mens
2853 3405 2961 3469 est,
2994 3400 3078 3455 sic
3107 3404 3225 3453 tota
3256 3399 3418 3452 vivit.
3454 3397 3617 3451 Novit
3646 3399 3818 3449 autem
3848 3388 3907 3441 vi-

2310 3507 2441 3547 vere
2471 3506 2552 3544 se.
2588 3491 2792 3545 Totam
2825 3507 2886 3544 se
2924 3489 3104 3561 igitur
3151 3488 3332 3542 novit.
3389 3487 3684 3541 Postremo
3727 3496 3840 3535 cum
3866 3491 3911 3531 se

2311 3595 2482 3634 nosse
2507 3595 2672 3633 mens
2700 3578 2924 3650 quaerit,
2953 3582 3206 3632 mentem
3231 3593 3292 3631 se
3317 3592 3448 3631 esse
3472 3576 3583 3645 jam
3611 3571 3786 3627 novit:
3811 3567 3912 3622 alio-

2312 3669 2452 3738 quin
2491 3675 2684 3723 utrum
2716 3685 2777 3722 se
2809 3672 3032 3738 quaerat
3053 3666 3303 3738 ignorat,
3332 3671 3389 3720 et
3413 3664 3570 3718 aliud
3598 3677 3692 3734 pro
3714 3659 3812 3713 alio
3833 3656 3911 3709 for-

2312 3760 2463 3813 sitan
2515 3757 2787 3828 quazrat'.
2849 3755 3000 3810 Fieri
3049 3756 3205 3810 enim
3256 3759 3454 3824 potest
3487 3757 3551 3806 ut
3583 3753 3704 3822 ipsa
3733 3763 3830 3803 non
3857 3744 3911 3798 sit

2312 3863 2496 3915 mens,
2531 3851 2700 3916 atque
2734 3847 2811 3899 ita
2843 3846 2980 3900 dum
3017 3849 3267 3899 mentem
3306 3859 3478 3897 nosse
3511 3839 3731 3911 quaerit,
3755 3851 3847 3888 non
3866 3846 3909 3883 se

2311 3935 2498 4006 ipsam
2530 3939 2766 4004 quaerat.
2802 3936 3184 4004 Quapropter,
3235 3931 3523 4002 quoniam
3574 3945 3703 3983 cum
3749 3919 3913 3996 quarit

2312 4041 2477 4078 mens
2509 4023 2645 4095 quid
2680 4023 2755 4076 sit
2786 4039 2974 4091 mens,
3000 4022 3156 4075 novit
3177 4021 3330 4092 quod
3358 4037 3419 4075 se
3443 4021 3682 4090 qumrat,
3707 4013 3910 4086 profecto

2312 4113 2468 4166 novit
2499 4113 2652 4182 quod
2685 4111 2812 4182 ipsa
2845 4111 2918 4165 sit
2951 4127 3134 4164 mens.
3171 4109 3344 4164 Porro
3381 4109 3432 4164 si
3466 4108 3574 4163 hoc
3610 4107 3664 4162 in
3706 4121 3760 4158 se
3794 4098 3912 4154 novit

2311 4201 2464 4271 quod
2500 4218 2664 4255 mens
2692 4206 2801 4266 est,
2833 4205 2890 4254 et
2920 4204 3236 4253 tota‘mens
3285 4203 3399 4262 est,
3455 4201 3640 4252 totam
3689 4210 3745 4246 se
3774 4187 3908 4243 novit.

2310 4291 2418 4345 Sed
2454 4307 2581 4345 ecce
2612 4307 2724 4343 non
2759 4305 2818 4342 se
2851 4289 3073 4342 noverit
3102 4304 3229 4342 esse
3261 4292 3552 4353 mentem,
3587 4300 3714 4338 cum
3737 4283 3914 4335 autem.

2311 4395 2371 4434 se
2395 4378 2616 4447 quaerit,
2641 4377 2747 4431 hoc
2770 4376 3176 4432 tantummodo
3202 4375 3429 4430 noverit
3454 4373 3608 4444 quod
3640 4389 3697 4426 se
3720 4369 3912 4440 quaerat-

2311 4466 2502 4522 Potest
2522 4466 2678 4521 enim
2701 4466 2874 4520 etiam
2903 4465 2987 4519 sic
3008 4463 3164 4519 aliud
3190 4479 3291 4534 pro
3324 4463 3441 4518 alio
3474 4476 3746 4532 quaerere,
3778 4452 3915 4511 sihOC

2309 4556 2530 4611 nescit:
2559 4560 2620 4609 ut
2642 4570 2837 4608 autem
2866 4570 2979 4608 non
3004 4559 3224 4622 quaerat
3265 4551 3426 4606 aliud
3471 4567 3575 4622 pro
3609 4536 3913 4616 alio,procul

2307 4644 2486 4699 dubio
2520 4645 2674 4697 novit
2709 4641 2846 4712 quid
2881 4647 3120 4712 quaerat.
3155 4643 3225 4695 At
3258 4641 3304 4694 si
3340 4639 3505 4695 novit.
3551 4637 3686 4709 quid
3719 4631 3915 4705 quaret.

2308 4739 2365 4788 et
2387 4750 2447 4787 se
2471 4733 2658 4802 ipsam
2686 4731 2910 4801 quaerit,
2937 4747 2996 4784 se
3020 4730 3206 4800 ipsam
3234 4728 3435 4799 utique
3462 4728 3644 4783 novit.
3666 4722 3800 4789 Quid
3818 4730 3920 4785 ergo

2309 4823 2499 4876 adhuc
2524 4819 2776 4891 quaerit?
2798 4819 2960 4883 Quod
2989 4818 3035 4871 si
3079 4835 3146 4871 ex
3189 4823 3348 4888 parte
3395 4833 3459 4870 se
3493 4814 3671 4878 novit,
3704 4827 3764 4865 ex
3793 4810 3918 4878 parte

2307 4916 2501 4965 autem
2527 4909 2717 4964 adhuc
2739 4907 2968 4978 quaerit,
2985 4923 3098 4961 non
3114 4923 3175 4961 se
3195 4906 3408 4978 ipsam,
3426 4906 3528 4960 sed
3547 4907 3762 4975 partem
3781 4907 3916 4951 suam

2307 4999 2530 5069 quaerit.
2557 4999 2697 5051 Cum
2720 4997 2874 5050 enim
2901 5013 2966 5050 ea
2985 4995 3111 5066 ipsa
3134 4995 3371 5060 dicitur,
3397 5000 3524 5048 tota
3543 4991 3766 5046 dicitur.
3785 4982 3918 5040 Dein-

2307 5090 2377 5142 de
2400 5087 2536 5157 quia
2562 5088 2716 5139 novit
2739 5085 3000 5139 nondum
3024 5101 3085 5138 se
3107 5101 3140 5136 a
3160 5100 3221 5138 se
3245 5084 3545 5137 inventam
3571 5086 3767 5146 totam,
3795 5072 3919 5128 110Vit

2306 5180 2526 5246 quanta
2552 5174 2626 5229 sit
2651 5179 2788 5228 tota.
2813 5176 2999 5243 Atque
3020 5172 3103 5225 ita
3125 5172 3332 5243 quaerit
3359 5172 3518 5242 quod
3549 5170 3728 5231 deest,
3749 5174 3916 5234 quem-

2304 5265 2619 5319 admodum
2653 5262 2912 5317 solemus
2943 5278 3221 5332 quasrere,
3258 5266 3322 5315 ut
3364 5259 3566 5314 veniat
3614 5258 3670 5310 in
3702 5257 3918 5308 mentem

2303 5355 2454 5425 quod
2484 5353 2716 5416 excidit,
2743 5368 2846 5406 nec
2868 5357 3061 5404 tamen
3086 5351 3315 5421 penitus
3339 5343 3745 5415 excedit;quia
3761 5337 3919 5411 potest

2301 5441 2659 5514 recognosci,
2680 5456 2815 5495 cum
2839 5441 3080 5505 venerit,
3106 5440 3212 5495 hoc
3233 5436 3543 5508 essequod
3564 5431 3914 5506 quaerebatur.

2362 5660 2379 5694 ι
2412 5654 2664 5706 Nonnulli
2695 5654 2839 5715 Mss,
2871 5653 2977 5702 tota
3005 5667 3057 5703 se
3090 5653 3202 5701 scit.

2360 5719 2386 5758 θ
2413 5719 2568 5770 Juxta
2597 5719 2743 5778 Lov.,
2766 5716 2969 5783 querit.
3068 5717 3136 5768 Μ.
