4100 6194
271 376 384 436 981

274 526 342 564 ea
369 509 666 565 voluntate
688 508 909 565 volunt.
934 510 1270 566 Meminisse
1304 511 1481 566 etiam
1506 528 1566 564 se
1598 510 1793 565 sciunt
1816 528 1828 577 ;
1854 512 1927 564 si-

278 599 521 670 mulque
544 599 737 653 sciunt
758 599 910 670 quod
939 615 1105 655 nemo
1133 599 1519 665 meminisset,
1544 598 1655 655 nisi
1677 604 1830 653 esset
1861 615 1927 653 ac

278 687 494 743 viveret
520 704 532 741 :
563 688 663 742 sed
691 691 746 742 et
775 688 962 758 ipsam
1002 688 1342 743 memoriam
1367 688 1436 742 ad
1462 686 1682 757 aliquid
1722 687 1925 741 referi-

283 793 439 842 mus,
486 777 639 847 quod
682 792 749 832 ea
780 777 1179 831 meminimus.
1221 777 1461 831 Duobus
1500 776 1681 841 igitur
1717 775 1926 830 horum

279 866 481 934 trium,
515 866 800 921 memoria
839 871 896 920 et
936 865 1345 937 intelligentia,
1378 864 1697 919 multarum
1731 879 1926 918 rerum

277 953 483 1009 notitia
521 958 695 1024 atque
740 953 959 1009 scentis.
1000 956 1375 1017 continentur
1399 953 1699 1009 :voluntas
1731 957 1925 1007 autem

276 1044 462 1109 adest,
498 1060 600 1114 per
629 1059 807 1114 quam
840 1045 1105 1098 fruamur
1134 1042 1220 1098 eis
1254 1042 1339 1098 vel
1374 1048 1627 1097 utamur.
1657 1040 1924 1095 Fruiiuur

276 1131 433 1186 enim
448 1131 781 1203 cognitis,in
797 1132 1010 1202 quibus
1030 1130 1298 1187 voluntas
1314 1132 1457 1203 ipsis
1475 1136 1710 1202 propter
1722 1130 1924 1200 seipsa

279 1219 563 1275 delectata
585 1219 941 1291 conquiescit
968 1237 980 1274 :
1008 1221 1229 1276 utimur
1248 1238 1379 1275 vero
1406 1222 1490 1275 eis
1514 1236 1643 1291 quas
1672 1220 1741 1274 ad
1768 1218 1924 1272 aliud

275 1309 582 1365 referimus
597 1325 711 1380 quo
735 1309 1045 1364 fruendum
1079 1313 1308 1364 est.Nec
1335 1314 1424 1363 est
1445 1308 1560 1363 alia
1594 1308 1709 1362 vita
1733 1306 1924 1361 homi-

277 1414 419 1453 num
462 1397 672 1452 vitiosa
699 1402 873 1469 atque
912 1396 1243 1468 culpabilis,
1264 1413 1443 1468 quam
1484 1396 1636 1451 male
1676 1401 1845 1450 utens
1871 1397 1928 1449 et

277 1486 428 1541 male
455 1488 675 1541 fruens.
689 1487 764 1541 De
780 1502 965 1556 quare
983 1502 1094 1541 non
1111 1491 1200 1541 est
1218 1502 1374 1540 nunc
1396 1483 1718 1539 disserendi
1740 1482 1922 1538 locus.

350 1576 435 1630 14.
477 1575 584 1630 Sed
609 1576 888 1647 quoniam
919 1575 991 1629 de
1014 1581 1221 1629 natura
1251 1574 1467 1629 mentis
1497 1572 1710 1644 agitur,
1736 1588 1926 1626 remo-

276 1662 1045 1719 veamusaconsideratione
1070 1667 1266 1719 nostra
1290 1678 1493 1717 omnes
1524 1660 1768 1716 notitias
1798 1676 1924 1730 quas

276 1752 584 1823 capiuntur
604 1750 965 1806 extrinsecus
984 1767 1086 1821 per
1109 1766 1320 1807 sensus
1336 1748 1617 1821 corporis;
1643 1753 1699 1805 et
1719 1764 1786 1804 ea
1800 1764 1926 1819 quae

277 1840 606 1912 posuimus,
625 1856 829 1895 omnes
852 1844 1075 1894 mentes
1096 1841 1166 1894 de
1185 1855 1246 1894 se
1269 1839 1412 1909 ipsis
1436 1855 1606 1893 nosse
1627 1845 1927 1907 certasque

277 1928 773 2000 esse,diligentius
795 1929 1189 1983 attendamus.
1229 1927 1435 1983 Utrum
1464 1928 1621 1982 enim
1660 1926 1810 1982 aeris
1852 1925 1928 1979 sit

276 2020 365 2073 vis
395 2018 647 2085 vivendi,
676 2017 1110 2083 reminiscendi,
1136 2017 1516 2088 intelligendi,
1551 2015 1797 2081 volendi,
1830 2032 1923 2070 co-

279 2106 1115 2180 gitandi,sciendi,judicandi
1137 2123 1151 2173 ;
1175 2123 1247 2161 an
1279 2106 1453 2178 ignis,
1487 2122 1557 2159 an
1582 2105 1823 2168 cerebri,
1854 2122 1928 2159 an

283 2196 612 2267 sanguinis,
636 2212 710 2249 an
732 2201 1171 2259 atomorum,an
1206 2198 1412 2265 praeter
1451 2193 1663 2249 usitata
1683 2200 1934 2265 quatuor

276 2286 563 2342 elementa
590 2286 779 2357 quinti
803 2286 999 2340 nescio
1022 2286 1188 2355 cujus
1206 2284 1484 2354 corporis,
1508 2302 1580 2339 an
1604 2284 1790 2356 ipsius
1812 2301 1931 2339 car-

277 2374 371 2430 nis
389 2380 597 2429 nostrze
621 2389 902 2444 compago
914 2372 1004 2429 vel
1023 2377 1548 2444 temperamentum
1566 2372 1687 2427 haec
1708 2373 1934 2428 efficere

192 2460 197 2469 ’
275 2463 483 2531 valeat,
517 2463 933 2517 dubitaverunt
982 2461 1250 2516 homines
1280 2477 1292 2514 :
1328 2466 1386 2515 et
1431 2460 1583 2517 alius
1622 2461 1749 2528 hoc,
1783 2460 1934 2515 alius

276 2550 435 2607 aliud
459 2551 755 2605 afﬁrmare
778 2556 1026 2605 conatus
1056 2557 1162 2604 est.
1197 2549 1399 2605 Vivere
1417 2567 1478 2605 se
1513 2555 1705 2605 tamen
1737 2555 1794 2604 et
1814 2566 1934 2605 me-

278 2640 542 2705 minisse,
560 2644 623 2707 et
644 2637 994 2711 intelligere,
1028 2644 1086 2693 et
1120 2637 1290 2706 velle,
1313 2644 1369 2693 et
1399 2639 1747 2710 cogitare,et
1765 2638 1934 2707 scire,

277 2734 336 2783 et
359 2728 626 2799 judicare
668 2728 801 2798 quis
844 2727 1123 2783 dubitet?
1163 2728 1647 2799 Quandoquidem
1680 2728 1851 2783 etiam
1885 2727 1935 2783 si

278 2817 532 2883 dubitat,
555 2816 692 2871 vivit
719 2816 803 2872 :si
825 2816 1055 2871 dubitat
1086 2817 1238 2871 unde
1262 2817 1509 2883 dubitet,
1551 2816 1852 2883 meminit;
1886 2814 1936 2870 si

280 2898 559 2971 dubitat,
588 2905 857 2961 dubitare
899 2921 960 2959 se
997 2904 1306 2976 intelligit;
1343 2904 1393 2959 si
1441 2906 1691 2969 dubitat,
1742 2912 1937 2959 certus

281 3011 414 3051 esse
447 2993 591 3061 vult;
616 2993 665 3049 si
697 2993 947 3057 dubitat,
972 2993 1217 3065 cogitat;
1246 2994 1295 3048 si
1318 2993 1567 3059 dubitat,
1590 2992 1699 3048 scit
1721 3010 1783 3048 se
1806 3010 1935 3048 nes-

282 3084 433 3150 cire;
490 3082 540 3138 si
582 3082 831 3149 dubitat,
865 3082 1096 3153 judicat
1133 3099 1248 3137 non
1281 3099 1342 3138 se
1369 3088 1587 3138 temere
1610 3083 1940 3138 consentire

282 3179 571 3247 Oportere.
588 3173 862 3245 Quisquis
882 3173 1062 3245 igitur
1081 3172 1315 3229 aliunde
1331 3173 1582 3237 dubitat,
1607 3173 1679 3228 de
1700 3172 1792 3227 his
1814 3189 1938 3228 om-

282 3264 462 3319 nibus
486 3261 755 3318 dubitare
776 3279 891 3317 non
916 3261 1120 3318 debet:
1147 3278 1275 3334 quae
1302 3262 1350 3317 si
1375 3279 1490 3318 non
1512 3262 1809 3330 essent,de
1822 3261 1942 3318 ulla

283 3368 347 3407 re
381 3352 652 3407 dubitare
683 3367 800 3405 non
831 3355 1048 3421 posset.

357 3442 442 3495 15.
462 3440 591 3495 Haec
623 3439 842 3503 omnia,
866 3439 965 3510 qui
996 3438 1081 3495 vel
1114 3456 1324 3511 corpus
1347 3439 1434 3495 vel
1456 3440 1939 3512 compositionem

285 3546 390 3586 seu
425 3529 910 3600 temperationem
935 3528 1195 3599 corporis
1217 3545 1345 3583 esse
1367 3535 1619 3585 mentem
1648 3529 1940 3599 putant,in

286 3620 557 3689 subjecto
589 3634 717 3673 esse
739 3617 941 3672 volunt
967 3617 1169 3687 videri,
1196 3622 1257 3671 ut
1277 3618 1605 3673 substantia
1626 3617 1830 3684 sitaer,
1854 3615 1941 3671 vel

287 3709 469 3781 ignis,
495 3707 612 3763 sive
634 3706 870 3777 aliquod
910 3706 1067 3761 aliud
1101 3722 1333 3777 corpus,
1358 3707 1511 3777 quod
1546 3711 1797 3762 mentem
1833 3723 1939 3775 pu-

290 3803 459 3865 tant;
492 3795 881 3868 intelligentia
912 3812 1044 3851 vero
1076 3794 1156 3849 ita
1176 3794 1317 3850 insit
1338 3795 1477 3850 huic
1508 3794 1756 3866 corpori,
1790 3795 1942 3849 sicut

293 3886 549 3958 qualitas
570 3886 735 3955 ejus:
763 3883 988 3939 utillud
1017 3885 1349 3952 subjectum
1375 3885 1471 3952 sit,
1504 3884 1622 3939 haec
1652 3884 1713 3938 in
1746 3884 1938 3954 subje-

288 3981 403 4043 cto;
430 3975 760 4044 subjectum
784 3971 1006 4027 scilicet
1036 3989 1202 4028 mens
1232 3989 1411 4043 quam
1443 3988 1655 4044 corpus
1685 3987 1814 4027 esse
1843 3989 1941 4027 ar-

292 4065 607 4131 bitrantur,
629 4062 687 4116 in
721 4062 984 4130 subjecto
1006 4065 1200 4116 autem
1222 4060 1627 4134 intelligentia,
1651 4062 1772 4117 sive
1800 4061 1941 4131 quid

287 4152 450 4209 aliud
484 4167 684 4206 eorum
717 4166 845 4220 quae
889 4154 1045 4204 certa
1076 4150 1242 4205 nobis
1290 4166 1420 4206 esse
1466 4150 1944 4206 commemoravi-

287 4258 447 4298 mus.
480 4243 657 4295 Juxta
686 4239 1003 4310 opinantur
1023 4238 1198 4294 etiam
1231 4238 1315 4294 illi
1342 4240 1441 4310 qui
1474 4244 1727 4294 mentem
1751 4245 1941 4311 ipsam

289 4335 509 4402 negant
542 4343 669 4383 esse
695 4343 929 4399 corpus,
953 4327 1053 4381 sed
1090 4328 1494 4399 compaginem
1532 4333 1633 4383 aut
1661 4332 1945 4399 tempera-

287 4420 509 4475 tionem
533 4416 812 4488 corporis.
852 4415 965 4470 Hoc
998 4415 1155 4470 enim
1188 4416 1450 4481 interest,
1482 4417 1636 4487 quod
1663 4416 1745 4471 illi
1779 4433 1941 4472 men-

287 4513 409 4563 tem
438 4506 629 4578 ipsam
661 4504 864 4559 dicunt
884 4520 1012 4559 esse
1042 4504 1459 4570 substantiam,
1502 4504 1561 4558 in
1595 4521 1709 4575 quo
1744 4506 1942 4575 subje-

288 4602 381 4652 cto
398 4592 996 4664 sitintelligentiazisti
1031 4597 1224 4647 autem
1247 4592 1441 4663 ipsam
1460 4602 1713 4647 mentem
1731 4593 1789 4648 in
1810 4594 1944 4649 sub-

286 4686 436 4755 jecto
460 4699 589 4738 esse
618 4682 840 4748 dicunt,
877 4696 1116 4752 corpore
1141 4680 1366 4735 scilicet
1395 4683 1566 4750 cujus
1598 4683 1943 4752 compositio

291 4774 380 4829 vel
407 4771 754 4843 temperatio
776 4775 883 4825 est.
922 4770 1079 4826 Unde
1117 4776 1541 4840 consequenter
1564 4772 1740 4825 etiam
1774 4771 1942 4827 intel-

292 4862 596 4933 ligentiam
626 4858 765 4931 quid
799 4858 957 4913 aliud
990 4875 1168 4929 quam
1200 4860 1261 4914 in
1304 4859 1505 4915 eodem
1534 4862 1794 4930 subjecto
1816 4877 1938 4917 cor-

293 4968 432 5024 pore
454 4948 836 5006 existimant?

365 5041 452 5095 16.
496 5038 605 5104 Qui
644 5053 850 5093 omnes
880 5054 993 5093 non
1026 5037 1356 5105 advertunt,
1392 5042 1650 5094 mentem
1686 5055 1860 5094 nosse
1882 5056 1945 5095 se

289 5128 468 5185 etiam
487 5144 618 5183 cum
646 5126 855 5198 quaerit
884 5142 965 5192 se,
1008 5126 1161 5181 sicut
1186 5127 1309 5197 jam
1353 5127 1738 5182 ostendimus.
1775 5128 1943 5185 Nullo

293 5218 466 5274 modo
496 5222 690 5271 autem
715 5218 869 5270 recte
900 5214 1116 5269 dicitur
1137 5215 1273 5267 sciri
1292 5214 1487 5284 aliqua
1510 5232 1620 5281 res,
1651 5216 1789 5269 dum
1815 5216 1943 5286 ejus

289 5307 600 5379 ignoratur
615 5302 1427 5373 substantia.Quapropter,cu
1441 5320 1493 5355 m
1510 5320 1571 5357 se
1585 5318 1751 5358 mens
1765 5306 1942 5374 novit,

292 5395 682 5452 substantiam
710 5409 877 5448 suam
902 5391 1078 5456 novit;
1103 5396 1160 5446 et
1183 5406 1316 5445 cum
1358 5391 1428 5445 de
1450 5407 1511 5445 se
1533 5398 1687 5446 certa
1734 5398 1842 5459 est,
1875 5394 1945 5448 de

293 5483 635 5541 substantia
651 5499 760 5537 sua
781 5487 939 5536 certa
959 5484 1069 5535 est.
1106 5480 1273 5535 Certa
1313 5485 1402 5534 est
1424 5486 1617 5535 autem
1661 5482 1729 5535 de
1756 5498 1837 5549 se,
1873 5483 1947 5537 si-

294 5578 398 5630 cut
437 5572 790 5628 convincunt
838 5585 904 5624 ea
926 5585 1052 5641 quae
1102 5584 1282 5640 supra
1312 5568 1467 5623 dicta
1497 5578 1651 5623 sunt.
1678 5569 1789 5624 Nec
1821 5587 1944 5625 om-

296 5661 439 5718 nino
468 5664 625 5716 certa
650 5664 758 5725 est,
791 5664 988 5713 utrum
1020 5673 1137 5726 aer,
1170 5673 1242 5712 an
1287 5656 1441 5729 ignis
1474 5657 1570 5723 sit,
1605 5675 1678 5711 an
1711 5657 1945 5730 aliquod

300 5748 641 5824 corpus,vel
664 5747 886 5821 aliquid
910 5746 1189 5821 corporis.
1236 5746 1361 5803 Non
1391 5750 1482 5801 est
1513 5745 1693 5819 igitur
1722 5746 1944 5820 aliquid

1652 378 1884 437 LIBER
1930 378 2300 440 DECIMUS.

3560 378 3680 439 982

2038 526 2235 564 eorum
2266 528 2278 565 :
2310 517 2613 583 totumque
2642 513 2785 568 illud
2814 515 2966 585 quod
2994 530 3054 570 se
3081 514 3322 585 jubetur
3345 517 3408 568 ut
3440 513 3683 573 noverit,

2034 599 2102 654 ad
2139 598 2246 653 hoc
2280 601 2529 670 pertinet
2560 606 2623 656 ut
2654 608 2808 657 certa
2828 604 2906 658 sit
2927 621 3041 659 non
3076 621 3204 659 esse
3235 602 3457 673 aliquid
3479 618 3681 657 eorum

2034 687 2104 741 de
2126 687 2341 756 quibus
2372 689 2596 744 incerta
2616 695 2723 755 est,
2757 692 2931 762 idque
2958 691 3148 747 solum
3181 708 3308 746 esse
3333 709 3393 745 se
3407 694 3562 745 certe
3584 690 3679 755 sit,

2034 776 2187 846 quod
2214 775 2403 830 solum
2427 794 2554 831 esse
2585 795 2645 833 se
2663 786 2937 835 certaest.
2962 780 3053 835 sic
3078 780 3233 835 enim
3254 779 3674 851 cogitatignem

2035 869 2136 918 aut
2165 881 2379 931 aerem,
2412 872 2469 920 et
2499 867 2778 938 quidquid
2815 868 2972 924 aliud
3007 871 3267 941 corporis
3298 870 3531 941 cogitat.
3562 869 3676 922 Ne-

2035 967 2145 1021 que
2179 951 2295 1007 ullo
2320 956 2489 1009 modo
2522 955 2642 1008 lieri
2677 961 2872 1026 posset
2902 962 2966 1011 ut
2990 958 3071 1011 ita
3111 956 3389 1035 cogitaret
3435 955 3491 1010 id
3526 960 3678 1026 quod

2036 1038 2162 1111 ipsa
2182 1044 2289 1107 est,
2314 1043 2808 1112 quemadmodum
2854 1045 3088 1117 cogitat,
3120 1046 3176 1099 id
3212 1044 3362 1116 quod
3396 1043 3525 1115 ipsa
3564 1060 3679 1098 non

2033 1134 2140 1184 est.
2157 1133 2263 1184 Per
2285 1130 2655 1201 phantasiam
2676 1132 3310 1206 quippeimaginariam
3334 1132 3681 1203 cogitathzec

2034 1218 2251 1287 omnia,
2284 1219 2402 1273 sive
2428 1220 2641 1291 ignem,
2667 1222 2784 1277 sive
2818 1238 3033 1293 aerem,
3068 1225 3188 1277 sive
3228 1222 3369 1277 illud
3406 1222 3493 1277 vel
3535 1221 3679 1276 illud

2034 1322 2267 1377 corpus,
2294 1315 2588 1377 partemve
2604 1309 2783 1373 illam,
2809 1328 2872 1365 se
2892 1312 3295 1383 compaginem
3315 1317 3427 1365 tem
3439 1310 3680 1381 peratio-

2034 1411 2285 1465 nemque
2304 1398 2603 1468 corporis;
2637 1415 2741 1453 nec
2790 1401 2991 1470 utique
3032 1402 3145 1456 ista
3175 1401 3392 1465 omnia,
3435 1400 3534 1455 sed
3573 1399 3679 1454 ali-

2033 1484 2176 1553 quid
2208 1484 2417 1539 borum
2444 1503 2570 1540 esse
2592 1487 2821 1542 dicitur.
2848 1489 2907 1542 Si
2941 1489 3078 1560 quid
3118 1495 3314 1543 autem
3345 1488 3555 1544 horum
3587 1504 3675 1543 es-

2033 1577 2142 1639 set,
2177 1573 2345 1627 aliter
2382 1575 2437 1628 id
2492 1591 2667 1644 quam
2706 1581 2909 1632 caetera
2954 1579 3251 1645 cogitaret,
3302 1594 3414 1632 non
3458 1577 3679 1633 scilicet

2032 1677 2135 1733 per
2164 1662 2478 1734 imaginale
2504 1664 2872 1734 ﬁgmentum,
2905 1666 3056 1720 sicut
3077 1667 3447 1738 congitantur
3469 1667 3676 1721 absen-

2032 1750 2132 1820 tia,
2150 1767 2276 1822 quaa
2300 1768 2473 1807 sensu
2500 1754 2759 1822 corporis
2780 1759 2931 1809 tacta
2956 1760 3115 1820 sunt,
3133 1756 3250 1809 sive
3271 1755 3507 1810 omnino
3528 1755 3679 1825 ipsa,

2034 1839 2151 1894 sive
2182 1840 2446 1909 ejusdem
2460 1843 2688 1912 generis
2708 1843 2933 1914 aliqua;
2961 1846 3058 1899 sed
3086 1844 3677 1915 quantaminteriore,

2035 1944 2147 1983 non
2181 1928 2476 1997 simulata,
2511 1932 2611 1985 sed
2653 1948 2786 1986 vera
2815 1935 3122 2003 praesentia
3154 1935 3291 2003 (non
3331 1934 3484 1987 enim
3507 1933 3677 2003 quid-

2035 2034 2212 2089 quam
2238 2017 2432 2074 illiest
2469 2036 2530 2074 se
2566 2021 2693 2091 ipsa
2731 2023 3131 2091 praesentius):
3169 2021 3321 2077 sicut
3361 2020 3573 2092 cogitat
3600 2021 3685 2074 vi-

2036 2125 2164 2165 vere
2193 2115 2337 2176 se,et
2366 2111 2724 2177 meminisse,
2748 2116 2804 2166 et
2834 2111 3178 2182 intelligere,
3203 2116 3260 2165 et
3282 2112 3426 2165 velle
3449 2128 3530 2165 se.
3565 2111 3678 2165 No-

2036 2197 2117 2252 vit
2145 2198 2301 2253 enim
2338 2198 2457 2253 haec
2499 2198 2552 2253 in
2578 2215 2662 2263 se,
2695 2216 2800 2254 nec
2828 2200 3187 2270 imaginatur
3224 2200 3391 2271 quasi
3436 2206 3599 2255 extra
3620 2214 3681 2254 se

2038 2285 2138 2341 illa
2158 2303 2332 2341 sensu
2359 2288 2620 2358 tetigirit,
2645 2289 2799 2342 sicut
2820 2288 3143 2358 corporalia
3165 2304 3409 2359 quaeque
3440 2293 3687 2358 tangun-

2039 2380 2155 2431 tur.
2188 2381 2265 2430 Ex
2286 2393 2536 2447 quorum
2568 2376 3020 2449 cogitationibus
3044 2378 3091 2433 si
3124 2376 3268 2431 nihil
3293 2376 3406 2431 sibi
3424 2377 3689 2448 efﬁngat,

2040 2469 2105 2518 ut
2120 2462 2232 2518 tale
2257 2462 2477 2535 aliquid
2497 2481 2625 2520 esse
2647 2482 2707 2519 se
2734 2470 2916 2536 putet,
2941 2465 3223 2537 quidquid
3243 2465 3293 2520 ei
3322 2466 3393 2520 de
3415 2482 3477 2519 se
3499 2481 3691 2520 rema-

2041 2557 2159 2617 net,
2192 2552 2301 2607 hoc
2334 2552 2522 2608 solum
2553 2553 2685 2624 ipsa
2714 2559 2823 2608 est.

2112 2641 2344 2697 CAPUT
2385 2646 2480 2695 ΧΙ.
2506 2673 2574 2682 -
2594 2644 2679 2697 17.
2699 2647 2766 2697 In
2799 2644 3090 2711 memoria,
3117 2644 3505 2712 intelligentia,
3532 2646 3584 2698 et
3603 2660 3697 2698 vo-

2042 2730 2255 2785 luntate
2284 2730 2603 2785 observatur
2632 2733 2938 2799 ingenium,
2970 2732 3223 2787 doctrina
3243 2739 3296 2787 et
3318 2748 3466 2787 usus.
3494 2736 3699 2787 Memo-

2042 2819 2150 2883 ria,
2176 2819 2552 2889 intelligentia
2573 2824 2627 2874 et
2655 2820 2904 2874 voluntas
2934 2835 3107 2874 unum
3136 2829 3267 2875 sunt
3299 2821 3695 2886 essentialiter,

2044 2918 2097 2963 et
2125 2909 2245 2962 tria
2272 2909 2518 2963 relative.
2576 2908 2837 2964 Remotis
2882 2908 3066 2979 igitur
3104 2910 3405 2981 paulisper
3444 2908 3691 2976 caeteris,

2045 3013 2295 3061 quorum
2329 3013 2493 3052 mens
2520 2998 2592 3052 de
2621 3015 2682 3053 se
2708 2999 2835 3069 ipsa
2865 3003 3020 3053 certa
3051 3004 3160 3063 est,
3188 2998 3300 3053 tria
3330 2998 3449 3053 haec
3471 2997 3698 3069 potissi-

2046 3102 2209 3140 mum
2241 3085 2961 3155 consideratatractemus,
2987 3086 3697 3158 memoriam,intelligen-

2043 3174 2212 3240 tiam,
2242 3173 2624 3230 voluntatem.
2652 3175 2713 3229 In
2746 3175 2837 3231 his
2872 3176 3029 3231 enim
3055 3176 3244 3230 tribus
3276 3174 3479 3247 inspici
3514 3174 3702 3230 solent

2046 3263 2222 3319 etiam
2248 3263 2481 3335 ingenia
2513 3264 2887 3335 parvulorum
2921 3264 3251 3335 cujusmodi
3285 3266 3693 3335 przeferantin-

2047 3351 2259 3408 dolem.
2292 3354 2518 3417 Quanto
2545 3352 2762 3424 quippe
2793 3353 3055 3407 tenacius
3078 3357 3135 3407 et
3158 3352 3388 3407 facilius
3413 3370 3556 3423 puer
3586 3368 3701 3406 me-

2047 3442 2239 3507 minit,
2290 3445 2623 3511 quantoque
2661 3441 2894 3496 acutius
2945 3441 3275 3512 lntelligit‘,
3306 3446 3363 3495 et
3392 3441 3588 3495 studet
3610 3458 3700 3494 ar-

2047 3530 2301 3598 dentius,
2335 3534 2497 3584 tanto
2520 3535 2608 3584 est
2638 3528 3036 3584 laudabilioris
3058 3529 3451 3600 ingenii.Cum
3475 3545 3606 3583 vero
3632 3531 3701 3582 de

2047 3619 2333 3687 cujusque
2363 3617 2628 3671 doctrina
2665 3619 2963 3688 quaeritur,
2999 3634 3112 3671 non
3166 3623 3385 3688 quanta
3427 3616 3700 3671 ﬁrmitate

2047 3722 2113 3761 ac
2146 3705 2420 3760 facilitate
2455 3704 2905 3768 meminerit,vel
2939 3705 3443 3776 quantoacumina
3474 3704 3689 3758 intelli-

2047 3794 2269 3863 gat;sed
2285 3794 2425 3865 quid
2449 3794 2802 3859 meminerit,
2834 3799 2890 3848 et
2917 3794 3057 3864 quid
3081 3793 3368 3865 intelligat
3392 3793 3693 3864 quaeritur.

2048 3884 2119 3937 Et
2148 3882 2287 3954 quia
2318 3899 2431 3938 non
2466 3887 2693 3937 tantum
2727 3899 2905 3954 quam
2939 3884 3145 3938 doctus
3167 3883 3263 3947 sit,
3294 3883 3699 3937 consideratur

2048 3970 2361 4026 laudabilis
2384 3972 2640 4042 animus,
2666 3972 2764 4026 sed
2788 3972 2963 4026 etiam
2997 3988 3170 4042 quam
3195 3971 3414 4026 bonus:
3433 3988 3544 4027 non
3567 3976 3696 4026 tan-

2046 4065 2173 4116 tum
2203 4061 2345 4132 quid
2378 4059 2712 4115 meminerit
2732 4060 2943 4131 etquid
2970 4060 3495 4132 intelligat,verum
3520 4060 3695 4115 etiam

2049 4149 2191 4221 quid
2223 4149 2363 4204 velit
2385 4148 2733 4216 attenditur;
2774 4165 2890 4203 non
2940 4155 3160 4220 quanta
3201 4148 3510 4220 ﬂagrantia
3539 4149 3695 4214 velit,

2049 4239 2149 4293 sed
2182 4239 2322 4309 quid
2354 4237 2491 4293 velit
2539 4239 2723 4308 prius,
2770 4237 2978 4293 deinde
3010 4243 3319 4309 quamtum
3350 4237 3506 4292 velit.
3538 4239 3699 4292 Tunc

2049 4328 2203 4384 enim
2248 4326 2582 4382 laudandus
2637 4333 2726 4382 est
2769 4328 3003 4381 animus
3041 4327 3416 4381 vehementer
3469 4342 3696 4392 amans,

2051 4433 2185 4471 cum
2217 4416 2274 4470 id
2306 4417 2457 4487 quod
2483 4420 2642 4470 amat
2662 4416 3032 4470 vehementer
3062 4415 3379 4470 amandum
3413 4420 3519 4469 est.
3553 4416 3698 4469 Cum

2051 4520 2186 4575 ergo
2219 4505 2497 4559 dicuntur
2518 4504 2639 4558 haec
2670 4504 2802 4566 tria,
2835 4502 3161 4573 ingenium,
3212 4504 3498 4569 doctrina,
3532 4520 3697 4569 usus,

2052 4594 2308 4665 primum
2342 4592 2552 4647 horum
2594 4592 2997 4647 consideratur
3035 4590 3095 4645 in
3145 4590 3261 4645 illis
3310 4592 3521 4655 tribus,
3556 4592 3696 4663 quid

2051 4683 2240 4754 possit
2268 4682 2517 4753 quisque
2540 4680 3261 4751 memoria,intelligentia,
3278 4685 3335 4735 et
3356 4680 3695 4736 voluntatc'.

2051 4771 2387 4827 Secundum
2405 4786 2606 4824 eorum
2631 4769 3038 4825 consideratur
3051 4770 3192 4840 quid
3215 4769 3426 4825 habeat
3448 4772 3698 4841 quisque

2050 4862 2111 4916 in
2164 4859 2465 4925 memoria,
2516 4865 2574 4913 et
2618 4856 3024 4929 intelligentia,
3055 4875 3172 4929 quo
3203 4859 3465 4914 studiosa
3493 4858 3695 4913 volun-

2051 4954 2170 5006 tate
2195 4947 2538 5021 pervenerit.
2570 4948 2702 5002 Jam
2731 4964 2864 5003 vero
2895 4965 3039 5003 usus
3069 4948 3278 5002 tertius
3309 4946 3365 5000 in
3403 4947 3698 5002 voluntate

2052 5042 2161 5104 est,
2196 5041 2585 5109 pertractante
2614 5035 2716 5091 illa
2746 5036 2947 5105 quain
2972 5037 3254 5091 memoria
3283 5040 3341 5089 et
3371 5034 3701 5106 intelligen-

2050 5128 2134 5182 tia
2164 5126 2557 5190 continentur,
2591 5125 2710 5181 sive
2744 5126 2813 5179 ad
2848 5124 3065 5195 aliquid
3100 5141 3168 5178 ea
3194 5123 3424 5188 referat,
3453 5123 3573 5177 sive
3605 5140 3700 5179 eo-

2054 5232 2182 5269 rum
2215 5216 2328 5268 ﬁne
2360 5213 2651 5268 delectata
2680 5214 3072 5283 conquiescat.
3111 5211 3201 5266 Uti
3224 5212 3401 5278 enim,
3434 5216 3700 5267 estassu-

2056 5320 2213 5359 mere
2244 5302 2463 5372 aliquid
2490 5303 2547 5357 in
2582 5304 2913 5357 facultatem
2944 5299 3259 5354 voluntatis
3295 5314 3307 5352 :
3341 5299 3452 5354 frui
3484 5305 3575 5355 est
3604 5317 3705 5355 au-

2054 5398 2196 5459 tem,
2229 5393 2311 5447 uti
2344 5408 2477 5447 cum
2505 5392 2741 5463 gaudio,
2776 5407 2888 5444 non
2920 5388 3111 5443 adhuc
3142 5389 3286 5459 spei,
3320 5390 3419 5444 sed
3449 5389 3563 5459 jam
3598 5392 3702 5458 rei,

2058 5482 2301 5538 Proinde
2333 5483 2524 5535 omnis
2549 5480 2644 5551 qui
2663 5479 2893 5544 fruitur,
2915 5475 3115 5543 utitur;
3142 5478 3393 5533 assumit
3426 5479 3578 5534 enim
3600 5479 3705 5536 ali-

2056 5571 2192 5642 quid
2212 5572 2268 5623 in
2288 5569 2616 5624 facultatem
2630 5566 2967 5632 voluntatis,
2995 5581 3129 5621 cum
3146 5567 3258 5623 line
3271 5567 3672 5626 delectationis
3690 5587 3703 5625 :

2126 5698 2137 5727 ‘
2170 5694 2312 5750 Mss,
2333 5694 2625 5756 quantoque
2653 5704 2821 5763 acrius
2850 5689 3112 5802 inleIIzFil.

2126 5758 2139 5792 ι
2166 5756 2381 5802 Sentem
2414 5756 2536 5802 Mss.
2567 5756 2835 5802 omittunt.
2874 5753 3002 5802 mle!
3022 5768 3112 5802 me:

2117 5758 2139 5792 ²
2166 5754 2381 5818 Septem
2414 5754 2546 5805 Mss.
2567 5754 2835 5813 omittunt,
2874 5754 3216 5816 intelligentia
3243 5757 3291 5805 et
3318 5755 3594 5807 voluntate.
