4100 6194
293 370 399 431 985

288 508 369 560 est
397 504 458 560 in
492 502 834 575 corporibus
866 501 1247 565 consuetudo.
1296 504 1353 557 et
1382 501 1464 556 ita
1512 500 1571 556 in
1624 500 1747 556 haec
1778 498 1925 555 miro

288 593 451 648 modo
484 591 752 648 relabens
783 591 937 646 foras
970 607 1031 646 se
1062 596 1264 646 nostra
1295 590 1538 662 projecit
1570 589 1835 655 intentio,
1862 592 1925 643 ut

285 699 413 737 cum
440 683 512 737 ab
547 682 765 736 incerto
796 696 1104 751 corporum
1137 679 1333 735 ablata
1365 680 1558 747 fuerit,
1583 684 1649 733 ut
1672 678 1731 733 in
1762 676 1930 745 spiri-

284 776 404 826 tum
433 774 447 806 ³
474 770 658 826 multo
680 769 921 825 certiore
938 785 1004 823 ac
1022 769 1320 824 stabiliore
1342 768 1671 840 cognitione
1692 768 1926 840 figatur,

287 860 533 931 refugiat
562 859 633 915 ad
666 859 798 928 ista,
822 862 879 913 et
912 857 990 913 ibi
1023 862 1261 930 appetat
1289 857 1548 929 requiem
1582 857 1735 913 unde
1756 856 1931 911 traxit

288 948 895 1016 infirmitatem.Cujus
917 947 1245 1016 aegritudini
1278 947 1847 1018 congruendumest:
1868 950 1932 1000 ut

290 1039 334 1093 si
366 1037 601 1109 quando
622 1036 894 1091 interiora
914 1035 1243 1107 spiritualia
1272 1036 1768 1091 accommodatius
1807 1034 1933 1091 dis-

289 1127 547 1198 tinguere
570 1130 745 1197 atque
766 1124 996 1180 facilius
1018 1124 1318 1180 insinuare
1336 1125 1713 1196 conamur,de
1735 1140 1933 1195 corpo-

288 1214 504 1270 ralibus
539 1214 924 1270 exterioribus
961 1212 1417 1269 similitudinum
1454 1215 1804 1269 documenta
1831 1229 1930 1268 ca-

286 1305 535 1376 piamus.
560 1307 746 1359 Sensu
771 1302 955 1374 igitur
976 1302 1235 1374 corporis
1256 1302 1503 1358 exterior
1525 1303 1699 1359 homo
1723 1302 1932 1374 praedi-

285 1398 376 1447 tus
396 1392 577 1447 sentit
597 1408 841 1463 corpora
864 1395 941 1446 :et
961 1391 1071 1447 iste
1091 1393 1480 1463 sensus,quod
1506 1391 1670 1447 facile
1690 1391 1935 1447 adverti-

281 1486 392 1550 tur,
417 1480 933 1551 quinquepartitus
967 1484 1091 1547 est;
1133 1480 1402 1548 videndo,
1440 1481 1751 1547 audiendo,
1787 1480 1931 1535 olfa-

281 1568 501 1635 ciendo,
535 1568 849 1641 gustando,
875 1570 1188 1641 tangendo.
1226 1570 1335 1626 Sed
1365 1575 1420 1624 et
1453 1570 1707 1626 multum
1742 1573 1852 1635 est,
1877 1572 1935 1624 et

282 1658 848 1732 non_necessarium,
890 1662 954 1712 ut
984 1675 1156 1715 omne
1193 1659 1300 1714 bos
1341 1659 1595 1730 quinque
1625 1675 1837 1715 sensus
1876 1658 1933 1713 id

284 1748 434 1820 quod
476 1747 797 1818 quaerimus
844 1748 1300 1819 interrogemus.
1348 1748 1508 1812 Quod
1558 1749 1713 1803 enim
1764 1747 1934 1803 nobis

286 1854 437 1892 unus
458 1853 657 1892 eorum
685 1837 1002 1903 renuntiat,
1027 1838 1203 1892 etiam
1228 1838 1286 1891 in
1314 1838 1536 1893 caeteris
1556 1836 1937 1909 valet.ltaque

288 1926 661 1999 potissimum
694 1925 1031 1981 testimonio
1065 1931 1303 1980 utamur
1330 1926 1654 1982 oculorum.
1690 1926 1743 1981 Is
1779 1926 1934 1981 enim

288 2031 497 2072 sensus
520 2016 780 2087 corporis
806 2014 1055 2070 maxime
1080 2014 1330 2079 excellit,
1353 2020 1409 2070 et
1429 2021 1518 2071 est
1540 2015 1749 2071 visioni
1774 2032 1936 2073 men-

287 2105 360 2160 tis
391 2121 495 2176 pro
528 2104 617 2158 sui
652 2102 883 2175 generis
915 2103 1247 2159 diversitate
1278 2102 1541 2159 vicinior.

356 2193 587 2249 CAPUT
621 2194 689 2248 II.
723 2223 791 2233 —-
820 2194 875 2247 2.
909 2195 1151 2248 Trinitas
1181 2194 1427 2265 quaedam
1464 2195 1522 2248 in
1552 2194 1779 2249 visione.
1815 2194 1937 2249 Tria

286 2298 407 2355 qua?
431 2284 489 2338 in
512 2283 721 2338 visione
740 2288 1103 2347 summatum
1120 2298 1230 2337 sua
1250 2281 1771 2354 diﬁcrreﬂuomodo
1792 2299 1864 2337 ea:
1879 2299 1937 2338 re

283 2373 491 2428 visibili
510 2373 776 2443 gignatur
794 2372 955 2441 visio,
981 2388 1077 2427 seu
1109 2372 1290 2441 imago
1319 2373 1434 2441 eius
1455 2374 1537 2427 rei
1555 2388 1673 2443 quae
1692 2373 1933 2427 videtur.

281 2462 542 2532 Exemplo
592 2461 804 2516 clarius
833 2477 919 2517 res
946 2461 1374 2517 demonstratur.
1401 2460 1680 2533 Quomodo
1712 2461 1821 2515 tria
1838 2462 1941 2515 illa

280 2553 340 2606 in
382 2566 557 2605 unum
616 2554 828 2606 coeunt.
860 2552 1002 2606 Cum
1038 2550 1292 2622 igiturur
1339 2550 1571 2621 aliquod
1615 2566 1825 2621 corpus
1854 2551 1939 2604 vi-

286 2639 521 2704 demus,
554 2638 679 2693 baac
710 2638 843 2701 tria,
867 2639 1021 2709 quod
1056 2638 1399 2694 facillimum
1430 2644 1537 2705 est,
1572 2639 1943 2694 consideran-

279 2728 357 2783 da
391 2731 532 2782 sunt
560 2732 621 2782 et
649 2727 1066 2800 dignoscenda.
1104 2727 1318 2797 Primo,
1345 2727 1474 2799 ipsa
1525 2743 1616 2782 res
1646 2743 1825 2799 quam
1854 2727 1937 2781 vi-

282 2817 515 2885 demus,
549 2815 668 2871 sive
697 2815 974 2887 lapidem,
1010 2816 1130 2871 sive
1161 2817 1422 2888 aliquam
1466 2816 1785 2883 ﬂammam,
1819 2816 1939 2872 sive

282 2905 424 2976 quid
457 2904 613 2959 aliud
647 2906 801 2975 quod
834 2904 1010 2960 videri
1047 2904 1232 2960 oculis
1268 2910 1494 2977 potest;
1516 2906 1644 2975 jam
1676 2922 1803 2961 esse
1836 2922 1938 2976 po-

283 2998 454 3060 terat,
489 2998 546 3049 et
576 2998 891 3064 antequam
935 2993 1229 3049 videretur
1274 3010 1287 3050 :
1326 2995 1555 3062 deinde,
1600 2994 1765 3059 visio,
1809 3010 1939 3066 qua:

284 3101 404 3141 non
450 3088 573 3139 erat
618 3085 962 3156 priusquam
1012 3101 1133 3140 rem
1184 3084 1346 3139 illam
1405 3086 1692 3155 objectam
1740 3085 1937 3140 sensui

286 3174 638 3232 sentiremus
682 3191 695 3230 :
742 3175 934 3244 tertio,
988 3175 1142 3247 quod
1178 3176 1237 3230 in
1282 3192 1349 3231 ea
1397 3192 1458 3230 re
1507 3192 1637 3247 quae
1687 3176 1933 3244 videtur,

288 3265 572 3338 quamdiu
606 3266 834 3322 videtur
864 3283 1104 3322 sensum
1136 3266 1357 3322 detinet
1388 3267 1712 3335 oculorum,
1736 3267 1793 3322 id
1826 3271 1935 3337 est,

284 3354 469 3412 animi
504 3355 767 3410 intentio.
817 3355 879 3409 In
911 3355 1004 3411 his
1034 3355 1214 3427 igitur
1242 3355 1452 3421 tribus,
1487 3373 1602 3412 non
1634 3356 1823 3411 solum
1851 3362 1940 3413 est

280 3445 593 3500 manifesta
622 3445 1053 3511 distinctio,sed
1084 3446 1259 3501 etiam
1295 3446 1549 3501 discreta
1580 3447 1937 3513 natura,Pri-

278 3550 445 3589 mum
476 3534 693 3605 quippe
733 3533 879 3589 illud
935 3550 1149 3605 corpus
1198 3534 1428 3590 visibile
1477 3533 1651 3606 longe
1699 3534 1938 3592 alterius

276 3627 503 3677 natura:
537 3628 645 3685 est,
681 3639 858 3694 quam
909 3638 1120 3678 sensus
1170 3622 1498 3689 oculorum,
1554 3640 1669 3694 quo
1702 3624 1940 3680 sibimet

275 3709 577 3765 incidente
611 3712 676 3765 fit
703 3711 869 3766 visio.
912 3711 1160 3783 Ipsaque
1188 3711 1337 3766 visio
1368 3710 1508 3782 quid
1542 3710 1725 3779 aliud,
1759 3728 1936 3783 quam

284 3816 503 3855 sensus
532 3815 601 3854 ex
628 3816 697 3855 ea
726 3816 786 3855 re
816 3815 946 3870 quae
977 3800 1229 3855 sentitur
1268 3800 1616 3855 informatus
1645 3803 1885 3872 apparet
1912 3798 1941 3855 ?

279 3889 564 3955 Quamvis
580 3905 638 3944 re
653 3887 869 3943 visibili
883 3890 1144 3945 detracta
1156 3887 1318 3944 nulla
1334 3889 1544 3958 sit,nec
1560 3888 1684 3943 ulla
1699 3889 1938 3945 omnino

273 3994 407 4033 esse
463 3978 650 4048 possit
672 3976 809 4033 talis
832 3977 1001 4047 Visio,
1030 3977 1078 4032 si
1121 3993 1331 4048 corpus
1370 3994 1482 4032 non
1506 3978 1737 4048 sitquod
1756 3974 1938 4033 videri

270 4066 642 4137 queatznullo
659 4066 829 4121 modo
843 4071 1038 4121 tamen
1056 4067 1319 4137 ejusdem
1336 4065 1711 4122 subs-tantine
1722 4070 1809 4122 est
1821 4083 1938 4123 cor-

150 4155 163 4169 '
232 4214 235 4217 λ
269 4171 386 4226 pus
404 4171 519 4226 quo
538 4155 827 4211 formatur
846 4171 1056 4211 sensus
1070 4155 1701 4225 oculorum,cumidem
1727 4172 1939 4227 corpus

265 4243 590 4311 videtur,et
609 4244 735 4315 ipsa
757 4245 944 4300 forma
962 4260 1087 4316 quas
1104 4245 1176 4299 ab
1194 4245 1398 4301 eodem
1418 4245 1784 4317 imprimitur
1804 4262 1938 4301 sen-

266 4332 387 4403 sui,
411 4349 539 4403 quae
570 4332 717 4389 visio
746 4339 1004 4389 vocatur.
1027 4338 1250 4405 Corpus
1281 4334 1438 4389 enim
1472 4334 1663 4390 visum
1696 4336 1718 4369 ²
1748 4337 1805 4389 tn
1832 4352 1940 4391 sua

264 4425 482 4476 natura
514 4421 841 4493 separabile
872 4428 963 4477 est
994 4440 1006 4478 :
1043 4439 1255 4477 sensus
1289 4428 1479 4478 autem
1515 4424 1614 4495 qui
1655 4424 1782 4494 jam
1815 4428 1940 4480 erat

262 4508 325 4565 in
360 4509 688 4578 animante,
720 4510 895 4566 etiam
932 4511 1278 4582 priusquam
1308 4512 1501 4567 videre
1550 4517 1770 4583 posset,
1804 4528 1936 4569 cum

260 4598 325 4655 in
360 4599 590 4672 aliquid
622 4600 852 4656 visibile
891 4600 1237 4666 incurreret,
1267 4600 1354 4656 vel
1396 4601 1545 4657 visio
1584 4619 1713 4673 quae
1761 4603 1826 4658 fit
1876 4603 1936 4658 in

262 4687 495 4762 aliquid
524 4688 755 4744 visibile
788 4690 1133 4757 incurreret,
1167 4690 1255 4746 vel
1286 4690 1431 4745 visio
1463 4706 1590 4762 quae
1623 4708 1749 4762 qum
1781 4692 1847 4747 fit
1875 4692 1932 4747 in

266 4794 449 4834 sensu
500 4792 568 4832 ex
612 4777 827 4833 visibili
881 4794 1143 4849 corpore,
1197 4795 1331 4834 cum
1377 4780 1505 4851 jam
1556 4781 1933 4849 conjunctum

266 4870 361 4922 est
389 4870 448 4921 et
477 4866 708 4921 videtur
728 4866 755 4921 ?
783 4882 997 4922 sensus
1026 4883 1163 4938 ergo
1192 4866 1281 4922 vel
1311 4867 1485 4936 visio,
1514 4867 1572 4923 id
1604 4872 1694 4924 est
1726 4886 1934 4925 sensus

266 4955 562 5011 formatus
594 4956 955 5012 extrinsecus
988 4957 1059 5011 ad
1091 4957 1410 5012 animantis
1450 4962 1720 5013 naturam
1754 4958 1935 5030 perti-

262 5048 390 5114 net,
427 5044 669 5100 omnino
702 5044 880 5100 aliam
912 5061 1089 5115 quam
1123 5049 1210 5102 est
1243 5045 1387 5101 illud
1421 5063 1635 5118 corpus
1662 5048 1818 5119 quod
1846 5048 1933 5102 vi-

262 5132 462 5189 dendo
505 5132 817 5197 sentimus,
850 5149 963 5205 quo
1004 5150 1214 5190 sensus
1263 5151 1378 5190 non
1427 5135 1508 5190 ita
1556 5137 1842 5191 formatur
1870 5140 1936 5192 ut

259 5221 417 5277 visio
447 5222 546 5277 sit.
572 5221 718 5276 Nam
752 5238 962 5278 sensus
992 5226 1051 5277 et
1080 5227 1214 5278 ante
1245 5224 1538 5293 objeotum
1568 5226 1647 5280 rei
1682 5226 1934 5281 sensibi~

259 5308 339 5365 lis
392 5309 508 5365 nisi
556 5315 712 5366 esset
759 5311 818 5366 in
864 5310 1056 5377 nobis,
1109 5328 1223 5367 non
1270 5312 1625 5369 distaremus
1674 5331 1707 5369 a
1745 5315 1931 5381 caecis,

254 5400 404 5454 dum
457 5399 603 5455 nihil
652 5400 945 5469 videmus,
977 5398 1098 5455 sive
1144 5399 1202 5454 in
1249 5401 1529 5467 tenebris,
1562 5402 1680 5459 sive
1712 5402 1932 5460 clausis

255 5486 613 5543 luminibus.
651 5489 767 5544 Hoc
798 5492 995 5543 autem
1031 5488 1346 5557 distamus,
1381 5491 1530 5560 quod
1559 5491 1728 5547 nobis
1776 5485 1934 5548 inest

257 5580 320 5631 et
354 5592 469 5631 non
502 5577 985 5649 videntibus,quo
1017 5576 1208 5633 videre
1240 5578 1561 5650 possimus,
1586 5579 1684 5652 qui
1717 5597 1929 5638 sensus

257 5668 508 5721 vocatur
560 5682 574 5721 :
626 5664 745 5721 illis
792 5682 926 5721 vero
969 5681 1085 5721 non
1136 5665 1326 5735 inest;
1377 5683 1481 5724 nec
1523 5667 1780 5738 aliunde,
1816 5670 1929 5727 nisi

336 5772 354 5836 ξ
391 5770 631 5836 Plerique
659 5771 782 5836 Mss,
812 5772 947 5822 utin
975 5772 1179 5836 spiritu.

332 5834 358 5869 ⁸
383 5832 604 5899 Codices
632 5834 855 5898 aliquot,
883 5849 915 5886 a
942 5832 1070 5885 visu.

1633 364 1863 425 LIBER
1909 363 2396 427 UNDECIMUS.

3574 362 3693 423 986

2034 499 2186 569 quod
2219 514 2285 554 eo
2316 503 2538 565 carent,
2572 498 2704 555 caeci
2733 498 3121 572 appellantur.
3147 497 3410 570 Itemque
3440 495 3542 553 illa
3563 496 3689 552 ani-

2036 589 2115 643 mi
2145 587 2409 654 intentio,
2457 604 2585 660 quie
2617 589 2675 643 in
2710 605 2739 643 e
2828 606 2890 645 re
2935 605 3107 660 quam
3154 587 3421 642 videmus
3452 603 3690 642 sensum

2036 680 2219 746 tenet,
2235 681 2410 747 atque
2443 683 2759 749 utrumque
2789 678 3233 750 conjungit,non
3260 680 3487 731 tantum
3521 676 3592 730 ab
3623 692 3690 731 ea

2037 782 2098 821 re
2125 765 2338 820 visibili
2371 772 2579 821 natura
2609 767 2833 833 differt;
2876 765 3351 838 quandoquidem
3401 764 3508 820 iste
3557 764 3689 819 ani-

2037 871 2191 923 mus,
2228 853 2371 908 illud
2405 870 2617 925 corpus
2648 860 2737 910 est
2787 872 2798 911 :
2853 856 2952 911 sed
2986 856 3058 911 ab
3088 854 3215 926 ipso
3248 870 3478 926 quoque
3511 869 3688 909 sensu

2038 948 2213 1014 atque
2242 942 2467 998 visione
2502 961 2514 999 :
2561 944 2839 1015 quoniam
2887 945 3071 1000 solius
3102 943 3285 999 animi
3318 948 3405 999 est
3453 943 3573 998 haec
3602 943 3692 997 in-

2038 1032 2217 1087 tentio
2250 1048 2263 1088 :
2300 1048 2512 1088 sensus
2540 1039 2734 1089 autem
2769 1034 3068 1089 oculorum
3114 1050 3227 1088 non
3261 1034 3331 1089 ob
3364 1033 3521 1087 aliud
3555 1049 3694 1087 sen-

2038 1137 2141 1177 sus
2172 1120 2430 1194 corporis
2460 1122 2693 1187 dicitur,
2728 1123 2841 1178 nisi
2873 1124 3010 1194 quia
3058 1127 3114 1177 et
3157 1123 3267 1194 ipsi
3312 1122 3462 1177 oculi
3509 1138 3693 1177 mem-

2039 1210 2143 1266 bra
2175 1214 2314 1266 sunt
2345 1212 2603 1283 corporis
2636 1228 2649 1267 :
2683 1217 2739 1266 et
2788 1212 3056 1283 quamvis
3087 1228 3204 1267 non
3237 1210 3455 1267 sentiat
3484 1227 3696 1282 corpus

2036 1299 2321 1369 exanime,
2356 1300 2553 1355 anima
2581 1305 2776 1355 tamen
2810 1300 3122 1356 commixta
3174 1300 3402 1372 corpori
3435 1314 3538 1370 per
3568 1300 3692 1355 ins-

2036 1391 2403 1444 trumentum
2437 1390 2614 1443 sentit
2651 1406 3014 1460 corporeum,
3048 1394 3105 1445 et
3133 1389 3287 1445 idem
3328 1390 3693 1445 instrumen-

2040 1480 2167 1533 tum
2188 1494 2397 1533 sensus
2412 1483 2614 1532 vocatu
2625 1478 2784 1544 r.Qui
2798 1478 2974 1533 etiam
2995 1477 3264 1549 passione
3281 1478 3540 1550 corporis
3553 1494 3686 1533 cum

2040 1566 2291 1637 quisque
2333 1572 2671 1631 excacatur,
2703 1566 3059 1638 interceptus
3094 1567 3505 1639 exstinguitur,
3555 1582 3688 1622 cum

2042 1653 2195 1709 idem
2229 1660 2460 1709 maneat
2501 1657 2755 1719 animus,
2791 1661 2847 1711 et
2879 1657 3007 1727 ejus
3056 1656 3323 1721 intentio,
3365 1655 3694 1711 luminibus

2040 1743 2416 1814 amissis,non
2451 1745 2660 1800 habeat
2691 1744 2928 1817 quidem
2962 1762 3200 1801 sensum
3232 1745 3489 1817 corporis
3520 1762 3692 1817 quem

2038 1832 2283 1887 vivendo
2314 1833 2674 1889 extrinsecus
2705 1834 2930 1906 corpori
2953 1836 3237 1906 adjungat
3259 1840 3433 1905 atque
3452 1835 3513 1890 in
3537 1851 3601 1890 eo
3619 1835 3699 1889 vi-

2041 1937 2105 1977 so
2137 1920 2277 1993 ﬁgat
2297 1924 2760 1994 aspectum,nisu
2785 1928 2982 1979 tamen
3007 1924 3132 1995 ipso
3161 1924 3381 1979 indicet
3413 1938 3473 1979 se
3504 1924 3699 1979 adem-

2042 2014 2139 2081 pto
2172 2012 2431 2082 corporis
2461 2028 2659 2077 sensu,
2694 2028 2798 2066 nec
2826 2012 3013 2083 perire
3044 2012 3325 2083 potuisse,
3350 2029 3452 2067 nec
3484 2012 3692 2069 minui.

2041 2098 2235 2154 Manet
2265 2100 2420 2155 enim
2454 2101 2692 2172 quidam
2727 2100 2962 2155 videndi
3007 2101 3299 2172 appetitus
3332 2101 3573 2173 integer,
3608 2102 3692 2157 si-

2040 2204 2107 2243 ve
2138 2188 2194 2243 id
2233 2189 2413 2260 possit
2442 2189 2586 2255 ﬁeri,
2637 2190 2757 2245 sive
2788 2206 2901 2245 non
2937 2190 3133 2261 possit.
3170 2189 3299 2244 Haec
3348 2190 3527 2260 igitur
3555 2190 3696 2258 tria,

2041 2293 2255 2349 corpus
2285 2278 2435 2348 quod
2466 2278 2716 2346 videtur,
2748 2282 2803 2335 et
2846 2278 2973 2351 ipsa
3002 2277 3168 2347 visio,
3204 2282 3260 2333 et
3305 2295 3431 2349 quas
3464 2283 3695 2335 utrum—

2042 2380 2153 2438 que
2181 2366 2485 2439 conjungit
2513 2366 2779 2436 intentio,
2831 2366 3140 2423 manifesta
3169 2372 3309 2422 sunt
3340 2367 3409 2422 ad
3456 2367 3695 2439 dignos-

2041 2455 2314 2522 cendum,
2349 2472 2464 2510 non
2506 2455 2697 2511 solum
2740 2460 2977 2527 propter
3022 2456 3251 2528 propria
3307 2456 3699 2528 singulorum-

2043 2560 2244 2599 verum
2276 2544 2450 2600 etiam
2485 2550 2720 2618 propter
2759 2544 3143 2600 differentiam
3186 2550 3549 2601 naturarum.

2111 2634 2164 2688 3.
2191 2635 2371 2705 Atque
2402 2634 2461 2689 in
2496 2634 2587 2689 bis
2618 2650 2754 2689 cum
2783 2650 2992 2689 sensus
3023 2651 3135 2689 non
3168 2635 3441 2705 procedat
3470 2651 3538 2690 ex
3568 2651 3693 2691 cor-

2042 2737 2180 2793 pore
2210 2720 2309 2776 illo
2340 2723 2493 2792 quod
2534 2722 2781 2793 videtur,
2832 2723 2932 2777 sed
2982 2739 3051 2777 ex
3093 2739 3331 2794 corpore
3384 2723 3693 2779 sentientis

2042 2810 2383 2877 animantis,
2407 2811 2499 2867 cui
2522 2811 2720 2866 anima
2749 2828 2855 2867 suo
2887 2813 3141 2883 quodam
3176 2812 3323 2867 miro
3356 2813 3525 2869 modo
3558 2828 3693 2867 con-

2042 2902 2436 2970 temperatur:
2464 2908 2660 2955 tamen
2692 2915 2762 2955 ex
2792 2916 3028 2971 corpore
3058 2900 3207 2970 quod
3241 2901 3470 2956 videtur
3499 2902 3695 2973 gigni-

2041 2990 2140 3042 tur
2168 2987 2334 3058 visio,
2369 2988 2423 3043 id
2454 2993 2560 3056 est,
2596 3005 2806 3043 sensus
2834 2988 2959 3060 ipse
2989 2990 3299 3059 formatur;
3334 2994 3394 3044 ut
3421 2990 3545 3059 jam
3580 3008 3694 3045 non

2043 3080 2272 3133 tantum
2304 3093 2514 3133 sensus
2547 3078 2647 3149 qui
2679 3077 2855 3133 etiam
2889 3079 2947 3133 in
2996 3077 3257 3135 tenebris
3304 3094 3432 3135 esse
3476 3079 3700 3152 integer

2043 3170 2253 3237 potest,
2288 3166 2427 3221 dum
2473 3170 2561 3222 est
2608 3165 2985 3223 incolumitas
3026 3167 3349 3231 oculorum,
3384 3168 3482 3223 sed
3516 3169 3695 3223 etiam

2044 3270 2253 3311 sensus
2284 3255 2638 3311 informatus
2671 3256 2769 3322 sit,
2802 3272 2931 3328 quze
2962 3256 3109 3312 visio
3138 3262 3396 3312 vocatur.
3430 3257 3700 3330 Gignitur

2043 3358 2178 3415 ergo
2211 3360 2279 3399 ex
2310 3362 2369 3400 re
2400 3345 2612 3400 visibili
2640 3345 2806 3412 visio,
2841 3346 2942 3401 sed
2976 3363 3087 3402 non
3128 3363 3195 3401 ex
3224 3346 3368 3414 sola,
3400 3348 3511 3401 nisi
3543 3347 3699 3402 adsit

2043 3437 2101 3487 et
2129 3432 2353 3489 videns.
2386 3434 2670 3498 Qudcirca
2700 3451 2768 3490 ex
2797 3434 3011 3489 visibili
3053 3438 3110 3491 et
3158 3436 3386 3490 vidente
3433 3435 3701 3509 gignitur

2039 3521 2211 3588 visio,
2235 3522 2317 3578 ita
2346 3523 2472 3577 sine
2494 3528 2559 3577 ut
2588 3540 2657 3578 ex
2686 3524 2914 3579 vidente
2944 3522 3022 3578 sit
3049 3539 3257 3579 sensus
3286 3524 3613 3589 oculorum,
3640 3530 3699 3579 et

2044 3609 2384 3682 aspicientis
2416 3616 2588 3682 atque
2620 3612 2904 3667 intuentis
2935 3612 3180 3667 intentio
3214 3630 3225 3668 :
3262 3612 3362 3667 illa
3385 3617 3577 3669 tamen
3606 3615 3692 3668 in-

2044 3697 2316 3753 formatio
2348 3713 2579 3767 sensus,
2613 3714 2741 3770 quas
2771 3697 2915 3753 visio
2965 3698 3201 3768 dicitur,
3254 3716 3287 3754 a
3330 3697 3452 3754 sblo
3496 3701 3701 3772 impri-

2044 3790 2239 3841 matur
2266 3802 2502 3859 corpore
2534 3789 2687 3858 quod
2718 3787 2966 3854 videtur,
2997 3786 3055 3843 id
3088 3792 3194 3855 est,
3230 3804 3262 3843 a
3294 3804 3354 3843 re
3387 3786 3584 3859 aliqua
3614 3791 3695 3843 vi.

2044 3873 2200 3931 sibili
2237 3892 2249 3931 :
2283 3892 2401 3947 qua
2431 3877 2708 3946 detracta,
2742 3875 2905 3931 nulla
2934 3881 3196 3933 remanet
3231 3878 3421 3933 forma
3450 3894 3579 3949 quas
3610 3878 3699 3933 in-

2044 3968 2168 4019 erat
2197 3964 2565 4035 sensui,dum
2590 3966 2822 4021 adesset
2852 3964 2994 4021 illud
3027 3966 3178 4038 quod
3205 3966 3547 4021 videbatur:
3574 3983 3706 4023 son.

2044 4069 2148 4109 sus
2173 4057 2367 4109 tamen
2400 4055 2525 4126 ipse
2557 4059 2819 4111 remanet
2850 4055 2951 4126 qui
2982 4058 3104 4109 erat
3137 4060 3191 4109 et
3224 4056 3568 4127 priusquam
3603 4057 3703 4111 ali-

2044 4142 2183 4213 quid
2215 4144 2565 4212 sentiretur;
2600 4144 2758 4199 velut
2804 4143 2863 4198 in
2916 4161 3068 4216 aqua
3110 4145 3420 4217 vestigium
3472 4146 3698 4202 tamdiu

2045 4238 2154 4297 est,
2183 4234 2367 4289 donec
2414 4233 2608 4304 ipsum
2644 4250 2855 4306 corpus
2906 4234 3059 4306 quod
3112 4234 3474 4305 imprimitur
3504 4234 3700 4303 inest;

2044 4337 2160 4392 quo
2190 4321 2383 4378 ablato
2415 4322 2642 4377 nullum
2694 4323 2803 4379 erit
2850 4339 2983 4378 cum
3028 4328 3327 4377 remaneat
3366 4340 3536 4395 aqua,
3573 4340 3697 4395 quas

2044 4415 2170 4465 erat
2200 4415 2255 4465 et
2285 4416 2601 4482 antequam
2636 4410 2797 4467 illam
2849 4412 3092 4467 formam
3142 4413 3400 4483 corporis
3450 4417 3700 4485 caperet,

2042 4498 2295 4570 Ideoque
2327 4516 2439 4555 non
2473 4518 2790 4572 possumus
2835 4500 3071 4572 quidem
3112 4500 3303 4556 dicere
3336 4518 3575 4557 sensum
3612 4502 3706 4574 gi-

2042 4592 2183 4661 gnat
2212 4604 2303 4643 res
2345 4588 2598 4643 visibilis
2632 4606 2644 4643 :
2679 4588 2864 4660 gignit
2915 4594 3111 4643 tamen
3144 4588 3389 4644 formam
3431 4590 3589 4645 velut
3620 4591 3702 4646 si-

2044 4676 2373 4731 militudem
2408 4694 2598 4747 suam,
2623 4694 2748 4747 quae
2783 4678 2847 4733 fit
2879 4678 2934 4731 in
2970 4694 3169 4743 sensu,
3197 4694 3330 4733 cum
3367 4678 3587 4749 aliquid
3620 4681 3698 4735 vi-

2040 4765 2230 4821 dendo
2262 4766 2570 4820 sentimus.
2605 4766 2711 4821 Sed
2748 4768 2995 4821 formam
3044 4766 3304 4839 corporis
3338 4768 3491 4838 quod
3535 4768 3697 4824 vide-

2041 4869 2197 4924 mus,
2230 4859 2287 4908 et
2320 4855 2564 4909 formam
2600 4871 2725 4925 quas
2759 4856 2830 4910 ab
2864 4854 2963 4910 illa
3003 4855 3062 4909 in
3104 4872 3281 4911 sensu
3328 4857 3578 4911 videntis
3609 4858 3695 4923 fit,

2039 4958 2143 5015 per
2170 4944 2441 4998 eumdem
2494 4960 2733 4998 sensum
2792 4960 2904 4998 non
2956 4945 3380 5007 discernimus;
3415 4946 3693 5015 quoniam

2042 5033 2202 5086 tanta
2232 5031 2567 5102 conjunctio
2597 5037 2705 5098 est,
2743 5036 2807 5086 ut
2838 5048 2951 5087 non
2988 5037 3183 5103 pateat
3215 5033 3584 5087 discernendi
3616 5033 3699 5089 lo-

2038 5134 2162 5174 cus.
2211 5120 2319 5175 Sed
2368 5120 2591 5176 ratione
2638 5119 2973 5193 colligimus
3022 5136 3391 5191 nequaquam
3438 5136 3543 5176 nos
3596 5138 3696 5192 po-

2036 5207 2220 5264 tuisse
2250 5208 2486 5277 sentire,
2521 5210 2633 5264 nisi
2670 5210 2831 5264 tieret
2860 5209 2916 5263 in
2951 5226 3124 5264 sensu
3160 5213 3357 5264 nostro
3389 5208 3586 5280 aliqua
3618 5211 3698 5267 si-

2038 5295 2307 5352 militudo
2338 5298 2631 5370 conspecti
2681 5296 2961 5368 corporis.
2996 5294 3193 5368 Neque
3233 5295 3388 5351 enim
3421 5313 3554 5353 cum
3587 5315 3697 5354 an-

2038 5384 2215 5441 nulus
2244 5402 2385 5442 certe
2416 5387 2795 5459 imprimitur,
2819 5385 2947 5439 ideo
2980 5383 3140 5439 nulla
3173 5385 3363 5457 imago
3396 5387 3547 5442 facta
3578 5392 3689 5456 est,

2038 5475 2175 5546 quia
2206 5492 2319 5531 non
2352 5476 2723 5540 discernitur,
2754 5473 2867 5528 nisi
2901 5488 3031 5527 cum
3066 5474 3240 5528 fuerit
3269 5480 3557 5546 separata.
3582 5476 3695 5534 Sed

2035 5563 2309 5636 quoniam
2345 5568 2475 5635 post
2504 5579 2697 5620 ceram
2749 5566 3079 5633 separatam
3133 5568 3332 5620 manet
3383 5566 3538 5635 quod
3575 5566 3692 5622 fac-

2034 5656 2161 5709 tum
2193 5658 2281 5709 est
2312 5658 2374 5707 ut
2399 5652 2579 5707 videri
2612 5650 2817 5723 possit,
2853 5656 3156 5722 propterea
3186 5652 3352 5708 facile
3385 5657 3699 5725 persuade-

2034 5742 2314 5815 tur,quod
2347 5740 2533 5797 inerat
2555 5739 2682 5808 jam
2717 5755 2858 5796 ceras
2884 5739 3074 5798 forma
3104 5740 3397 5815 impressa
3416 5759 3484 5800 ex
3505 5760 3694 5803 annu-

2035 5831 2092 5888 lo
2122 5834 2180 5887 et
2208 5833 2521 5903 antequam
2555 5830 2628 5890 ab
2666 5828 2769 5887 illa
2797 5832 3122 5903 separatur.
3154 5830 3212 5886 Si
3244 5835 3440 5889 autem
3470 5831 3692 5904 liquido
