4100 6194
274 346 387 407 997

275 478 346 534 ad
380 492 594 548 corpus
626 475 779 532 acies
812 475 1134 532 oculorum.
1192 476 1497 547 Propterea
1542 476 1689 531 duas
1718 477 1777 531 in
1820 476 1929 530 hoc

277 583 484 638 genere
514 566 805 620 trinitates
827 565 981 620 volui
1005 566 1443 620 commendare:
1470 582 1669 633 unam,
1694 581 1827 620 cum
1849 564 1930 618 vi-

280 656 367 711 sio
385 653 691 710 sentientis
714 654 1001 707 formatur
1020 669 1089 707 ex
1111 670 1348 725 corpore
1373 670 1387 720 ;
1411 654 1609 724 aliam,
1635 669 1767 707 cum
1790 652 1935 707 visio

283 742 600 815 cogitantis
634 743 918 797 formatur
946 758 1014 795 ex
1046 742 1348 796 memoria.
1389 742 1636 797 Mediam
1668 758 1802 796 vero
1835 758 1935 795 no-

283 832 395 901 lui,
425 832 563 903 quia
612 830 693 885 ibi
745 847 862 885 non
894 829 1041 885 solet
1087 829 1230 885 visio
1281 830 1414 896 dici,
1466 847 1599 885 cum
1647 830 1939 885 memoria

286 920 735 977 commendatur
766 920 972 987 forma,
1005 935 1133 989 quae
1183 918 1249 973 fit
1297 920 1356 974 in
1404 935 1579 975 sensu
1628 920 1939 974 cernentis.

286 1008 513 1080 Ubique
546 1013 744 1063 tamen
780 1006 1052 1063 voluntas
1084 1023 1196 1062 non
1246 1011 1506 1079 apparet,
1560 1007 1673 1063 nisi
1704 1006 1942 1077 copula-

284 1098 400 1152 trix
426 1096 598 1168 quasi
631 1096 894 1167 parentis
925 1099 979 1150 et
1011 1095 1211 1166 prolis.
1257 1096 1327 1149 Et
1372 1096 1500 1150 ideo
1532 1096 1944 1166 undecumque

287 1187 591 1258 procedat,
623 1199 730 1240 nec
761 1200 975 1255 parens
1008 1199 1113 1239 nec
1152 1184 1345 1254 proles
1375 1184 1487 1239 dici
1520 1187 1729 1254 potest.

358 1274 593 1330 CAPUT
618 1277 688 1328 X.
709 1304 779 1314 —
802 1275 888 1328 17.
913 1275 1097 1328 Etiam
1115 1288 1223 1328 non
1252 1274 1385 1328 visis
1421 1272 1576 1328 addit
1617 1274 1946 1343 imaginatio

289 1379 418 1436 qua?
440 1366 503 1420 in
521 1363 649 1418 aliis
664 1362 921 1418 vidimus.
945 1365 1015 1417 At
1037 1362 1193 1417 enim
1218 1360 1267 1417 si
1293 1378 1406 1416 non
1428 1363 1809 1417 meminimus
1832 1361 1947 1416 nisi

290 1453 452 1525 quod
482 1451 801 1517 sensimus,
826 1466 1014 1522 neque
1036 1450 1361 1523 cogitamus
1378 1451 1487 1506 nisi
1508 1451 1663 1522 quod
1686 1450 1949 1505 memini-

294 1558 472 1597 mus:
506 1558 611 1596 cnr
640 1540 984 1612 plerumque
1016 1539 1163 1595 falsa
1187 1539 1533 1611 cogitamus,
1568 1557 1700 1595 cum
1732 1556 1799 1595 ea
1820 1556 1948 1611 quae

295 1631 595 1686 sensimus
628 1645 741 1684 non
774 1629 978 1700 utique
1003 1628 1148 1683 falso
1172 1628 1650 1683 meminerimus:
1676 1628 1787 1683 nisi
1812 1629 1952 1699 quia

292 1719 572 1774 voluntas
603 1717 704 1772 illa
737 1734 912 1789 quam
946 1716 1402 1788 conjunctricem
1442 1734 1508 1772 ac
1538 1718 1949 1789 separatricem

292 1808 702 1879 hujuscemodi
717 1825 848 1863 reru
859 1824 909 1863 m
916 1808 1042 1879 jam
1062 1813 1348 1879 quantum
1372 1808 1533 1879 potui
1551 1810 1952 1864 demonstrare

293 1901 523 1964 curavi,
545 1900 911 1955 formandam
932 1899 1243 1970 cogitantis
1260 1899 1445 1954 aciem
1478 1914 1581 1970 per
1608 1898 1953 1953 abscondita

295 1989 593 2046 memoriae
608 1989 847 2045 ducitut
870 1988 1101 2044 libitum
1118 1993 1224 2055 est,
1242 1989 1380 2043 etad
1405 1988 1714 2061 cogitanda
1735 2005 1802 2044 ea
1824 2005 1950 2060 qum

296 2099 417 2138 non
444 2080 842 2146 meminimus,
863 2095 931 2134 ex
948 2080 1032 2135 eis
1048 2096 1171 2150 quis
1192 2078 1593 2145 meminimus,
1613 2078 1772 2134 aliud
1793 2079 1949 2147 hinc,

295 2172 460 2227 aliud
480 2171 635 2239 inde,
656 2176 722 2225 ut
739 2174 937 2226 sumat
952 2169 1230 2241 impellit;
1250 2186 1375 2242 quae
1393 2170 1451 2225 in
1468 2186 1651 2225 unum
1666 2170 1951 2225 visionem

297 2260 573 2315 coeuntia
592 2260 815 2315 faciunt
837 2258 1057 2330 aliquid
1094 2259 1249 2330 quod
1286 2259 1414 2315 ideo
1458 2258 1671 2315 falsum
1703 2260 1950 2329 dicatur,

298 2349 442 2421 quia
465 2348 553 2404 vel
581 2364 696 2404 non
720 2352 810 2403 est
829 2347 969 2402 foris
992 2348 1051 2402 in
1080 2363 1275 2403 rerum
1291 2363 1700 2420 corporearum
1720 2352 1951 2415 natura,

298 2439 390 2494 vel
423 2455 540 2494 non
573 2438 643 2493 de
673 2438 954 2493 memoria
992 2437 1220 2493 videtur
1264 2454 1624 2510 expressum,
1677 2453 1808 2493 cum
1840 2436 1955 2492 tale

303 2525 458 2582 nihil
490 2543 596 2582 nos
628 2525 881 2582 sensisse
913 2526 1286 2581 meminimus
1307 2526 1334 2581 ?
1361 2526 1500 2590 Quis
1520 2527 1675 2582 enim
1694 2526 1839 2581 vidit
1860 2542 1955 2599 cy-

303 2632 482 2672 cnum
500 2616 733 2687 nigrum
752 2615 779 2670 ?
796 2620 854 2670 et
873 2619 1177 2686 propterea
1195 2631 1364 2670 nemo
1388 2615 1681 2671 meminit:
1704 2616 1956 2687 cogitare

303 2712 506 2762 tamen
532 2704 663 2776 quis
692 2721 805 2760 non
831 2708 1022 2776 potest
1042 2704 1070 2758 ?
1094 2703 1277 2759 Facile
1299 2710 1387 2760 est
1423 2705 1578 2759 enim
1618 2704 1775 2759 illam
1810 2704 1956 2776 figu-

304 2810 456 2864 ram,
492 2810 669 2866 quam
700 2793 945 2848 videndo
979 2793 1376 2864 cognovimus,
1412 2793 1577 2865 nigro
1608 2793 1796 2850 colore
1828 2809 1955 2863 per-

305 2883 568 2951 fundere,
601 2899 776 2954 quem
809 2882 1195 2937 nihilominus
1218 2882 1275 2936 in
1297 2881 1426 2937 aliis
1448 2882 1791 2953 corporibus
1812 2882 1955 2937 vidi-

308 2976 528 3028 muszet
545 2971 685 3043 quia
704 2975 1019 3042 utrumque
1036 2971 1351 3037 sensimus,
1370 2976 1682 3042 utrumque
1696 2970 1958 3027 memini-

310 3079 466 3117 mus.
486 3060 601 3115 Nec
621 3076 781 3115 avem
806 3060 958 3132 quad
968 3077 1031 3115 ru
1041 3060 1245 3131 pedem
1260 3060 1520 3128 memini,
1537 3059 1673 3132 quia
1687 3077 1799 3115 non
1812 3059 1954 3115 vidi:

309 3152 414 3207 sed
439 3148 809 3222 phantasiam
833 3148 1008 3204 talem
1040 3147 1315 3205 facillime
1334 3148 1583 3216 intueor,
1617 3149 1758 3204 dum
1784 3148 1956 3205 alicui

310 3241 514 3296 formae
535 3237 752 3293 volatili
776 3238 1004 3309 qualem
1024 3236 1162 3299 vidi.
1183 3238 1438 3310 adjungo
1456 3237 1600 3294 alios
1618 3239 1766 3294 duos
1784 3238 1959 3310 pedes

316 3326 519 3400 quales
552 3327 750 3383 itidem
784 3326 899 3380 vidi
939 3327 1195 3397 (Retract.
1249 3327 1345 3382 lib.
1394 3329 1451 3391 2,
1501 3343 1619 3398 cap.
1675 3328 1760 3394 15,
1790 3345 1849 3381 η.
1880 3326 1960 3398 2).

319 3420 707 3488 Quapropter,
727 3416 865 3470 dum
886 3415 1558 3487 conjunctacogitamus,
1573 3433 1695 3487 quae
1708 3414 1966 3487 singilla-

318 3507 425 3561 tim
456 3521 627 3560 sensa
653 3503 1054 3571 meminimus,
1078 3503 1345 3559 videmur
1364 3504 1561 3559 nonid
1587 3504 1739 3575 quod
1766 3502 1967 3559 memi-

322 3594 521 3649 nimus
536 3594 813 3663 cogitare;
834 3609 967 3648 cum
980 3592 1037 3648 id
1054 3609 1297 3665 agamus
1314 3593 1651 3649 moderante
1663 3593 1966 3657 memoria,

320 3685 478 3740 unde
500 3682 794 3738 sumimus
817 3681 1014 3738 omnia
1038 3699 1165 3753 quae
1190 3681 1593 3753 multipliciter
1607 3697 1674 3736 ac
1688 3682 1845 3737 varie
1865 3696 1968 3753 pro

319 3778 523 3827 nostra
541 3771 841 3827 voluntate
862 3771 1291 3843 componimus.
1312 3770 1453 3828 Nam
1470 3771 1833 3842 nequeipsas
1851 3787 1975 3825 ma-

320 3862 662 3935 gnitudines
686 3876 1017 3931 corporum,
1045 3876 1193 3931 quas
1216 3876 1521 3931 nunquam
1546 3859 1821 3925 vidimus,
1846 3859 1974 3915 sine

321 3967 431 4022 ope
456 3948 745 4005 memoria
766 3948 1114 4018 cogitamus.
1136 3948 1426 4012 Quantum
1451 3947 1604 4003 enim
1631 3947 1800 4020 spatii
1826 3948 1974 4003 solet

320 4055 606 4109 occupare
621 4055 723 4110 per
738 4036 1198 4107 magnitudinem
1216 4054 1311 4094 mu
1322 4037 1416 4091 ndi
1434 4043 1629 4093 noster
1640 4039 1898 4105 obtutus,
1912 4036 1971 4090 in

318 4132 554 4183 tantum
582 4125 953 4181 extendimus
979 4125 1267 4197 quaslibet
1288 4143 1597 4199 corporum
1621 4128 1823 4193 moles,
1840 4142 1973 4180 cum

324 4233 425 4273 eas
458 4216 748 4271 maximas
779 4215 1122 4285 cogitamus.
1155 4215 1224 4270 Et
1255 4214 1403 4269 ratio
1436 4215 1672 4286 quidem
1704 4214 1894 4286 pergit
1916 4214 1973 4269 in

325 4305 633 4377 ampliora,
669 4304 768 4360 sed
803 4303 1115 4375 phantasia
1145 4320 1259 4359 non
1284 4304 1566 4374 sequitur.
1596 4303 1818 4375 Quippe
1841 4319 1975 4358 cum

1572 343 1806 407 LIBER
1851 316 2390 407 DUODECIMUS.

3573 350 3692 411 998

2039 476 2385 532 inﬁnitatem
2419 492 2651 550 quoque
2691 477 2919 533 numeri
2969 480 3113 534 ratio
3164 481 3476 545 renuntiet,
3510 499 3688 553 quam

2040 563 2202 619 nulla
2222 564 2366 620 visio
2387 567 2707 637 corporalia
2724 567 3034 637 cogitantis
3052 569 3451 639 apprehendit.
3474 573 3689 628 Eadem

2049 654 2194 708 ratio
2212 654 2380 710 docet
2399 655 2795 711 minutissima
2811 657 2986 712 etiam
3008 659 3353 728 corpuscula
3373 660 3597 716 infinite
3612 663 3695 716 di-

2048 741 2196 810 vidi;
2224 759 2355 797 cum
2379 748 2575 799 tamen
2600 745 2667 798 ad
2693 762 2791 799 eas
2812 746 3126 801 tenuitates
3144 746 3228 802 vel
3266 749 3545 804 minutias
3568 766 3696 821 per-

2051 835 2288 885 ventum
2315 831 2507 901 fuerit,
2533 850 2679 903 quas
2701 833 2855 888 visas
2878 835 3277 903 meminimus,
3302 838 3567 894 exiliores
3587 841 3696 895 mi-

2054 918 2430 990 nutioresque
2454 920 2792 991 phantasias
2818 924 2936 992 jam
2972 940 3084 978 non
3119 941 3434 995 possumus
3456 928 3696 997 intueri,

2053 1008 2321 1078 quamvis
2350 1008 2495 1063 ratio
2528 1026 2640 1063 non
2673 1010 2898 1066 desinat
2928 1013 3189 1084 persequi
3220 1031 3285 1069 ac
3314 1015 3586 1073 dividere.
3612 1018 3699 1073 Ita

2054 1095 2219 1151 nulla
2249 1097 2589 1168 corporalia,
2623 1099 2727 1153 etsi
2762 1104 2861 1154 aut
2889 1117 2956 1155 ea
2987 1118 3114 1173 quae
3163 1105 3564 1176 meminimus,
3597 1111 3700 1163 aut

2056 1201 2125 1240 ex
2155 1184 2227 1239 iis
2259 1201 2389 1255 quae
2422 1185 2820 1254 meminimus,
2855 1189 3200 1260 cogitamus.

2129 1273 2363 1330 CAPUT
2394 1272 2486 1330 ΧΙ.
2521 1306 2589 1316 -
2618 1277 2671 1331 8.
2707 1277 2995 1349 Numerus,
3024 1281 3258 1352 pondus,
3283 1300 3559 1341 mensura.
3587 1287 3699 1343 Sed

2058 1362 2197 1426 quia
2217 1378 2525 1419 numerose
2542 1365 2779 1436 cogitari
2796 1373 3043 1437 possunt
3059 1384 3185 1439 qum
3205 1370 3547 1444 singillatim
3564 1380 3704 1432 sunt

2060 1452 2347 1522 impressa
2371 1454 2682 1520 memoriae,
2698 1454 2936 1523 ,videtur
2953 1457 3022 1511 ad
3043 1460 3381 1517 memoriam
3403 1479 3703 1536 mensura,

2059 1540 2131 1595 ad
2155 1540 2437 1595 visionem
2460 1557 2590 1596 vero
2609 1559 2891 1598 numerus
2908 1546 3212 1615 pertinere.
3230 1551 3513 1615 Quialicet
3531 1554 3703 1609 innu-

2061 1628 2359 1684 merabilis
2382 1629 2457 1685 sit
2478 1630 2881 1702 multiplicitas
2899 1633 3104 1690 talium
3127 1637 3435 1709 visionum,
3456 1642 3705 1715 singulis

2060 1720 2255 1773 tamen
2275 1718 2331 1772 in
2355 1719 2635 1774 memoria
2654 1722 3026 1794 praescriptus
3044 1729 3131 1779 est
3149 1726 3705 1801 intransgressibilis

2063 1807 2295 1861 modus.
2317 1807 2588 1863 Mensura
2605 1809 2783 1880 igitur
2798 1811 2854 1865 in
2877 1814 3151 1869 memoris
3166 1856 3178 1879 ,
3193 1815 3249 1870 in
3265 1816 3591 1874 visionibus
3607 1837 3710 1876 uu-

2064 1911 2260 1950 merus
2283 1902 2526 1967 apparet
2552 1914 2565 1951 :
2591 1898 2744 1952 sicut
2766 1899 2823 1953 in
2849 1899 2993 1971 ipsis
3016 1905 3357 1974 corporibus
3378 1906 3708 1967 visibilibus

2065 2000 2341 2038 mensura
2358 1986 2624 2055 quaedam
2650 1991 2759 2053 est,
2783 1988 2874 2041 cui
2899 1992 3382 2051 numerosissime
3404 2002 3713 2069 coaptatur

2063 2089 2274 2127 sensus
2295 2072 2673 2141 videntium‘,
2699 2080 2755 2129 et
2772 2093 2838 2131 ex
2864 2094 2980 2133 uno
2997 2079 3215 2135 visibili
3243 2084 3711 2143 multorum’cer-

2064 2162 2328 2217 nantium
2354 2160 2641 2217 formatur
2670 2170 2983 2235 aspectus:
3016 2166 3098 2223 ita
3119 2172 3375 2228 utetiam
3403 2152 3711 2248 unuspro-

2066 2255 2193 2322 pter
2220 2250 2471 2305 duorum
2498 2251 2797 2309 oculorum
2823 2272 3133 2312 numerum
3157 2258 3711 2336 plerumque'ﬁnam

2065 2356 2187 2394 rem
2211 2339 2507 2411 geminata
2527 2342 2717 2412 specie
2740 2343 2948 2409 videat,
2982 2346 3135 2401 sicut
3164 2365 3343 2422 supra
3373 2353 3705 2411 docuimus.

2066 2429 2127 2482 In
2144 2427 2235 2483 his
2246 2443 2382 2499 ergo
2394 2429 2569 2484 rebus
2581 2431 2735 2487 unde
2746 2430 2999 2490 visiones
3012 2437 3713 2513 exprimuntur,qutedam

2066 2532 2345 2572 mensura
2374 2521 2463 2572 est
2491 2534 2504 2573 :
2530 2517 2588 2573 in
2619 2519 2766 2591 ipsis
2797 2526 2994 2578 autem
3024 2524 3371 2595 visionibus,
3404 2548 3706 2591 numerus.

2067 2604 2348 2695 Voluntas
2367 2622 2500 2662 vero
2523 2624 2652 2679 qua:
2673 2608 2784 2665 ista
2807 2612 3113 2685 conjungit
3133 2620 3188 2670 et
3209 2617 3461 2687 ordinat,
3486 2626 3545 2678 et
3574 2639 3714 2695 qua-

2067 2693 2200 2786 dam
2219 2695 2443 2786 unitate
2455 2695 2706 2786 copulat,
2727 2715 2831 2753 nec
2849 2701 3137 2757 sentiendi
3169 2709 3272 2760 aut
3295 2693 3715 2786 cogitandi—ap-

2067 2782 2311 2854 petitum
2336 2783 2449 2839 nisi
2471 2784 2528 2839 in
2564 2784 2655 2840 his
2686 2788 2860 2843 rebus
2893 2791 3046 2845 unde
3079 2792 3329 2850 visiones
3360 2782 3711 2871 formantur,

2067 2871 2444 2961 acquiescens
2461 2872 2725 2939 collocat,
2745 2876 2987 2946 ponderi
3007 2879 3218 2936 similis
3231 2889 3335 2939 est.
3353 2884 3714 2961 Quapropter

2067 2960 2190 3016 haec
2212 2961 2344 3025 tria,
2370 2978 2728 3029 mensuram,
2754 2982 3085 3036 numerum,
3104 2972 3333 3040 pondus
3346 2960 3597 3032 etiamin
3610 2995 3710 3035 cte-

2067 3054 2208 3106 teris
2230 3052 2505 3106 omnibus
2527 3053 2702 3107 rebus
2722 3054 3237 3115 animadvertenda
3260 3062 3704 3133 praelibaverim.

2068 3140 2236 3196 Nunc
2263 3140 2496 3196 interim
2527 3139 2883 3197 voluntatem
2916 3146 3325 3217 copulatricem
3354 3153 3434 3207 rei
3463 3154 3712 3210 visibilis

2072 3235 2247 3302 atque
2276 3230 2518 3285 visionis
2551 3231 2718 3302 quasi
2740 3234 2999 3303 parentis
3021 3239 3077 3291 et
3116 3239 3316 3310 prolis,
3342 3240 3460 3297 sive
3485 3243 3543 3297 in
3574 3261 3710 3299 sen-

2073 3320 2292 3386 tiendo,
2317 3317 2435 3374 sive
2456 3319 2515 3373 in
2537 3321 2863 3392 cogitando,
2888 3338 2993 3378 nec
3024 3332 3319 3395 parentem
3355 3347 3459 3387 nec
3488 3332 3711 3404 prolem

2076 3409 2187 3464 dici
2215 3424 2404 3481 posse,
2429 3409 2717 3479 quomodo
2750 3409 2900 3465 valui
2923 3416 2978 3467 et
2998 3414 3213 3484 quibus
3255 3418 3408 3473 valui
3439 3420 3716 3478 demons-

2075 3497 2241 3553 travi.
2266 3496 2427 3552 Unde
2446 3500 2679 3567 tempus
2701 3498 2997 3565 admonet,
3018 3500 3169 3556 hanc
3190 3507 3455 3563 eamdem
3486 3510 3717 3565 trinita-

2082 3593 2195 3643 tem
2220 3587 2277 3641 in
2300 3585 2573 3640 interiore
2592 3585 2828 3641 homine
2852 3588 3166 3658 requirere,
3209 3603 3380 3664 atque
3402 3596 3472 3650 ab
3509 3598 3620 3654 isto
3651 3599 3721 3653 de

2082 3694 2195 3750 quo
2235 3674 2459 3730 tamdiu
2510 3673 2742 3729 locutus
2790 3691 2923 3731 sum
2972 3678 3209 3734 animali
3261 3686 3433 3753 atque
3480 3685 3722 3754 carnali,

2083 3766 2184 3838 qui
2213 3763 2462 3820 exterior
2484 3762 2717 3832 dicitur,
2750 3764 3039 3822 introrsus
3086 3770 3341 3827 tendere.
3384 3772 3492 3829 Ubi
3523 3792 3722 3847 spera-

2084 3872 2219 3911 mus
2249 3852 2508 3908 invenire
2539 3868 2644 3907 nos
2675 3868 2845 3924 posse
2869 3856 3194 3911 secundum
3226 3860 3546 3917 trinitatem
3578 3864 3725 3921 ima-

2085 3944 2279 4017 ginem
2321 3941 2442 4009 Dei,
2497 3945 2743 3996 conatus
2790 3947 3022 3999 nostros
3070 3944 3169 4001 illo
3218 3948 3343 4020 ipso
3395 3951 3724 4020 adiuvante,

2088 4049 2258 4103 quem
2291 4029 2507 4097 omnia,
2542 4029 2695 4084 sicut
2740 4046 2831 4084 res
2880 4031 3018 4102 ipsas
3076 4033 3360 4107 indicant,
3412 4039 3494 4094 ita
3550 4040 3726 4096 etiam

2087 4124 2289 4178 sancta
2323 4120 2620 4189 Scriptura
2652 4119 2709 4172 in
2747 4136 3021 4175 mensura
3050 4127 3106 4177 et
3136 4141 3379 4182 numero
3401 4133 3456 4183 et
3477 4131 3731 4200 pondere

2088 4208 2449 4281 disposuisse
2481 4211 2726 4261 testatur
2755 4208 2901 4279 (δίη).
2936 4227 3012 4276 xi,
3045 4211 3157 4280 2i).

2154 4311 2171 4344 ί
2207 4307 2445 4369 Plerique
2475 4307 2617 4364 Mss.,
2650 4319 2824 4354 sensus
2852 4306 3075 4357 videndi.

330 4429 3734 4456 W—W

1396 4543 1771 4636 LIBER
1830 4538 2680 4636 DUODECIMUS.

401 4706 455 4755 In
490 4719 598 4769 quo
628 4703 906 4769 premies‘a
936 4701 1629 4769 distinctionesapientitea
1656 4702 1987 4769 scientia,__in
2014 4714 2079 4769 ea
2105 4713 2225 4769 quae
2257 4697 2473 4769 proprie
2496 4697 2724 4769 scientia
2753 4704 3112 4769 nuncupatur.
3164 4716 3354 4764 quaeve
3387 4706 3610 4758 inferior
3639 4714 3743 4769 est,

335 4770 486 4832 prius
506 4761 765 4832 quaedam
796 4767 877 4815 sui
907 4766 1121 4832 generis
1150 4761 1371 4832 trinitas
1386 4765 1717 4832 ostenditur:
1752 4778 1873 4829 qua;
1902 4763 2029 4814 licet
2056 4761 2457 4812 ad‘iuteriorem
2496 4761 2764 4809 hominem
2805 4761 2916 4824 jam
2943 4761 3251 4830 pertineat,
3284 4770 3524 4820 nondum
3558 4761 3744 4821 tamen

337 4826 515 4895 imago
533 4826 640 4882 Dei
664 4829 749 4879 vel
777 4826 1094 4892 appellanda
1122 4828 1204 4877 vel
1235 4826 1493 4890 putanda.

410 5004 644 5061 CAPUT
667 5005 971 5060 PRIMUM.
987 5035 1054 5045 —-
1075 5011 1089 5059 t
1107 5046 1118 5058 .
1137 5004 1299 5059 Homo
1312 5006 1610 5060 exteriore!
1620 5005 1851 5059 interior
1862 5021 1990 5074 qua-

344 5094 430 5148 tis.
451 5097 571 5166 Age
593 5110 767 5165 nunc,
786 5094 1086 5149 videamus
1106 5092 1204 5147 ubi
1221 5092 1475 5164 sitquasi
1492 5093 1786 5163 quoddam
1802 5092 1989 5148 homi-

343 5182 435 5237 nis
476 5183 778 5237 exterioris
815 5182 1228 5251 interiorisque
1290 5181 1633 5236 conﬁnium.
1694 5182 1989 5253 Quidquid

341 5271 500 5326 enim
536 5271 819 5326 habemus
865 5273 925 5326 in
978 5270 1174 5326 animo
1224 5285 1534 5324 commune
1584 5286 1717 5325 cum
1765 5287 1991 5341 pecore,

344 5364 501 5414 recte
532 5359 723 5415 adhuc
753 5360 968 5415 dicitur
1011 5359 1081 5414 ad
1114 5356 1455 5413 exteriorem
1488 5357 1785 5413 hominem
1819 5359 1994 5430 perti-

347 5463 506 5502 nere.
538 5447 665 5503 Non
692 5448 846 5503 enim
878 5447 1067 5503 solum
1100 5462 1312 5517 corpus
1345 5444 1517 5500 homo
1548 5447 1794 5502 exterior
1822 5449 1997 5520 depu-

344 5536 593 5605 tabitur,
624 5537 726 5592 sed
757 5539 1034 5608 adjuncta
1063 5534 1319 5608 quadam
1366 5532 1485 5588 vita
1532 5551 1658 5603 sua,
1693 5552 1809 5607 qua
1838 5554 1997 5594 com-

352 5640 535 5697 pages
565 5626 823 5697 corporis
853 5631 910 5683 et
939 5641 1144 5681 omnes
1172 5639 1381 5680 sensus
1402 5622 1618 5697 vigent,
1642 5624 1858 5697 quibus
1877 5625 1998 5683 ins-

353 5717 589 5775 tructus
618 5719 707 5775 est
737 5715 808 5775 ad
840 5714 1127 5774 exteriora
1156 5711 1499 5772 sentienda:
1533 5728 1780 5785 quorum
1808 5733 2000 5776 senso-

2098 5020 2227 5058 rum
2261 5001 2549 5073 imagines
2578 5000 2769 5057 infixze
2799 5001 2859 5056 in
2893 5005 3191 5074 memoria,
3227 5023 3359 5062 cum
3385 5008 3739 5064 recordando

2100 5092 2452 5157 revisuntur,
2487 5106 2577 5145 res
2608 5090 2799 5147 adhuc
2833 5093 3026 5165 agitur
3055 5095 3125 5149 ad
3176 5095 3518 5150 exteriorem
3550 5095 3740 5151 homi-

2100 5196 2232 5236 nem
2268 5177 2584 5250 pertinens.
2619 5179 2805 5250 Atque
2826 5180 2885 5235 in
2908 5181 2996 5236 his
3017 5182 3290 5237 omnibus
3312 5198 3424 5237 non
3450 5183 3744 5240 distamus

2102 5286 2136 5325 a
2166 5283 2392 5341 pecore,
2426 5266 2539 5322 nisi
2571 5268 2726 5339 quod
2759 5268 2946 5339 figura
2972 5270 3229 5340 corporis
3273 5287 3387 5326 non
3420 5272 3609 5343 proni,
3643 5275 3743 5329 sed

2103 5356 2278 5414 erecti
2310 5372 2536 5412 sumus.
2570 5357 2695 5421 Qua
2726 5356 2783 5411 in
2816 5373 2877 5413 re
2908 5358 3296 5414 admonemur
3324 5360 3396 5415 ab
3428 5377 3493 5417 eo
3515 5362 3616 5434 qui
3640 5380 3746 5419 nos

2104 5446 2257 5515 fecit,
2290 5462 2361 5501 ne
2387 5443 2622 5500 meliore
2651 5445 2833 5500 nostri
2865 5450 3050 5517 parte,
3082 5445 3139 5501 id
3169 5451 3258 5503 est
3278 5448 3496 5517 animo,
3523 5448 3745 5506 similes

2105 5535 2411 5609 pecoribus
2441 5535 2650 5600 simus,
2684 5550 2716 5588 a
2741 5534 2957 5603 quibus
2978 5537 3237 5607 corporis
3257 5538 3543 5593 erectiune
3565 5540 3745 5595 dista-

2107 5642 2262 5683 mus.
2294 5624 2419 5679 Non
2450 5626 2515 5676 ut
2542 5620 2600 5675 in
2633 5636 2699 5676 ea
2720 5636 2845 5693 quae
2867 5623 3141 5681 sublimia
3159 5630 3296 5681 sunt
3318 5627 3377 5682 in
3405 5628 3747 5701 corporibus

2109 5714 2373 5773 animum
2406 5707 2782 5782 projiciamus
2811 5734 2824 5781 ς
2855 5726 2989 5769 nam
3021 5712 3105 5768 Vel
3139 5713 3196 5772 in
3247 5715 3461 5775 talibus
3492 5717 3743 5793 quietem
