4100 6190
466 258 586 317 999

461 386 777 443 voluntatis
806 391 1126 460 appertere,
1160 392 1526 459 prosternere
1558 392 1648 443 est
1678 387 1964 443 animum.
1997 386 2108 442 Sed

463 476 615 533 sicut
643 492 853 547 corpus
886 476 958 531 ad
989 493 1055 532 ea
1088 494 1214 548 quae
1246 482 1384 533 sunt
1434 476 1660 532 excelsa
1690 492 2017 547 corporum,
2050 475 2107 532 id

462 570 569 636 est,
595 567 663 620 ad
690 564 943 621 caelestia
965 569 1100 620 natu
1112 564 1311 621 raliter
1330 570 1585 621 erectum
1608 570 1697 621 est
1719 590 1732 634 ;
1754 567 1835 620 sic
1854 565 2106 631 animus,

462 655 559 727 qui
602 654 934 709 substantia
966 654 1287 726 spiritualis
1320 661 1427 720 est,
1473 655 1543 709 ad
1593 672 1659 710 ea
1704 672 1831 726 quas
1880 659 2019 708 sunt
2048 653 2105 707 in

460 742 867 815 spiritualibus
921 743 1145 799 excelsa
1196 745 1508 815 erigendus
1559 748 1665 810 est,
1715 761 1830 799 non
1862 742 2108 798 elatione

459 831 766 904 superbiae,
803 834 900 888 sed
945 834 1155 904 pietate
1178 834 1448 904 justitiaa.

529 920 759 977 CAPUT
785 922 852 976 ll.
879 951 945 963 ——
965 922 1020 976 2.
1044 924 1293 977 Αῐιενεηαδ
1344 923 1588 977 rationes
1632 924 1693 977 in
1736 920 2108 993 carporalibus

455 1014 612 1069 homo
628 1013 777 1068 solus
794 1014 1169 1068 animantium
1184 1015 1438 1085 percipit.
1459 1015 1713 1069 Possunt
1728 1018 1922 1067 autem
1940 1016 1997 1066 et
2012 1027 2107 1082 pe-

457 1118 592 1157 cora
612 1106 666 1156 et
692 1102 908 1157 sentire
932 1117 1033 1172 per
1055 1101 1313 1172 corporis
1344 1118 1556 1157 sensus
1586 1100 1945 1156 extrinsecus
1978 1116 2102 1154 cor-

456 1189 698 1261 poralia,
729 1194 785 1244 et
807 1206 873 1244 ea
906 1190 1197 1244 memoriae
1231 1190 1344 1244 ﬁxa
1374 1189 1687 1258 reminisci,
1723 1194 1894 1260 atque
1928 1188 1987 1242 in
2018 1187 2102 1243 eis

456 1284 727 1350 appetere
751 1278 1162 1343 conducibilia,
1188 1282 1384 1349 fugere
1406 1278 1801 1333 incommoda:
1825 1293 2020 1331 verum
2037 1293 2104 1333 ea

457 1372 676 1432 notare,
705 1384 771 1422 ac
791 1384 902 1422 non
928 1366 1118 1422 solum
1143 1372 1280 1421 natu
1292 1366 1487 1422 raliter
1509 1373 1693 1439 rapta,
1720 1367 1817 1421 sed
1838 1366 2011 1421 etiam
2030 1366 2102 1422 de

454 1454 744 1510 industria
767 1455 1059 1510 memoriae
1082 1456 1488 1510 commendata
1508 1456 1777 1521 retinere,
1800 1460 1855 1509 et
1878 1454 1931 1508 in
1952 1453 2099 1509 obli-

453 1544 682 1599 vionem
701 1545 1064 1614 jamjamque
1088 1543 1345 1599 labentia
1365 1544 1723 1599 recordando
1745 1548 1920 1613 atque
1943 1541 2098 1613 cogi-

453 1634 630 1687 tando
664 1650 870 1687 rursus
902 1632 1275 1703 imprimere;
1310 1639 1373 1687 ut
1405 1632 1899 1704 quemadmodum
1934 1648 2003 1685 ex
2031 1646 2097 1686 eo

454 1722 607 1792 quod
641 1721 789 1793 gerit
824 1722 1105 1776 memoria
1146 1722 1417 1793 cogitatio
1450 1722 1754 1789 formatur,
1789 1722 1871 1775 sic
1903 1724 1959 1773 et
1989 1719 2097 1775 hoc

454 1810 649 1881 ipsum
673 1811 827 1881 quod
852 1812 908 1865 in
936 1812 1215 1865 memoria
1234 1816 1323 1865 est
1342 1811 1693 1882 cogitatione
1718 1811 2007 1864 ﬁrmetur:
2034 1809 2097 1863 ﬁ-

452 1904 575 1954 ctas
597 1899 770 1954 etiam
793 1898 1064 1965 visiones,
1090 1898 1225 1953 hinc
1247 1904 1420 1969 atque
1442 1899 1576 1953 inde
1603 1899 1901 1953 recordata
1932 1913 2093 1967 quaa-

445 1987 586 2043 libet
612 1987 895 2042 sumendo
924 1992 979 2041 et
1000 1986 1166 2057 quasi
1188 1988 1499 2054 assuenda,
1521 2002 1887 2058 componere,
1908 1985 2092 2057 inspi-

444 2091 592 2141 cere,
618 2075 1117 2146 quemadmodum
1146 2074 1201 2127 in
1229 2073 1338 2128 hoc
1363 2090 1555 2128 rerum
1583 2090 1790 2145 genere
1808 2090 1933 2144 quae
1950 2072 2092 2128 veri-

444 2163 661 2217 similia
682 2167 821 2218 sunt
837 2164 1244 2217 discernantur
1264 2180 1297 2216 a
1319 2162 1490 2229 veris,
1514 2180 1625 2216 non
1660 2161 2086 2234 spiritualibus,

443 2252 542 2306 sed
560 2252 701 2323 ipsis
714 2251 1262 2322 corporalibuszhzec
1276 2257 1452 2322 atque
1466 2251 1802 2321 hujusmodi
1819 2250 2089 2322 quamvis

442 2340 501 2395 in
534 2339 935 2410 sensibilibus,
970 2343 1145 2410 atque
1178 2340 1236 2392 in
1269 2340 1351 2392 eis
1393 2356 1521 2410 quae
1554 2339 1687 2394 inde
1717 2338 1951 2394 animus
1984 2353 2087 2409 per

442 2444 681 2484 sensum
700 2427 957 2499 corporis
980 2428 1153 2482 traxit
1175 2433 1423 2499 agantur
1440 2439 1611 2498 atque
1629 2433 1949 2496 versentur,
1970 2442 2084 2481 non

442 2523 581 2573 sunt
605 2523 799 2577 tamen
824 2517 1065 2572 rationis
1086 2517 1359 2587 expertia,
1386 2533 1488 2571 nec
1510 2516 1847 2571 hominibus
1871 2516 2087 2587 pecori-

442 2608 671 2678 busque
692 2606 1047 2661 communia.
1075 2607 1186 2661 Sed
1224 2606 1584 2661 sublimioris
1607 2604 1849 2661 rationis
1871 2610 1959 2660 est
1984 2607 2082 2677 ju-

441 2696 633 2751 dicare
660 2696 729 2749 de
760 2696 889 2750 istis
919 2693 1322 2766 corporalibus
1353 2695 1674 2749 secundum
1709 2694 1960 2749 rationes
1992 2694 2082 2750 in-

440 2783 768 2855 corporales
800 2788 855 2839 et
878 2783 1264 2855 sempiternas
1290 2799 1301 2838 :
1337 2799 1462 2852 quae
1485 2782 1593 2838 nisi
1620 2800 1798 2855 supra
1824 2786 2080 2838 mentem

433 2872 694 2928 humana
725 2880 942 2938 essent,
976 2872 1488 2927 incommutabiles
1538 2873 1791 2943 profecto
1841 2888 1954 2926 non
1988 2888 2077 2928 es-

432 2965 599 3029 sent;
636 2966 810 3030 atque
852 2961 971 3015 his'
1027 2960 1140 3016 nisi
1188 2961 1641 3029 subjungeretur
1688 2960 1908 3032 aliquid
1943 2976 2076 3016 nos-

428 3055 609 3119 trum,
666 3066 780 3105 non
832 3050 1157 3104 secundum
1212 3065 1310 3104 eas
1357 3064 1666 3119 possemus
1709 3050 1975 3119 judicare
2006 3050 2077 3104 de

424 3136 853 3209 corporalibus.
885 3137 1231 3192 Judicamus
1264 3142 1458 3191 autem
1492 3138 1563 3191 de
1585 3136 1987 3208 corporalibus
2009 3154 2078 3193 ex

396 3227 651 3287 ratione
682 3226 1115 3282 dimensionum
1158 3231 1337 3297 atque
1387 3228 1728 3298 ﬁgurarum,
1781 3242 1959 3298 quam
1985 3225 2074 3280 in-

422 3316 927 3371 commutabiliter
966 3332 1201 3371 manere
1234 3332 1399 3370 mens
1434 3316 1611 3371 novit.

494 3404 725 3461 CAPUT
758 3406 853 3460 ill.
888 3435 955 3446 --
986 3406 1037 3459 3.
1067 3405 1221 3459 Ratio
1241 3406 1492 3476 superior
1511 3419 1634 3475 qua?
1651 3403 1721 3459 ad
1740 3406 2072 3476 contempla-

419 3496 627 3550 tionem
655 3503 707 3551 et
739 3496 971 3550 interior
1003 3508 1127 3564 quae
1154 3492 1223 3547 ad
1252 3494 1521 3548 actionem
1536 3496 1795 3563 pertinet,
1820 3494 1877 3547 in
1894 3497 2075 3550 mente

417 3601 548 3638 una.
577 3582 722 3638 Illud
752 3599 883 3638 vero
906 3588 1171 3637 nostrum
1193 3582 1345 3653 quod
1371 3582 1429 3636 in
1445 3582 1669 3636 actione
1682 3580 2069 3653 corporalium

415 3676 714 3743 atquetem
726 3670 1013 3743 poralium
1030 3671 1463 3725 tractandorum
1482 3670 1560 3723 ita
1573 3675 1856 3740 versatur,
1875 3676 2068 3726 utnon

412 3763 487 3816 sit
505 3761 675 3816 nobis
689 3775 999 3815 commune
1014 3776 1143 3814 cum
1169 3774 1393 3829 pecore,
1411 3758 1691 3813 rationale
1706 3759 1943 3830 quidem
1958 3764 2066 3826 est,

411 3851 512 3905 sed
543 3867 611 3905 ex
638 3849 737 3904 illa
759 3846 1028 3903 rationali
1068 3852 1281 3902 nostra:
1322 3847 1539 3902 mentis
1578 3847 1926 3912 subslantia,
1951 3864 2068 3919 qua

413 3939 824 3993 subhzeremus
857 3936 1208 4007 intelligibili
1243 3941 1416 4007 atque
1439 3935 1907 3991 incommutabili
1928 3936 2068 3992 veri-

413 4027 537 4094 tati,
567 4031 849 4097 tanquam
873 4026 1115 4081 ductum
1140 4029 1197 4080 et
1216 4024 1589 4079 inferioribus
1610 4024 1933 4079 tractandis
1958 4041 2063 4097 gu-

410 4117 851 4187 bernandisque
867 4117 1210 4187 deputatum
1231 4118 1337 4169 est.
1357 4114 1519 4171 Sicut
1536 4114 1691 4169 enim
1710 4114 1766 4168 in
1788 4114 2065 4171 omnibus

412 4206 724 4277 pecoribus
751 4222 865 4261 non
891 4206 1190 4259 inventum
1218 4207 1307 4258 est
1336 4202 1457 4259 viro
1484 4203 1841 4273 adjutorium
1873 4204 2064 4260 simile

402 4297 513 4364 illi,
540 4297 655 4352 nisi
677 4297 1005 4351 detractum
1020 4295 1091 4350 de
1104 4292 1204 4349 illo
1219 4294 1277 4349 in
1293 4294 1673 4366 conjungium
1689 4294 2061 4362 formaretur;

399 4386 482 4441 ita
509 4385 692 4440 menti
719 4390 927 4441 nostris
942 4401 1058 4455 qua
1080 4398 1395 4455 supernam
1421 4386 1479 4437 et
1495 4381 1783 4438 internam
1805 4382 2061 4438 consuli-

408 4491 542 4529 mus
563 4474 886 4544 veritatem,
909 4472 1138 4528 nullum
1161 4476 1250 4528 est
1271 4471 1343 4527 ad
1367 4488 1541 4526 usum
1575 4488 1769 4528 rerum
1793 4488 2059 4542 corpora-

409 4559 579 4633 lium,
605 4564 891 4633 quantum
915 4566 1133 4617 naturas
1158 4560 1416 4617 hominis
1437 4560 1581 4616 satis
1602 4564 1712 4629 est,
1744 4559 1935 4616 simile
1958 4561 2058 4617 ad-

404 4650 692 4721 jutorium
711 4666 778 4706 ex
790 4649 997 4706 animae
1018 4649 1280 4721 partibus
1297 4667 1444 4722 quas
1462 4665 1800 4706 communes
1814 4666 1946 4705 cum
1962 4665 2058 4721 pe-

409 4739 646 4795 coribus
660 4739 1041 4794 babemus.Et
1053 4738 1180 4794 ideo
1196 4738 1473 4810 quiddam
1487 4736 1768 4794 rationale
1790 4742 2058 4795 nostrum

409 4846 523 4885 non
546 4829 617 4884 ad
642 4829 886 4884 unitatis
920 4828 1233 4884 divortium
1275 4833 1631 4899 separatum,
1674 4828 1774 4883 sed
1816 4826 1876 4883 in
1898 4828 2058 4884 auxi-

405 4918 554 4974 lium
571 4918 871 4975 societatis
889 4917 1057 4990 quasi
1072 4916 1416 4983 derivatum,
1437 4917 1494 4972 in
1514 4917 1603 4972 sui
1623 4917 1815 4989 operis
1832 4918 2058 4990 disper-

403 5011 547 5065 titur
577 5010 891 5066 ofﬁcium’.
936 5010 1003 5064 Et
1032 5007 1184 5064 sicut
1234 5023 1351 5063 una
1396 5023 1529 5063 caro
1576 5010 1665 5063 est
1712 5009 1962 5065 duorum
1994 5008 2056 5065 in

402 5099 667 5157 masculo
692 5107 747 5157 et
767 5098 1003 5169 femina,
1028 5098 1113 5154 sic
1135 5095 1493 5152 intellectum
1514 5102 1781 5152 nostrum
1802 5104 1858 5153 et
1874 5098 2057 5155 actio-

402 5206 558 5261 nem,
591 5188 680 5245 vel
713 5189 1025 5245 consilium
1055 5192 1112 5243 et
1158 5186 1619 5251 exsecutionem,
1651 5184 1737 5241 vel
1769 5189 2054 5245 rationem

403 5282 459 5333 et
479 5279 801 5349 appetitum
826 5276 1191 5341 rationalem,
1210 5274 1298 5330 vel
1324 5274 1371 5330 si
1397 5291 1513 5346 quo
1536 5274 1652 5329 alia
1675 5276 1846 5332 modo
1870 5277 2052 5350 signi-

402 5366 675 5423 ﬁcantius
701 5367 814 5423 dici
838 5371 1105 5439 possunt,
1133 5382 1247 5419 una
1265 5362 1477 5419 mentis
1502 5366 1711 5418 natura
1726 5366 2057 5438 complecti-

400 5455 523 5508 tur:
547 5460 610 5509 ut
626 5457 1126 5526 quemadmodum
1146 5454 1216 5509 de
1232 5453 1349 5508 illis
1367 5452 1588 5508 dictum
1608 5458 1717 5521 est,
1754 5455 1929 5510 Erunt
1948 5455 2054 5513 duo

461 5577 482 5646 ξ
511 5575 669 5646 limiti,
700 5578 754 5626 in
782 5578 879 5627 his.
909 5580 1087 5646 A_l_)est,
1118 5577 1197 5646 in,
1227 5591 1259 5646 ᾳ
1289 5576 1559 5646 plerisque
1589 5581 1985 5646 manuscriptis.

461 5639 484 5677 ι
508 5638 703 5689 Omnes
735 5652 901 5705 prope
930 5638 1079 5701 Msa,
1104 5638 1306 5705 ofﬁcio:
1328 5638 1577 5703 Quidam,
1595 5639 1793 5707 ofﬁcia.

1586 253 1687 317 DE
1730 254 2177 329 THINITATE,
2227 255 2294 317 S.
2324 254 2749 319 AUGUSTINI

3666 265 3790 328 i000

2219 388 2282 442 in
2311 403 2478 443 came
2508 404 2621 443 una
2653 387 2808 459 (Gen.
2844 403 2905 456 ιι,
2946 385 3079 458 24);
3128 385 3219 443 sid
3270 386 3340 442 de
3369 384 3455 443 his
3500 387 3599 445 dici
3626 395 3793 464 possit,

2222 475 2346 531 Duo
2378 476 2435 531 in
2470 480 2663 532 mente
2705 493 2841 533 una.

2293 567 2523 622 CAPUT
2559 569 2651 623 IV.
2684 599 2753 607 —
2783 568 2834 621 4.
2874 568 3111 621 Trinitas
3141 570 3195 622 et
3225 568 3400 637 imago
3432 569 3527 622 Dei
3552 572 3603 624 in
3627 585 3681 625 ea
3707 574 3798 628 sola

2218 665 2373 726 parte
2391 657 2586 711 mentis
2607 673 2723 727 qum
2742 658 2978 726 pertinet
3000 656 3068 709 ad
3087 658 3589 726 contemplationem
3609 664 3796 716 elemo-

2220 760 2364 799 rum.
2389 748 2531 800 Cum
2553 744 2732 816 igitur
2746 744 3093 799 disserimus
3110 745 3180 799 de
3199 747 3406 799 natura
3425 746 3617 802 mentis
3628 748 3797 805 buma-

2218 849 2326 904 nae,
2350 834 2420 887 de
2451 849 2568 888 una
2597 833 2851 904 quadam
2880 848 2941 887 re
2972 833 3340 901 disserimus,
3373 849 3471 887 nec
3498 850 3610 889 eam
3634 834 3684 890 in
3707 837 3798 892 haec

2216 922 2332 977 duo
2354 938 2480 993 quae
2503 922 2975 987 commemoravi,
2999 922 3112 977 nisi
3136 938 3239 994 per
3258 921 3446 977 ofﬁcia
3464 923 3798 993 geminamus.

2218 1009 2418 1082 Itaque
2439 1027 2572 1065 cum
2594 1011 2654 1065 in
2675 1027 2743 1066 ea
2763 1010 3079 1081 quaerimus
3101 1010 3445 1075 trinitatem,
3472 1010 3528 1065 in
3547 1016 3654 1067 tota
3681 1029 3801 1084 qua:-

2216 1100 2424 1167 rimus,
2456 1116 2572 1156 non
2603 1104 2940 1171 separantes
2960 1099 3249 1155 actionem
3272 1098 3597 1155 rationalem
3619 1100 3670 1155 in
3688 1106 3802 1157 tem-

2213 1189 2512 1259 poralibus
2543 1206 2576 1244 a
2606 1188 3095 1261 contemplatione
3123 1192 3493 1256 aeternorum,
3521 1192 3580 1243 ut
3602 1190 3802 1246 tertium

2213 1277 2433 1349 aliquid
2445 1279 2570 1349 jam
2585 1293 2918 1348 quaeramus
2933 1293 3049 1349 quo
3064 1276 3298 1333 trinitas
3317 1276 3631 1348 impleatur.
3650 1278 3741 1333 Sed
3756 1280 3803 1333 in

2212 1370 2332 1423 tota
2352 1373 2561 1423 natura
2581 1366 2794 1422 mentis
2815 1366 2875 1422 in
2895 1367 3219 1421 trinitatem
3243 1365 3478 1437 reperiri
3495 1382 3630 1436 opus
3648 1370 3738 1432 est,
3756 1371 3807 1422 ut

2211 1457 2260 1510 si
2294 1456 2443 1511 desit
2472 1456 2623 1512 actio
2664 1455 3100 1527 temporalium,
3144 1454 3238 1510 cui
3269 1453 3427 1525 operi
3458 1454 3802 1510 necessarium

2209 1546 2286 1601 sit
2316 1544 2696 1615 adjutorium,
2728 1548 2964 1616 propter
2993 1544 3147 1615 quod
3182 1544 3252 1598 ad
3286 1548 3408 1598 haec
3457 1542 3710 1598 inferiora
3730 1544 3809 1599 ad-

2208 1634 2602 1689 ministranda
2633 1633 2927 1689 derivetur
2954 1632 3175 1704 aliquid
3209 1631 3445 1696 mentis,
3476 1630 3532 1685 in
3563 1647 3670 1687 uua
3696 1647 3810 1687 nus-

2207 1739 2381 1794 quam
2414 1721 2720 1794 dispertita
2750 1725 2943 1777 mente
2971 1720 3204 1776 trinitas
3236 1720 3593 1776 inveniatur:
3616 1720 3808 1775 etfacta

2195 1812 2323 1881 jam
2347 1811 2458 1866 ista
2478 1810 2908 1880 distributione,
2932 1810 2991 1864 in
3009 1826 3074 1865 eo
3092 1808 3216 1865 solo
3234 1809 3390 1881 quod
3405 1810 3474 1864 ad
3492 1808 3808 1880 contempla-

2202 1900 2421 1955 tionem
2448 1901 2697 1971 pertinet
2716 1904 3089 1967 mternorum,
3115 1914 3229 1953 non
3253 1897 3445 1953 solum
3466 1897 3704 1965 trinitas,
3726 1896 3809 1953 sed

2201 1990 2376 2044 etiam
2402 1990 2595 2060 imago
2621 1988 2714 2043 Dei
2740 2007 2752 2055 ;
2779 1988 2835 2042 in
2860 1988 2969 2043 hoc
2996 1991 3189 2043 autem
3217 1989 3373 2059 quod
3408 1986 3710 2041 derivatum
3739 1990 3813 2041 est

2198 2078 2258 2133 in
2281 2078 2507 2134 actione
2529 2077 2962 2147 temporalium,
2987 2075 3217 2132 etiamsi
3236 2075 3472 2131 trinitas
3493 2074 3684 2146 possit,
3715 2090 3811 2128 non

2197 2172 2396 2222 tamen
2427 2166 2620 2236 imago
2647 2165 2745 2221 Dei
2780 2165 2965 2236 possit
3004 2164 3276 2220 inveniri.

2267 2254 2500 2310 CAPUT
2528 2254 2596 2309 V.
2628 2285 2696 2294 -—
2725 2256 2779 2309 5.
2815 2253 3010 2325 Opinio
3039 2255 3254 2325 ﬁngens
3273 2254 3574 2322 imaginem
3605 2251 3809 2306 Trinita-

2192 2346 2264 2399 tis
2288 2346 2349 2398 in
2376 2345 2636 2413 conjugio
2676 2344 2914 2398 masculi
2952 2346 3003 2398 et
3055 2344 3284 2414 feminae
3339 2359 3407 2397 ac
3457 2357 3637 2397 eorum
3661 2340 3808 2411 prole.

2193 2432 2437 2488 Proinde
2467 2450 2582 2487 non
2616 2432 2755 2486 mihi
2788 2431 3060 2487 videntur
3091 2430 3456 2503 probabilem
3487 2430 3679 2485 afferre
3697 2444 3807 2482 sen-

2190 2522 2456 2589 tentiam,
2482 2522 2580 2592 qui
2606 2522 2689 2576 sic
2711 2520 3070 2575 arbitrantur
3088 2522 3412 2575 trinitatem
3436 2517 3702 2588 imaginis
3724 2515 3808 2571 Dei

2187 2609 2248 2665 in
2270 2611 2460 2667 tribus
2493 2611 2779 2682 personis.
2811 2610 2965 2681 quod
2998 2609 3201 2664 attinet
3224 2610 3294 2664 ad
3317 2609 3638 2664 humanam
3658 2611 3805 2661 natu-

2188 2716 2336 2765 ram,
2364 2716 2535 2771 posse
2558 2699 2815 2770 reperiri,
2836 2698 2977 2752 utin
3011 2698 3281 2769 conjugio
3314 2696 3565 2753 masculi
3588 2699 3643 2751 et
3662 2692 3804 2750 femi-

2188 2806 2272 2844 nae
2304 2794 2480 2859 atque
2511 2789 2568 2842 in
2600 2804 2799 2843 eorum
2850 2786 3009 2858 prole
3036 2785 3441 2858 compleatur:
3477 2784 3630 2857 quod
3658 2780 3804 2855 quasi

2184 2878 2274 2932 vir
2293 2877 2419 2949 ipse
2441 2877 2625 2931 Patris
2648 2892 2957 2947 personam
2981 2876 3245 2942 intimet;
3270 2874 3399 2929 Filii
3418 2891 3570 2943 vero,
3592 2871 3734 2945 quod
3749 2871 3810 2926 de

2184 2965 2283 3020 illo
2312 2966 2395 3020 ita
2424 2964 2707 3036 processit
2739 2968 2803 3018 ut
2832 2969 3206 3030 nasceretur;
3240 2968 3426 3036 atque
3456 2964 3536 3017 ita
3558 2959 3809 3017 tertiam‘

2184 3069 2493 3125 personam
2515 3051 2673 3106 velut
2692 3050 2946 3122 Spiritus
2969 3051 3172 3105 dicunt
3192 3067 3321 3105 esse
3348 3048 3678 3115 mulierem,
3701 3060 3811 3117 qua

2182 3141 2267 3196 ita
2302 3142 2371 3196 de
2402 3141 2521 3195 viro
2554 3139 2858 3211 processit,
2889 3144 2954 3194 ut
2996 3156 3111 3194 non
3165 3138 3293 3210 ipsa
3345 3142 3507 3194 esset
3552 3135 3703 3191 ﬁlius
3729 3137 3816 3187 aut

2182 3230 2302 3286 ﬁlia
2322 3231 2479 3301 (Gen.
2508 3247 2569 3295 11,
2592 3229 2704 3299 22),
2730 3228 2997 3300 quamvis
3021 3244 3089 3283 ea
3109 3226 3486 3298 concipiente
3508 3224 3691 3299 proles
3718 3238 3813 3278 na-

2180 3326 2457 3375 sceretur.
2492 3317 2647 3374 Dixit
2676 3317 2831 3373 enim
2876 3316 3162 3372 Dominus
3206 3316 3277 3370 de
3323 3316 3549 3387 Spiritu
3602 3314 3812 3380 Sancto,

2179 3408 2333 3479 quod
2356 3425 2390 3462 a
2413 3407 2579 3462 Patre
2603 3406 2874 3477 procedat
2895 3406 3073 3477 (Joan.
3105 3420 3194 3472 xv,
3236 3404 3354 3475 26),
3411 3407 3472 3458 et
3516 3407 3705 3458 tamen
3733 3398 3811 3452 Fi-

2177 3496 2292 3551 lius
2324 3513 2437 3552 non
2474 3499 2579 3551 est.
2616 3499 2675 3548 In
2710 3493 2888 3565 hujus
2919 3493 3100 3565 igitur
3139 3492 3443 3564 opinionis
3477 3506 3688 3554 errore,
3718 3487 3813 3541 hoc

2178 3584 2366 3639 solum
2400 3582 2778 3656 probabiliter
2805 3582 3064 3647 affertur,
3118 3581 3271 3652 quod
3314 3580 3379 3635 in
3411 3579 3638 3651 origine
3668 3577 3809 3631 facta)

2176 3672 2422 3737 feminae,
2467 3672 2787 3727 secundum
2839 3674 3053 3725 sonctaa
3094 3668 3411 3741 Scriptura:
3462 3668 3638 3723 ﬁdem
3684 3662 3811 3720 satis

2174 3761 2524 3827 ostenditur,
2558 3776 2670 3814 non
2701 3774 2872 3815 omne
2900 3758 3053 3830 quod
3093 3759 3165 3813 de
3219 3757 3427 3828 aliqua
3472 3770 3717 3829 persona
3742 3752 3810 3804 ita

2172 3850 2386 3919 existit,
2403 3853 2467 3903 ut
2489 3864 2796 3919 personam
2817 3846 3059 3902 alteram
3080 3846 3271 3915 faciat,
3288 3846 3485 3900 ﬁlium
3506 3859 3675 3915 posse
3691 3838 3808 3907 dici;

2172 3938 2649 4010 quandoquidem
2673 3937 2742 3991 de
2763 3935 2870 3990 viri
2892 3950 3141 4006 persona
3162 3935 3389 3989 exstitit
3418 3948 3671 4005 persona
3697 3944 3810 3984 mu-

2169 4026 2350 4095 lieris,
2375 4043 2480 4081 nec
2500 4032 2694 4081 tamen
2717 4025 2844 4096 ejus
2868 4022 2988 4079 ﬁlia
3009 4023 3162 4079 dicta
3181 4028 3286 4080 est.
3316 4025 3550 4080 Cmtera
3584 4035 3717 4078 sane
3744 4016 3813 4072 ita

2170 4119 2307 4171 sunt
2331 4114 2605 4179 absurda,
2632 4112 2750 4167 imo
2774 4128 2904 4166 vero
2931 4111 3008 4165 ita
3030 4110 3194 4177 falsa,
3222 4115 3285 4164 ut
3317 4109 3606 4165 facillime
3634 4106 3808 4161 redar-

2167 4208 2440 4275 guantur.
2467 4202 2686 4258 Omitto
2716 4200 2871 4255 enim
2904 4200 3075 4271 quale
3105 4200 3202 4269 sit,
3232 4198 3534 4269 Spiritum
3557 4198 3809 4254 sanctum

2168 4298 2413 4348 matrem
2430 4290 2553 4346 Filii
2569 4290 2669 4346 Dei
2683 4294 2888 4361 putare
2906 4293 2961 4344 et
2975 4290 3284 4360 conjugem
3299 4287 3503 4344 Patris
3525 4305 3538 4343 :
3565 4282 3810 4342 fortassis

2167 4382 2382 4454 quippe
2403 4379 2825 4451 respondeatur
2846 4362 2966 4432 haec
2988 4377 3048 4431 in
3062 4375 3404 4432 carnalibus
3422 4376 3638 4431 habere
3649 4372 3810 4430 offen-

2165 4470 2412 4537 sionem,
2440 4469 2579 4523 dum
2603 4466 2863 4538 corporei
2886 4468 3201 4537 conceptus
3219 4470 3554 4536 partusque
3570 4462 3812 4534 cogitan-

2164 4564 2277 4615 tur.
2305 4560 2649 4628 Quanquam
2672 4561 2728 4610 et
2749 4555 2870 4610 haec
2892 4554 3020 4626 ipsa
3040 4553 3378 4609 castissime
3397 4553 3679 4625 cogitent,
3697 4544 3810 4621 qui-

2164 4647 2276 4702 bus
2301 4644 2538 4701 mundis
2556 4644 2754 4700 omnia
2771 4643 2991 4698 munda
3007 4646 3147 4697 sunt
3166 4658 3178 4696 :
3199 4642 3540 4698 immundis
3562 4644 3748 4696 autem
3766 4638 3814 4690 et

2163 4734 2519 4803 inﬁdelibus,
2537 4749 2783 4804 quorum
2804 4731 3028 4803 polluta
3044 4736 3185 4787 sunt
3204 4735 3448 4786 etmens
3461 4734 3520 4786 et
3533 4726 3813 4786 conscien-

2162 4824 2263 4896 tia,
2294 4824 2371 4879 ita
2407 4821 2551 4877 nihil
2579 4826 2669 4877 est
2700 4822 2986 4876 mundum
3021 4820 3145 4893 (Tit.
3201 4836 3239 4885 1,
3284 4819 3399 4890 15),
3442 4823 3511 4872 ut
3543 4816 3812 4888 quosdam

2162 4928 2362 4970 eorum
2394 4912 2570 4967 etiam
2604 4911 2675 4965 de
2720 4910 2947 4981 virgine
2992 4908 3317 4964 secundum
3375 4923 3623 4962 carnem
3656 4906 3812 4959 natus

2161 5002 2427 5058 Christus
2458 5000 2733 5055 oﬂ'endat.
2769 4998 2883 5054 Sed
2910 5002 3107 5053 tamen
3138 4997 3197 5052 in
3253 4993 3680 5067 spiritualibus
3709 4989 3817 5046 illis

2162 5090 2437 5158 summis,
2462 5089 2561 5143 ubi
2587 5104 2705 5143 non
2728 5091 2817 5142 est
2838 5086 3059 5158 aliquid
3088 5084 3361 5141 violabile
3394 5090 3503 5139 aut
3535 5078 3815 5151 corrupti-

2160 5179 2295 5250 bile,
2321 5194 2426 5234 nec
2448 5182 2652 5233 natum
2674 5193 2742 5232 ex
2772 5181 3053 5248 tempore,
3087 5191 3191 5231 nec
3221 5190 3290 5229 ex
3320 5172 3574 5228 informi
3606 5171 3814 5226 forma-

2157 5273 2308 5335 tum,
2332 5268 2380 5323 si
2402 5284 2516 5340 qua
2538 5264 2991 5329 dicunturtalia,
3009 5266 3081 5320 ad
3096 5278 3349 5337 quorum
3368 5259 3815 5318 similitudinem

2158 5358 2334 5414 etiam
2358 5358 2471 5411 ista
2493 5354 2785 5411 inferioris
2806 5360 3084 5410 creaturas
3101 5368 3333 5426 genera,
3354 5348 3638 5422 quamvis
3654 5346 3814 5417 longe

2158 5445 2551 5505 remotissime
2571 5444 2721 5499 facta
2743 5448 2904 5511 sunt,
2939 5457 3055 5498 non
3088 5443 3295 5498 debent
3327 5441 3699 5511 cujusquam
3726 5448 3811 5489 so-

2220 5648 2240 5686 ι
2269 5644 2428 5708 Editi,
2458 5641 2531 5694 ad
2559 5639 2784 5693 tertiam.
2815 5640 2884 5693 At
2910 5639 3037 5693 Mss.
3067 5641 3251 5692 carent
3277 5636 3560 5703 particula
3586 5631 3672 5687 ad.
