4100 6190
56 37 641 119 ιι-ι-ι-ιν
1009 45 1020 60 ι
1232 34 1332 103 τι.-
1431 33 1463 159 ,χ

232 329 384 390 1001

224 461 416 517 briam
429 460 770 532 perturbare
787 458 1262 531 prudentiam,ne
1275 475 1409 518 cum
1423 478 1635 516 vanum
1659 461 1875 516 devitat

223 549 545 614 horrorem,
584 549 640 603 in
665 549 1059 620 perniciosum
1085 549 1347 604 incurrat
1365 566 1644 605 errorem.
1670 552 1879 604 Assue-

221 638 425 693 scatin
455 637 854 707 corporalibus
893 637 974 692 ita
1013 635 1409 709 spiritualium
1433 639 1684 710 reperire
1703 638 1878 693 vesti-

219 726 411 798 gia,ut
437 742 568 780 cum
592 725 727 780 inde
758 743 995 781 sursum
1020 743 1223 782 versus
1245 727 1392 783 duce
1429 727 1650 783 ratione
1675 743 1876 783 ascen-

222 816 362 869 dere
383 814 713 886 cmperit,ut
743 814 814 868 ad
840 814 1025 884 ipsam
1050 813 1550 870 icommutabilem
1578 815 1876 872 veritatem

220 919 328 976 per
345 919 523 974 quam
543 909 684 958 sunt
730 903 878 957 facta
918 903 1030 958 ista
1063 903 1381 976 perveniat,
1405 921 1519 959 non
1561 920 1758 960 secum
1803 905 1874 960 ad

220 1008 447 1048 summa
460 991 766 1063 pertrahat
780 992 932 1062 quod
950 992 1268 1047 contemnit
1283 992 1337 1046 in
1352 991 1714 1048 inﬁmis.Nec
1727 993 1877 1048 enim

220 1079 466 1135 erubuit
484 1079 721 1151 quidam
749 1096 983 1135 uxorem
1005 1079 1116 1136 sibi
1137 1079 1347 1152 eligere
1365 1079 1878 1152 sapientiam,quia

220 1185 442 1224 nomen
468 1169 666 1223 uxoris
690 1168 746 1222 in
773 1167 932 1239 prole
953 1167 1246 1239 gignenda
1279 1169 1714 1240 corruptibilem
1737 1186 1874 1225 con-

217 1258 486 1312 cubitum
527 1256 739 1330 ingerit
783 1256 1063 1328 cogitanti
1091 1273 1104 1311 :
1130 1262 1232 1312 aut
1252 1274 1383 1314 vero
1430 1257 1560 1330 ipsa
1591 1259 1878 1330 sapientia

215 1362 361 1402 sexu
384 1346 604 1402 femina
631 1351 722 1402 est
742 1349 784 1413 ί,
816 1346 958 1418 quia
986 1345 1251 1401 feminini
1272 1347 1500 1417 generis
1520 1347 1799 1402 vocabulo
1820 1353 1879 1403 et

217 1433 280 1488 in
312 1451 502 1506 graeca
521 1438 580 1489 et
612 1435 669 1488 in
703 1433 884 1489 latina
914 1434 1120 1506 lingua
1140 1435 1497 1490 enuntiatur.

285 1522 524 1579 CAPUT
551 1522 640 1578 Vl.
663 1554 732 1562 —
773 1524 829 1577 6.
881 1523 992 1578 Cur
1029 1522 1139 1578 illa
1173 1524 1360 1594 Opinio
1391 1524 1716 1595 respuenda.
1753 1529 1874 1580 Non

211 1626 353 1683 ergo
386 1615 691 1683 propterea
721 1611 1244 1682 respuimusistam
1265 1612 1776 1682 sententiam,quia
1797 1613 1874 1667 ti-

213 1716 450 1757 memus
479 1704 746 1755 sanctam
778 1705 834 1755 et
867 1698 1260 1754 inviolabilem
1284 1705 1459 1772 atque
1479 1699 1871 1756 incommuta-

212 1787 396 1843 bilem
415 1788 779 1854 charitatem,
802 1793 1080 1859 tanquam
1114 1789 1427 1858 conjugem
1451 1789 1546 1843 Dei
1571 1789 1782 1859 Patris,
1802 1790 1874 1844 de

211 1877 316 1932 illo
340 1877 706 1943 existentem,
744 1877 842 1932 sed
864 1892 978 1931 non
1003 1876 1156 1931 sicut
1178 1877 1393 1948 prolem
1417 1878 1486 1931 ad
1512 1877 1872 1949 gignendum

211 1966 473 2022 Verbum
505 1983 606 2038 per
627 1967 780 2038 quod
824 1966 976 2020 facta
1023 1971 1165 2020 sunt
1213 1967 1411 2021 omnia
1437 1967 1689 2038 cogitare
1720 1984 1732 2020 :
1769 1967 1870 2022 sed

207 2055 353 2126 quia
374 2071 502 2110 eam
525 2049 728 2110 falsam
743 2054 940 2109 divina
953 2055 1254 2125 Scriptura
1276 2055 1572 2110 evidenter
1591 2056 1868 2110 ostendit.

206 2143 369 2197 Dixit
387 2145 542 2198 enim
565 2143 739 2212 Deus,
773 2144 1059 2198 Faciamus
1093 2144 1368 2199 hominem
1387 2144 1461 2198 ad
1491 2145 1791 2214 imaginem
1819 2154 1872 2200 et

201 2232 896 2288 simititudinemnostram
916 2249 928 2287 :
949 2231 1124 2304 paulo
1144 2239 1276 2303 post
1295 2238 1490 2287 autem
1515 2233 1736 2288 dictum
1759 2237 1869 2304 est,

203 2325 272 2377 Et
303 2323 438 2393 fecit
475 2322 618 2377 Deus
650 2322 927 2377 hominem
958 2319 1027 2375 ad
1056 2321 1362 2389 imaginem
1392 2322 1501 2375 Dei
1520 2319 1673 2388 (Gen.
1711 2338 1748 2385 ι,
1777 2321 1870 2388 26,

204 2412 328 2482 27).
360 2412 612 2468 Nostram
652 2415 824 2480 certe,
848 2409 984 2482 quia
1007 2407 1252 2482 pluralis
1290 2415 1378 2464 est
1416 2426 1719 2480 numerus,
1753 2427 1868 2465 non

207 2504 372 2556 recte
389 2498 756 2567 diceretur,si
781 2499 953 2554 homo
977 2499 1048 2553 ad
1066 2498 1242 2554 unius
1264 2513 1525 2570 personae
1552 2497 1867 2570 imaginem

201 2590 395 2657 ﬁeret,
429 2589 547 2644 sive
587 2587 796 2652 Patris,
831 2587 952 2642 sive
997 2585 1149 2652 Filii,
1204 2587 1325 2642 sive
1346 2587 1603 2658 Spiritus
1639 2587 1825 2642 sancti
1854 2603 1869 2642 :

205 2679 316 2735 sed
345 2677 488 2750 quia
518 2677 693 2733 fiebat
725 2677 798 2731 ad
830 2675 1149 2747 imaginem
1198 2675 1528 2741 Trinitatis,
1565 2680 1870 2748 propterea

203 2766 435 2822 dictum
451 2765 556 2833 esi,
571 2767 650 2820 ad
667 2766 968 2834 imaginem
986 2765 1483 2821 nostram.Rursus
1497 2771 1691 2821 autem
1718 2782 1787 2821 ne
1809 2766 1868 2820 in

202 2855 494 2911 Trinitate
517 2854 837 2910 credendos
862 2853 1283 2910 arbitraremur
1311 2859 1430 2909 tres
1448 2855 1610 2923 deos,
1636 2870 1769 2909 cum
1793 2854 1871 2910 sit

201 2943 413 2999 eadem
443 2943 700 2998 Trinitas
724 2959 878 2998 unus
901 2942 1076 3011 Deus,
1099 2944 1164 2997 Et
1190 2944 1345 3014 fecit,
1369 2942 1579 3014 inquit,
1605 2947 1753 2998 Deus
1772 2943 1868 2996 ho-

198 3035 420 3088 minem
459 3032 530 3086 ad
574 3033 880 3100 imaginem
911 3033 1046 3088 Dei:
1077 3047 1182 3103 pro
1212 3048 1279 3087 eo
1319 3047 1385 3087 ac
1429 3032 1478 3087 si
1509 3032 1748 3102 diceret,
1779 3030 1866 3086 Ad

198 3121 527 3192 imaginem
561 3137 752 3176 suam.

271 3213 334 3265 7.
367 3209 523 3264 Sunt
551 3209 708 3265 enim
742 3208 888 3265 tales
920 3209 1145 3265 usitatae
1185 3209 1246 3264 in
1295 3209 1527 3264 Litteris
1558 3207 1674 3265 illis
1704 3207 1866 3265 locu-

200 3301 581 3369 tiones,quas
608 3297 872 3354 nonnulli
893 3298 1121 3354 etiamsi
1147 3297 1493 3354 catholicam
1509 3298 1681 3354 ﬁdem
1706 3314 1866 3355 asse-

197 3393 372 3454 runt,
396 3404 512 3442 non
537 3391 752 3442 tamem
777 3385 1085 3459 diligenter
1105 3387 1439 3452 advertunt,
1466 3392 1530 3442 ut
1561 3392 1766 3459 putent
1787 3387 1867 3442 ita

199 3477 464 3542 dictum,
494 3477 636 3531 Fecit
657 3476 828 3530 Deus’
859 3476 938 3530 ad
958 3476 1260 3544 imaginem
1289 3475 1427 3538 Dei;
1451 3477 1616 3546 quasi
1645 3476 1866 3531 dicere-

202 3572 265 3622 tu
276 3565 501 3635 r,Fecit
525 3551 784 3619 Paterad
804 3563 1119 3636 imaginem
1138 3563 1265 3619 Filli
1292 3580 1305 3618 :
1331 3563 1416 3619 sic
1437 3562 1694 3620 volentes
1716 3581 1868 3621 asse-

197 3670 340 3711 rere
394 3654 453 3708 in
486 3652 802 3725 Scripturis
832 3653 1053 3708 sanctis
1086 3652 1271 3708 Deum
1303 3651 1524 3707 dictum
1572 3653 1746 3708 etiam
1776 3652 1866 3706 Fi-

200 3744 385 3810 lium,
417 3743 584 3812 quasi
605 3741 802 3797 desint
830 3739 944 3796 alia
972 3740 1278 3796 verissima
1297 3746 1355 3797 et
1385 3740 1869 3796 manifestissima

199 3833 588 3897 documenta,
623 3829 721 3884 ubi
773 3845 888 3884 non
919 3829 1110 3884 solum
1153 3828 1328 3898 Deus,
1362 3829 1464 3884 sed
1490 3828 1667 3884 etiam
1695 3845 1866 3884 verus

200 3925 367 3976 Deus
400 3920 594 3974 dictus
623 3923 712 3974 est
743 3917 937 3973 Filius.
976 3923 1035 3973 ln
1058 3917 1168 3974 hoc
1188 3917 1344 3972 enim
1371 3917 1703 3973 testimonio
1725 3918 1865 3974 dum

197 4010 372 4065 aliud
405 4007 626 4064 solvere
645 4007 1068 4072 intendunt,sic
1088 4022 1150 4061 se
1173 4005 1569 4078 implicant,ut
1597 4007 1867 4078 expedire

200 4115 331 4154 non
373 4097 618 4168 possint.
657 4095 717 4151 Si
754 4096 909 4150 enim
930 4099 1100 4150 Pater
1119 4095 1252 4149 fecit
1271 4095 1340 4148 ad
1368 4095 1680 4166 imaginem
1713 4094 1863 4161 Filii,

195 4188 290 4243 ita
324 4191 393 4241 ut
418 4201 535 4240 non
557 4185 633 4239 sit
652 4184 826 4239 homo
848 4184 1040 4256 imago
1065 4183 1379 4252 Patris,sed
1406 4182 1865 4252 Filii,dissimilis

193 4283 300 4332 est
342 4273 504 4330 Patri
533 4273 731 4328 Filius.
757 4273 814 4329 Si
856 4276 1050 4328 autem
1076 4265 1171 4344 pia
1193 4271 1340 4327 fides
1361 4272 1547 4341 docet,
1569 4270 1740 4327 sicuti
1771 4272 1868 4328 do-

201 4370 332 4433 cet,
366 4363 575 4418 Filium
606 4377 735 4418 esse
756 4362 827 4416 ad
869 4360 1259 4431 equalitatem
1303 4360 1568 4415 essentia:
1613 4359 1866 4415 similem

191 4453 393 4524 Patri,
442 4451 597 4524 quod
635 4451 707 4506 ad
731 4448 1182 4505 similitudinem
1225 4448 1352 4504 Filii
1379 4451 1593 4505 factum
1623 4453 1734 4518 est,
1768 4465 1866 4504 ne-

191 4558 372 4598 cesse
401 4543 492 4596 est
518 4539 694 4594 etiam
716 4538 787 4594 ad
811 4536 1260 4594 similitudinem
1285 4539 1473 4593 Patris
1509 4538 1725 4592 factum
1764 4537 1862 4593 sit.

191 4630 509 4696 Deinde,si
527 4629 821 4684 hominem
848 4627 1015 4683 Pater
1035 4643 1152 4682 non
1183 4627 1254 4681 ad
1286 4643 1478 4693 suam,
1507 4626 1607 4681 sed
1643 4626 1712 4681 ad
1742 4625 1866 4680 Filii

188 4721 343 4777 fecit
385 4717 726 4788 imaginem,
760 4732 865 4772 cur
894 4732 1008 4771 non
1043 4715 1144 4782 ait,
1175 4716 1460 4770 Faciamus
1495 4714 1769 4770 hominem
1794 4714 1870 4769 ad

191 4809 519 4877 imaginem
565 4815 616 4861 et
647 4805 1081 4861 similitudinem
1119 4809 1303 4869 tuam,
1323 4803 1423 4858 sed
1449 4803 1550 4870 ait,
1581 4805 1825 4858 nostram
1850 4819 1865 4871 ;

191 4897 329 4954 nisi
362 4894 503 4967 quia
529 4893 829 4950 Trinitatis
860 4893 1053 4964 imago
1087 4892 1259 4947 fiebat
1289 4891 1348 4946 in
1382 4890 1638 4958 homine,
1663 4897 1727 4945 ut
1758 4891 1868 4946 hoc

190 4986 389 5044 modo
408 4988 566 5039 esset
596 4983 772 5037 homo
820 4982 1013 5053 imago
1045 4982 1223 5036 unius
1269 4981 1386 5036 veri
1417 4980 1540 5051 Dei,
1574 4982 1712 5051 quia
1741 4980 1870 5051 ipsa

185 5075 470 5132 Trinitas
502 5089 656 5126 unus
683 5087 854 5125 verus
909 5070 1061 5125 Deus
1094 5073 1227 5125 est?
1276 5069 1623 5125 Locutiones
1672 5073 1868 5124 autem

187 5168 356 5220 sunt
403 5159 864 5217 innumerabiles
913 5158 1060 5213 tales
1105 5158 1164 5212 in
1213 5158 1552 5230 Scripturis,
1600 5157 1701 5212 sed
1760 5156 1868 5213 has

187 5250 532 5325 protulisse
563 5248 876 5304 sutiecerit.
911 5247 1012 5301 Est
1042 5247 1101 5301 in
1135 5246 1379 5302 Psalmis
1405 5247 1489 5302 ita
1517 5247 1870 5311 dictum,Do-

183 5342 359 5397 mini
413 5347 467 5394 et
528 5338 704 5403 salus,
735 5341 789 5391 et
841 5349 1009 5406 super
1048 5335 1315 5406 pOputum
1354 5338 1510 5390 tuum
1568 5334 1869 5391 benedictio

183 5441 309 5488 tua
340 5429 512 5498 (Psat.
547 5444 633 5493 ιιι,
662 5427 719 5497 9)
754 5442 767 5480 :
803 5422 970 5496 quasi
1004 5423 1170 5479 alteri
1231 5423 1452 5478 dictum
1505 5423 1600 5494 sit,
1651 5439 1767 5479 non
1815 5422 1866 5479 ei

183 5522 282 5578 de
317 5533 437 5590 quo
479 5516 702 5570 dixerat
746 5514 967 5570 Domini
1021 5520 1101 5568 est
1141 5512 1313 5567 satus.
1359 5512 1424 5567 Et
1454 5511 1688 5582 iterum,
1719 5511 1759 5567 Α
1792 5515 1866 5583 te,

277 5681 300 5714 ι
335 5675 498 5735 Editi,
515 5674 718 5739 femine
737 5674 829 5722 est.

271 5743 303 5783 ³
333 5740 432 5793 Hic
461 5735 589 5792 editi
615 5737 840 5797 addunt,
870 5735 1144 5790 hominem.

503 5857 767 5922 PATBOL.
812 5855 992 5922 XLII.

1529 325 1760 390 LIBER
1803 326 2016 394 DUOD
2027 327 2339 392 ECIMUS.

3485 332 3642 393 1002

1982 461 2191 530 inquit,
2237 478 2402 516 eruar
2443 478 2476 516 a
2525 462 2848 531 tentatione,
2883 469 2936 517 et
2981 462 3040 516 in
3072 465 3184 518 Deo
3215 477 3334 518 meo
3375 463 3643 534 sperans‘

1993 552 2372 618 transgrediar
2409 568 2633 605 murum
2677 551 2850 620 (Psal.
2900 548 3035 614 xvii,
3085 552 3173 620 33)
3211 569 3222 606 :
3261 551 3429 620 quasi
3479 551 3646 607 alteri

1993 638 2222 702 dixerit,
2244 644 2282 693 Α
2317 649 2366 694 te
2381 656 2546 694 eruar
2573 657 2605 693 a
2628 641 2949 694 tentatione.
2970 640 3037 693 Et
3066 638 3301 704 iterum,
3321 641 3524 710 Populi
3548 641 3646 695 sub

1992 729 2042 779 te
2071 728 2267 782 cadent
2299 730 2356 781 in.
2384 729 2544 783 corde
2565 731 2584 761 ³
2619 730 2971 783 inimicorum
3000 729 3145 795 regis
3175 729 3347 798 (Psat.
3381 745 3530 798 XLIV,
3549 730 3605 800 6)
3629 746 3643 784 :

1993 830 2057 868 ac
2113 816 2157 868 si
2214 815 2449 879 diceret,
2511 822 2573 869 In
2637 818 2804 870 corde
2863 816 3233 871 inimicorum
3272 821 3530 872 tuorum.
3585 818 3647 873 Ei

1990 904 2206 973 quippe
2267 904 2387 974 regi
2447 905 2685 973 dixerat,
2722 907 2775 958 id
2827 911 2936 971 est,
2971 906 3211 964 Domino
3261 910 3460 960 nostro
3504 907 3645 961 Jesu

1990 992 2238 1057 Christo,
2272 993 2470 1062 Populi
2498 994 2596 1046 sub
2621 1002 2669 1047 te
2695 993 2930 1058 cadent;
2967 1009 3139 1065 quem
3175 1010 3370 1065 regem
3396 993 3641 1066 intelligi

1987 1079 2187 1145 voluit,
2233 1095 2366 1134 cum
2401 1081 2638 1146 diceret,
2672 1083 2730 1134 in
2759 1082 2918 1136 corde
2949 1084 3304 1137 inimicorum
3334 1085 3500 1154 regis.
3529 1083 3640 1138 Ra-

1989 1169 2112 1222 rius
2145 1168 2255 1223 ista
2281 1169 2337 1222 in
2374 1170 2508 1224 Novi
2562 1171 2924 1236 Testamenti
2979 1170 3185 1226 litteris
3237 1172 3637 1227 inveniuntur.

1988 1257 2097 1311 Sed
2148 1262 2341 1312 tamen
2392 1260 2460 1312 ad
2516 1264 2803 1324 Romanos
2857 1260 3190 1330 Apostolus.
3238 1261 3313 1315 De
3357 1261 3493 1316 Filio
3519 1277 3638 1328 suo,

1987 1345 2197 1415 inquit,
2234 1347 2329 1414 qui
2355 1347 2536 1412 factus
2574 1351 2652 1400 est
2682 1349 2736 1400 ei
2775 1349 3095 1401 eas-semine
3134 1350 3312 1402 David
3343 1349 3645 1404 secundum

1985 1449 2226 1502 carnem,
2256 1436 2353 1503 qui
2380 1435 2794 1504 pra-:destinatus
2813 1440 2890 1490 est
2921 1437 3097 1490 Filius
3119 1437 3216 1491 Dei
3246 1439 3303 1490 in
3335 1438 3540 1492 virtute
3557 1453 3642 1493 sc-

1984 1523 2221 1575 cundum
2271 1524 2546 1593 Spiritum
2605 1526 3071 1593 sanctificationis
3125 1541 3194 1579 ex
3250 1527 3645 1582 resurrectione

1986 1620 2324 1665 mortuorum
2355 1614 2479 1666 Jesu
2537 1612 2744 1666 Christi
2778 1615 3002 1668 Domini
3048 1615 3223 1668 nostri
3252 1615 3456 1683 .(Rom.
3516 1631 3554 1682 ι,
3583 1614 3640 1686 3,

1985 1700 2037 1767 4)
2074 1717 2084 1753 :
2120 1704 2399 1770 tanquam
2432 1701 2501 1754 de
2551 1700 2660 1755 alio
2708 1718 2885 1772 supra
2916 1701 3150 1756 diceret.
3185 1701 3332 1766 Quid
3365 1707 3453 1756 est
3481 1703 3640 1760 enim

1984 1787 2161 1842 Filius
2193 1789 2290 1842 Dei
2328 1789 2768 1858 prmdestinatus
2801 1808 2867 1844 ex
2918 1791 3339 1845 resurrectione
3374 1795 3634 1846 mortuo-

1987 1893 2115 1929 rum
2166 1877 2303 1930 Jesu
2357 1877 2556 1945 Chisti,
2610 1879 2720 1930 nisi
2773 1879 3036 1946 ejusdem
3089 1880 3225 1933 Jesu
3287 1879 3501 1933 Christi
3536 1877 3638 1950 qui

1985 1966 2432 2034 praedestinatus
2465 1971 2553 2019 est
2586 1965 2766 2019 Filius
2798 1965 2893 2019 Dei
2925 1967 2979 2019 in
3014 1967 3273 2021 virtute?
3304 1968 3450 2037 Ergo
3501 1983 3638 2038 quo-

1986 2056 2155 2108 modo
2189 2054 2280 2107 hic
2302 2072 2434 2108 cum
2470 2054 2820 2118 audivimus,
2846 2056 3022 2108 Filius
3064 2057 3164 2108 Dei
3193 2058 3250 2108 in
3281 2058 3489 2110 virtute
3506 2061 3638 2111 Iesu

1984 2144 2206 2210 Christi,
2241 2148 2358 2207 aut,
2392 2144 2572 2197 Filius
2612 2145 2709 2197 Dei
2736 2143 3032 2198 secundum
3063 2145 3338 2214 Spiritum
3380 2145 3636 2212 sanctiﬁ-

1988 2234 2212 2285 cationis
2238 2233 2362 2286 Jesu
2395 2232 2621 2294 Christi,
2656 2237 2779 2299 aut,
2811 2233 2982 2286 Filius
3015 2234 3115 2287 Dei
3152 2248 3224 2286 ex
3272 2235 3635 2289 resurrectio-

1981 2336 2050 2373 ne
2079 2329 2418 2373 mortuorum
2451 2325 2577 2374 Iesu
2606 2320 2836 2386 Christi;
2872 2338 3001 2374 cum
3037 2322 3145 2375 dici
3182 2325 3468 2392 potuisset
3511 2322 3637 2377 usi-

1983 2413 2118 2473 tate,
2155 2409 2215 2460 In
2242 2410 2452 2462 virtute
2484 2425 2610 2477 sua,
2648 2414 2769 2472 aut,
2802 2409 3132 2463 Secundum
3166 2408 3446 2480 Spiritum
3499 2427 3633 2464 san-

1979 2496 2351 2551 ctiﬁcationis
2383 2514 2520 2566 suae,
2556 2502 2677 2564 aut,
2712 2498 2789 2551 Ex
2821 2496 3243 2552 resurrectione
3267 2503 3633 2553 mortuorum

1978 2586 2126 2652 ejus,
2158 2585 2241 2638 vel
2278 2592 2635 2640 mortuorum
2673 2603 2945 2652 suorum;
2976 2604 3088 2641 non
3129 2587 3395 2658 cogimur
3425 2585 3635 2641 intelli-

1977 2689 2109 2743 gere
2142 2673 2311 2727 aliam
2335 2675 2770 2744 personam,sed
2794 2691 2969 2729 unam
2995 2674 3635 2745 camdemque,scilicet

1976 2761 2103 2816 Filii
2136 2763 2231 2815 Dei
2269 2763 2491 2815 Domini
2530 2764 2707 2818 nostri
2739 2764 2877 2817 Jesu
2910 2763 3142 2817 Christi.
3181 2764 3264 2817 Ita
3296 2779 3430 2816 cum
3462 2762 3634 2817 audi-

1976 2867 2130 2919 mus,
2163 2853 2304 2904 Fecit
2339 2853 2478 2904 Deus
2509 2851 2785 2906 hominem
2815 2851 2882 2905 ad
2913 2854 3210 2920 imaginem
3248 2852 3390 2906 Dei:
3415 2867 3624 2921 quam-

1973 2941 2059 2993 vis
2116 2944 2311 3010 posset
2369 2940 2636 2993 usitatius
2697 2940 2831 3003 dici,
2903 2940 2985 2992 Ad
3041 2940 3359 3010 imaginem
3414 2955 3630 3007 suam;

1975 3045 2089 3082 non
2141 3035 2334 3083 tamen
2387 3029 2651 3099 cogimur
2699 3027 2871 3082 aliam
2924 3045 3235 3098 personam
3299 3026 3632 3098 intelligere

1974 3118 2032 3170 in
2064 3117 2367 3183 Trinitate,
2403 3117 2500 3171 sed
2536 3117 2723 3186 ipsam
2761 3133 2934 3170 unam
2989 3117 3379 3186 eamdemque
3432 3115 3630 3170 Trini-

1974 3209 2174 3270 tatem,
2213 3205 2426 3276 quiest
2459 3222 2611 3259 unus
2643 3205 2816 3269 Deus,
2868 3210 2923 3258 et
2972 3205 3042 3258 ad
3095 3206 3266 3274 cujus
3313 3203 3631 3275 imaginem

1974 3295 2161 3348 factus
2193 3300 2281 3348 est
2314 3293 2509 3347 homo.

2043 3385 2095 3437 8.
2114 3385 2246 3446 Qua:
2267 3399 2398 3436 cum
2417 3383 2497 3436 ita
2519 3382 2654 3446 sint,
2689 3383 2954 3436 sieadem
2970 3381 3271 3436 Trinitatis
3288 3381 3628 3454 imaginem,

1975 3490 2087 3527 non
2114 3473 2169 3525 in
2197 3488 2332 3537 uno,
2375 3472 2475 3525 sed
2522 3471 2790 3524 intribus
2833 3470 3167 3525 hominibus
3208 3472 3627 3540 acceperimus,

1973 3567 2133 3631 patre
2147 3567 2202 3614 et
2225 3565 2411 3614 matre
2431 3564 2486 3613 et
2518 3558 2777 3624 filio,non
2803 3564 2926 3612 erat
2947 3575 3082 3627 ergo
3101 3558 3171 3610 ad
3191 3558 3507 3628 imaginem
3531 3558 3626 3612 Dei

1974 3650 2160 3702 tactus
2205 3648 2377 3701 homo
2419 3652 2731 3716 antequam
2759 3663 2900 3700 uxor
2944 3647 2993 3700 ei
3027 3648 3206 3714 fieret,
3231 3651 3286 3700 et
3309 3651 3624 3716 antequam

1975 3737 2159 3790 tilium
2195 3741 2598 3806 propagarent;
2627 3734 2763 3805 quia
2796 3735 3055 3788 nondum
3099 3740 3220 3788 erat
3246 3734 3498 3788 trinitas.
3533 3737 3622 3789 An

1974 3825 2541 3895 dicitaliquis:Jam
2591 3824 2821 3877 trinitas
2873 3829 3014 3887 erat,
3041 3824 3178 3893 quia
3217 3823 3323 3876 etsi
3359 3823 3619 3878 nondum

1971 3913 2157 3968 forma
2183 3911 2565 3983 propria,jam
2601 3915 2793 3965 tamen
2818 3909 3081 3980 originali
3109 3915 3317 3964 natura
3338 3914 3394 3964 et
3415 3909 3626 3965 mulier

1972 4007 2095 4057 erat
2115 4003 2169 4055 in
2196 4002 2372 4055 latere
2395 4000 2497 4054 viri
2521 4005 2577 4054 et
2607 3999 2764 4054 ﬁlius
2786 4000 2845 4054 in
2870 4000 3087 4054 lumbis
3112 3999 3448 4069 patris?Cur
3463 4016 3621 4072 ergo,

1972 4109 2106 4145 cum
2142 4090 2439 4160 Scriptura
2470 4089 2734 4155 dixisset,
2756 4090 2903 4142 Fecit
2935 4089 3072 4141 Deus
3094 4088 3370 4142 hominem
3391 4087 3460 4141 ad
3481 4090 3626 4142 ima-

1971 4183 2151 4251 ginem
2175 4181 2296 4244 Dei;
2323 4178 2620 4232 contexuit
2641 4178 2860 4241 dicens,
2881 4179 3030 4231 Fecit
3053 4181 3202 4247 Deus
3223 4193 3345 4229 eum
3365 4194 3386 4238 ;
3408 4193 3630 4230 mascu-

1973 4269 2087 4322 lum
2111 4277 2160 4321 et
2180 4269 2449 4337 feminam
2487 4267 2620 4338 fecit
2644 4282 2752 4330 eos,
2792 4270 2841 4319 et
2865 4265 3141 4320 benedixit
3172 4281 3263 4318 eos
3294 4264 3444 4331 (Gen.
3474 4282 3511 4330 ι,
3535 4266 3626 4334 27,

1970 4356 2206 4424 28)?Vel
2232 4357 2280 4409 si
2320 4356 2401 4409 ita
2441 4355 2921 4424 distinguendum
2955 4359 3062 4422 est,
3096 4355 3160 4406 Et
3189 4353 3321 4422 fecit
3355 4359 3498 4407 Deus
3531 4353 3628 4407 ho-

1970 4447 2209 4506 minem;
2246 4448 2306 4498 ut
2345 4444 2552 4498 deinde
2584 4443 2883 4508 inferatur,
2913 4442 2982 4495 ad
3031 4442 3332 4509 imaginem
3364 4442 3457 4495 Dei
3498 4442 3630 4510 fecit

1972 4536 2173 4593 ittum;
2205 4538 2261 4586 et
2292 4532 2462 4586 tertia
2491 4531 2828 4601 subjunctio
2853 4531 2947 4599 sit,
2973 4532 3280 4584 masculum
3295 4534 3343 4584 et
3358 4531 3629 4599 feminam

1970 4625 2097 4694 fecit
2126 4638 2232 4676 eos.
2267 4621 2513 4686 Quidam
2546 4619 2700 4674 enim
2736 4619 3055 4672 timuerunt
3076 4618 3285 4686 dicere,
3314 4619 3472 4674 Fecit
3492 4635 3626 4674 eum

1974 4713 2300 4766 masculum
2337 4716 2392 4764 et
2422 4709 2723 4773 feminam,
2757 4725 2828 4762 ne
2859 4707 3026 4778 quasi
3052 4714 3494 4763 monstruosum
3520 4708 3627 4762 ali-

1973 4800 2108 4870 quid
2159 4798 2598 4868 intelligeretur,
2636 4796 2804 4851 sicuti
2845 4801 2984 4850 sunt
3013 4813 3159 4866 quos
3192 4795 3629 4866 hermaphrodi-

1972 4895 2060 4943 tos
2090 4893 2298 4943 vocant
2330 4905 2342 4942 :
2373 4903 2503 4941 cum
2538 4887 2710 4940 etiam
2746 4886 2828 4939 sic
2873 4902 2985 4939 non
3040 4886 3397 4939 mendaciter
3445 4883 3630 4954 possit

1972 4976 2216 5046 intelligi
2253 4983 2570 5044 utrumque
2600 4975 2656 5027 in
2692 4990 2937 5027 numero
2972 4973 3276 5043 singulari,
3312 4978 3546 5043 propter
3566 4971 3626 5024 id

1973 5066 2126 5136 quod
2161 5065 2382 5118 dictum
2438 5070 2545 5129 est,
2583 5064 2692 5118 Duo
2741 5065 2796 5116 in
2831 5079 2995 5116 carne
3038 5079 3170 5115 una.
3218 5066 3328 5114 Cur
3372 5075 3529 5130 ergo,
3564 5063 3630 5114 ut

1974 5155 2162 5208 dicere
2195 5168 2505 5221 cmperam,
2540 5151 2595 5204 in
2652 5159 2857 5204 natura
2891 5150 3144 5204 hominis
3194 5150 3260 5203 ad
3311 5148 3628 5218 imaginem

1975 5242 2073 5296 Dei
2109 5243 2278 5309 facta,
2314 5247 2518 5311 praeter
2550 5240 2880 5294 masculum
2909 5243 2965 5291 et
2999 5239 3274 5291 feminam
3326 5254 3438 5291 non
3473 5252 3628 5290 com-

1976 5335 2260 5386 memorat
2292 5329 2638 5400 Scriptura?
2673 5329 2752 5381 Ad
2808 5325 3165 5396 implendam
3217 5325 3430 5396 quippe
3482 5325 3629 5379 ima-

1972 5422 2167 5492 ginem
2202 5419 2505 5473 Trinitatis
2529 5418 2728 5471 debuit
2772 5416 2983 5468 addere
3014 5419 3068 5467 et
3100 5413 3328 5480 Filium,
3362 5413 3630 5484 quamvis

1977 5510 2168 5565 adhuc
2203 5509 2259 5561 in
2285 5507 2500 5561 lumbis
2553 5505 2733 5576 patris
2767 5504 3173 5572 constitutum,
3224 5502 3376 5556 sicut
3426 5501 3635 5559 mulier

2040 5612 2053 5643 ί
2090 5609 2269 5655 Plures
2300 5607 2426 5654 Mss.
2460 5605 2733 5658 omittunt,
2760 5614 2990 5663 sperans.

2036 5671 2056 5703 ²
2085 5671 2236 5727 Editi,
2270 5669 2319 5716 in
2352 5667 2526 5715 corda.
2558 5667 2644 5728 iAt
2693 5666 2838 5728 Mss_.,
2871 5664 2925 5712 in
2967 5663 3115 5714 corde
3136 5678 3154 5714 :
3177 5667 3227 5713 et
3276 5662 3349 5712 sic
3390 5663 3634 5728 Augusti-

1972 5746 2095 5794 nus,
2126 5726 2302 5783 enarr.
2334 5731 2391 5781 in
2414 5727 2658 5781 eumdem
2691 5726 2958 5791 psalmum
2990 5728 3065 5779 tt.

3270 5844 3347 5912 32
