4100 6194
563 288 720 350 1003

558 429 685 479 erat
706 424 766 478 in
793 422 992 479 latere.
1025 425 1113 479 An
1137 423 1421 494 fortejam
1446 421 1594 479 facta
1620 425 1746 478 erat
1769 425 1826 477 et
1864 422 2111 490 mulier;
2144 426 2203 478 et

558 510 854 584 Scriptura
870 513 1025 567 brevi
1039 530 1164 568 com
1176 512 1438 584 plexione
1451 512 2053 583 constrinxerat,quod
2074 528 2199 583 pos-

555 604 651 656 tea
663 602 1161 671 quemadmodum
1175 602 1253 656 sit
1268 601 1852 673 lactum,diligentius
1868 600 2199 673 explicaret;

556 692 615 744 et
641 693 949 761 propterea
978 689 1137 744 ﬁlius
1175 690 1619 747 commemorari
1654 707 1769 745 non
1818 689 2030 761 potuit,
2065 689 2203 760 quia

553 779 817 834 nondum
848 782 972 835 erat
1001 778 1220 834 natus?
1250 778 1419 851 quasi
1460 783 1517 835 et
1559 779 1667 834 hoc
1716 795 1830 835 non
1884 783 2104 849 poterat
2134 794 2202 834 ea

551 866 831 923 brevitate
861 867 1166 939 complecti
1198 868 1450 939 Spiritus
1482 872 1742 934 sanctus,
1776 884 1882 923 suo
1914 867 2038 923 loco
2069 884 2200 939 pos-

549 958 645 1011 tea
672 960 876 1012 natum
921 956 1109 1011 ﬁlium
1159 961 1524 1028 narraturus,
1575 958 1728 1013 sicut
1776 956 2080 1012 mulierem
2128 956 2199 1011 de

547 1044 655 1099 viri
687 1044 868 1101 latere
901 1049 1269 1118 assumptam
1298 1062 1402 1102 suo
1434 1047 1808 1117 postmodum
1843 1045 1967 1102 loco
1998 1062 2198 1101 narra-

548 1134 630 1189 vit
648 1134 802 1203 (Gen.
833 1153 894 1206 ιι,
924 1136 1018 1203 24,
1037 1136 1152 1207 22),
1184 1140 1240 1191 et
1272 1140 1470 1192 tamen
1491 1135 1585 1191 hic
1609 1152 1735 1191 eam
1757 1134 2059 1191 nominare
2082 1150 2197 1190 non

547 1224 945 1294 praetermisit.

618 1329 852 1387 CAPUT
877 1330 998 1387 VII.
1022 1332 1162 1385 ——9.
1190 1332 1358 1386 Homo
1394 1332 1578 1401 imago
1614 1332 1740 1397 Dei,
1773 1330 2057 1401 quomodo.
2082 1330 2198 1386 An-

546 1434 657 1474 non
686 1422 735 1474 et
764 1419 966 1473 mulier
1004 1422 1181 1489 imago
1222 1420 1337 1473 Dei.
1370 1419 1589 1474 Dictum
1647 1419 1903 1490 Apostoli,
1937 1419 2085 1489 quod
2112 1420 2199 1474 vir

546 1523 729 1577 imago
758 1509 856 1563 Dei
882 1510 975 1577 sit,
1007 1508 1209 1562 mulier
1235 1514 1417 1562 autem
1447 1509 1624 1578 gloria
1643 1508 1752 1562 viri
1771 1507 2031 1579 quomodo
2052 1507 2199 1578 ﬁgu-

546 1600 665 1652 rate
683 1614 747 1652 ac
764 1597 989 1667 mystice
1008 1596 1443 1667 intelligendum.
1462 1596 1587 1652 Non
1606 1596 1803 1669 itaque
1822 1597 1900 1652 ita
1917 1597 2196 1652 debemus

546 1684 871 1756 intelligere
908 1684 1204 1741 hominem
1240 1686 1458 1741 factum
1487 1686 1557 1741 ad
1594 1686 1909 1758 imaginem
1948 1702 2196 1742 summa:

546 1773 873 1843 Trinitatis,
908 1774 1017 1830 hoc
1068 1778 1156 1830 est
1210 1774 1282 1830 ad
1337 1774 1653 1846 imaginem
1704 1774 1831 1845 Dei,
1882 1779 1945 1830 ut
1991 1776 2194 1830 eadem

545 1863 739 1935 imago
770 1862 827 1917 in
857 1864 1048 1917 tribus
1082 1862 1444 1935 intelligatur
1472 1863 1844 1919 hominibus:
1870 1864 2195 1936 praesertim

544 1968 677 2007 cum
708 1951 1021 2023 Apostolus
1059 1952 1250 2006 virum
1283 1951 1438 2007 dicat
1466 1969 1594 2007 esse
1624 1952 1940 2024 imaginem
1985 1954 2100 2019 Dei,
2141 1957 2199 2009 et

542 2045 847 2113 propterea
866 2040 1263 2096 velamentum
1286 2041 1336 2095 ei
1384 2041 1591 2112 capitis
1615 2044 1832 2110 demat,
1868 2043 2020 2113 quod
2072 2060 2197 2098 mu-

540 2129 666 2183 lieri
694 2129 1093 2184 adhibendum
1118 2130 1426 2196 monet,ita
1447 2129 1722 2201 loquens:
1744 2131 1837 2185 l’ir
1857 2132 2198 2202 quidemnon

537 2216 688 2272 debet
712 2216 903 2273 velare
916 2224 1101 2289 caput,
1132 2235 1259 2273 cum
1292 2220 1364 2273 sit
1384 2220 1563 2288 imago
1582 2227 1633 2274 et
1651 2219 1832 2288 gloria
1851 2221 1967 2275 Dei.
2001 2220 2199 2277 Mulier

539 2310 726 2360 autem
753 2306 935 2376 gloria
980 2308 1092 2361 viri
1125 2305 1374 2369 est.Quid
1407 2322 1542 2378 ergo
1566 2306 1829 2362 dicemus
1851 2310 1919 2363 ad
1939 2309 2058 2363 haec
2079 2310 2106 2363 ‘I
2136 2308 2197 2364 Si

540 2409 644 2465 pro
675 2410 783 2449 sua
812 2409 1060 2465 persona
1083 2395 1295 2449 mulier
1316 2394 1599 2466 adimplet
1620 2395 1933 2467 imaginem
1953 2398 2202 2454 Trinita-

539 2482 638 2548 tis,
676 2499 779 2537 cur
798 2499 865 2537 ea
904 2484 1161 2538 detracta
1182 2484 1254 2538 de
1276 2481 1453 2539 latere
1492 2483 1599 2539 viri
1635 2485 1825 2553 adhuc
1863 2484 1960 2541 ille
2004 2486 2196 2559 imago

541 2570 757 2626 dicitur
773 2572 802 2626 ‘t
822 2576 940 2626 Aut
959 2575 1007 2627 si
1031 2577 1087 2627 et
1108 2589 1225 2627 una
1247 2589 1495 2643 persona
1521 2573 1775 2630 hominis
1796 2591 1862 2629 ex
1886 2575 2073 2631 tribus
2097 2593 2195 2648 po-

543 2665 658 2716 test
677 2660 790 2716 dici
813 2660 1007 2733 imago
1021 2660 1141 2731 Dei,
1172 2660 1541 2733 sicutinipsa
1564 2678 1798 2718 summa
1816 2663 2116 2733 Trinitate,
2141 2671 2198 2721 et

552 2766 917 2821 unaquaeque
940 2767 1187 2821 persona
1206 2752 1354 2806 Deus
1376 2754 1487 2820 est,
1510 2768 1612 2806 cur
1634 2756 1689 2807 et
1711 2752 1922 2808 mulier
1957 2771 2070 2809 non
2108 2760 2199 2811 est

550 2838 745 2911 imago
766 2839 910 2894 Dei?
946 2843 1093 2895 Nam
1116 2844 1173 2894 et
1194 2844 1497 2912 propterea
1518 2846 1693 2912 caput
1723 2840 1911 2898 velare
1934 2844 2196 2914 praecipi-

548 2932 664 2995 tur,
699 2929 850 2997 quod
891 2927 990 2983 ille
1006 2930 1146 3000 quia
1175 2929 1368 3001 imago
1391 2930 1493 2985 Dei
1514 2935 1605 2986 est
1633 2930 2037 3001 prohibeturd
2073 2932 2192 2989 Cor.

544 3033 622 3087 χι,
644 3017 699 3083 7,
729 3017 807 3089 5).

619 3124 704 3188 10,
722 3123 833 3178 Sed
856 3123 1170 3179 videndum
1186 3128 1273 3181 est
1294 3126 1587 3196 quomodo
1605 3143 1719 3181 non
1739 3127 1813 3181 sit
1836 3130 2193 3185 contrarium

542 3213 697 3282 quod
721 3211 861 3267 dicit
880 3212 1212 3283 Apostolus,
1234 3230 1349 3268 non
1371 3213 1701 3283 mulierem,
1725 3216 1825 3270 sed
1847 3216 2033 3272 virum
2066 3235 2195 3275 esse

541 3299 859 3371 imaginem
902 3302 1020 3368 Dei,
1056 3301 1192 3357 huic
1222 3302 1377 3373 quod
1419 3302 1703 3374 scriptum
1748 3312 1833 3359 est
1871 3304 1931 3361 in
1961 3307 2192 3375 Genesi,

539 3388 686 3443 Fecit
715 3390 854 3443 Deus
874 3389 1166 3455 hominem,
1200 3391 1269 3445 ad
1299 3391 1602 3459 imaginem
1631 3393 1730 3448 Dei
1754 3394 1884 3463 fecit
1912 3411 2057 3458 eum;
2076 3414 2192 3453 ma-

539 3477 759 3533 sculum
783 3481 833 3532 et
861 3478 1133 3550 feminam
1152 3479 1284 3553 fecit
1304 3495 1414 3549 eos,
1435 3482 1487 3535 et
1510 3480 1793 3537 benedixit
1813 3497 1921 3537 eos.
1946 3484 2024 3537 Ad
2046 3486 2191 3541 ima-

542 3567 737 3639 ginem
768 3567 864 3622 Dei
887 3568 1103 3639 quippe
1126 3572 1395 3624 naturam
1413 3569 1605 3641 ipsam
1629 3571 1949 3626 humanam
1982 3574 2191 3629 factam

542 3655 702 3721 dicit,
735 3673 861 3728 quas
885 3674 1021 3712 sexu
1047 3662 1293 3729 utroque
1324 3657 1676 3729 completur,
1717 3676 1822 3714 nec
1865 3661 1937 3716 ab
1976 3661 2189 3717 intelli-

544 3744 734 3815 genda
776 3745 1033 3815 imagine
1082 3745 1183 3800 Dei
1232 3750 1466 3816 separat
1512 3747 1812 3802 feminam.
1839 3749 2000 3805 Dicto
2032 3751 2189 3806 enim

547 3832 702 3902 quod
755 3832 890 3887 fecit
920 3836 1070 3886 Deus
1109 3831 1408 3888 hominem
1443 3833 1514 3888 ad
1547 3834 1865 3906 imaginem
1896 3838 2015 3905 Dei,
2049 3840 2195 3895 Fecit

543 3936 687 3985 eum,
720 3920 929 3990 inquit,
965 3922 1272 3975 masculum
1300 3926 1351 3976 et
1398 3924 1675 3992 feminam
1715 3940 1729 3979 :
1762 3925 1847 3979 vel
1881 3932 2033 3983 certe
2077 3928 2191 3985 alia

543 4007 941 4079 distinctione,
972 4012 1277 4064 masculum
1324 4014 1374 4064 et
1420 4012 1671 4079 [cminan
1723 4015 1851 4081 fecit
1895 4032 2003 4070 eos.
2038 4019 2188 4081 Quo-

542 4098 713 4153 modo
744 4114 879 4169 ergo
928 4114 1031 4169 per
1073 4098 1411 4168 Apostolum
1462 4100 1796 4156 audivimus
1840 4103 2027 4159 virum
2061 4122 2189 4162 esse

538 4187 856 4261 imaginem
881 4187 996 4253 Dei,
1031 4187 1187 4242 unde
1217 4191 1393 4258 caput
1424 4187 1610 4243 velare
1641 4190 2001 4261 prohibetur,
2054 4211 2187 4250 mu-

536 4277 736 4333 lierem
770 4283 964 4333 autem
998 4293 1133 4341 non,
1168 4281 1224 4331 et
1253 4276 1381 4332 ideo
1414 4277 1542 4347 ipsa
1568 4278 1676 4333 hoc
1700 4280 1883 4335 facere
1899 4282 2189 4351 jubetur?

536 4365 673 4434 nisi,
707 4366 899 4436 credo,
930 4365 1073 4420 illud
1109 4365 1265 4437 quod
1301 4365 1426 4436 jam
1482 4365 1658 4434 dixi‘,
1693 4384 1826 4422 cum
1877 4370 1948 4424 de
1980 4376 2190 4428 natura

534 4453 804 4508 humana:
832 4454 1046 4509 mentis
1094 4470 1349 4525 agerem,
1392 4454 1697 4510 mulierem
1745 4472 1878 4511 cum
1930 4459 2050 4514 viro
2080 4477 2187 4517 suo

534 4556 663 4595 esse
691 4542 1005 4613 imaginem
1037 4541 1158 4607 Dei,
1193 4546 1257 4596 ut
1293 4559 1410 4597 una
1442 4542 1633 4615 imago
1665 4543 1740 4598 sit
1770 4549 1893 4600 tota
1924 4546 2025 4602 illa
2054 4550 2187 4605 sub-

534 4628 949 4684 stantiazcum
999 4634 1192 4685 autem
1244 4632 1315 4685 ad
1366 4632 1728 4700 adjutorium
1790 4634 2184 4709 distribuitur,

534 4717 691 4788 quod
720 4716 791 4772 ad
817 4733 944 4771 eam
977 4717 1166 4789 ipsam
1198 4718 1382 4773 solam
1417 4721 1644 4787 attinet,
1696 4738 1809 4776 non
1859 4729 1947 4778 est
1992 4724 2185 4797 imago

533 4805 674 4873 Dei;
709 4807 863 4877 quod
910 4812 1107 4861 autem
1149 4807 1219 4861 ad
1250 4808 1437 4861 virum
1491 4809 1683 4864 solum
1732 4811 1956 4883 attinet,
1990 4813 2184 4886 imago

529 4895 630 4951 Dei
662 4900 768 4964 est,
802 4899 918 4949 tam
952 4894 1123 4966 plena
1169 4898 1345 4965 atque
1391 4896 1637 4969 integra,
1680 4916 1855 4969 quam
1890 4902 1945 4955 in
1998 4919 2181 4959 unum

528 4986 840 5055 conjuncta
871 4982 1132 5037 muliere.
1167 4982 1327 5037 Sicut
1357 4984 1426 5038 de
1457 4992 1669 5041 natura
1713 4988 1983 5045 humanae
2016 5008 2179 5047 men-

524 5072 601 5129 tis
654 5073 931 5141 diximus,
981 5072 1120 5142 quia
1168 5076 1224 5125 et
1276 5072 1323 5125 si
1356 5076 1477 5126 tota
1507 5076 1938 5147 contempletur
1967 5081 2179 5136 verita-

519 5165 660 5229 tem,
718 5161 911 5233 imago
971 5163 1070 5216 Dei
1100 5165 1221 5227 est;
1278 5166 1335 5215 et
1383 5176 1513 5215 cum
1570 5179 1638 5216 ex
1684 5181 1752 5218 ea
1801 5167 2181 5226 distribuitur

518 5250 766 5322 aliquid,
799 5255 856 5306 et
907 5250 1158 5321 quadam
1208 5249 1534 5305 intentione
1567 5251 1864 5309 derivatur
1896 5257 1965 5310 ad
1996 5258 2176 5314 actio-

521 5355 656 5395 nem
713 5356 908 5395 rerum
970 5338 1423 5410 temporalium,
1487 5339 1871 5398 nihilominus
1934 5360 2001 5400 ex
2062 5363 2178 5418 qua

520 5432 681 5500 parte
718 5433 1090 5502 conspectam
1137 5426 1390 5483 consulit
1437 5427 1765 5500 veritatem,
1826 5432 2019 5505 imago
2071 5435 2173 5491 Dei

523 5640 788 5755 ἠδη
811 5641 1093 5759 Ethngd.
1111 5642 1245 5759 ναξ.
1269 5643 1418 5711 Lov.,
1447 5643 1552 5697 nisi
1578 5644 1729 5700 credo
1756 5645 1894 5699 illud
1911 5661 2017 5701 esse
2038 5648 2175 5717 quod

1178 5752 1265 5799 ἠις

1668 288 1768 349 DE
1813 288 2266 365 TRINITATE,
2316 291 2381 351 S.
2424 290 2857 354 AUGUSTINI

2734 36 2915 134 Lf
3184 50 3209 109 γ
3744 38 3851 55 ,μη

3206 158 3265 231 \\

3757 296 3880 359 10οι

2312 427 2419 491 est;
2452 440 2522 479 ex
2550 442 2668 495 qua
2688 440 2819 480 vero
2842 422 3164 477 intenditur
3183 420 3241 475 in
3266 422 3485 493 agenda
3510 420 3766 495 inferiora,
3794 446 3884 487 non

2315 515 2404 567 est
2426 513 2620 585 imago
2654 513 2773 569 Dei.
2798 514 2867 567 Et
2897 511 3173 583 quoniam
3210 514 3717 585 quantumcumque
3742 534 3793 572 se
3809 535 3888 574 ex-

2313 603 2563 658 tenderit
2593 603 2652 657 in
2685 603 2742 658 id
2774 602 2927 673 quod
2961 605 3243 656 aeternum
3270 607 3379 667 est,
3412 606 3561 657 tanto
3598 605 3760 677 magis
3786 607 3890 665 inde

2312 690 2600 747 formatur
2625 692 2696 747 ad
2730 691 3047 763 imaginem
3069 689 3252 760 Dei,et
3274 694 3570 762 propterea
3597 709 3698 748 non
3728 700 3801 750 est
3819 713 3889 752 co-

2309 778 2585 851 hibenda,
2613 785 2678 835 ut
2700 796 2761 836 se
2789 780 2923 835 inde
2945 778 3241 835 contineat
3270 796 3335 834 ac
3365 784 3662 852 temperet;
3698 782 3807 838 ideo
3827 784 3891 841 vir

2309 884 2424 923 non
2448 869 2617 924 debet
2633 868 2821 924 velare
2844 872 3038 940 caput.
3081 867 3229 933 Quia
3265 884 3395 922 vero
3435 867 3514 922 illi
3554 870 3794 926 rationali
3819 889 3891 928 ac-

2308 956 2450 1011 tioni
2485 973 2613 1028 quae
2660 957 2718 1012 in
2771 958 2945 1013 rebus
2978 954 3381 1028 corporalibus
3416 959 3892 1033 temporalibusque

2308 1048 2589 1110 versatur,
2615 1044 2940 1117 periculosa
2952 1044 3306 1100 estnimiain
3320 1043 3588 1101 inferiora
3602 1050 3893 1119 progressio;

2316 1134 2487 1189 debet
2518 1134 2730 1191 habere
2760 1138 3105 1206 potestatem
3134 1150 3312 1205 super
3344 1139 3535 1206 caput,
3559 1137 3703 1206 quod
3724 1136 3895 1193 indicat

2305 1222 2699 1280 velamentum
2724 1240 2836 1295 quo
2867 1223 3234 1296 significatur
3254 1240 3382 1279 esse
3406 1223 3734 1280 cohibenda.
3762 1226 3897 1283 Grata

2306 1316 2395 1368 est
2431 1312 2587 1368 enim
2628 1314 2844 1369 sanctis
2868 1311 3105 1385 Angelis
3140 1317 3367 1368 sacrata
3388 1316 3445 1367 et
3470 1312 3561 1385 pia
3585 1313 3896 1385 signiﬁcatio.

2306 1402 2449 1458 Nam
2482 1401 2637 1457 Deus
2675 1419 2787 1459 non
2812 1402 2881 1457 ad
2905 1406 3140 1473 tempus
3167 1401 3343 1469 videt,
3371 1418 3476 1457 nec
3498 1400 3709 1473 aliquid
3728 1404 3833 1458 novi
3851 1406 3899 1459 ﬁt

2306 1490 2364 1545 in
2390 1491 2517 1561 ejus
2531 1490 2753 1547 visione
2777 1495 2951 1563 atque
2971 1490 3232 1558 scientia,
3256 1507 3391 1546 cum
3416 1490 3634 1562 aliquid
3664 1495 3899 1563 tempora-

2304 1578 2435 1633 liter
2446 1595 2511 1635 ac
2533 1579 2867 1636 transitorie
2889 1578 3295 1652 geritur,sicut
3316 1580 3451 1635 inde
3466 1580 3786 1635 afﬁciuntur
3804 1597 3901 1637 sen-

2304 1683 2407 1722 sus
2428 1667 2510 1723 vel
2541 1666 2805 1723 carnales
2837 1665 3186 1723 animalium
3219 1670 3276 1722 et
3298 1665 3627 1739 hominum,
3657 1665 3736 1723 vel
3762 1667 3899 1723 etiam

2303 1754 2564 1812 caelestes
2588 1755 2961 1827 Angelorum.

2380 1864 2461 1916 11.
2492 1863 2553 1917 In
2578 1862 2690 1917 isto
2714 1862 2930 1934 quippe
2957 1860 3265 1917 manifesto
3286 1877 3423 1916 sexu
3452 1861 3689 1917 masculi
3706 1866 3756 1917 et
3776 1861 3903 1918 femi-

2304 1967 2390 2005 nea
2418 1950 2717 2021 apostolus
2740 1949 2953 2005 Paulus
2993 1949 3326 2006 occultioris
3368 1952 3673 2022 cujusdam
3693 1951 3767 2007 rei
3787 1951 3901 2022 ligu-

2302 2054 2463 2095 rasse
2492 2040 2855 2110 mysterium,
2874 2039 2957 2095 vel
2989 2039 3125 2094 hinc
3153 2039 3398 2111 intelligi
3422 2040 3774 2111 potest,quod
3798 2056 3903 2095 cum

2300 2127 2413 2181 alio
2443 2126 2568 2181 loco
2602 2127 2778 2195 dicat,
2814 2143 3005 2183 veram
3039 2127 3271 2182 viduam
3303 2144 3433 2183 esse
3459 2126 3785 2197 desolatam,
3805 2128 3906 2184 sine

2305 2214 2442 2270 ﬁliis
2467 2219 2523 2271 et
2552 2216 2887 2288 nepotibus,
2920 2220 2977 2271 et
3006 2221 3204 2271 tamen
3222 2232 3352 2272 eam
3376 2233 3645 2288 separare
3662 2216 3845 2272 debere
3860 2216 3906 2271 in

2305 2305 2648 2371 Dominum,
2671 2310 2727 2360 et
2754 2304 3065 2377 persistere
3097 2304 3156 2359 in
3204 2303 3565 2361 orationibus
3598 2310 3754 2361 nocte
3770 2308 3819 2360 et
3837 2304 3908 2360 die

2303 2393 2344 2464 (Ι
2372 2395 2503 2448 Tim.
2528 2410 2581 2461 v,
2603 2395 2679 2465 5),
2700 2392 2793 2448 hic
2817 2392 3039 2449 indicat
3064 2393 3371 2449 mulierem
3395 2395 3692 2450 seductam
3719 2394 3771 2449 in
3791 2411 3906 2465 praes

2300 2481 2657 2537 varicatione
2696 2482 2930 2548 factam,
2964 2481 3182 2537 salvam
3206 2482 3330 2538 ﬁeri
3367 2500 3470 2555 per
3500 2483 3742 2538 ﬁliorum
3761 2498 3907 2555 gene-

2302 2572 2584 2627 rationem
2615 2588 2628 2625 :
2656 2577 2711 2626 et
2741 2571 2968 2638 additit,
2992 2573 3043 2626 si
3062 2574 3472 2643 permanserint
3494 2574 3552 2627 in
3582 2572 3702 2643 fide,
3724 2576 3771 2628 et
3795 2571 3904 2627 dile-

2300 2662 2498 2728 ctione,
2532 2663 2584 2716 et
2621 2661 3053 2730 sanctiﬁcatione
3100 2678 3225 2716 cum
3273 2662 3565 2718 sobrietate
3608 2662 3705 2730 (Id.
3736 2662 3904 2729 11,15).

2303 2750 2477 2814 Quasi
2524 2767 2659 2805 vero
2707 2751 2893 2821 possit
2934 2751 3138 2805 obesse
3161 2752 3323 2805 bona
3363 2750 3573 2820 viduae,
3619 2751 3666 2806 si
3688 2751 3765 2806 vel
3787 2748 3907 2805 ﬁlios

2303 2855 2420 2893 non
2454 2839 2743 2905 habuerit,
2777 2838 2865 2893 vel
2902 2839 2937 2893 ii
2972 2856 3122 2910 quos
3147 2839 3441 2909 habuerit,
3479 2841 3537 2895 in
3569 2841 3729 2896 bonis
3754 2838 3906 2910 operi-

2300 2928 2413 2983 bus
2456 2944 2794 2999 permanere
2825 2927 3137 2984 noluerint.
3174 2928 3283 2983 Sed
3314 2929 3457 3001 quia
3504 2946 3573 2985 ea
3600 2946 3717 3000 quis
3745 2928 3911 2984 dicun-

2298 3020 2396 3071 tur
2428 3033 2603 3089 opera
2656 3017 2805 3073 bona
2852 3021 3128 3089 tanquam
3182 3016 3286 3071 filii
3346 3023 3490 3073 sunt
3536 3019 3660 3074 vitae
3712 3022 3907 3085 nostra,

2300 3106 2624 3162 secundum
2656 3123 2830 3178 quam
2864 3107 3145 3178 quaeritur
3180 3107 3352 3177 cujus
3390 3108 3525 3163 vitae
3556 3107 3631 3163 sit
3679 3106 3910 3179 quisque,

2299 3195 2358 3250 id
2391 3200 2480 3250 est
2509 3196 2802 3266 quomodo
2850 3199 2985 3268 agat
3011 3196 3131 3251 haec
3164 3196 3529 3267 temporalia,
3564 3213 3734 3269 quam
3760 3196 3910 3250 vitam

2299 3283 2477 3339 (ἵει-ὠσί
2512 3300 2623 3340 non
2659 3284 2826 3353 ζωήν,
2878 3284 2978 3339 sed
3033 3281 3147 3357 βίον
3199 3288 3455 3348 vocant;
3507 3290 3564 3340 et
3610 3285 3723 3340 haec
3766 3298 3912 3354 opera

2297 3372 2451 3427 bona
2479 3372 2729 3428 maxime
2759 3372 2816 3427 in
2845 3372 3054 3429 ofﬁciis
3074 3372 3485 3429 misericordias
3519 3374 3907 3445 nihilprosunt,

2296 3462 2413 3518 sive
2443 3462 2709 3531 Paganis,
2743 3462 2861 3517 sive
2890 3462 3111 3517 Judaeis
3141 3463 3237 3532 qui
3269 3462 3503 3519 Christo
3537 3480 3651 3519 non
3682 3462 3907 3527 credunt,

2296 3550 2415 3607 sive
2444 3552 2913 3622 quibuscumque
2944 3550 3229 3607 haereticis
3258 3552 3346 3605 vel
3380 3551 3801 3608 schismasticis
3828 3548 3907 3603 ubi

2295 3640 2460 3711 fides,
2490 3645 2547 3696 et
2578 3639 2810 3695 dilectio
2841 3644 2897 3695 et
2929 3640 3123 3695 sobria
3150 3640 3540 3696 sanctificatio
3575 3656 3686 3695 non
3716 3635 3905 3693 inveni-

2293 3733 2391 3784 tur
2440 3743 2454 3783 :
2500 3728 2877 3783 manifestum
2922 3731 3012 3783 est
3058 3727 3198 3799 quid
3248 3730 3568 3801 Apostolus
3620 3727 3907 3800 signiﬁcare

2293 3815 2573 3884 voluerit;
2606 3816 2735 3872 ideo
2764 3816 3013 3889 ﬁgurate
3043 3833 3107 3871 ac
3138 3817 3401 3889 mystice,
3436 3817 3578 3888 quia
3608 3818 3677 3873 de
3704 3814 3909 3871 velando

2294 3904 2558 3961 mulieris
2606 3905 2793 3974 capite
2842 3904 3209 3977 loquebatur,
3245 3906 3398 3976 quod
3434 3906 3551 3962 nisi
3597 3907 3666 3961 ad
3711 3900 3908 3976 aliquod

2294 3998 2586 4050 secretum
2619 3994 2970 4049 sacramenti
3002 3995 3307 4062 referatur,
3333 3995 3512 4051 inane
3538 3992 3855 4050 remanebit.

2367 4102 2449 4153 12.
2474 4098 2632 4153 Sicut
2663 4097 2817 4153 enim
2851 4115 2965 4153 non
2998 4098 3188 4153 solum
3222 4098 3607 4155 veracissima
3642 4098 3799 4165 ratio,
3833 4092 3909 4150 sed

2291 4189 2467 4245 etiam
2497 4186 2685 4259 ipsius
2725 4187 2984 4259 Apostoli
3022 4186 3279 4242 declarat
3332 4188 3678 4257 auctoritas,
3711 4202 3813 4241 non
3846 4198 3911 4237 se.

2291 4278 2550 4331 cundum
2584 4277 2829 4331 formam
2855 4277 3115 4347 corporis
3147 4276 3322 4332 homo
3360 4276 3552 4333 factus
3574 4282 3663 4332 est
3702 4275 3767 4331 ad
3795 4274 3909 4328 ima-

2291 4365 2485 4437 ginem
2544 4365 2666 4429 Dei,
2710 4365 2810 4420 sed
2868 4365 3194 4421 secundum
3259 4366 3611 4421 rationalem
3670 4366 3906 4420 mentem.

2290 4454 2573 4527 Cogitatio
2605 4454 2819 4525 quippe
2868 4453 3123 4525 turpiter
3154 4471 3303 4509 vana
3354 4459 3463 4522 est,
3500 4471 3631 4526 quae
3680 4453 3911 4526 opinatur

2290 4548 2470 4598 Deum
2487 4543 2881 4597 membrorum
2896 4542 3287 4613 corporalium
3305 4542 3681 4599 lineamentis
3703 4542 3909 4596 circum-

2287 4632 2463 4687 scribi
2490 4636 2665 4702 atque
2715 4630 2889 4685 ﬁniri.
2925 4635 3101 4686 Porro
3142 4637 3341 4686 autem
3373 4648 3571 4688 nonne
3616 4632 3764 4687 idem
3795 4629 3907 4682 hea-

2286 4726 2383 4776 tus
2397 4720 2694 4792 apostolus
2714 4719 2874 4785 dicit,
2900 4722 3266 4775 Renovamini
3283 4722 3488 4791 spiritu
3505 4722 3706 4776 mentis
3724 4719 3906 4778 vestra,

2287 4813 2335 4864 et
2365 4810 2574 4865 induite
2604 4825 2803 4863 novum
2831 4810 3126 4873 hominem,
3158 4824 3285 4864 eum
3313 4812 3411 4881 qui
3437 4812 3740 4865 secundum
3763 4808 3905 4861 Deum

2284 4904 2496 4954 creatus
2551 4906 2626 4954 est
2665 4898 2880 4968 (Ep/tes.
2932 4915 3013 4969 vr,
3058 4898 3149 4965 23,
3191 4899 3319 4969 2/1);
3370 4904 3426 4953 et
3474 4898 3618 4953 alibi
3662 4895 3905 4969 apertius,

2284 4990 2560 5043 Exuenles
2620 5003 2723 5052 vos,
2762 4987 2969 5057 inquit,
3022 4992 3255 5043 veterem
3306 4988 3585 5043 hominem
3628 5002 3749 5041 cum
3789 4982 3907 5038 acti-

2285 5080 2385 5133 bus
2413 5082 2546 5147 ejus,
2578 5078 2789 5133 induite
2819 5093 3017 5133 novum
3051 5080 3148 5149 qui
3181 5084 3471 5135 renovatur
3501 5081 3558 5133 in
3604 5078 3905 5149 agnitionem

2282 5168 2381 5221 Dei
2406 5167 2704 5221 secundum
2736 5169 3040 5237 imaginem
3074 5169 3195 5237 ejus
3244 5170 3341 5239 qui
3394 5169 3608 5223 creavit
3655 5183 3771 5222 eum
3800 5166 3903 5235 (Co-

2285 5255 2411 5310 loss.
2449 5273 2533 5320 ιιι,
2560 5256 2614 5321 9,
2650 5257 2736 5326 10)
2758 5256 2784 5309 '?
2817 5257 2875 5311 Si
2906 5272 3044 5327 ergo
3075 5256 3288 5328 spiritu
3342 5257 3559 5312 mentis
3612 5260 3811 5311 nostra:
3838 5266 3905 5305 re-

2280 5360 2601 5413 novamur,
2649 5348 2706 5399 et
2755 5343 2880 5415 ipse
2940 5350 3029 5400 est
3078 5362 3261 5402 novus
3307 5345 3484 5401 homo
3537 5344 3638 5416 qui
3696 5355 3904 5398 renova-

2276 5436 2374 5487 tur
2415 5433 2473 5486 in
2524 5432 2883 5504 agnitionem
2937 5433 3033 5489 Dei
3066 5436 3394 5490 secundum
3446 5434 3759 5506 imaginem
3796 5429 3904 5501 ejus

2276 5522 2376 5594 qui
2402 5522 2615 5576 creavit
2645 5538 2812 5588 eum;
2855 5520 3002 5576 nulli
3035 5523 3281 5578 dubium
3314 5529 3423 5593 est,
3457 5540 3571 5578 non
3605 5518 3899 5578 secundum

2274 5626 2507 5684 corpus,
2522 5626 2710 5684 neque
2751 5610 3077 5668 secundum
3110 5612 3436 5686 quamlibet
3463 5610 3647 5669 animi
3677 5611 3893 5684 partem.

2272 5701 2376 5761 sed
2437 5700 2760 5759 secundum
2819 5699 3162 5760 rationalem
3220 5706 3514 5778 mentem,
3575 5699 3675 5761 ubi
3724 5698 3891 5775 potest
