4100 6194
175 377 330 441 1009

172 514 389 569 dentur
408 514 540 585 apte
562 511 760 568 omnia
777 512 1101 576 convenire,
1125 512 1173 567 si
1190 513 1556 567 considerata
1573 516 1818 567 tracten-

172 609 305 661 tur:
333 602 444 659 nisi
468 602 619 674 quod
644 602 701 657 in
726 603 1000 658 omnibus
1021 602 1225 658 bestiis
1244 607 1301 658 et
1320 602 1651 658 volatilibus
1674 600 1823 657 scri-

173 698 343 765 ptum
376 697 464 747 est
486 709 599 747 non
622 707 749 746 esse
780 692 1078 747 inventum
1105 692 1222 747 viro
1246 688 1606 763 adjuturium
1630 687 1822 744 simile

174 782 283 851 illi,
308 786 364 837 et
382 786 522 837 tunc
544 784 631 836 est
651 781 703 834 ei
728 779 939 835 mulier
962 781 1113 835 facta
1137 782 1205 836 de
1238 779 1413 835 latere
1445 779 1599 851 (Gen.
1632 796 1692 849 ιι,
1724 779 1821 832 20-

170 871 287 940 22).
313 871 551 941 Propter
572 870 725 941 quod
751 885 856 941 ego
883 886 997 924 non
1042 868 1238 940 putavi
1282 885 1383 941 pro
1424 868 1668 923 muliere
1690 884 1821 922 sen-

172 977 310 1016 sum
343 959 603 1030 corporis
632 974 760 1014 esse
785 960 1141 1030 ponendum,
1167 975 1339 1029 quem
1362 958 1629 1012 videmus
1655 956 1822 1011 nobis

171 1053 230 1103 et
278 1048 484 1104 bestiis
515 1064 645 1102 esse
675 1063 1046 1103 communem
1074 1066 1087 1115 ;
1114 1048 1214 1102 sed
1239 1046 1459 1118 aliquid
1484 1046 1636 1101 volui
1661 1045 1816 1116 quod

171 1138 372 1193 bestias
390 1154 503 1191 non
522 1137 835 1192 baberent:
860 1152 1219 1208 sensumque
1242 1135 1501 1207 corporis
1519 1135 1706 1206 magis
1720 1150 1822 1206 pro

169 1231 440 1297 serpente
453 1225 898 1297 intelligendum
913 1225 1231 1281 existimavi
1244 1224 1825 1296 ,quilegitursapien-

170 1318 288 1372 tior
318 1316 593 1371 omnibus
625 1314 969 1385 peccoribus
1020 1320 1183 1369 terrae
1232 1314 1331 1385 (Id.
1383 1330 1465 1379 ιιι,
1521 1314 1592 1385 1).
1644 1313 1706 1367 In
1739 1313 1822 1368 eis

171 1406 390 1476 quippe
412 1403 779 1459 naturalibus
802 1402 990 1471 bonis,
1012 1419 1135 1473 quae
1154 1403 1322 1458 nobis
1339 1407 1395 1458 et
1412 1400 1820 1457 irrationabili-

169 1496 283 1550 bus
306 1492 711 1548 animantibus
725 1492 988 1547 videmus
1002 1507 1130 1547 esse
1143 1490 1500 1557 communia,
1519 1489 1823 1543 vivacitate

170 1583 431 1654 quadam
454 1598 664 1637 sensus
684 1580 913 1636 excellit
930 1597 943 1636 :
959 1598 1073 1635 non
1098 1580 1193 1635 ille
1215 1580 1284 1635 de
1303 1596 1417 1650 quo
1434 1578 1717 1650 scriptum
1733 1582 1823 1633 est

168 1670 231 1725 in
256 1670 515 1742 Epistola
539 1686 665 1742 quas
688 1674 777 1725 est
815 1670 885 1724 ad
911 1670 1205 1734 Hebraeos,
1249 1668 1342 1723 ubi
1385 1668 1618 1740 legitur,
1637 1669 1821 1738 perfe-

166 1767 381 1816 ctoru-m
411 1775 538 1815 esse
569 1758 823 1814 solidum
855 1758 1072 1826 cibum,
1100 1759 1197 1830 qui
1216 1773 1313 1828 per
1332 1757 1584 1812 habitum
1610 1755 1821 1811 exerci-

168 1858 311 1906 tatos
342 1849 541 1905 habent
583 1864 774 1904 sensus
816 1849 896 1904 ad
942 1849 1312 1919 separandum
1358 1848 1559 1903 bonum
1605 1864 1647 1902 α
1673 1846 1821 1901 malo

167 1939 358 2010 (Hebr.
393 1955 447 2006 v,
482 1939 610 2008 14);
644 1936 729 1992 illi
760 1939 977 2009 quippe
1025 1954 1234 1993 sensus
1266 1942 1487 1992 natura:
1519 1934 1819 1991 rationalis

168 2032 312 2086 sunt
334 2028 405 2084 ad
439 2027 887 2099 intelligentiam
918 2026 1310 2099 pertinentes:
1343 2026 1445 2081 sed
1478 2026 1586 2080 iste
1609 2040 1819 2079 sensus

169 2116 691 2189 quinquepartitus
724 2115 783 2170 in
814 2131 1075 2187 corpore,
1118 2131 1221 2186 per
1252 2130 1428 2185 quem
1480 2130 1593 2167 non
1627 2112 1817 2167 solum

166 2223 202 2261 a
232 2207 428 2276 nobis,
458 2221 659 2259 verum
689 2205 864 2261 etiam
897 2222 930 2259 a
976 2204 1182 2259 bestiis
1232 2201 1549 2275 corporalis
1598 2201 1821 2273 species

169 2300 491 2366 motusque
516 2293 790 2349 sentitur.

241 2386 337 2439 21.
362 2384 469 2440 Sed
496 2384 614 2439 sive
636 2383 772 2449 isto,
796 2382 915 2438 sive
954 2381 1073 2451 illo,
1120 2380 1238 2437 sive
1281 2380 1472 2452 aliquo
1502 2379 1615 2436 alio
1648 2379 1820 2435 modo

170 2474 581 2546 accipiendum
605 2474 701 2541 sit,
724 2472 874 2543 quod
899 2469 1212 2543 Apostolus
1234 2470 1424 2525 virum
1448 2469 1592 2525 dixit
1612 2469 1819 2540 imagi-

171 2580 311 2621 nem
365 2568 422 2618 et
476 2562 723 2635 gloriam
783 2561 906 2628 Dei,
962 2561 1264 2617 mulierem
1323 2566 1515 2615 autem
1574 2558 1817 2630 gloriam

169 2654 281 2709 viri
315 2654 360 2722 (Ι
395 2650 514 2707 Cor.
548 2668 626 2717 x1,
658 2653 753 2720 7);
787 2653 1029 2722 apparet
1066 2654 1261 2705 tamen
1311 2666 1445 2705 cum
1494 2648 1815 2705 secundum

168 2742 361 2797 Deum
392 2740 665 2807 vivimus,
698 2745 952 2795 mentem
988 2744 1246 2794 nostram
1273 2738 1334 2793 in
1356 2736 1670 2793 invisibilia
1691 2739 1820 2806 ejus

167 2831 483 2899 intentam,
519 2846 588 2883 ex
632 2830 759 2899 ejus
809 2827 1149 2895 aeternitate,
1201 2827 1458 2895 veritate,
1515 2826 1819 2889 charitate,

166 2918 542 2991 proﬁcienter
574 2917 781 2972 debere
812 2916 1090 2971 formari:
1142 2915 1422 2987 quiddam
1468 2931 1600 2969 vero
1647 2914 1819 2969 ratio-

162 3007 323 3063 nalis
346 3006 689 3061 intentionis
712 3011 949 3074 nostris,
974 3004 1083 3059 hoc
1105 3010 1194 3059 est
1217 3005 1482 3075 ejusdem
1508 3003 1743 3070 mentis,
1761 3003 1817 3057 in

163 3112 345 3152 usum
376 3094 751 3151 mutabilium
784 3093 1293 3167 corporaliumque
1316 3109 1534 3159 rerum,
1561 3091 1685 3147 sine
1707 3108 1820 3162 quo

160 3185 293 3241 haec
322 3184 445 3239 vita
471 3200 587 3239 non
620 3183 833 3255 agitur,
864 3182 1271 3254 dirigendum;
1327 3198 1440 3236 non
1491 3186 1556 3235 ut
1594 3180 1819 3235 confor-

165 3275 438 3330 memur1
472 3272 611 3327 huic
641 3271 851 3327 sreculo
906 3272 1081 3342 (Rom.
1135 3288 1237 3340 χιι,
1284 3273 1365 3338 2),
1398 3270 1572 3325 ﬁnem
1607 3269 1821 3324 consti-

163 3363 394 3419 tuendo
426 3361 483 3416 in
518 3361 686 3417 bonis
715 3360 957 3429 talibus,
991 3364 1047 3415 et
1076 3360 1134 3413 in
1166 3375 1233 3415 ea
1264 3359 1663 3430 detorquendo
1691 3358 1822 3412 bea-

165 3451 451 3510 titudinis
481 3450 803 3522 appetitum
834 3466 847 3515 ;
890 3449 989 3504 sed
1042 3453 1104 3503 ut
1145 3448 1427 3520 quidquid
1461 3448 1633 3502 inusu
1668 3452 1821 3502 tem-

164 3539 465 3614 poralium
515 3537 937 3594 rationabiliter
988 3536 1255 3604 facimus,
1307 3542 1653 3592 aeternorum
1700 3536 1819 3591 adi-

164 3630 587 3703 piscendorum
646 3627 1140 3698 contemplatione
1199 3625 1503 3693 faciamus,
1566 3642 1667 3698 per
1709 3624 1823 3680 ista

163 3723 569 3785 transeuntes,
602 3715 720 3772 illis
752 3715 1122 3772 inhaerentes.

243 3806 478 3862 CAPUT
502 3806 647 3861 XIV.
679 3834 750 3846 —
784 3809 931 3860 Inter
949 3804 1281 3875 sapientiam
1300 3811 1352 3859 et
1371 3804 1669 3858 scientiam
1691 3799 1825 3874 quid

164 3897 354 3951 distet.
382 3895 569 3951 Cultus
591 3897 716 3964 Dei,
740 3910 900 3949 amor
917 3897 1058 3965 ejus.
1086 3893 1362 3961 Quomodo
1381 3908 1480 3963 per
1497 3893 1823 3963 sapientiam

164 3988 271 4057 ﬁat
299 3986 537 4056 cognitio
570 3983 963 4039 intellectualis
1012 3998 1204 4037 rerum
1247 3991 1605 4038 ceter-narum.
1643 3981 1824 4036 Habet

167 4075 332 4130 enim
357 4078 414 4128 et
433 4072 678 4128 scientia
704 4072 941 4127 modum
965 4087 1138 4126 suum
1163 4071 1404 4135 bonum,
1427 4071 1477 4124 si
1502 4071 1657 4140 quod
1681 4070 1737 4125 in
1758 4086 1824 4125 ea

166 4163 343 4219 inﬂat
361 4161 451 4219 vel
472 4162 676 4217 inﬂare
698 4160 930 4228 assolet,
960 4165 1310 4215 aeternorum
1332 4160 1614 4215 cbaritate
1632 4160 1824 4215 vinca-

168 4258 294 4321 tur,
320 4268 448 4323 quze
474 4268 585 4305 non
610 4251 793 4319 inﬂat,
829 4249 949 4316 sed,
994 4252 1058 4304 ut
1098 4248 1319 4303 scimus
1359 4248 1604 4303 aediﬁcat
1625 4249 1667 4315 (Ι
1701 4249 1820 4305 Cor.

168 4358 300 4413 vni,
332 4342 407 4412 l).
442 4340 577 4396 Sine
603 4339 845 4395 scientia
873 4338 1085 4409 quippe
1118 4354 1222 4392 nec
1243 4336 1487 4392 virtutes
1512 4337 1670 4408 ipsae,
1696 4338 1823 4408 qui-

168 4432 289 4488 bus
311 4433 465 4485 recte
486 4430 716 4495 vivitur,
741 4432 990 4499 possunt
1012 4426 1235 4491 haberi,
1264 4442 1367 4497 per
1396 4443 1541 4497 quas
1567 4426 1688 4481 haec
1710 4427 1826 4480 vita

172 4520 398 4576 misera
428 4520 511 4574 sic
542 4518 921 4589 gubernetur,
956 4520 1020 4570 ut
1050 4517 1118 4570 ad
1152 4514 1314 4569 illam
1349 4531 1477 4585 quae
1506 4531 1637 4570 vere
1661 4516 1827 4570 beata

173 4612 292 4674 est,
326 4607 700 4679 perveniatur
728 4610 1025 4659 aeternam.

250 4700 343 4751 22.
379 4696 563 4751 Distat
593 4700 787 4750 tamen
819 4694 890 4748 ab
941 4698 1288 4747 aeternorum
1340 4690 1828 4764 contemplatione

175 4787 333 4843 actio
367 4801 483 4856 qua
514 4785 660 4839 bene
694 4783 920 4837 utimur
947 4780 1369 4852 temporalibus
1419 4781 1612 4845 rebus,
1647 4786 1703 4836 et
1731 4780 1829 4836 illa

174 4874 505 4947 sapientiae,
538 4872 659 4928 haec
690 4870 943 4927 scientiae
989 4871 1320 4941 deputatur.
1373 4868 1645 4932 Quamvis
1671 4870 1828 4924 enim

174 4963 504 5033 etillaquaa
527 4960 814 5031 sapientia
836 4964 944 5027 est,
977 4959 1164 5030 possit
1198 4958 1443 5015 scientia
1480 4959 1827 5029 nuncupari,

174 5053 342 5109 sicut
368 5058 424 5107 et
447 5048 759 5123 Apostolus
791 5048 1064 5119 loquitur,
1100 5048 1200 5102 ubi
1249 5048 1407 5115 dicit,
1441 5048 1595 5103 Nunc
1622 5049 1732 5103 scio
1761 5062 1832 5103 ea:

166 5146 363 5215 parte,
396 5146 529 5195 tunc
569 5142 752 5194 aulem
798 5152 1113 5208 cognoscam
1140 5137 1281 5191 sicut
1333 5145 1383 5191 et
1435 5137 1684 5205 cognitus
1710 5153 1833 5191 sum

168 5230 279 5302 (Μ.
318 5246 445 5297 xm,
482 5228 609 5299 12);
643 5243 818 5297 quam
849 5225 1152 5281 scientiam
1187 5226 1441 5296 profecto
1473 5224 1831 5296 contempla-

170 5319 366 5375 tionis
424 5318 519 5373 Dei
577 5316 703 5371 vult
759 5314 1031 5385 intelligi,
1106 5315 1258 5385 quod
1338 5318 1673 5369 sanctorum
1728 5315 1837 5369 erit

173 5405 493 5481 praemium
542 5420 882 5459 summum:
943 5408 1141 5457 tamen
1201 5402 1299 5456 ubi
1358 5402 1518 5468 dicit,
1567 5404 1681 5457 Alii
1709 5406 1833 5475 qui-

171 5498 309 5553 dem
337 5495 504 5549 datur
531 5509 629 5564 per
668 5493 937 5563 Spiritum
965 5507 1140 5547 sermo
1178 5493 1490 5562 sapientiae,
1524 5492 1634 5546 alii
1661 5507 1837 5546 sermo

172 5585 443 5643 scienti}?
468 5582 764 5638 secundum
803 5580 1051 5636 eumdem
1103 5579 1374 5652 Spiritum
1428 5580 1551 5645 (ld.,
1609 5597 1708 5649 ιιι,
1741 5582 1834 5650 8);

256 5748 273 5783 ί
310 5743 494 5793 Plures
524 5743 670 5804 Msa,
696 5744 1060 5805 conformetur.

1480 379 1711 441 LIBER
1753 378 2283 444 DUODECIMUS.

3429 377 3584 443 1010

1930 513 2049 567 haec
2074 515 2276 585 utique
2298 516 2411 569 duo
2430 515 2556 569 sine
2574 513 2942 569 dubitatione
2960 511 3287 587 distinguit,
3309 510 3445 570 licet
3466 532 3581 571 non

1926 600 2009 657 ibi
2039 602 2283 673 explicet
2313 604 2453 675 quid
2487 604 2736 674 intersit,
2767 610 2824 658 et
2856 604 3011 659 unde
3044 605 3228 675 possit
3260 608 3575 676 utrumque

1929 691 2210 763 dignosci.
2238 697 2451 748 Verum
2474 693 2907 764 Scripturarum
2932 699 3265 749 sanctarum
3291 693 3579 766 multipli-

1927 796 2052 836 cem
2085 782 2309 851 COpiam
2344 787 2662 847 scrutatus,
2694 783 2926 837 invenio
2960 782 3244 855 scriptum
3269 798 3396 838 esse
3421 784 3481 838 in
3506 783 3574 837 li-

1929 868 2031 924 bro
2059 870 2191 937 Job,
2233 870 2435 925 eodem
2485 876 2683 925 sancto
2732 871 2855 926 viro
2887 870 3194 942 loquente:
3232 874 3373 926 Ecce
3399 874 3580 943 pietas

1926 967 2005 1012 est
2024 960 2331 1028 sapientia;
2349 961 2625 1014 abstinere
2648 968 2829 1014 autem
2852 976 2883 1014 a
2907 961 3068 1015 malis
3092 969 3169 1015 est
3190 962 3419 1015 scicntia
3439 962 3575 1032 (Job.

1926 1064 2121 1113 xxvm,
2151 1048 2263 1114 28).
2298 1049 2361 1101 In
2394 1047 2503 1102 bac
2533 1048 2860 1103 differentia
2907 1048 3351 1121 intelligendum
3387 1054 3475 1104 est
3504 1050 3577 1105 ad

1926 1136 2476 1207 contemplationem
2511 1136 2882 1207 sapientiam,
2937 1138 3009 1193 ad
3061 1138 3347 1193 actionem
3380 1139 3574 1193 scien-

1925 1225 2068 1279 tiam
2115 1226 2419 1294 pertinere.
2476 1226 2751 1280 Pietatem
2801 1226 3019 1298 quippe
3066 1226 3175 1280 hoc
3224 1226 3347 1281 loco
3379 1227 3577 1298 posuit

1928 1314 2023 1369 Dei
2057 1313 2299 1382 cultum,
2333 1332 2459 1386 quis
2492 1331 2673 1386 graece
2706 1314 2915 1370 dicitur
2948 1310 3238 1377 θεοσέϐεια.
3288 1317 3434 1371 Nam
3467 1317 3576 1372 hoc

1924 1402 2165 1458 verbum
2199 1403 2374 1459 habet
2403 1405 2515 1459 ista
2554 1404 2842 1459 sententia
2892 1405 2950 1458 in
3004 1405 3300 1460 codicibus
3349 1406 3571 1477 graecis.

1925 1492 1996 1547 Et
2024 1493 2160 1562 quid
2194 1497 2282 1548 est
2315 1492 2373 1547 in
2403 1494 2634 1548 aeternis
2661 1492 3038 1548 excellentius
3071 1511 3248 1565 quam
3278 1496 3446 1563 Deus,
3471 1512 3572 1550 cu-

1918 1582 2019 1652 jus
2050 1581 2234 1637 solius
2261 1581 2647 1638 immutabilis
2679 1587 2769 1637 est
2818 1587 3026 1637 natura
3047 1582 3074 1635 ?
3122 1583 3185 1637 Et
3216 1583 3347 1654 quis
3378 1583 3572 1640 cultus

1923 1671 2074 1740 ejus,
2107 1670 2221 1725 nisi
2253 1687 2417 1725 amor
2449 1672 2599 1742 ejus,
2644 1688 2759 1743 quo
2793 1687 2947 1726 nunc
2999 1672 3404 1727 desideramus
3435 1688 3571 1728 eum

1920 1759 2138 1826 videre,
2167 1760 2581 1831 credimusque
2614 1765 2672 1816 et
2693 1777 3001 1832 speramus
3024 1777 3130 1817 nos
3151 1777 3279 1816 esse
3301 1760 3529 1815 visuros
3556 1777 3569 1827 ;

1922 1852 1980 1903 et
2010 1854 2297 1920 quantum
2329 1849 2669 1920 proficimus
2699 1849 2946 1905 videmus
2974 1866 3124 1905 nunc
3161 1866 3262 1921 per
3290 1850 3573 1920 speculum

1921 1939 1984 1993 in
2011 1939 2325 2009 aenigmate,
2360 1947 2489 1993 tunc
2518 1943 2703 1993 autem
2725 1939 2781 1993 in
2807 1938 3278 1995 manifestatione
3297 1938 3324 1993 ?
3348 1940 3462 1993 [loc
3484 1943 3574 1993 est

1922 2028 2078 2082 enim
2110 2028 2263 2097 quod
2297 2026 2378 2082 ait
2417 2027 2716 2098 apostolus
2767 2027 3009 2095 Paulus,
3059 2029 3204 2098 facie
3249 2027 3319 2082 ad
3365 2029 3570 2097 faciem

1920 2119 1970 2184 (Ι
1997 2116 2115 2172 Cor.
2142 2132 2267 2182 xm,
2309 2116 2390 2183 12)
2418 2134 2430 2171 :
2477 2116 2584 2171 hoc
2614 2116 2789 2172 etiam
2822 2116 2976 2188 quod
3011 2116 3284 2181 Joannes,
3316 2118 3567 2172 Dilectis-

1920 2204 2071 2271 simi,
2102 2220 2250 2259 nunc
2278 2204 2386 2274 ﬁlii
2415 2205 2513 2260 Dei
2541 2221 2751 2271 sumus,
2779 2209 2829 2261 et
2874 2205 3118 2261 nondum
3146 2207 3404 2276 apparuit
3433 2204 3567 2275 quid

1921 2297 2164 2360 erimus;
2195 2299 2397 2352 scimus
2428 2298 2558 2367 quia
2587 2288 2715 2353 cum
2742 2300 3084 2370 apparuerit,
3134 2297 3345 2351 similes
3373 2298 3427 2350 ei
3453 2296 3564 2351 eri-

1920 2402 2065 2452 mus,
2097 2389 2359 2457 quoniam
2378 2386 2679 2441 videbimus
2698 2402 2820 2453 eum
2838 2385 3005 2441 siculi
3027 2389 3104 2439 est
3127 2386 3171 2457 (Ι
3192 2387 3351 2441 Joan.
3380 2402 3463 2452 ιιι,
3486 2384 3565 2453 2).

1923 2475 2004 2530 De
2036 2474 2128 2530 bis
2160 2481 2333 2545 atque
2364 2474 2704 2545 hujusmodi
2739 2476 2962 2530 sermo‘
2995 2474 3123 2546 ipse
3166 2473 3309 2529 mihi
3341 2472 3572 2528 videtur

1923 2580 2052 2620 esse
2083 2581 2274 2619 sermo
2325 2564 2640 2635 sapientia}.
2704 2563 3011 2619 Abstinere
3069 2567 3261 2618 autem
3311 2579 3345 2617 a
3377 2560 3572 2627 malis,

1922 2669 2096 2722 quam
2125 2653 2237 2708 Job
2268 2652 2573 2709 scientiam
2607 2652 2756 2707 dixit
2776 2668 2925 2719 esse,
2952 2668 3144 2707 rerum
3171 2651 3373 2722 procul
3398 2650 3574 2705 dubio

1922 2741 2337 2813 temporalium
2386 2740 2829 2813 estrQuoniam
2874 2742 3200 2795 secundum
3253 2744 3483 2810 tempus
3515 2738 3575 2793 in

1922 2812 2097 2886 malis
2124 2846 2353 2897 sumus,
2388 2812 2605 2900 quibus
2635 2828 2930 2884 abstinere
2960 2830 3263 2895 debemus,
3289 2833 3355 2881 ut
3378 2828 3447 2882 ad
3470 2826 3573 2881 illa

1923 2919 2076 2974 bona
2104 2923 2324 2974 aeterna
2355 2919 2679 2974 veniamus.
2712 2917 3101 2981 Quamobrem
3125 2915 3413 2988 quidquid
3436 2932 3572 2987 pru-

1923 3009 2140 3075 denter,
2177 3007 2419 3074 tortiter,
2463 3011 2858 3078 temperanter
2906 3010 2962 3060 et
3001 3006 3163 3076 juste
3213 3005 3464 3077 agimus,
3499 3005 3570 3059 ad

1923 3113 2053 3154 eam
2086 3097 2337 3168 pertinet
2384 3095 2692 3152 scientiam
2748 3095 2867 3150 sive
2916 3094 3311 3166 disciplinam,
3369 3093 3572 3163 quain

1923 3185 2209 3242 evitandis
2256 3184 2427 3240 malis
2476 3183 2762 3255 bonisque
2816 3183 3159 3255 appetendis
3192 3182 3341 3237 actio
3375 3185 3573 3237 nostra

1922 3279 2223 3339 versatur;
2247 3279 2303 3328 et
2325 3273 2611 3344 quidquid
2638 3276 2875 3344 propter
2894 3271 3161 3343 exempla
3186 3270 3273 3326 vel
3299 3271 3573 3339 cavenda,

1921 3362 2012 3420 vel
2051 3362 2359 3427 imitanda,
2411 3366 2466 3417 et
2521 3366 2756 3433 propter
2804 3378 3172 3432 quarumque
3221 3376 3415 3414 rerum
3448 3376 3574 3430 quae

1924 3451 2142 3507 nostris
2174 3450 2616 3505 accommodata
2636 3454 2777 3504 sunt
2808 3449 3015 3504 usibus
3046 3447 3374 3503 necessaria
3395 3447 3575 3502 docu-

1925 3546 2143 3609 menta,
2178 3538 2456 3593 historica
2487 3538 2815 3609 cognitione
2845 3537 3200 3609 colligimus.

1993 3628 2083 3681 23.
2108 3627 2187 3682 De
2210 3626 2301 3681 his
2323 3642 2458 3698 ergo
2491 3642 2682 3681 sermo
2715 3642 2847 3681 cum
2882 3625 2966 3693 fit,
2999 3642 3133 3680 eum
3164 3623 3422 3680 scientiae
3460 3639 3579 3679 ser-

1927 3731 2157 3772 monem
2182 3720 2344 3787 puto,
2370 3715 2821 3770 discernendum
2839 3730 3151 3770 asermone
3164 3712 3569 3785 sapientiae,ad

1926 3820 2102 3877 quam
2126 3803 2416 3876 pertinent
2438 3819 2505 3859 ea
2527 3820 2653 3874 quae
2675 3817 2780 3858 nec
2802 3803 3056 3868 fuerunt,
3080 3819 3184 3858 nec
3199 3802 3394 3857 futura
3412 3805 3573 3867 sunt,

1926 3894 2029 3949 sed
2053 3898 2209 3962 sunt,
2234 3898 2292 3948 et
2313 3896 2550 3963 propter
2569 3908 2697 3946 eam
2722 3892 3107 3947 aeternitatem
3129 3890 3188 3945 in
3209 3907 3325 3962 qua
3342 3892 3501 3957 sunt,
3521 3894 3577 3944 et

1928 3983 2109 4038 fuisse
2130 3988 2187 4037 et
2207 3998 2335 4037 esse
2357 3987 2413 4037 et
2437 3980 2636 4035 futura
2656 3997 2784 4036 esse
2807 3980 3104 4045 dicuntur,
3136 3980 3261 4035 sine
3292 3978 3413 4034 ulla
3443 3994 3574 4033 mu-

1928 4071 2214 4127 tabilitate
2247 4076 2599 4142 temporum.
2636 4069 2759 4125 Non
2792 4070 2948 4124 enim
2981 4069 3065 4124 sic
3095 4068 3332 4123 fuerunt
3361 4072 3427 4121 ut
3447 4082 3575 4122 esse

1928 4160 2283 4228 desinerent,
2308 4165 2407 4213 aut
2426 4157 2508 4213 sic
2532 4158 2731 4211 futura
2753 4161 2891 4211 sunt
2913 4158 3082 4226 quasi
3102 4172 3258 4211 nunc
3281 4172 3393 4210 non
3418 4156 3537 4210 sint
3559 4170 3573 4210 :

1928 4250 2029 4306 sed
2043 4249 2303 4320 idipsum
2317 4263 2445 4302 esse
2458 4262 2689 4317 semper
2701 4245 3290 4315 babuerunt,semper
3302 4244 3576 4299 habitura

1928 4343 2084 4394 sunt.
2105 4337 2342 4392 Manent
2358 4340 2576 4405 autem,
2595 4351 2708 4389 non
2723 4339 3001 4405 tanquam
3018 4334 3076 4387 in
3092 4334 3241 4403 spati
3254 4332 3572 4387 islocorum

1930 4428 2044 4482 fixa
2064 4426 2238 4481 veluti
2262 4441 2502 4494 corpora
2529 4440 2542 4477 :
2573 4424 2671 4477 sed
2698 4423 2756 4476 in
2782 4420 3350 4491 naturaincorporali
3383 4420 3465 4474 sic
3487 4418 3572 4473 in-

1928 4513 2257 4587 telligibilia
2279 4518 2489 4584 praesto
2520 4516 2658 4567 sunt
2681 4511 2894 4565 mentis
2918 4510 3273 4582 aspectibus,
3299 4510 3449 4565 sicut
3466 4509 3579 4563 ista

1930 4606 1992 4660 in
2016 4604 2157 4659 locis
2177 4602 2431 4657 visibilia
2447 4602 2534 4655 vel
2553 4599 2989 4656 contrectabilia
3006 4599 3265 4671 corporis
3283 4598 3577 4654 sensibus.

1930 4695 2056 4749 Non
2075 4697 2266 4747 autem
2291 4690 2479 4746 solum
2505 4705 2701 4744 rerum
2725 4688 3098 4743 sensibilium
3122 4691 3182 4742 in
3204 4687 3347 4743 locis
3367 4687 3582 4759 posita-
3610 4690 3620 4698 “

1932 4799 2063 4838 rum
2076 4782 2202 4837 sine
2215 4780 2419 4851 spatiis
2432 4777 2716 4833 localibus
2731 4779 2971 4832 manent
2985 4776 3384 4850 intelligibiles
3398 4777 3579 4831 incor-

1932 4870 2278 4943 poralesque
2296 4868 2548 4923 rationes
2568 4884 2580 4920 :
2602 4882 2803 4921 verum
2821 4866 2996 4921 etiam
3016 4866 3343 4921 motionum
3357 4865 3415 4918 in
3433 4868 3575 4918 tem-

1934 4958 2176 5032 poribus
2200 4956 2628 5012 lranseuntium
2652 4953 2778 5011 sine
2799 4954 3107 5026 temporali
3135 4954 3385 5009 transitu
3418 4955 3578 5006 stant

1933 5049 2111 5106 etiam
2136 5049 2276 5119 ipsae
2306 5045 2508 5117 utique
2540 5043 2957 5115 intelligibiles,
2990 5060 3103 5099 non
3134 5040 3458 5099 sensibiles.
3490 5039 3576 5094 Ad

1936 5155 2084 5210 quas
2107 5135 2318 5191 mentis
2342 5134 2463 5189 acie
2486 5132 2783 5205 pervenire
2832 5147 3149 5203 paucorum
3201 5134 3322 5196 est;
3356 5132 3413 5183 et
3444 5142 3576 5181 cum

1936 5225 2286 5299 pervcnitur,
2312 5227 2597 5294 quantum
2634 5221 2755 5275 ﬁeri
2790 5224 3004 5291 potest,
3039 5236 3152 5273 non
3184 5217 3241 5272 in
3276 5216 3359 5272 eis
3382 5220 3580 5271 manet

1936 5318 2061 5387 ipse
2086 5318 2412 5386 perventor,
2439 5312 2536 5366 sed
2564 5309 2739 5365 veluti
2768 5308 2925 5363 acie2
2948 5308 3077 5377 ipsa
3099 5307 3463 5361 reverberate
3495 5319 3581 5358 re-

1939 5403 2193 5475 pellitur,
2220 5407 2275 5456 et
2298 5402 2362 5455 ﬁt
2386 5400 2466 5455 rei
2493 5416 2609 5454 non
2630 5396 2980 5452 transitoria:
3006 5393 3339 5448 transitoria
3361 5392 3583 5462 cogita—

1940 5494 2042 5549 tio.
2076 5492 2211 5555 Quae
2241 5496 2436 5545 tamen
2470 5486 2739 5559 cogitatio
2778 5482 3069 5537 transiens
3113 5498 3217 5553 per
3244 5480 3586 5552 disciplinas
3654 5515 3671 5537 ι

2006 5619 2023 5651 ι
2055 5615 2275 5665 Codices
2303 5612 2538 5676 quidam,
2572 5608 2646 5655 De
2691 5606 2769 5655 his
2816 5606 2969 5666 atque
3014 5603 3310 5667 hujusmodi
3339 5602 3587 5654 sermoni-

1945 5679 2238 5789 ὁὶιξθΡΙιιιΊιιῑι
2267 5738 2409 5796 Mss.,
2440 5734 2590 5783 acies.
