  <div class='ocr_page' id='page_1' title='image "/cluster/home/n/w/nwhite01/storage/ocr_20150623/42/hvd.32044096580642/512.png"; bbox 0 0 4130 6194; ppageno 0'>
   <div class='ocr_carea' id='block_1_1' title="bbox 262 396 418 456">
    <p class='ocr_par' dir='ltr' id='par_1_1' title="bbox 262 396 418 456">
     <span class='ocr_line' id='line_1_1' title="bbox 262 396 418 456; baseline 0.013 -2"><span class='ocrx_word' id='word_1_1' title='bbox 262 396 418 456; x_wconf 76' lang='grc'>1013</span> 
     </span>
    </p>
   </div>
   <div class='ocr_carea' id='block_1_2' title="bbox 1450 391 2479 455">
    <p class='ocr_par' dir='ltr' id='par_1_2' title="bbox 1450 391 2479 455">
     <span class='ocr_line' id='line_1_2' title="bbox 1450 391 2479 455; baseline -0.001 -3"><span class='ocrx_word' id='word_1_2' title='bbox 1450 392 1681 452; x_wconf 85' lang='lat' dir='ltr'><strong>LIBER</strong></span> <span class='ocrx_word' id='word_1_3' title='bbox 1726 391 2064 455; x_wconf 82' lang='lat' dir='ltr'>TERTIUS</span> <span class='ocrx_word' id='word_1_4' title='bbox 2114 391 2479 455; x_wconf 83' lang='lat' dir='ltr'>DECIMUS.</span> 
     </span>
    </p>
   </div>
   <div class='ocr_carea' id='block_1_3' title="bbox 3522 390 3679 451">
    <p class='ocr_par' dir='ltr' id='par_1_3' title="bbox 3522 390 3679 451">
     <span class='ocr_line' id='line_1_3' title="bbox 3522 390 3679 451; baseline 0 -2"><span class='ocrx_word' id='word_1_5' title='bbox 3522 390 3679 451; x_wconf 75' lang='grc'>1014</span> 
     </span>
    </p>
   </div>
   <div class='ocr_carea' id='block_1_4' title="bbox 1158 660 2790 758">
    <p class='ocr_par' dir='ltr' id='par_1_4' title="bbox 1158 660 2790 758">
     <span class='ocr_line' id='line_1_4' title="bbox 1158 660 2790 758; baseline -0.001 -3"><span class='ocrx_word' id='word_1_6' title='bbox 1158 663 1535 756; x_wconf 79' lang='lat' dir='ltr'>LIBER</span> <span class='ocrx_word' id='word_1_7' title='bbox 1602 660 2133 755; x_wconf 78' lang='lat' dir='ltr'>TERTIUS</span> <span class='ocrx_word' id='word_1_8' title='bbox 2204 662 2790 758; x_wconf 86' lang='lat' dir='ltr'>DECIMUS.</span> 
     </span>
    </p>
   </div>
   <div class='ocr_carea' id='block_1_5' title="bbox 324 838 3674 904">
    <p class='ocr_par' dir='ltr' id='par_1_5' title="bbox 324 838 3674 904">
     <span class='ocr_line' id='line_1_5' title="bbox 324 838 3674 904; baseline -0 -12"><span class='ocrx_word' id='word_1_9' title='bbox 324 842 671 904; x_wconf 76' lang='lat' dir='ltr'>Prosequitur</span> <span class='ocrx_word' id='word_1_10' title='bbox 695 839 766 904; x_wconf 87' lang='lat' dir='ltr'>de</span> <span class='ocrx_word' id='word_1_11' title='bbox 798 840 1033 897; x_wconf 88' lang='lat' dir='ltr'>scientia,</span> <span class='ocrx_word' id='word_1_12' title='bbox 1060 839 1115 887; x_wconf 91' lang='lat' dir='ltr'>in</span> <span class='ocrx_word' id='word_1_13' title='bbox 1146 853 1252 904; x_wconf 89' lang='lat' dir='ltr'>qua</span> <span class='ocrx_word' id='word_1_14' title='bbox 1272 839 1551 904; x_wconf 4' lang='lat' dir='ltr'>qvidelicet,</span> <span class='ocrx_word' id='word_1_15' title='bbox 1576 839 1739 904; x_wconf 81' lang='lat' dir='ltr'>etiam</span> <span class='ocrx_word' id='word_1_16' title='bbox 1772 841 1830 887; x_wconf 93' lang='lat' dir='ltr'>ut</span> <span class='ocrx_word' id='word_1_17' title='bbox 1857 852 1887 887; x_wconf 89' lang='lat' dir='ltr'>a</span> <span class='ocrx_word' id='word_1_18' title='bbox 1915 838 2568 904; x_wconf 74' lang='lat' dir='ltr'>sapientiadistinguitur,</span> <span class='ocrx_word' id='word_1_19' title='bbox 2593 841 2887 890; x_wconf 79' lang='lat' dir='ltr'>trinitatem</span> <span class='ocrx_word' id='word_1_20' title='bbox 2920 840 3207 903; x_wconf 78' lang='lat' dir='ltr'>quamdam</span> <span class='ocrx_word' id='word_1_21' title='bbox 3240 841 3508 904; x_wconf 80' lang='lat' dir='ltr'>inquirere</span> <span class='ocrx_word' id='word_1_22' title='bbox 3538 840 3674 892; x_wconf 87' lang='lat' dir='ltr'>libro</span> 
     </span>
    </p>
   </div>
   <div class='ocr_carea' id='block_1_6' title="bbox 246 901 3676 967">
    <p class='ocr_par' dir='ltr' id='par_1_6' title="bbox 246 901 3676 967">
     <span class='ocr_line' id='line_1_6' title="bbox 246 901 3676 967; baseline 0 -13"><span class='ocrx_word' id='word_1_23' title='bbox 246 901 539 967; x_wconf 73' lang='lat' dir='ltr'>superiore</span> <span class='ocrx_word' id='word_1_24' title='bbox 571 903 747 967; x_wconf 76' lang='lat' dir='ltr'>cmpit.</span> <span class='ocrx_word' id='word_1_25' title='bbox 785 916 891 967; x_wconf 80' lang='lat' dir='ltr'>qua</span> <span class='ocrx_word' id='word_1_26' title='bbox 920 904 1199 967; x_wconf 79' lang='lat' dir='ltr'>occasione</span> <span class='ocrx_word' id='word_1_27' title='bbox 1229 902 1314 951; x_wconf 91' lang='lat' dir='ltr'>hic</span> <span class='ocrx_word' id='word_1_28' title='bbox 1346 903 1503 951; x_wconf 87' lang='lat' dir='ltr'>ﬁdem</span> <span class='ocrx_word' id='word_1_29' title='bbox 1543 902 1885 967; x_wconf 74' lang='lat' dir='ltr'>christianum</span> <span class='ocrx_word' id='word_1_30' title='bbox 1925 901 2328 967; x_wconf 79' lang='lat' dir='ltr'>commendans,</span> <span class='ocrx_word' id='word_1_31' title='bbox 2359 902 2585 967; x_wconf 78' lang='lat' dir='ltr'>explicat</span> <span class='ocrx_word' id='word_1_32' title='bbox 2615 904 2883 966; x_wconf 92' lang='lat' dir='ltr'>quomodo</span> <span class='ocrx_word' id='word_1_33' title='bbox 2908 901 3254 967; x_wconf 76' lang='lat' dir='ltr'>credentium</span> <span class='ocrx_word' id='word_1_34' title='bbox 3306 901 3373 952; x_wconf 77' lang='lat' dir='ltr'>sit</span> <span class='ocrx_word' id='word_1_35' title='bbox 3404 903 3533 952; x_wconf 86' lang='lat' dir='ltr'>ﬁdes</span> <span class='ocrx_word' id='word_1_36' title='bbox 3568 918 3676 954; x_wconf 89' lang='lat' dir='ltr'>una</span> 
     </span>
    </p>
   </div>
   <div class='ocr_carea' id='block_1_7' title="bbox 260 963 3676 1029">
    <p class='ocr_par' dir='ltr' id='par_1_7' title="bbox 260 963 3676 1029">
     <span class='ocr_line' id='line_1_7' title="bbox 260 963 3676 1029; baseline -0.001 -12"><span class='ocrx_word' id='word_1_37' title='bbox 260 963 668 1029; x_wconf 46' lang='lat' dir='ltr'>et&#39;communisg</span> <span class='ocrx_word' id='word_1_38' title='bbox 691 963 1240 1029; x_wconf 15' lang='lat' dir='ltr'>Tumrbeatitudinem</span> <span class='ocrx_word' id='word_1_39' title='bbox 1271 978 1458 1029; x_wconf 85' lang='lat' dir='ltr'>omnes</span> <span class='ocrx_word' id='word_1_40' title='bbox 1504 966 1654 1024; x_wconf 86' lang='lat' dir='ltr'>velle,</span> <span class='ocrx_word' id='word_1_41' title='bbox 1680 978 1785 1029; x_wconf 81' lang='lat' dir='ltr'>nec</span> <span class='ocrx_word' id='word_1_42' title='bbox 1814 966 1995 1012; x_wconf 86' lang='lat' dir='ltr'>tamen</span> <span class='ocrx_word' id='word_1_43' title='bbox 2029 963 2271 1029; x_wconf 87' lang='lat' dir='ltr'>omnium</span> <span class='ocrx_word' id='word_1_44' title='bbox 2322 978 2438 1012; x_wconf 78' lang='lat' dir='ltr'>esse</span> <span class='ocrx_word' id='word_1_45' title='bbox 2470 963 2767 1029; x_wconf 43' lang='lat' dir='ltr'>ﬁdem—qua</span> <span class='ocrx_word' id='word_1_46' title='bbox 2797 966 2863 1015; x_wconf 89' lang='lat' dir='ltr'>ad</span> <span class='ocrx_word' id='word_1_47' title='bbox 2905 966 3295 1014; x_wconf 73' lang='lat' dir='ltr'>beatitudinem</span> <span class='ocrx_word' id='word_1_48' title='bbox 3342 968 3676 1028; x_wconf 86' lang='lat' dir='ltr'>pervenitur.</span> 
     </span>
    </p>
   </div>
   <div class='ocr_carea' id='block_1_8' title="bbox 260 1026 3670 1091">
    <p class='ocr_par' dir='ltr' id='par_1_8' title="bbox 260 1026 3670 1091">
     <span class='ocr_line' id='line_1_8' title="bbox 260 1026 3670 1091; baseline 0 -14"><span class='ocrx_word' id='word_1_49' title='bbox 260 1031 412 1079; x_wconf 83' lang='lat' dir='ltr'>Hanc</span> <span class='ocrx_word' id='word_1_50' title='bbox 438 1034 618 1079; x_wconf 89' lang='lat' dir='ltr'>autem</span> <span class='ocrx_word' id='word_1_51' title='bbox 643 1028 800 1076; x_wconf 89' lang='lat' dir='ltr'>ﬁdem</span> <span class='ocrx_word' id='word_1_52' title='bbox 831 1028 887 1075; x_wconf 90' lang='lat' dir='ltr'>in</span> <span class='ocrx_word' id='word_1_53' title='bbox 916 1028 1121 1076; x_wconf 90' lang='lat' dir='ltr'>Christo</span> <span class='ocrx_word' id='word_1_54' title='bbox 1153 1042 1267 1076; x_wconf 89' lang='lat' dir='ltr'>esse</span> <span class='ocrx_word' id='word_1_55' title='bbox 1299 1027 1571 1075; x_wconf 90' lang='lat' dir='ltr'>deﬁnitam</span> <span class='ocrx_word' id='word_1_56' title='bbox 1603 1027 1692 1089; x_wconf 91' lang='lat' dir='ltr'>qui</span> <span class='ocrx_word' id='word_1_57' title='bbox 1727 1027 1784 1074; x_wconf 92' lang='lat' dir='ltr'>in</span> <span class='ocrx_word' id='word_1_58' title='bbox 1824 1039 1982 1075; x_wconf 88' lang='lat' dir='ltr'>carne</span> <span class='ocrx_word' id='word_1_59' title='bbox 2012 1026 2296 1091; x_wconf 76' lang='lat' dir='ltr'>resurrexit</span> <span class='ocrx_word' id='word_1_60' title='bbox 2344 1040 2383 1091; x_wconf 13' lang='lat' dir='ltr'>a7</span> <span class='ocrx_word' id='word_1_61' title='bbox 2403 1028 2645 1091; x_wconf 90' lang='lat' dir='ltr'>mortuis,</span> <span class='ocrx_word' id='word_1_62' title='bbox 2678 1026 2777 1077; x_wconf 86' lang='lat' dir='ltr'>nec</span> <span class='ocrx_word' id='word_1_63' title='bbox 2806 1028 2908 1076; x_wconf 90' lang='lat' dir='ltr'>nisi</span> <span class='ocrx_word' id='word_1_64' title='bbox 2940 1043 3034 1090; x_wconf 89' lang='lat' dir='ltr'>per</span> <span class='ocrx_word' id='word_1_65' title='bbox 3060 1029 3205 1077; x_wconf 87' lang='lat' dir='ltr'>illum</span> <span class='ocrx_word' id='word_1_66' title='bbox 3238 1026 3451 1077; x_wconf 75' lang='lat' dir='ltr'>liberari</span> <span class='ocrx_word' id='word_1_67' title='bbox 3484 1042 3670 1091; x_wconf 85' lang='lat' dir='ltr'>quem-</span> 
     </span>
    </p>
   </div>
   <div class='ocr_carea' id='block_1_9' title="bbox 258 1089 3673 1155">
    <p class='ocr_par' dir='ltr' id='par_1_9' title="bbox 258 1089 3673 1155">
     <span class='ocr_line' id='line_1_9' title="bbox 258 1089 3673 1155; baseline 0 -14"><span class='ocrx_word' id='word_1_68' title='bbox 258 1106 419 1155; x_wconf 89' lang='lat' dir='ltr'>quam</span> <span class='ocrx_word' id='word_1_69' title='bbox 450 1106 481 1141; x_wconf 88' lang='lat' dir='ltr'>a</span> <span class='ocrx_word' id='word_1_70' title='bbox 510 1090 708 1155; x_wconf 84' lang='lat' dir='ltr'>diaboli</span> <span class='ocrx_word' id='word_1_71' title='bbox 740 1091 1019 1155; x_wconf 70' lang='lat' dir='ltr'>dominatu</span> <span class='ocrx_word' id='word_1_72' title='bbox 1051 1104 1144 1155; x_wconf 79' lang='lat' dir='ltr'>per</span> <span class='ocrx_word' id='word_1_73' title='bbox 1173 1091 1540 1155; x_wconf 77' lang='lat' dir='ltr'>remissionem</span> <span class='ocrx_word' id='word_1_74' title='bbox 1569 1096 1945 1155; x_wconf 79' lang='lat' dir='ltr'>peccatorum:</span> <span class='ocrx_word' id='word_1_75' title='bbox 1975 1092 2028 1137; x_wconf 85' lang='lat' dir='ltr'>et</span> <span class='ocrx_word' id='word_1_76' title='bbox 2057 1089 2172 1155; x_wconf 61' lang='lat' dir='ltr'>fuse</span> <span class='ocrx_word' id='word_1_77' title='bbox 2201 1090 2435 1155; x_wconf 73' lang='lat' dir='ltr'>ostendit</span> <span class='ocrx_word' id='word_1_78' title='bbox 2462 1090 2732 1155; x_wconf 83' lang='lat' dir='ltr'>diabolum</span> <span class='ocrx_word' id='word_1_79' title='bbox 2764 1103 2872 1139; x_wconf 90' lang='lat' dir='ltr'>non</span> <span class='ocrx_word' id='word_1_80' title='bbox 2896 1089 3157 1155; x_wconf 76' lang='lat' dir='ltr'>putentia,</span> <span class='ocrx_word' id='word_1_81' title='bbox 3188 1091 3281 1155; x_wconf 86' lang='lat' dir='ltr'>sed</span> <span class='ocrx_word' id='word_1_82' title='bbox 3305 1089 3515 1155; x_wconf 72' lang='lat' dir='ltr'>justitia</span> <span class='ocrx_word' id='word_1_83' title='bbox 3534 1092 3673 1141; x_wconf 88' lang='lat' dir='ltr'>vinci</span> 
     </span>
    </p>
   </div>
   <div class='ocr_carea' id='block_1_10' title="bbox 256 1151 3674 1215">
    <p class='ocr_par' dir='ltr' id='par_1_10' title="bbox 256 1151 3674 1215">
     <span class='ocr_line' id='line_1_10' title="bbox 256 1151 3674 1215; baseline 0 -12"><span class='ocrx_word' id='word_1_84' title='bbox 256 1151 289 1203; x_wconf 70' lang='grc' dir='ltr'><em>ἐ</em></span> <span class='ocrx_word' id='word_1_85' title='bbox 317 1155 529 1204; x_wconf 88' lang='lat' dir='ltr'>Christo</span> <span class='ocrx_word' id='word_1_86' title='bbox 551 1154 821 1202; x_wconf 82' lang='lat' dir='ltr'>debuisse.</span> <span class='ocrx_word' id='word_1_87' title='bbox 856 1151 1089 1201; x_wconf 78' lang='lat' dir='ltr'>Tandem</span> <span class='ocrx_word' id='word_1_88' title='bbox 1120 1152 1282 1215; x_wconf 88' lang='lat' dir='ltr'>hujus</span> <span class='ocrx_word' id='word_1_89' title='bbox 1320 1153 1485 1201; x_wconf 86' lang='lat' dir='ltr'>verba</span> <span class='ocrx_word' id='word_1_90' title='bbox 1514 1152 1636 1201; x_wconf 79' lang='lat' dir='ltr'>ﬁdei</span> <span class='ocrx_word' id='word_1_91' title='bbox 1666 1151 1793 1199; x_wconf 92' lang='lat' dir='ltr'>dum</span> <span class='ocrx_word' id='word_1_92' title='bbox 1845 1151 2118 1215; x_wconf 75' lang='lat' dir='ltr'>memoriae</span> <span class='ocrx_word' id='word_1_93' title='bbox 2147 1151 2488 1215; x_wconf 85' lang='lat' dir='ltr'>mandantur,</span> <span class='ocrx_word' id='word_1_94' title='bbox 2524 1152 2695 1201; x_wconf 89' lang='lat' dir='ltr'>inesse</span> <span class='ocrx_word' id='word_1_95' title='bbox 2738 1153 3026 1214; x_wconf 82' lang='lat' dir='ltr'>quamdam</span> <span class='ocrx_word' id='word_1_96' title='bbox 3057 1154 3111 1202; x_wconf 91' lang='lat' dir='ltr'>in</span> <span class='ocrx_word' id='word_1_97' title='bbox 3144 1151 3322 1203; x_wconf 82' lang='lat' dir='ltr'>animo</span> <span class='ocrx_word' id='word_1_98' title='bbox 3363 1153 3674 1213; x_wconf 82' lang='lat' dir='ltr'>trinitatem,</span> 
     </span>
    </p>
   </div>
   <div class='ocr_carea' id='block_1_11' title="bbox 256 1213 3679 1290">
    <p class='ocr_par' dir='ltr' id='par_1_11' title="bbox 256 1213 3679 1290">
     <span class='ocr_line' id='line_1_11' title="bbox 256 1213 3679 1290; baseline 0.001 -25"><span class='ocrx_word' id='word_1_99' title='bbox 256 1218 390 1290; x_wconf 67' lang='lat' dir='ltr'>quia</span> <span class='ocrx_word' id='word_1_100' title='bbox 413 1222 465 1267; x_wconf 91' lang='lat' dir='ltr'>et</span> <span class='ocrx_word' id='word_1_101' title='bbox 491 1218 548 1288; x_wconf 86' lang='lat' dir='ltr'>_in</span> <span class='ocrx_word' id='word_1_102' title='bbox 574 1218 834 1290; x_wconf 72' lang='lat' dir='ltr'>memoria</span> <span class='ocrx_word' id='word_1_103' title='bbox 863 1213 1303 1290; x_wconf 58' lang='lat' dir='ltr'>suntverborum</span> <span class='ocrx_word' id='word_1_104' title='bbox 1335 1217 1467 1290; x_wconf 71' lang='lat' dir='ltr'>soni,</span> <span class='ocrx_word' id='word_1_105' title='bbox 1501 1216 1659 1263; x_wconf 87' lang='lat' dir='ltr'>etiam</span> <span class='ocrx_word' id='word_1_106' title='bbox 1691 1214 1908 1290; x_wconf 73' lang='lat' dir='ltr'>quando</span> <span class='ocrx_word' id='word_1_107' title='bbox 1939 1213 2122 1290; x_wconf 46' lang='lat' dir='ltr'>homo.</span> <span class='ocrx_word' id='word_1_108' title='bbox 2142 1213 2270 1290; x_wconf 71' lang='lat' dir='ltr'>inde</span> <span class='ocrx_word' id='word_1_109' title='bbox 2304 1227 2413 1290; x_wconf 41' lang='lat' dir='ltr'>n‘on</span> <span class='ocrx_word' id='word_1_110' title='bbox 2449 1215 2678 1290; x_wconf 76' lang='lat' dir='ltr'>cogitat;</span> <span class='ocrx_word' id='word_1_111' title='bbox 2714 1213 2781 1290; x_wconf 31' lang='lat' dir='ltr'>let</span> <span class='ocrx_word' id='word_1_112' title='bbox 2809 1216 2933 1290; x_wconf 79' lang='lat' dir='ltr'>inde</span> <span class='ocrx_word' id='word_1_113' title='bbox 2963 1216 3401 1290; x_wconf 37' lang='lat' dir='ltr'>formatur&#39;acie-s</span> <span class='ocrx_word' id='word_1_114' title='bbox 3429 1217 3679 1267; x_wconf 81' lang='lat' dir='ltr'>recorda-</span> 
     </span>
    </p>
   </div>
   <div class='ocr_carea' id='block_1_12' title="bbox 256 1276 3425 1342">
    <p class='ocr_par' dir='ltr' id='par_1_12' title="bbox 256 1276 3425 1342">
     <span class='ocr_line' id='line_1_12' title="bbox 256 1276 3425 1342; baseline -0.001 -13"><span class='ocrx_word' id='word_1_115' title='bbox 256 1276 421 1330; x_wconf 80' lang='lat' dir='ltr'>tionis</span> <span class='ocrx_word' id='word_1_116' title='bbox 454 1279 588 1342; x_wconf 87' lang='lat' dir='ltr'>ejus,</span> <span class='ocrx_word' id='word_1_117' title='bbox 616 1279 833 1342; x_wconf 86' lang='lat' dir='ltr'>quando</span> <span class='ocrx_word' id='word_1_118' title='bbox 865 1278 929 1327; x_wconf 88' lang='lat' dir='ltr'>de</span> <span class='ocrx_word' id='word_1_119' title='bbox 961 1278 1044 1327; x_wconf 88' lang='lat' dir='ltr'>his</span> <span class='ocrx_word' id='word_1_120' title='bbox 1073 1278 1305 1342; x_wconf 80' lang='lat' dir='ltr'>cogitat;</span> <span class='ocrx_word' id='word_1_121' title='bbox 1335 1282 1389 1327; x_wconf 88' lang='lat' dir='ltr'>et</span> <span class='ocrx_word' id='word_1_122' title='bbox 1417 1277 1634 1327; x_wconf 91' lang='lat' dir='ltr'>demum</span> <span class='ocrx_word' id='word_1_123' title='bbox 1664 1277 1911 1326; x_wconf 75' lang='lat' dir='ltr'>voluntas</span> <span class='ocrx_word' id='word_1_124' title='bbox 1939 1276 2270 1326; x_wconf 86' lang='lat' dir='ltr'>recordantis</span> <span class='ocrx_word' id='word_1_125' title='bbox 2304 1280 2463 1340; x_wconf 88' lang='lat' dir='ltr'>atque</span> <span class='ocrx_word' id='word_1_126' title='bbox 2499 1278 2780 1341; x_wconf 81' lang='lat' dir='ltr'>cogitantis</span> <span class='ocrx_word' id='word_1_127' title='bbox 2808 1283 3096 1341; x_wconf 90' lang='lat' dir='ltr'>utrumque</span> <span class='ocrx_word' id='word_1_128' title='bbox 3135 1278 3425 1342; x_wconf 88' lang='lat' dir='ltr'>conjungit.</span> 
     </span>
    </p>
   </div>
   <div class='ocr_carea' id='block_1_13' title="bbox 336 1534 1914 1606">
    <p class='ocr_par' dir='ltr' id='par_1_13' title="bbox 336 1534 1914 1606">
     <span class='ocr_line' id='line_1_13' title="bbox 336 1534 1914 1606; baseline -0.003 -13"><span class='ocrx_word' id='word_1_129' title='bbox 336 1537 565 1594; x_wconf 80' lang='lat' dir='ltr'><strong>CAPUT</strong></span> <span class='ocrx_word' id='word_1_130' title='bbox 590 1536 898 1592; x_wconf 78' lang='lat' dir='ltr'>PRIMUM.</span> <span class='ocrx_word' id='word_1_131' title='bbox 916 1567 986 1577; x_wconf 89' lang='grc'><strong><em>--</em></strong></span> <span class='ocrx_word' id='word_1_132' title='bbox 1006 1540 1023 1590; x_wconf 83' lang='grc' dir='ltr'>ι</span> <span class='ocrx_word' id='word_1_133' title='bbox 1041 1579 1053 1591; x_wconf 92' lang='grc'><strong>.</strong></span> <span class='ocrx_word' id='word_1_134' title='bbox 1071 1536 1379 1605; x_wconf 67' lang='lat' dir='ltr'>Sapientiae</span> <span class='ocrx_word' id='word_1_135' title='bbox 1392 1540 1445 1591; x_wconf 88' lang='lat' dir='ltr'>et</span> <span class='ocrx_word' id='word_1_136' title='bbox 1460 1536 1708 1592; x_wconf 72' lang='lat' dir='ltr'>scientiae</span> <span class='ocrx_word' id='word_1_137' title='bbox 1727 1534 1914 1606; x_wconf 78' lang='lat' dir='ltr'>ofﬁcia</span> 
     </span>
    </p>
   </div>
   <div class='ocr_carea' id='block_1_14' title="bbox 260 1624 1916 1699">
    <p class='ocr_par' dir='ltr' id='par_1_14' title="bbox 260 1624 1916 1699">
     <span class='ocr_line' id='line_1_14' title="bbox 260 1624 1916 1699; baseline -0.002 -15"><span class='ocrx_word' id='word_1_138' title='bbox 260 1643 333 1684; x_wconf 74' lang='lat' dir='ltr'>ex</span> <span class='ocrx_word' id='word_1_139' title='bbox 356 1627 661 1699; x_wconf 85' lang='lat' dir='ltr'>Seripturis</span> <span class='ocrx_word' id='word_1_140' title='bbox 674 1626 984 1681; x_wconf 83' lang='lat' dir='ltr'>discernere</span> <span class='ocrx_word' id='word_1_141' title='bbox 993 1626 1438 1695; x_wconf 77' lang='lat' dir='ltr'>aggreditur.Ea:</span> <span class='ocrx_word' id='word_1_142' title='bbox 1448 1626 1675 1682; x_wconf 80' lang='lat' dir='ltr'>Joannis</span> <span class='ocrx_word' id='word_1_143' title='bbox 1687 1624 1916 1680; x_wconf 70' lang='lat' dir='ltr'>exordio</span> 
     </span>
    </p>
   </div>
   <div class='ocr_carea' id='block_1_15' title="bbox 260 1714 1913 1787">
    <p class='ocr_par' dir='ltr' id='par_1_15' title="bbox 260 1714 1913 1787">
     <span class='ocr_line' id='line_1_15' title="bbox 260 1714 1913 1787; baseline -0.003 -14"><span class='ocrx_word' id='word_1_144' title='bbox 260 1717 381 1773; x_wconf 84' lang='lat' dir='ltr'>alia</span> <span class='ocrx_word' id='word_1_145' title='bbox 416 1716 563 1771; x_wconf 85' lang='lat' dir='ltr'>dicta</span> <span class='ocrx_word' id='word_1_146' title='bbox 593 1715 662 1771; x_wconf 89' lang='lat' dir='ltr'>ad</span> <span class='ocrx_word' id='word_1_147' title='bbox 683 1717 1040 1787; x_wconf 76' lang='lat' dir='ltr'>sapientiam,</span> <span class='ocrx_word' id='word_1_148' title='bbox 1067 1716 1185 1771; x_wconf 88' lang='lat' dir='ltr'>alia</span> <span class='ocrx_word' id='word_1_149' title='bbox 1214 1714 1284 1770; x_wconf 88' lang='lat' dir='ltr'>ad</span> <span class='ocrx_word' id='word_1_150' title='bbox 1311 1715 1597 1771; x_wconf 83' lang='lat' dir='ltr'>scientiam</span> <span class='ocrx_word' id='word_1_151' title='bbox 1618 1715 1913 1786; x_wconf 80' lang='lat' dir='ltr'>pertinere.</span> 
     </span>
    </p>
   </div>
   <div class='ocr_carea' id='block_1_16' title="bbox 266 1802 1917 1875">
    <p class='ocr_par' dir='ltr' id='par_1_16' title="bbox 266 1802 1917 1875">
     <span class='ocr_line' id='line_1_16' title="bbox 266 1802 1917 1875; baseline -0.002 -15"><span class='ocrx_word' id='word_1_152' title='bbox 266 1804 535 1875; x_wconf 72' lang='lat' dir='ltr'>Quaedam</span> <span class='ocrx_word' id='word_1_153' title='bbox 576 1804 655 1860; x_wconf 86' lang='lat' dir='ltr'>ibi</span> <span class='ocrx_word' id='word_1_154' title='bbox 702 1804 835 1875; x_wconf 84' lang='lat' dir='ltr'>ﬁdei</span> <span class='ocrx_word' id='word_1_155' title='bbox 864 1813 1078 1859; x_wconf 87' lang='lat' dir='ltr'>tantum</span> <span class='ocrx_word' id='word_1_156' title='bbox 1120 1805 1337 1860; x_wconf 71' lang='lat' dir='ltr'>auxilio</span> <span class='ocrx_word' id='word_1_157' title='bbox 1365 1805 1601 1875; x_wconf 83' lang='lat' dir='ltr'>cognita.</span> <span class='ocrx_word' id='word_1_158' title='bbox 1649 1802 1917 1872; x_wconf 85' lang='lat' dir='ltr'>Quomodo</span> 
     </span>
    </p>
   </div>
   <div class='ocr_carea' id='block_1_17' title="bbox 261 1892 1916 1967">
    <p class='ocr_par' dir='ltr' id='par_1_17' title="bbox 261 1892 1916 1967">
     <span class='ocr_line' id='line_1_17' title="bbox 261 1892 1916 1967; baseline -0.003 -17"><span class='ocrx_word' id='word_1_159' title='bbox 261 1895 427 1967; x_wconf 77' lang='lat' dir='ltr'>ﬁdem</span> <span class='ocrx_word' id='word_1_160' title='bbox 445 1908 571 1965; x_wconf 71' lang='lat' dir='ltr'>quae</span> <span class='ocrx_word' id='word_1_161' title='bbox 588 1894 647 1948; x_wconf 87' lang='lat' dir='ltr'>in</span> <span class='ocrx_word' id='word_1_162' title='bbox 663 1908 730 1949; x_wconf 88' lang='lat' dir='ltr'>no</span> <span class='ocrx_word' id='word_1_163' title='bbox 740 1894 821 1949; x_wconf 90' lang='lat' dir='ltr'>bis</span> <span class='ocrx_word' id='word_1_164' title='bbox 854 1907 929 1950; x_wconf 86' lang='lat' dir='ltr'>est</span> <span class='ocrx_word' id='word_1_165' title='bbox 951 1893 1211 1949; x_wconf 70' lang='lat' dir='ltr'>videmus.</span> <span class='ocrx_word' id='word_1_166' title='bbox 1241 1894 1305 1949; x_wconf 90' lang='lat' dir='ltr'>In</span> <span class='ocrx_word' id='word_1_167' title='bbox 1327 1892 1513 1949; x_wconf 89' lang='lat' dir='ltr'>eadem</span> <span class='ocrx_word' id='word_1_168' title='bbox 1532 1894 1758 1949; x_wconf 78' lang='lat' dir='ltr'>Joannis</span> <span class='ocrx_word' id='word_1_169' title='bbox 1778 1908 1916 1947; x_wconf 87' lang='lat' dir='ltr'>nar—</span> 
     </span>
    </p>
   </div>
   <div class='ocr_carea' id='block_1_18' title="bbox 259 1981 1921 2054">
    <p class='ocr_par' dir='ltr' id='par_1_18' title="bbox 259 1981 1921 2054">
     <span class='ocr_line' id='line_1_18' title="bbox 259 1981 1921 2054; baseline -0.002 -14"><span class='ocrx_word' id='word_1_170' title='bbox 259 1985 507 2051; x_wconf 83' lang='lat' dir='ltr'>ratione,</span> <span class='ocrx_word' id='word_1_171' title='bbox 540 1984 655 2038; x_wconf 88' lang='lat' dir='ltr'>alia</span> <span class='ocrx_word' id='word_1_172' title='bbox 686 1991 814 2038; x_wconf 86' lang='lat' dir='ltr'>sunt</span> <span class='ocrx_word' id='word_1_173' title='bbox 844 1983 1089 2054; x_wconf 85' lang='lat' dir='ltr'>corporis</span> <span class='ocrx_word' id='word_1_174' title='bbox 1109 1998 1295 2049; x_wconf 88' lang='lat' dir='ltr'>sensu,</span> <span class='ocrx_word' id='word_1_175' title='bbox 1344 1983 1462 2038; x_wconf 88' lang='lat' dir='ltr'>alia</span> <span class='ocrx_word' id='word_1_176' title='bbox 1492 1987 1705 2037; x_wconf 88' lang='lat' dir='ltr'>tantum</span> <span class='ocrx_word' id='word_1_177' title='bbox 1733 1981 1921 2037; x_wconf 85' lang='lat' dir='ltr'>animi</span> 
     </span>
    </p>
   </div>
   <div class='ocr_carea' id='block_1_19' title="bbox 261 2070 1917 2143">
    <p class='ocr_par' dir='ltr' id='par_1_19' title="bbox 261 2070 1917 2143">
     <span class='ocr_line' id='line_1_19' title="bbox 261 2070 1917 2143; baseline -0.003 -14"><span class='ocrx_word' id='word_1_178' title='bbox 261 2074 483 2129; x_wconf 81' lang='lat' dir='ltr'>ratione</span> <span class='ocrx_word' id='word_1_179' title='bbox 512 2072 749 2141; x_wconf 84' lang='lat' dir='ltr'>cognita.</span> <span class='ocrx_word' id='word_1_180' title='bbox 786 2071 848 2126; x_wconf 92' lang='lat' dir='ltr'>In</span> <span class='ocrx_word' id='word_1_181' title='bbox 872 2070 1019 2126; x_wconf 88' lang='lat' dir='ltr'>libro</span> <span class='ocrx_word' id='word_1_182' title='bbox 1045 2071 1341 2143; x_wconf 85' lang='lat' dir='ltr'>superiore</span> <span class='ocrx_word' id='word_1_183' title='bbox 1363 2071 1543 2142; x_wconf 81' lang='lat' dir='ltr'>hujus</span> <span class='ocrx_word' id='word_1_184' title='bbox 1565 2070 1755 2142; x_wconf 88' lang='lat' dir='ltr'>operis</span> <span class='ocrx_word' id='word_1_185' title='bbox 1776 2071 1917 2125; x_wconf 91' lang='lat' dir='ltr'>duo-</span> 
     </span>
    </p>
   </div>
   <div class='ocr_carea' id='block_1_20' title="bbox 262 2158 1920 2233">
    <p class='ocr_par' dir='ltr' id='par_1_20' title="bbox 262 2158 1920 2233">
     <span class='ocr_line' id='line_1_20' title="bbox 262 2158 1920 2233; baseline -0.002 -16"><span class='ocrx_word' id='word_1_186' title='bbox 262 2161 494 2217; x_wconf 87' lang='lat' dir='ltr'>decimo</span> <span class='ocrx_word' id='word_1_187' title='bbox 512 2162 655 2217; x_wconf 89' lang='lat' dir='ltr'>satis</span> <span class='ocrx_word' id='word_1_188' title='bbox 673 2161 903 2233; x_wconf 84' lang='lat' dir='ltr'>egimus</span> <span class='ocrx_word' id='word_1_189' title='bbox 925 2160 1253 2215; x_wconf 86' lang='lat' dir='ltr'>discernere</span> <span class='ocrx_word' id='word_1_190' title='bbox 1276 2159 1576 2215; x_wconf 85' lang='lat' dir='ltr'>rationalis</span> <span class='ocrx_word' id='word_1_191' title='bbox 1599 2159 1814 2215; x_wconf 89' lang='lat' dir='ltr'>mentis</span> <span class='ocrx_word' id='word_1_192' title='bbox 1837 2158 1920 2214; x_wconf 86' lang='lat' dir='ltr'>of-</span> 
     </span>
    </p>
   </div>
   <div class='ocr_carea' id='block_1_21' title="bbox 265 2247 1919 2321">
    <p class='ocr_par' dir='ltr' id='par_1_21' title="bbox 265 2247 1919 2321">
     <span class='ocr_line' id='line_1_21' title="bbox 265 2247 1919 2321; baseline -0.002 -15"><span class='ocrx_word' id='word_1_193' title='bbox 265 2251 470 2306; x_wconf 85' lang='lat' dir='ltr'>ﬁcium</span> <span class='ocrx_word' id='word_1_194' title='bbox 494 2250 552 2305; x_wconf 90' lang='lat' dir='ltr'>in</span> <span class='ocrx_word' id='word_1_195' title='bbox 569 2249 1000 2321; x_wconf 87' lang='lat' dir='ltr'>temporalibus</span> <span class='ocrx_word' id='word_1_196' title='bbox 1026 2248 1332 2316; x_wconf 88' lang='lat' dir='ltr'>rebus,ubi</span> <span class='ocrx_word' id='word_1_197' title='bbox 1356 2266 1469 2305; x_wconf 89' lang='lat' dir='ltr'>non</span> <span class='ocrx_word' id='word_1_198' title='bbox 1495 2247 1619 2304; x_wconf 91' lang='lat' dir='ltr'>sola</span> <span class='ocrx_word' id='word_1_199' title='bbox 1643 2248 1919 2320; x_wconf 84' lang='lat' dir='ltr'>cognitio,</span> 
     </span>
    </p>
   </div>
   <div class='ocr_carea' id='block_1_22' title="bbox 265 2338 1923 2409">
    <p class='ocr_par' dir='ltr' id='par_1_22' title="bbox 265 2338 1923 2409">
     <span class='ocr_line' id='line_1_22' title="bbox 265 2338 1923 2409; baseline -0.002 -14"><span class='ocrx_word' id='word_1_200' title='bbox 265 2355 476 2396; x_wconf 86' lang='lat' dir='ltr'>verum</span> <span class='ocrx_word' id='word_1_201' title='bbox 494 2345 549 2395; x_wconf 88' lang='lat' dir='ltr'>et</span> <span class='ocrx_word' id='word_1_202' title='bbox 566 2340 715 2394; x_wconf 90' lang='lat' dir='ltr'>actio</span> <span class='ocrx_word' id='word_1_203' title='bbox 738 2343 940 2394; x_wconf 88' lang='lat' dir='ltr'>nostra</span> <span class='ocrx_word' id='word_1_204' title='bbox 957 2342 1243 2406; x_wconf 86' lang='lat' dir='ltr'>versatur,</span> <span class='ocrx_word' id='word_1_205' title='bbox 1260 2340 1331 2394; x_wconf 89' lang='lat' dir='ltr'>ab</span> <span class='ocrx_word' id='word_1_206' title='bbox 1349 2338 1751 2394; x_wconf 85' lang='lat' dir='ltr'>excellentiore</span> <span class='ocrx_word' id='word_1_207' title='bbox 1767 2338 1923 2409; x_wconf 82' lang='lat' dir='ltr'>ejus-</span> 
     </span>
    </p>
   </div>
   <div class='ocr_carea' id='block_1_23' title="bbox 271 2426 1923 2499">
    <p class='ocr_par' dir='ltr' id='par_1_23' title="bbox 271 2426 1923 2499">
     <span class='ocr_line' id='line_1_23' title="bbox 271 2426 1923 2499; baseline -0.002 -15"><span class='ocrx_word' id='word_1_208' title='bbox 271 2429 410 2484; x_wconf 88' lang='lat' dir='ltr'>dem</span> <span class='ocrx_word' id='word_1_209' title='bbox 440 2428 654 2483; x_wconf 86' lang='lat' dir='ltr'>mentis</span> <span class='ocrx_word' id='word_1_210' title='bbox 677 2428 890 2493; x_wconf 88' lang='lat' dir='ltr'>ofﬁcio,</span> <span class='ocrx_word' id='word_1_211' title='bbox 911 2429 1060 2497; x_wconf 85' lang='lat' dir='ltr'>quod</span> <span class='ocrx_word' id='word_1_212' title='bbox 1082 2427 1551 2499; x_wconf 87' lang='lat' dir='ltr'>contemplandis</span> <span class='ocrx_word' id='word_1_213' title='bbox 1580 2426 1812 2481; x_wconf 72' lang='lat' dir='ltr'>aeternis</span> <span class='ocrx_word' id='word_1_214' title='bbox 1836 2442 1923 2481; x_wconf 90' lang='lat' dir='ltr'>re-</span> 
     </span>
    </p>
   </div>
   <div class='ocr_carea' id='block_1_24' title="bbox 274 2516 1925 2590">
    <p class='ocr_par' dir='ltr' id='par_1_24' title="bbox 274 2516 1925 2590">
     <span class='ocr_line' id='line_1_24' title="bbox 274 2516 1925 2590; baseline -0.003 -16"><span class='ocrx_word' id='word_1_215' title='bbox 274 2518 391 2574; x_wconf 87' lang='lat' dir='ltr'>bus</span> <span class='ocrx_word' id='word_1_216' title='bbox 415 2517 792 2590; x_wconf 89' lang='lat' dir='ltr'>impenditur,</span> <span class='ocrx_word' id='word_1_217' title='bbox 810 2534 874 2573; x_wconf 88' lang='lat' dir='ltr'>ac</span> <span class='ocrx_word' id='word_1_218' title='bbox 905 2517 1030 2573; x_wconf 89' lang='lat' dir='ltr'>sola</span> <span class='ocrx_word' id='word_1_219' title='bbox 1050 2518 1381 2589; x_wconf 85' lang='lat' dir='ltr'>cognitione</span> <span class='ocrx_word' id='word_1_220' title='bbox 1412 2516 1633 2571; x_wconf 90' lang='lat' dir='ltr'>ﬁnitur.</span> <span class='ocrx_word' id='word_1_221' title='bbox 1659 2519 1925 2571; x_wconf 89' lang='lat' dir='ltr'>Commo-</span> 
     </span>
    </p>
   </div>
   <div class='ocr_carea' id='block_1_25' title="bbox 277 2602 1927 2677">
    <p class='ocr_par' dir='ltr' id='par_1_25' title="bbox 277 2602 1927 2677">
     <span class='ocr_line' id='line_1_25' title="bbox 277 2602 1927 2677; baseline -0.002 -15"><span class='ocrx_word' id='word_1_222' title='bbox 277 2606 417 2662; x_wconf 88' lang='lat' dir='ltr'>dius</span> <span class='ocrx_word' id='word_1_223' title='bbox 440 2609 634 2662; x_wconf 89' lang='lat' dir='ltr'>autem</span> <span class='ocrx_word' id='word_1_224' title='bbox 658 2605 777 2662; x_wconf 86' lang='lat' dir='ltr'>ﬁeri</span> <span class='ocrx_word' id='word_1_225' title='bbox 800 2606 1113 2677; x_wconf 91' lang='lat' dir='ltr'>puto,utde</span> <span class='ocrx_word' id='word_1_226' title='bbox 1130 2604 1448 2677; x_wconf 88' lang='lat' dir='ltr'>Scripturis</span> <span class='ocrx_word' id='word_1_227' title='bbox 1468 2604 1688 2661; x_wconf 87' lang='lat' dir='ltr'>sanctis</span> <span class='ocrx_word' id='word_1_228' title='bbox 1704 2602 1927 2675; x_wconf 89' lang='lat' dir='ltr'>aliquid</span> 
     </span>
    </p>
   </div>
   <div class='ocr_carea' id='block_1_26' title="bbox 279 2691 1924 2767">
    <p class='ocr_par' dir='ltr' id='par_1_26' title="bbox 279 2691 1924 2767">
     <span class='ocr_line' id='line_1_26' title="bbox 279 2691 1924 2767; baseline -0.002 -18"><span class='ocrx_word' id='word_1_229' title='bbox 279 2695 646 2763; x_wconf 88' lang='lat' dir='ltr'>interscram,</span> <span class='ocrx_word' id='word_1_230' title='bbox 681 2711 795 2766; x_wconf 90' lang='lat' dir='ltr'>quo</span> <span class='ocrx_word' id='word_1_231' title='bbox 828 2693 1055 2750; x_wconf 82' lang='lat' dir='ltr'>facilius</span> <span class='ocrx_word' id='word_1_232' title='bbox 1084 2695 1270 2767; x_wconf 86' lang='lat' dir='ltr'>possit</span> <span class='ocrx_word' id='word_1_233' title='bbox 1296 2699 1613 2766; x_wconf 90' lang='lat' dir='ltr'>utrumque</span> <span class='ocrx_word' id='word_1_234' title='bbox 1642 2691 1924 2765; x_wconf 89' lang='lat' dir='ltr'>dignosci.</span> 
     </span>
    </p>
   </div>
   <div class='ocr_carea' id='block_1_27' title="bbox 350 2799 1926 2874">
    <p class='ocr_par' dir='ltr' id='par_1_27' title="bbox 350 2799 1926 2874">
     <span class='ocr_line' id='line_1_27' title="bbox 350 2799 1926 2874; baseline -0.001 -19"><span class='ocrx_word' id='word_1_235' title='bbox 350 2801 406 2857; x_wconf 89' lang='lat'>2.</span> <span class='ocrx_word' id='word_1_236' title='bbox 425 2800 805 2874; x_wconf 90' lang='lat' dir='ltr'>Evangelium</span> <span class='ocrx_word' id='word_1_237' title='bbox 823 2818 997 2856; x_wconf 90' lang='lat' dir='ltr'>suum</span> <span class='ocrx_word' id='word_1_238' title='bbox 1016 2802 1266 2857; x_wconf 87' lang='lat' dir='ltr'>Joannes</span> <span class='ocrx_word' id='word_1_239' title='bbox 1287 2801 1642 2874; x_wconf 86' lang='lat' dir='ltr'>evangelista</span> <span class='ocrx_word' id='word_1_240' title='bbox 1659 2799 1742 2856; x_wconf 89' lang='lat' dir='ltr'>sic</span> <span class='ocrx_word' id='word_1_241' title='bbox 1760 2816 1926 2855; x_wconf 86' lang='lat' dir='ltr'>exor-</span> 
     </span>
    </p>
   </div>
   <div class='ocr_carea' id='block_1_28' title="bbox 276 2888 1930 2961">
    <p class='ocr_par' dir='ltr' id='par_1_28' title="bbox 276 2888 1930 2961">
     <span class='ocr_line' id='line_1_28' title="bbox 276 2888 1930 2961; baseline -0.001 -18"><span class='ocrx_word' id='word_1_242' title='bbox 276 2904 379 2945; x_wconf 89' lang='lat' dir='ltr'>sus</span> <span class='ocrx_word' id='word_1_243' title='bbox 410 2893 499 2945; x_wconf 87' lang='lat' dir='ltr'>est</span> <span class='ocrx_word' id='word_1_244' title='bbox 531 2906 543 2944; x_wconf 89' lang='lat'><strong>:</strong></span> <span class='ocrx_word' id='word_1_245' title='bbox 577 2889 640 2944; x_wconf 85' lang='lat' dir='ltr'>In</span> <span class='ocrx_word' id='word_1_246' title='bbox 680 2890 955 2961; x_wconf 86' lang='lat' dir='ltr'>principio</span> <span class='ocrx_word' id='word_1_247' title='bbox 1003 2898 1120 2944; x_wconf 89' lang='lat' dir='ltr'>erat</span> <span class='ocrx_word' id='word_1_248' title='bbox 1152 2889 1399 2957; x_wconf 81' lang='lat' dir='ltr'>Verbum,</span> <span class='ocrx_word' id='word_1_249' title='bbox 1452 2891 1502 2943; x_wconf 88' lang='lat' dir='ltr'>et</span> <span class='ocrx_word' id='word_1_250' title='bbox 1538 2888 1765 2944; x_wconf 81' lang='lat' dir='ltr'>Verbum</span> <span class='ocrx_word' id='word_1_251' title='bbox 1810 2891 1930 2944; x_wconf 86' lang='lat' dir='ltr'>erat</span> 
     </span>
    </p>
   </div>
   <div class='ocr_carea' id='block_1_29' title="bbox 271 2976 1927 3049">
    <p class='ocr_par' dir='ltr' id='par_1_29' title="bbox 271 2976 1927 3049">
     <span class='ocr_line' id='line_1_29' title="bbox 271 2976 1927 3049; baseline -0.001 -16"><span class='ocrx_word' id='word_1_252' title='bbox 271 2978 424 3049; x_wconf 88' lang='lat' dir='ltr'>apud</span> <span class='ocrx_word' id='word_1_253' title='bbox 453 2979 642 3046; x_wconf 88' lang='lat' dir='ltr'>Deum,</span> <span class='ocrx_word' id='word_1_254' title='bbox 676 2981 730 3034; x_wconf 89' lang='lat' dir='ltr'>et</span> <span class='ocrx_word' id='word_1_255' title='bbox 761 2983 907 3033; x_wconf 80' lang='lat' dir='ltr'>Deus</span> <span class='ocrx_word' id='word_1_256' title='bbox 938 2982 1055 3033; x_wconf 86' lang='lat' dir='ltr'>erat</span> <span class='ocrx_word' id='word_1_257' title='bbox 1104 2979 1334 3034; x_wconf 83' lang='lat' dir='ltr'>Verbum</span> <span class='ocrx_word' id='word_1_258' title='bbox 1363 2995 1381 3032; x_wconf 88' lang='lat'><em>:</em></span> <span class='ocrx_word' id='word_1_259' title='bbox 1413 2976 1512 3033; x_wconf 88' lang='lat' dir='ltr'>hoc</span> <span class='ocrx_word' id='word_1_260' title='bbox 1539 2985 1659 3033; x_wconf 83' lang='lat' dir='ltr'>erat</span> <span class='ocrx_word' id='word_1_261' title='bbox 1681 2980 1741 3032; x_wconf 87' lang='lat' dir='ltr'>in</span> <span class='ocrx_word' id='word_1_262' title='bbox 1770 2979 1927 3048; x_wconf 84' lang='lat' dir='ltr'>prin-</span> 
     </span>
    </p>
   </div>
   <div class='ocr_carea' id='block_1_30' title="bbox 269 3067 1930 3140">
    <p class='ocr_par' dir='ltr' id='par_1_30' title="bbox 269 3067 1930 3140">
     <span class='ocr_line' id='line_1_30' title="bbox 269 3067 1930 3140; baseline -0.003 -14"><span class='ocrx_word' id='word_1_263' title='bbox 269 3070 421 3140; x_wconf 80' lang='lat' dir='ltr'>cipio</span> <span class='ocrx_word' id='word_1_264' title='bbox 447 3068 598 3139; x_wconf 84' lang='lat' dir='ltr'>apud</span> <span class='ocrx_word' id='word_1_265' title='bbox 621 3069 811 3122; x_wconf 88' lang='lat' dir='ltr'>Deum.</span> <span class='ocrx_word' id='word_1_266' title='bbox 842 3067 1037 3124; x_wconf 86' lang='lat' dir='ltr'>Omnia</span> <span class='ocrx_word' id='word_1_267' title='bbox 1059 3082 1156 3137; x_wconf 87' lang='lat' dir='ltr'>per</span> <span class='ocrx_word' id='word_1_268' title='bbox 1184 3069 1368 3139; x_wconf 89' lang='lat' dir='ltr'>ipsum</span> <span class='ocrx_word' id='word_1_269' title='bbox 1387 3069 1539 3139; x_wconf 81' lang='lat' dir='ltr'>facta</span> <span class='ocrx_word' id='word_1_270' title='bbox 1566 3074 1709 3132; x_wconf 88' lang='lat' dir='ltr'>sunt,</span> <span class='ocrx_word' id='word_1_271' title='bbox 1734 3074 1784 3122; x_wconf 90' lang='lat' dir='ltr'>et</span> <span class='ocrx_word' id='word_1_272' title='bbox 1810 3068 1930 3122; x_wconf 87' lang='lat' dir='ltr'>sine</span> 
     </span>
    </p>
   </div>
   <div class='ocr_carea' id='block_1_31' title="bbox 268 3156 1926 3230">
    <p class='ocr_par' dir='ltr' id='par_1_31' title="bbox 268 3156 1926 3230">
     <span class='ocr_line' id='line_1_31' title="bbox 268 3156 1926 3230; baseline -0.002 -16"><span class='ocrx_word' id='word_1_273' title='bbox 268 3159 393 3230; x_wconf 88' lang='lat' dir='ltr'>ipso</span> <span class='ocrx_word' id='word_1_274' title='bbox 413 3159 623 3227; x_wconf 81' lang='lat' dir='ltr'>factum</span> <span class='ocrx_word' id='word_1_275' title='bbox 642 3160 720 3212; x_wconf 83' lang='lat' dir='ltr'>est</span> <span class='ocrx_word' id='word_1_276' title='bbox 737 3156 889 3211; x_wconf 80' lang='lat' dir='ltr'>nihil</span> <span class='ocrx_word' id='word_1_277' title='bbox 910 3157 1049 3228; x_wconf 87' lang='lat' dir='ltr'>quod</span> <span class='ocrx_word' id='word_1_278' title='bbox 1066 3158 1274 3227; x_wconf 84' lang='lat' dir='ltr'>factum</span> <span class='ocrx_word' id='word_1_279' title='bbox 1295 3160 1401 3210; x_wconf 85' lang='lat' dir='ltr'>est:</span> <span class='ocrx_word' id='word_1_280' title='bbox 1432 3158 1492 3211; x_wconf 89' lang='lat' dir='ltr'>in</span> <span class='ocrx_word' id='word_1_281' title='bbox 1512 3156 1637 3227; x_wconf 84' lang='lat' dir='ltr'>ipso</span> <span class='ocrx_word' id='word_1_282' title='bbox 1658 3158 1769 3211; x_wconf 87' lang='lat' dir='ltr'>vita</span> <span class='ocrx_word' id='word_1_283' title='bbox 1790 3163 1926 3221; x_wconf 88' lang='lat' dir='ltr'>erat,</span> 
     </span>
    </p>
   </div>
   <div class='ocr_carea' id='block_1_32' title="bbox 270 3234 1929 3311">
    <p class='ocr_par' dir='ltr' id='par_1_32' title="bbox 270 3234 1929 3311">
     <span class='ocr_line' id='line_1_32' title="bbox 270 3234 1929 3311; baseline -0.001 -9"><span class='ocrx_word' id='word_1_284' title='bbox 270 3251 327 3303; x_wconf 85' lang='lat' dir='ltr'>et</span> <span class='ocrx_word' id='word_1_285' title='bbox 355 3248 469 3302; x_wconf 82' lang='lat' dir='ltr'>vita</span> <span class='ocrx_word' id='word_1_286' title='bbox 495 3248 615 3301; x_wconf 88' lang='lat' dir='ltr'>erat</span> <span class='ocrx_word' id='word_1_287' title='bbox 647 3247 749 3301; x_wconf 68' lang='lat' dir='ltr'>lux</span> <span class='ocrx_word' id='word_1_288' title='bbox 777 3247 1084 3311; x_wconf 84' lang='lat' dir='ltr'>hominum,</span> <span class='ocrx_word' id='word_1_289' title='bbox 1116 3250 1169 3301; x_wconf 88' lang='lat' dir='ltr'>et</span> <span class='ocrx_word' id='word_1_290' title='bbox 1199 3246 1298 3300; x_wconf 78' lang='lat' dir='ltr'>tua:</span> <span class='ocrx_word' id='word_1_291' title='bbox 1326 3247 1387 3299; x_wconf 88' lang='lat' dir='ltr'>in</span> <span class='ocrx_word' id='word_1_292' title='bbox 1417 3246 1654 3300; x_wconf 84' lang='lat' dir='ltr'>tenebris</span> <span class='ocrx_word' id='word_1_293' title='bbox 1685 3234 1847 3307; x_wconf 87' lang='lat' dir='ltr'>lucet,</span> <span class='ocrx_word' id='word_1_294' title='bbox 1879 3253 1929 3300; x_wconf 88' lang='lat' dir='ltr'>et</span> 
     </span>
    </p>
   </div>
   <div class='ocr_carea' id='block_1_33' title="bbox 271 3334 1929 3405">
    <p class='ocr_par' dir='ltr' id='par_1_33' title="bbox 271 3334 1929 3405">
     <span class='ocr_line' id='line_1_33' title="bbox 271 3334 1929 3405; baseline -0.001 -14"><span class='ocrx_word' id='word_1_295' title='bbox 271 3335 519 3393; x_wconf 67' lang='lat' dir='ltr'>tenebraz</span> <span class='ocrx_word' id='word_1_296' title='bbox 545 3352 668 3391; x_wconf 90' lang='lat' dir='ltr'>eam</span> <span class='ocrx_word' id='word_1_297' title='bbox 695 3352 804 3390; x_wconf 88' lang='lat' dir='ltr'>non</span> <span class='ocrx_word' id='word_1_298' title='bbox 836 3334 1374 3405; x_wconf 87' lang='lat' dir='ltr'>comprehenderunt.</span> <span class='ocrx_word' id='word_1_299' title='bbox 1399 3336 1526 3388; x_wconf 82' lang='lat' dir='ltr'>Fuit</span> <span class='ocrx_word' id='word_1_300' title='bbox 1554 3335 1709 3389; x_wconf 86' lang='lat' dir='ltr'>homo</span> <span class='ocrx_word' id='word_1_301' title='bbox 1728 3336 1929 3389; x_wconf 88' lang='lat' dir='ltr'>missus</span> 
     </span>
    </p>
   </div>
   <div class='ocr_carea' id='block_1_34' title="bbox 272 3423 1927 3492">
    <p class='ocr_par' dir='ltr' id='par_1_34' title="bbox 272 3423 1927 3492">
     <span class='ocr_line' id='line_1_34' title="bbox 272 3423 1927 3492; baseline -0.002 -11"><span class='ocrx_word' id='word_1_302' title='bbox 272 3441 317 3481; x_wconf 83' lang='grc' dir='ltr'><em>α</em></span> <span class='ocrx_word' id='word_1_303' title='bbox 350 3426 477 3492; x_wconf 88' lang='lat' dir='ltr'>Deo,</span> <span class='ocrx_word' id='word_1_304' title='bbox 512 3426 605 3480; x_wconf 85' lang='lat' dir='ltr'>cui</span> <span class='ocrx_word' id='word_1_305' title='bbox 630 3440 830 3479; x_wconf 85' lang='lat' dir='ltr'>nomen</span> <span class='ocrx_word' id='word_1_306' title='bbox 859 3433 977 3479; x_wconf 88' lang='lat' dir='ltr'>erat</span> <span class='ocrx_word' id='word_1_307' title='bbox 1002 3428 1285 3479; x_wconf 86' lang='lat' dir='ltr'>Joannes:</span> <span class='ocrx_word' id='word_1_308' title='bbox 1310 3423 1398 3478; x_wconf 88' lang='lat' dir='ltr'>hic</span> <span class='ocrx_word' id='word_1_309' title='bbox 1426 3426 1573 3478; x_wconf 88' lang='lat' dir='ltr'>venit</span> <span class='ocrx_word' id='word_1_310' title='bbox 1600 3425 1660 3477; x_wconf 90' lang='lat' dir='ltr'>in</span> <span class='ocrx_word' id='word_1_311' title='bbox 1688 3424 1927 3478; x_wconf 84' lang='lat' dir='ltr'>testimo-</span> 
     </span>
    </p>
   </div>
   <div class='ocr_carea' id='block_1_35' title="bbox 270 3510 1929 3581">
    <p class='ocr_par' dir='ltr' id='par_1_35' title="bbox 270 3510 1929 3581">
     <span class='ocr_line' id='line_1_35' title="bbox 270 3510 1929 3581; baseline -0.002 -13"><span class='ocrx_word' id='word_1_312' title='bbox 270 3514 459 3579; x_wconf 83' lang='lat' dir='ltr'>nium,</span> <span class='ocrx_word' id='word_1_313' title='bbox 492 3521 553 3568; x_wconf 88' lang='lat' dir='ltr'>ut</span> <span class='ocrx_word' id='word_1_314' title='bbox 583 3513 961 3567; x_wconf 85' lang='lat' dir='ltr'>testimonium</span> <span class='ocrx_word' id='word_1_315' title='bbox 979 3510 1283 3581; x_wconf 85' lang='lat' dir='ltr'>perhiberet</span> <span class='ocrx_word' id='word_1_316' title='bbox 1313 3510 1378 3566; x_wconf 88' lang='lat' dir='ltr'>de</span> <span class='ocrx_word' id='word_1_317' title='bbox 1399 3511 1627 3576; x_wconf 85' lang='lat' dir='ltr'>lumine,</span> <span class='ocrx_word' id='word_1_318' title='bbox 1657 3516 1716 3564; x_wconf 86' lang='lat' dir='ltr'>ut</span> <span class='ocrx_word' id='word_1_319' title='bbox 1745 3524 1929 3564; x_wconf 88' lang='lat' dir='ltr'>omnes</span> 
     </span>
    </p>
   </div>
   <div class='ocr_carea' id='block_1_36' title="bbox 269 3599 1927 3672">
    <p class='ocr_par' dir='ltr' id='par_1_36' title="bbox 269 3599 1927 3672">
     <span class='ocr_line' id='line_1_36' title="bbox 269 3599 1927 3672; baseline -0.002 -15"><span class='ocrx_word' id='word_1_320' title='bbox 269 3601 562 3657; x_wconf 79' lang='lat' dir='ltr'>crederent</span> <span class='ocrx_word' id='word_1_321' title='bbox 589 3617 685 3672; x_wconf 89' lang='lat' dir='ltr'>per</span> <span class='ocrx_word' id='word_1_322' title='bbox 708 3601 890 3655; x_wconf 87' lang='lat' dir='ltr'>illum.</span> <span class='ocrx_word' id='word_1_323' title='bbox 918 3600 1033 3654; x_wconf 85' lang='lat' dir='ltr'>Non</span> <span class='ocrx_word' id='word_1_324' title='bbox 1063 3602 1183 3654; x_wconf 89' lang='lat' dir='ltr'>erat</span> <span class='ocrx_word' id='word_1_325' title='bbox 1214 3600 1309 3655; x_wconf 85' lang='lat' dir='ltr'>ille</span> <span class='ocrx_word' id='word_1_326' title='bbox 1340 3600 1463 3665; x_wconf 73' lang='lat' dir='ltr'>lux,</span> <span class='ocrx_word' id='word_1_327' title='bbox 1485 3599 1586 3654; x_wconf 85' lang='lat' dir='ltr'>sed</span> <span class='ocrx_word' id='word_1_328' title='bbox 1606 3604 1666 3652; x_wconf 90' lang='lat' dir='ltr'>ut</span> <span class='ocrx_word' id='word_1_329' title='bbox 1687 3600 1927 3653; x_wconf 85' lang='lat' dir='ltr'>testimo-</span> 
     </span>
    </p>
   </div>
   <div class='ocr_carea' id='block_1_37' title="bbox 270 3687 1927 3758">
    <p class='ocr_par' dir='ltr' id='par_1_37' title="bbox 270 3687 1927 3758">
     <span class='ocr_line' id='line_1_37' title="bbox 270 3687 1927 3758; baseline -0.004 -13"><span class='ocrx_word' id='word_1_330' title='bbox 270 3690 441 3745; x_wconf 79' lang='lat' dir='ltr'>nium</span> <span class='ocrx_word' id='word_1_331' title='bbox 471 3689 781 3758; x_wconf 84' lang='lat' dir='ltr'>perhiberet</span> <span class='ocrx_word' id='word_1_332' title='bbox 798 3688 862 3744; x_wconf 90' lang='lat' dir='ltr'>de</span> <span class='ocrx_word' id='word_1_333' title='bbox 882 3689 1118 3743; x_wconf 85' lang='lat' dir='ltr'>lumine.</span> <span class='ocrx_word' id='word_1_334' title='bbox 1142 3689 1275 3743; x_wconf 83' lang='lat' dir='ltr'>Erat</span> <span class='ocrx_word' id='word_1_335' title='bbox 1297 3688 1397 3742; x_wconf 78' lang='lat' dir='ltr'>tua:</span> <span class='ocrx_word' id='word_1_336' title='bbox 1424 3703 1551 3741; x_wconf 83' lang='lat' dir='ltr'>vera</span> <span class='ocrx_word' id='word_1_337' title='bbox 1570 3701 1695 3758; x_wconf 73' lang='lat' dir='ltr'>quae</span> <span class='ocrx_word' id='word_1_338' title='bbox 1714 3687 1927 3741; x_wconf 82' lang='lat' dir='ltr'>illumi-</span> 
     </span>
    </p>
   </div>
   <div class='ocr_carea' id='block_1_38' title="bbox 274 3776 1926 3833">
    <p class='ocr_par' dir='ltr' id='par_1_38' title="bbox 274 3776 1926 3833">
     <span class='ocr_line' id='line_1_38' title="bbox 274 3776 1926 3833; baseline -0.002 0"><span class='ocrx_word' id='word_1_339' title='bbox 274 3783 377 3833; x_wconf 89' lang='lat' dir='ltr'>nat</span> <span class='ocrx_word' id='word_1_340' title='bbox 411 3794 634 3833; x_wconf 87' lang='lat' dir='ltr'>omnem</span> <span class='ocrx_word' id='word_1_341' title='bbox 667 3776 939 3833; x_wconf 83' lang='lat' dir='ltr'>hominem</span> <span class='ocrx_word' id='word_1_342' title='bbox 965 3779 1269 3832; x_wconf 82' lang='lat' dir='ltr'>venientem</span> <span class='ocrx_word' id='word_1_343' title='bbox 1292 3778 1355 3832; x_wconf 82' lang='lat' dir='ltr'>in</span> <span class='ocrx_word' id='word_1_344' title='bbox 1385 3776 1529 3831; x_wconf 86' lang='lat' dir='ltr'>hunc</span> <span class='ocrx_word' id='word_1_345' title='bbox 1554 3776 1841 3831; x_wconf 86' lang='lat' dir='ltr'>mundum.</span> <span class='ocrx_word' id='word_1_346' title='bbox 1866 3778 1926 3830; x_wconf 89' lang='lat' dir='ltr'>In</span> 
     </span>
    </p>
   </div>
   <div class='ocr_carea' id='block_1_39' title="bbox 273 3864 1928 3938">
    <p class='ocr_par' dir='ltr' id='par_1_39' title="bbox 273 3864 1928 3938">
     <span class='ocr_line' id='line_1_39' title="bbox 273 3864 1928 3938; baseline -0.001 -17"><span class='ocrx_word' id='word_1_347' title='bbox 273 3866 486 3922; x_wconf 86' lang='lat' dir='ltr'>mundo</span> <span class='ocrx_word' id='word_1_348' title='bbox 507 3869 643 3933; x_wconf 87' lang='lat' dir='ltr'>erat,</span> <span class='ocrx_word' id='word_1_349' title='bbox 658 3871 711 3921; x_wconf 86' lang='lat' dir='ltr'>et</span> <span class='ocrx_word' id='word_1_350' title='bbox 732 3866 972 3922; x_wconf 86' lang='lat' dir='ltr'>mundus</span> <span class='ocrx_word' id='word_1_351' title='bbox 988 3883 1091 3938; x_wconf 83' lang='lat' dir='ltr'>per</span> <span class='ocrx_word' id='word_1_352' title='bbox 1106 3868 1286 3937; x_wconf 85' lang='lat' dir='ltr'>ipsum</span> <span class='ocrx_word' id='word_1_353' title='bbox 1305 3870 1486 3936; x_wconf 83' lang='lat' dir='ltr'>[actus</span> <span class='ocrx_word' id='word_1_354' title='bbox 1506 3870 1602 3933; x_wconf 88' lang='lat' dir='ltr'>est,</span> <span class='ocrx_word' id='word_1_355' title='bbox 1618 3868 1670 3920; x_wconf 85' lang='lat' dir='ltr'>et</span> <span class='ocrx_word' id='word_1_356' title='bbox 1692 3864 1928 3919; x_wconf 86' lang='lat' dir='ltr'>mundus</span> 
     </span>
    </p>
   </div>
   <div class='ocr_carea' id='block_1_40' title="bbox 271 3956 1927 4027">
    <p class='ocr_par' dir='ltr' id='par_1_40' title="bbox 271 3956 1927 4027">
     <span class='ocr_line' id='line_1_40' title="bbox 271 3956 1927 4027; baseline -0.002 -15"><span class='ocrx_word' id='word_1_357' title='bbox 271 3972 401 4012; x_wconf 86' lang='lat' dir='ltr'>eum</span> <span class='ocrx_word' id='word_1_358' title='bbox 428 3971 539 4010; x_wconf 89' lang='lat' dir='ltr'>non</span> <span class='ocrx_word' id='word_1_359' title='bbox 563 3957 831 4024; x_wconf 84' lang='lat' dir='ltr'>cognovit.</span> <span class='ocrx_word' id='word_1_360' title='bbox 855 3958 919 4011; x_wconf 86' lang='lat' dir='ltr'>In</span> <span class='ocrx_word' id='word_1_361' title='bbox 935 3956 1166 4027; x_wconf 80' lang='lat' dir='ltr'>propria</span> <span class='ocrx_word' id='word_1_362' title='bbox 1194 3956 1363 4021; x_wconf 88' lang='lat' dir='ltr'>venit,</span> <span class='ocrx_word' id='word_1_363' title='bbox 1386 3964 1440 4010; x_wconf 91' lang='lat' dir='ltr'>et</span> <span class='ocrx_word' id='word_1_364' title='bbox 1457 3957 1548 4010; x_wconf 86' lang='lat' dir='ltr'>sui</span> <span class='ocrx_word' id='word_1_365' title='bbox 1574 3971 1698 4011; x_wconf 88' lang='lat' dir='ltr'>eum</span> <span class='ocrx_word' id='word_1_366' title='bbox 1718 3969 1826 4009; x_wconf 89' lang='lat' dir='ltr'>non</span> <span class='ocrx_word' id='word_1_367' title='bbox 1847 3969 1927 4008; x_wconf 89' lang='lat' dir='ltr'>re-</span> 
     </span>
    </p>
   </div>
   <div class='ocr_carea' id='block_1_41' title="bbox 272 4042 1929 4116">
    <p class='ocr_par' dir='ltr' id='par_1_41' title="bbox 272 4042 1929 4116">
     <span class='ocr_line' id='line_1_41' title="bbox 272 4042 1929 4116; baseline -0.002 -15"><span class='ocrx_word' id='word_1_368' title='bbox 272 4052 550 4116; x_wconf 74' lang='lat' dir='ltr'>ceperunt.</span> <span class='ocrx_word' id='word_1_369' title='bbox 598 4045 865 4115; x_wconf 85' lang='lat' dir='ltr'>Quotquot</span> <span class='ocrx_word' id='word_1_370' title='bbox 892 4048 1081 4099; x_wconf 87' lang='lat' dir='ltr'>autem</span> <span class='ocrx_word' id='word_1_371' title='bbox 1126 4052 1453 4115; x_wconf 86' lang='lat' dir='ltr'>receperunt</span> <span class='ocrx_word' id='word_1_372' title='bbox 1494 4060 1638 4113; x_wconf 85' lang='lat' dir='ltr'>eum,</span> <span class='ocrx_word' id='word_1_373' title='bbox 1671 4042 1815 4098; x_wconf 85' lang='lat' dir='ltr'>dedit</span> <span class='ocrx_word' id='word_1_374' title='bbox 1845 4044 1929 4098; x_wconf 84' lang='lat' dir='ltr'>eis</span> 
     </span>
    </p>
   </div>
   <div class='ocr_carea' id='block_1_42' title="bbox 266 4133 1929 4206">
    <p class='ocr_par' dir='ltr' id='par_1_42' title="bbox 266 4133 1929 4206">
     <span class='ocr_line' id='line_1_42' title="bbox 266 4133 1929 4206; baseline -0.001 -16"><span class='ocrx_word' id='word_1_375' title='bbox 266 4138 595 4206; x_wconf 83' lang='lat' dir='ltr'>potestatem</span> <span class='ocrx_word' id='word_1_376' title='bbox 625 4134 769 4204; x_wconf 85' lang='lat' dir='ltr'>ﬁlios</span> <span class='ocrx_word' id='word_1_377' title='bbox 797 4134 893 4189; x_wconf 86' lang='lat' dir='ltr'>Dei</span> <span class='ocrx_word' id='word_1_378' title='bbox 922 4134 1071 4204; x_wconf 82' lang='lat' dir='ltr'>ﬁeri,</span> <span class='ocrx_word' id='word_1_379' title='bbox 1103 4134 1173 4188; x_wconf 86' lang='lat' dir='ltr'>iis</span> <span class='ocrx_word' id='word_1_380' title='bbox 1215 4135 1312 4205; x_wconf 86' lang='lat' dir='ltr'>qui</span> <span class='ocrx_word' id='word_1_381' title='bbox 1338 4133 1568 4190; x_wconf 85' lang='lat' dir='ltr'>credunt</span> <span class='ocrx_word' id='word_1_382' title='bbox 1614 4134 1675 4187; x_wconf 87' lang='lat' dir='ltr'>in</span> <span class='ocrx_word' id='word_1_383' title='bbox 1702 4135 1929 4188; x_wconf 82' lang='lat' dir='ltr'>nomine</span> 
     </span>
    </p>
   </div>
   <div class='ocr_carea' id='block_1_43' title="bbox 269 4222 1925 4296">
    <p class='ocr_par' dir='ltr' id='par_1_43' title="bbox 269 4222 1925 4296">
     <span class='ocr_line' id='line_1_43' title="bbox 269 4222 1925 4296; baseline -0.002 -16"><span class='ocrx_word' id='word_1_384' title='bbox 269 4225 392 4296; x_wconf 84' lang='lat' dir='ltr'>ejus</span> <span class='ocrx_word' id='word_1_385' title='bbox 424 4242 442 4278; x_wconf 93' lang='lat'><strong><em>:</em></strong></span> <span class='ocrx_word' id='word_1_386' title='bbox 475 4224 571 4295; x_wconf 86' lang='lat' dir='ltr'>qui</span> <span class='ocrx_word' id='word_1_387' title='bbox 600 4239 710 4278; x_wconf 89' lang='lat' dir='ltr'>non</span> <span class='ocrx_word' id='word_1_388' title='bbox 732 4238 801 4278; x_wconf 76' lang='lat' dir='ltr'>ex</span> <span class='ocrx_word' id='word_1_389' title='bbox 820 4222 1204 4294; x_wconf 84' lang='lat' dir='ltr'>sanguinibus,</span> <span class='ocrx_word' id='word_1_390' title='bbox 1219 4237 1390 4293; x_wconf 88' lang='lat' dir='ltr'>neque</span> <span class='ocrx_word' id='word_1_391' title='bbox 1417 4238 1486 4279; x_wconf 73' lang='lat' dir='ltr'>ex</span> <span class='ocrx_word' id='word_1_392' title='bbox 1504 4223 1784 4278; x_wconf 87' lang='lat' dir='ltr'>voluntate</span> <span class='ocrx_word' id='word_1_393' title='bbox 1804 4239 1925 4277; x_wconf 87' lang='lat' dir='ltr'>car-</span> 
     </span>
    </p>
   </div>
   <div class='ocr_carea' id='block_1_44' title="bbox 270 4311 1924 4383">
    <p class='ocr_par' dir='ltr' id='par_1_44' title="bbox 270 4311 1924 4383">
     <span class='ocr_line' id='line_1_44' title="bbox 270 4311 1924 4383; baseline -0.002 -15"><span class='ocrx_word' id='word_1_394' title='bbox 270 4314 384 4381; x_wconf 84' lang='lat' dir='ltr'>nis,</span> <span class='ocrx_word' id='word_1_395' title='bbox 418 4328 594 4383; x_wconf 89' lang='lat' dir='ltr'>neque</span> <span class='ocrx_word' id='word_1_396' title='bbox 622 4328 693 4367; x_wconf 78' lang='lat' dir='ltr'>ex</span> <span class='ocrx_word' id='word_1_397' title='bbox 742 4311 1026 4367; x_wconf 77' lang='lat' dir='ltr'>voluntate</span> <span class='ocrx_word' id='word_1_398' title='bbox 1071 4313 1202 4379; x_wconf 88' lang='lat' dir='ltr'>viri,</span> <span class='ocrx_word' id='word_1_399' title='bbox 1232 4312 1324 4367; x_wconf 87' lang='lat' dir='ltr'>sed</span> <span class='ocrx_word' id='word_1_400' title='bbox 1368 4328 1437 4366; x_wconf 72' lang='lat' dir='ltr'>ex</span> <span class='ocrx_word' id='word_1_401' title='bbox 1466 4312 1574 4366; x_wconf 89' lang='lat' dir='ltr'>Deo</span> <span class='ocrx_word' id='word_1_402' title='bbox 1622 4313 1741 4366; x_wconf 87' lang='lat' dir='ltr'>nati</span> <span class='ocrx_word' id='word_1_403' title='bbox 1776 4319 1924 4367; x_wconf 83' lang='lat' dir='ltr'>sunt.</span> 
     </span>
    </p>
   </div>
   <div class='ocr_carea' id='block_1_45' title="bbox 275 4400 1927 4471">
    <p class='ocr_par' dir='ltr' id='par_1_45' title="bbox 275 4400 1927 4471">
     <span class='ocr_line' id='line_1_45' title="bbox 275 4400 1927 4471; baseline -0.002 -14"><span class='ocrx_word' id='word_1_404' title='bbox 275 4403 343 4457; x_wconf 84' lang='lat' dir='ltr'>Et</span> <span class='ocrx_word' id='word_1_405' title='bbox 370 4401 596 4458; x_wconf 86' lang='lat' dir='ltr'>verbum</span> <span class='ocrx_word' id='word_1_406' title='bbox 626 4416 755 4457; x_wconf 87' lang='lat' dir='ltr'>caro</span> <span class='ocrx_word' id='word_1_407' title='bbox 784 4402 994 4471; x_wconf 83' lang='lat' dir='ltr'>factum</span> <span class='ocrx_word' id='word_1_408' title='bbox 1037 4408 1131 4471; x_wconf 84' lang='lat' dir='ltr'>est,</span> <span class='ocrx_word' id='word_1_409' title='bbox 1169 4408 1220 4455; x_wconf 91' lang='lat' dir='ltr'>et</span> <span class='ocrx_word' id='word_1_410' title='bbox 1249 4400 1521 4455; x_wconf 84' lang='lat' dir='ltr'>habitavit</span> <span class='ocrx_word' id='word_1_411' title='bbox 1569 4402 1627 4454; x_wconf 89' lang='lat' dir='ltr'>in</span> <span class='ocrx_word' id='word_1_412' title='bbox 1658 4400 1830 4455; x_wconf 84' lang='lat' dir='ltr'>nobis.</span> <span class='ocrx_word' id='word_1_413' title='bbox 1866 4401 1927 4454; x_wconf 86' lang='lat' dir='ltr'>Et</span> 
     </span>
    </p>
   </div>
   <div class='ocr_carea' id='block_1_46' title="bbox 274 4487 1923 4562">
    <p class='ocr_par' dir='ltr' id='par_1_46' title="bbox 274 4487 1923 4562">
     <span class='ocr_line' id='line_1_46' title="bbox 274 4487 1923 4562; baseline -0.002 -16"><span class='ocrx_word' id='word_1_414' title='bbox 274 4490 520 4547; x_wconf 80' lang='lat' dir='ltr'>vidimus</span> <span class='ocrx_word' id='word_1_415' title='bbox 538 4490 783 4562; x_wconf 84' lang='lat' dir='ltr'>gloriam</span> <span class='ocrx_word' id='word_1_416' title='bbox 805 4491 935 4561; x_wconf 84' lang='lat' dir='ltr'>ejus,</span> <span class='ocrx_word' id='word_1_417' title='bbox 953 4487 1193 4558; x_wconf 85' lang='lat' dir='ltr'>gloriam</span> <span class='ocrx_word' id='word_1_418' title='bbox 1213 4489 1372 4561; x_wconf 87' lang='lat' dir='ltr'>quasi</span> <span class='ocrx_word' id='word_1_419' title='bbox 1393 4490 1669 4559; x_wconf 87' lang='lat' dir='ltr'>Unigeniti</span> <span class='ocrx_word' id='word_1_420' title='bbox 1688 4506 1719 4543; x_wconf 89' lang='lat' dir='ltr'>a</span> <span class='ocrx_word' id='word_1_421' title='bbox 1745 4494 1923 4559; x_wconf 87' lang='lat' dir='ltr'>Patre,</span> 
     </span>
    </p>
   </div>
   <div class='ocr_carea' id='block_1_47' title="bbox 272 4577 1922 4653">
    <p class='ocr_par' dir='ltr' id='par_1_47' title="bbox 272 4577 1922 4653">
     <span class='ocr_line' id='line_1_47' title="bbox 272 4577 1922 4653; baseline -0.003 -17"><span class='ocrx_word' id='word_1_422' title='bbox 272 4580 507 4653; x_wconf 85' lang='lat' dir='ltr'>plenum</span> <span class='ocrx_word' id='word_1_423' title='bbox 535 4581 736 4649; x_wconf 75' lang='lat' dir='ltr'>gratiae</span> <span class='ocrx_word' id='word_1_424' title='bbox 756 4587 806 4634; x_wconf 90' lang='lat' dir='ltr'>et</span> <span class='ocrx_word' id='word_1_425' title='bbox 833 4580 1081 4635; x_wconf 87' lang='lat' dir='ltr'>veritatis</span> <span class='ocrx_word' id='word_1_426' title='bbox 1118 4579 1292 4649; x_wconf 89' lang='lat' dir='ltr'>(Joan.</span> <span class='ocrx_word' id='word_1_427' title='bbox 1316 4595 1355 4648; x_wconf 82' lang='grc' dir='ltr'><strong>ι,</strong></span> <span class='ocrx_word' id='word_1_428' title='bbox 1390 4577 1556 4648; x_wconf 80' lang='grc'>1-14).</span> <span class='ocrx_word' id='word_1_429' title='bbox 1591 4578 1707 4632; x_wconf 83' lang='grc' dir='ltr'>Ηοο</span> <span class='ocrx_word' id='word_1_430' title='bbox 1736 4581 1922 4632; x_wconf 91' lang='lat' dir='ltr'>totum</span> 
     </span>
    </p>
   </div>
   <div class='ocr_carea' id='block_1_48' title="bbox 279 4666 1924 4743">
    <p class='ocr_par' dir='ltr' id='par_1_48' title="bbox 279 4666 1924 4743">
     <span class='ocr_line' id='line_1_48' title="bbox 279 4666 1924 4743; baseline -0.003 -19"><span class='ocrx_word' id='word_1_431' title='bbox 279 4668 437 4743; x_wconf 90' lang='lat' dir='ltr'>quod</span> <span class='ocrx_word' id='word_1_432' title='bbox 455 4684 525 4724; x_wconf 82' lang='lat' dir='ltr'>ex</span> <span class='ocrx_word' id='word_1_433' title='bbox 544 4667 854 4739; x_wconf 81' lang='lat' dir='ltr'>Evangelia</span> <span class='ocrx_word' id='word_1_434' title='bbox 882 4668 1133 4738; x_wconf 91' lang='lat' dir='ltr'>posui,in</span> <span class='ocrx_word' id='word_1_435' title='bbox 1159 4666 1620 4739; x_wconf 68' lang='lat' dir='ltr'>praecedentibus</span> <span class='ocrx_word' id='word_1_436' title='bbox 1644 4666 1767 4721; x_wconf 90' lang='lat' dir='ltr'>suis</span> <span class='ocrx_word' id='word_1_437' title='bbox 1789 4683 1924 4738; x_wconf 87' lang='lat' dir='ltr'>par-</span> 
     </span>
    </p>
   </div>
   <div class='ocr_carea' id='block_1_49' title="bbox 278 4754 1922 4829">
    <p class='ocr_par' dir='ltr' id='par_1_49' title="bbox 278 4754 1922 4829">
     <span class='ocr_line' id='line_1_49' title="bbox 278 4754 1922 4829; baseline -0.003 -15"><span class='ocrx_word' id='word_1_438' title='bbox 278 4759 444 4814; x_wconf 85' lang='lat' dir='ltr'>tibus</span> <span class='ocrx_word' id='word_1_439' title='bbox 473 4757 652 4813; x_wconf 80' lang='lat' dir='ltr'>habet</span> <span class='ocrx_word' id='word_1_440' title='bbox 682 4758 835 4829; x_wconf 90' lang='lat' dir='ltr'>quod</span> <span class='ocrx_word' id='word_1_441' title='bbox 858 4756 1228 4812; x_wconf 86' lang='lat' dir='ltr'>immutabile</span> <span class='ocrx_word' id='word_1_442' title='bbox 1261 4772 1324 4811; x_wconf 88' lang='lat' dir='ltr'>ac</span> <span class='ocrx_word' id='word_1_443' title='bbox 1355 4754 1779 4827; x_wconf 88' lang='lat' dir='ltr'>sempiternum</span> <span class='ocrx_word' id='word_1_444' title='bbox 1812 4759 1922 4821; x_wconf 87' lang='lat' dir='ltr'>est,</span> 
     </span>
    </p>
   </div>
   <div class='ocr_carea' id='block_1_50' title="bbox 277 4844 1927 4918">
    <p class='ocr_par' dir='ltr' id='par_1_50' title="bbox 277 4844 1927 4918">
     <span class='ocr_line' id='line_1_50' title="bbox 277 4844 1927 4918; baseline -0.003 -15"><span class='ocrx_word' id='word_1_445' title='bbox 277 4848 452 4918; x_wconf 88' lang='lat' dir='ltr'>cujus</span> <span class='ocrx_word' id='word_1_446' title='bbox 474 4845 887 4918; x_wconf 88' lang='lat' dir='ltr'>contemplatio</span> <span class='ocrx_word' id='word_1_447' title='bbox 912 4863 1016 4901; x_wconf 92' lang='lat' dir='ltr'>nos</span> <span class='ocrx_word' id='word_1_448' title='bbox 1039 4847 1237 4901; x_wconf 89' lang='lat' dir='ltr'>beatos</span> <span class='ocrx_word' id='word_1_449' title='bbox 1259 4844 1499 4901; x_wconf 78' lang='lat' dir='ltr'>facitzin</span> <span class='ocrx_word' id='word_1_450' title='bbox 1526 4845 1927 4914; x_wconf 87' lang='lat' dir='ltr'>consequenti-</span> 
     </span>
    </p>
   </div>
   <div class='ocr_carea' id='block_1_51' title="bbox 276 4934 1925 5007">
    <p class='ocr_par' dir='ltr' id='par_1_51' title="bbox 276 4934 1925 5007">
     <span class='ocr_line' id='line_1_51' title="bbox 276 4934 1925 5007; baseline -0.004 -14"><span class='ocrx_word' id='word_1_451' title='bbox 276 4937 392 4993; x_wconf 89' lang='lat' dir='ltr'>bus</span> <span class='ocrx_word' id='word_1_452' title='bbox 411 4952 546 4991; x_wconf 88' lang='lat' dir='ltr'>vero</span> <span class='ocrx_word' id='word_1_453' title='bbox 562 4935 852 5007; x_wconf 82' lang='lat' dir='ltr'>permixta</span> <span class='ocrx_word' id='word_1_454' title='bbox 869 4952 1002 4990; x_wconf 93' lang='lat' dir='ltr'>cum</span> <span class='ocrx_word' id='word_1_455' title='bbox 1025 4934 1446 5006; x_wconf 86' lang='lat' dir='ltr'>temporalibus</span> <span class='ocrx_word' id='word_1_456' title='bbox 1464 4949 1925 4989; x_wconf 87' lang='lat' dir='ltr'>commemoran-</span> 
     </span>
    </p>
   </div>
   <div class='ocr_carea' id='block_1_52' title="bbox 275 5022 1924 5096">
    <p class='ocr_par' dir='ltr' id='par_1_52' title="bbox 275 5022 1924 5096">
     <span class='ocr_line' id='line_1_52' title="bbox 275 5022 1924 5096; baseline -0.003 -15"><span class='ocrx_word' id='word_1_457' title='bbox 275 5029 377 5081; x_wconf 83' lang='lat' dir='ltr'>tur</span> <span class='ocrx_word' id='word_1_458' title='bbox 407 5029 645 5081; x_wconf 65' lang='lat' dir='ltr'>aeterna.</span> <span class='ocrx_word' id='word_1_459' title='bbox 672 5030 751 5079; x_wconf 87' lang='lat' dir='ltr'>Ac</span> <span class='ocrx_word' id='word_1_460' title='bbox 769 5041 871 5096; x_wconf 89' lang='lat' dir='ltr'>per</span> <span class='ocrx_word' id='word_1_461' title='bbox 904 5026 1007 5079; x_wconf 91' lang='lat' dir='ltr'>hoc</span> <span class='ocrx_word' id='word_1_462' title='bbox 1030 5023 1227 5095; x_wconf 88' lang='lat' dir='ltr'>aliqua</span> <span class='ocrx_word' id='word_1_463' title='bbox 1251 5024 1332 5080; x_wconf 92' lang='lat' dir='ltr'>ibi</span> <span class='ocrx_word' id='word_1_464' title='bbox 1356 5024 1426 5079; x_wconf 91' lang='lat' dir='ltr'>ad</span> <span class='ocrx_word' id='word_1_465' title='bbox 1460 5022 1765 5078; x_wconf 77' lang='lat' dir='ltr'>scientiam</span> <span class='ocrx_word' id='word_1_466' title='bbox 1798 5039 1924 5094; x_wconf 90' lang='lat' dir='ltr'>per-</span> 
     </span>
    </p>
   </div>
   <div class='ocr_carea' id='block_1_53' title="bbox 275 5110 1923 5185">
    <p class='ocr_par' dir='ltr' id='par_1_53' title="bbox 275 5110 1923 5185">
     <span class='ocr_line' id='line_1_53' title="bbox 275 5110 1923 5185; baseline -0.004 -15"><span class='ocrx_word' id='word_1_467' title='bbox 275 5114 495 5185; x_wconf 86' lang='lat' dir='ltr'>tinent,</span> <span class='ocrx_word' id='word_1_468' title='bbox 529 5112 726 5184; x_wconf 90' lang='lat' dir='ltr'>aliqua</span> <span class='ocrx_word' id='word_1_469' title='bbox 758 5113 828 5168; x_wconf 88' lang='lat' dir='ltr'>ad</span> <span class='ocrx_word' id='word_1_470' title='bbox 862 5112 1231 5185; x_wconf 85' lang='lat' dir='ltr'>sapientiam,</span> <span class='ocrx_word' id='word_1_471' title='bbox 1265 5113 1416 5167; x_wconf 89' lang='lat' dir='ltr'>sicut</span> <span class='ocrx_word' id='word_1_472' title='bbox 1452 5111 1505 5165; x_wconf 90' lang='lat' dir='ltr'>in</span> <span class='ocrx_word' id='word_1_473' title='bbox 1540 5111 1687 5165; x_wconf 88' lang='lat' dir='ltr'>libro</span> <span class='ocrx_word' id='word_1_474' title='bbox 1710 5110 1923 5164; x_wconf 85' lang='lat' dir='ltr'>duode-</span> 
     </span>
    </p>
   </div>
   <div class='ocr_carea' id='block_1_54' title="bbox 277 5200 1927 5273">
    <p class='ocr_par' dir='ltr' id='par_1_54' title="bbox 277 5200 1927 5273">
     <span class='ocr_line' id='line_1_54' title="bbox 277 5200 1927 5273; baseline -0.002 -15"><span class='ocrx_word' id='word_1_475' title='bbox 277 5203 435 5259; x_wconf 90' lang='lat' dir='ltr'>cimo</span> <span class='ocrx_word' id='word_1_476' title='bbox 465 5206 668 5258; x_wconf 90' lang='lat' dir='ltr'>nostra</span> <span class='ocrx_word' id='word_1_477' title='bbox 698 5202 1000 5273; x_wconf 81' lang='lat' dir='ltr'>praecessit</span> <span class='ocrx_word' id='word_1_478' title='bbox 1021 5200 1339 5257; x_wconf 84' lang='lat' dir='ltr'>distinctio.</span> <span class='ocrx_word' id='word_1_479' title='bbox 1373 5201 1529 5266; x_wconf 89' lang='lat' dir='ltr'>Nam,</span> <span class='ocrx_word' id='word_1_480' title='bbox 1566 5202 1625 5255; x_wconf 87' lang='lat' dir='ltr'>In</span> <span class='ocrx_word' id='word_1_481' title='bbox 1649 5200 1927 5270; x_wconf 82' lang='lat' dir='ltr'>principio</span> 
     </span>
    </p>
   </div>
   <div class='ocr_carea' id='block_1_55' title="bbox 279 5289 1929 5361">
    <p class='ocr_par' dir='ltr' id='par_1_55' title="bbox 279 5289 1929 5361">
     <span class='ocr_line' id='line_1_55' title="bbox 279 5289 1929 5361; baseline -0.003 -14"><span class='ocrx_word' id='word_1_482' title='bbox 279 5295 398 5348; x_wconf 85' lang='lat' dir='ltr'>erat</span> <span class='ocrx_word' id='word_1_483' title='bbox 442 5291 692 5357; x_wconf 85' lang='lat' dir='ltr'>Verbum,</span> <span class='ocrx_word' id='word_1_484' title='bbox 741 5293 790 5346; x_wconf 88' lang='lat' dir='ltr'>et</span> <span class='ocrx_word' id='word_1_485' title='bbox 829 5292 1067 5346; x_wconf 82' lang='lat' dir='ltr'>Verbum</span> <span class='ocrx_word' id='word_1_486' title='bbox 1110 5298 1228 5345; x_wconf 83' lang='lat' dir='ltr'>erat</span> <span class='ocrx_word' id='word_1_487' title='bbox 1274 5290 1418 5361; x_wconf 87' lang='lat' dir='ltr'>apud</span> <span class='ocrx_word' id='word_1_488' title='bbox 1468 5290 1655 5353; x_wconf 87' lang='lat' dir='ltr'>Deum,</span> <span class='ocrx_word' id='word_1_489' title='bbox 1706 5292 1757 5343; x_wconf 89' lang='lat' dir='ltr'>et</span> <span class='ocrx_word' id='word_1_490' title='bbox 1787 5289 1929 5342; x_wconf 88' lang='lat' dir='ltr'>Deus</span> 
     </span>
    </p>
   </div>
   <div class='ocr_carea' id='block_1_56' title="bbox 280 5377 1931 5449">
    <p class='ocr_par' dir='ltr' id='par_1_56' title="bbox 280 5377 1931 5449">
     <span class='ocr_line' id='line_1_56' title="bbox 280 5377 1931 5449; baseline -0.002 -12"><span class='ocrx_word' id='word_1_491' title='bbox 280 5382 408 5437; x_wconf 86' lang='lat' dir='ltr'>erat</span> <span class='ocrx_word' id='word_1_492' title='bbox 431 5380 662 5437; x_wconf 85' lang='lat' dir='ltr'>Verbum</span> <span class='ocrx_word' id='word_1_493' title='bbox 689 5398 710 5433; x_wconf 91' lang='grc'>.·</span> <span class='ocrx_word' id='word_1_494' title='bbox 739 5379 837 5435; x_wconf 85' lang='lat' dir='ltr'>hoc</span> <span class='ocrx_word' id='word_1_495' title='bbox 854 5383 971 5435; x_wconf 84' lang='lat' dir='ltr'>erat</span> <span class='ocrx_word' id='word_1_496' title='bbox 989 5382 1048 5434; x_wconf 88' lang='lat' dir='ltr'>in</span> <span class='ocrx_word' id='word_1_497' title='bbox 1069 5380 1342 5449; x_wconf 76' lang='lat' dir='ltr'>principio</span> <span class='ocrx_word' id='word_1_498' title='bbox 1363 5377 1505 5448; x_wconf 83' lang='lat' dir='ltr'>apud</span> <span class='ocrx_word' id='word_1_499' title='bbox 1526 5379 1712 5432; x_wconf 85' lang='lat' dir='ltr'>Deum.</span> <span class='ocrx_word' id='word_1_500' title='bbox 1731 5378 1931 5433; x_wconf 86' lang='lat' dir='ltr'>Omnia</span> 
     </span>
    </p>
   </div>
   <div class='ocr_carea' id='block_1_57' title="bbox 282 5466 1929 5543">
    <p class='ocr_par' dir='ltr' id='par_1_57' title="bbox 282 5466 1929 5543">
     <span class='ocr_line' id='line_1_57' title="bbox 282 5466 1929 5543; baseline -0.004 -18"><span class='ocrx_word' id='word_1_501' title='bbox 282 5485 385 5543; x_wconf 82' lang='lat' dir='ltr'>per</span> <span class='ocrx_word' id='word_1_502' title='bbox 409 5470 588 5540; x_wconf 84' lang='lat' dir='ltr'>ipsum</span> <span class='ocrx_word' id='word_1_503' title='bbox 637 5471 784 5539; x_wconf 83' lang='lat' dir='ltr'>facta</span> <span class='ocrx_word' id='word_1_504' title='bbox 805 5477 954 5535; x_wconf 89' lang='lat' dir='ltr'>sunt,</span> <span class='ocrx_word' id='word_1_505' title='bbox 986 5472 1037 5522; x_wconf 86' lang='lat' dir='ltr'>et</span> <span class='ocrx_word' id='word_1_506' title='bbox 1064 5468 1182 5522; x_wconf 91' lang='lat' dir='ltr'>sine</span> <span class='ocrx_word' id='word_1_507' title='bbox 1231 5468 1344 5536; x_wconf 88' lang='lat' dir='ltr'>ipso</span> <span class='ocrx_word' id='word_1_508' title='bbox 1372 5467 1577 5535; x_wconf 81' lang='lat' dir='ltr'>factum</span> <span class='ocrx_word' id='word_1_509' title='bbox 1624 5470 1699 5519; x_wconf 85' lang='lat' dir='ltr'>est</span> <span class='ocrx_word' id='word_1_510' title='bbox 1738 5466 1882 5521; x_wconf 86' lang='lat' dir='ltr'>nihil</span> <span class='ocrx_word' id='word_1_511' title='bbox 1911 5483 1929 5519; x_wconf 90' lang='lat'><strong><em>:</em></strong></span> 
     </span>
    </p>
   </div>
   <div class='ocr_carea' id='block_1_58' title="bbox 283 5554 1928 5633">
    <p class='ocr_par' dir='ltr' id='par_1_58' title="bbox 283 5554 1928 5633">
     <span class='ocr_line' id='line_1_58' title="bbox 283 5554 1928 5633; baseline -0.003 -19"><span class='ocrx_word' id='word_1_512' title='bbox 283 5558 431 5633; x_wconf 83' lang='lat' dir='ltr'>quod</span> <span class='ocrx_word' id='word_1_513' title='bbox 448 5559 653 5629; x_wconf 81' lang='lat' dir='ltr'>factum</span> <span class='ocrx_word' id='word_1_514' title='bbox 677 5563 755 5614; x_wconf 82' lang='lat' dir='ltr'>est</span> <span class='ocrx_word' id='word_1_515' title='bbox 770 5558 841 5613; x_wconf 69' lang='lat' dir='ltr'>in</span> <span class='ocrx_word' id='word_1_516' title='bbox 875 5560 988 5627; x_wconf 83' lang='lat' dir='ltr'>ipso</span> <span class='ocrx_word' id='word_1_517' title='bbox 1023 5562 1129 5611; x_wconf 81' lang='lat' dir='ltr'>vita</span> <span class='ocrx_word' id='word_1_518' title='bbox 1157 5560 1294 5619; x_wconf 87' lang='lat' dir='ltr'>erat,</span> <span class='ocrx_word' id='word_1_519' title='bbox 1326 5563 1375 5610; x_wconf 89' lang='lat' dir='ltr'>et</span> <span class='ocrx_word' id='word_1_520' title='bbox 1415 5556 1529 5609; x_wconf 82' lang='lat' dir='ltr'>vita</span> <span class='ocrx_word' id='word_1_521' title='bbox 1556 5559 1675 5607; x_wconf 84' lang='lat' dir='ltr'>erat</span> <span class='ocrx_word' id='word_1_522' title='bbox 1707 5556 1806 5608; x_wconf 71' lang='lat' dir='ltr'>tua;</span> <span class='ocrx_word' id='word_1_523' title='bbox 1835 5554 1928 5609; x_wconf 89' lang='lat' dir='ltr'>ho-</span> 
     </span>
    </p>
   </div>
   <div class='ocr_carea' id='block_1_59' title="bbox 284 5645 1932 5716">
    <p class='ocr_par' dir='ltr' id='par_1_59' title="bbox 284 5645 1932 5716">
     <span class='ocr_line' id='line_1_59' title="bbox 284 5645 1932 5716; baseline -0.004 -13"><span class='ocrx_word' id='word_1_524' title='bbox 284 5650 528 5716; x_wconf 87' lang='lat' dir='ltr'>minum,</span> <span class='ocrx_word' id='word_1_525' title='bbox 556 5657 607 5702; x_wconf 86' lang='lat' dir='ltr'>et</span> <span class='ocrx_word' id='word_1_526' title='bbox 637 5649 737 5703; x_wconf 74' lang='lat' dir='ltr'>tua;</span> <span class='ocrx_word' id='word_1_527' title='bbox 766 5649 825 5703; x_wconf 86' lang='lat' dir='ltr'>in</span> <span class='ocrx_word' id='word_1_528' title='bbox 856 5648 1094 5702; x_wconf 83' lang='lat' dir='ltr'>tenebris</span> <span class='ocrx_word' id='word_1_529' title='bbox 1126 5646 1284 5714; x_wconf 85' lang='lat' dir='ltr'>lucet,</span> <span class='ocrx_word' id='word_1_530' title='bbox 1316 5653 1365 5699; x_wconf 84' lang='lat' dir='ltr'>et</span> <span class='ocrx_word' id='word_1_531' title='bbox 1395 5645 1634 5699; x_wconf 58' lang='lat' dir='ltr'>tenebrat</span> <span class='ocrx_word' id='word_1_532' title='bbox 1662 5659 1783 5698; x_wconf 82' lang='lat' dir='ltr'>eum</span> <span class='ocrx_word' id='word_1_533' title='bbox 1822 5661 1932 5700; x_wconf 85' lang='lat' dir='ltr'>non</span> 
     </span>
    </p>
   </div>
   <div class='ocr_carea' id='block_1_60' title="bbox 285 5732 1935 5811">
    <p class='ocr_par' dir='ltr' id='par_1_60' title="bbox 285 5732 1935 5811">
     <span class='ocr_line' id='line_1_60' title="bbox 285 5732 1935 5811; baseline -0.002 -16"><span class='ocrx_word' id='word_1_534' title='bbox 285 5736 814 5811; x_wconf 84' lang='lat' dir='ltr'>comprehenderunt</span> <span class='ocrx_word' id='word_1_535' title='bbox 832 5753 853 5805; x_wconf 85' lang='lat'><em>;</em></span> <span class='ocrx_word' id='word_1_536' title='bbox 876 5733 1386 5808; x_wconf 88' lang='lat' dir='ltr'>contemplativam</span> <span class='ocrx_word' id='word_1_537' title='bbox 1408 5732 1587 5790; x_wconf 87' lang='lat' dir='ltr'>vitam</span> <span class='ocrx_word' id='word_1_538' title='bbox 1606 5732 1935 5805; x_wconf 87' lang='lat' dir='ltr'>requirit,et</span> 
     </span>
    </p>
   </div>
   <div class='ocr_carea' id='block_1_61' title="bbox 2029 1532 3676 1609">
    <p class='ocr_par' dir='ltr' id='par_1_61' title="bbox 2029 1532 3676 1609">
     <span class='ocr_line' id='line_1_61' title="bbox 2029 1532 3676 1609; baseline 0.005 -23"><span class='ocrx_word' id='word_1_539' title='bbox 2029 1532 2404 1589; x_wconf 87' lang='lat' dir='ltr'>intellectuali</span> <span class='ocrx_word' id='word_1_540' title='bbox 2424 1538 2617 1590; x_wconf 89' lang='lat' dir='ltr'>mente</span> <span class='ocrx_word' id='word_1_541' title='bbox 2639 1536 2994 1591; x_wconf 87' lang='lat' dir='ltr'>cernendum</span> <span class='ocrx_word' id='word_1_542' title='bbox 3020 1541 3124 1592; x_wconf 90' lang='lat' dir='ltr'>est.</span> <span class='ocrx_word' id='word_1_543' title='bbox 3150 1538 3275 1601; x_wconf 91' lang='lat' dir='ltr'>Qua</span> <span class='ocrx_word' id='word_1_544' title='bbox 3296 1540 3351 1592; x_wconf 92' lang='lat' dir='ltr'>in</span> <span class='ocrx_word' id='word_1_545' title='bbox 3377 1554 3435 1594; x_wconf 89' lang='lat' dir='ltr'>re</span> <span class='ocrx_word' id='word_1_546' title='bbox 3460 1539 3676 1609; x_wconf 89' lang='lat' dir='ltr'>quanto</span> 
     </span>
    </p>
   </div>
   <div class='ocr_carea' id='block_1_62' title="bbox 2027 1622 3676 1695">
    <p class='ocr_par' dir='ltr' id='par_1_62' title="bbox 2027 1622 3676 1695">
     <span class='ocr_line' id='line_1_62' title="bbox 2027 1622 3676 1695; baseline 0.004 -19"><span class='ocrx_word' id='word_1_547' title='bbox 2027 1622 2219 1693; x_wconf 89' lang='lat' dir='ltr'>magis</span> <span class='ocrx_word' id='word_1_548' title='bbox 2241 1624 2493 1694; x_wconf 89' lang='lat' dir='ltr'>quisque</span> <span class='ocrx_word' id='word_1_549' title='bbox 2518 1625 2845 1695; x_wconf 82' lang='lat' dir='ltr'>profecerit,</span> <span class='ocrx_word' id='word_1_550' title='bbox 2868 1629 3032 1681; x_wconf 89' lang='lat' dir='ltr'>tanto</span> <span class='ocrx_word' id='word_1_551' title='bbox 3051 1626 3150 1681; x_wconf 87' lang='lat' dir='ltr'>ﬁet</span> <span class='ocrx_word' id='word_1_552' title='bbox 3168 1625 3295 1681; x_wconf 88' lang='lat' dir='ltr'>sine</span> <span class='ocrx_word' id='word_1_553' title='bbox 3317 1627 3676 1682; x_wconf 86' lang='lat' dir='ltr'>dubitatione</span> 
     </span>
    </p>
   </div>
   <div class='ocr_carea' id='block_1_63' title="bbox 2028 1709 3677 1784">
    <p class='ocr_par' dir='ltr' id='par_1_63' title="bbox 2028 1709 3677 1784">
     <span class='ocr_line' id='line_1_63' title="bbox 2028 1709 3677 1784; baseline 0.004 -20"><span class='ocrx_word' id='word_1_554' title='bbox 2028 1709 2369 1782; x_wconf 87' lang='lat' dir='ltr'>sapientior.</span> <span class='ocrx_word' id='word_1_555' title='bbox 2399 1711 2507 1767; x_wconf 89' lang='lat' dir='ltr'>Sed</span> <span class='ocrx_word' id='word_1_556' title='bbox 2539 1717 2770 1784; x_wconf 87' lang='lat' dir='ltr'>propter</span> <span class='ocrx_word' id='word_1_557' title='bbox 2798 1713 2857 1768; x_wconf 88' lang='lat' dir='ltr'>id</span> <span class='ocrx_word' id='word_1_558' title='bbox 2881 1714 3035 1784; x_wconf 91' lang='lat' dir='ltr'>quod</span> <span class='ocrx_word' id='word_1_559' title='bbox 3063 1714 3164 1780; x_wconf 88' lang='lat' dir='ltr'>ait,</span> <span class='ocrx_word' id='word_1_560' title='bbox 3197 1718 3321 1771; x_wconf 78' lang='lat' dir='ltr'>Lua:</span> <span class='ocrx_word' id='word_1_561' title='bbox 3351 1715 3488 1769; x_wconf 87' lang='lat' dir='ltr'>lucet</span> <span class='ocrx_word' id='word_1_562' title='bbox 3516 1716 3577 1769; x_wconf 90' lang='lat' dir='ltr'>in</span> <span class='ocrx_word' id='word_1_563' title='bbox 3599 1723 3677 1771; x_wconf 84' lang='lat' dir='ltr'>te-</span> 
     </span>
    </p>
   </div>
   <div class='ocr_carea' id='block_1_64' title="bbox 2026 1799 3674 1873">
    <p class='ocr_par' dir='ltr' id='par_1_64' title="bbox 2026 1799 3674 1873">
     <span class='ocr_line' id='line_1_64' title="bbox 2026 1799 3674 1873; baseline 0.002 -19"><span class='ocrx_word' id='word_1_564' title='bbox 2026 1799 2232 1866; x_wconf 85' lang='lat' dir='ltr'>nebris,</span> <span class='ocrx_word' id='word_1_565' title='bbox 2246 1808 2299 1855; x_wconf 91' lang='lat' dir='ltr'>et</span> <span class='ocrx_word' id='word_1_566' title='bbox 2316 1802 2556 1857; x_wconf 72' lang='lat' dir='ltr'>tenebrae</span> <span class='ocrx_word' id='word_1_567' title='bbox 2574 1817 2693 1856; x_wconf 89' lang='lat' dir='ltr'>eam</span> <span class='ocrx_word' id='word_1_568' title='bbox 2714 1819 2827 1856; x_wconf 90' lang='lat' dir='ltr'>non</span> <span class='ocrx_word' id='word_1_569' title='bbox 2845 1803 3405 1873; x_wconf 87' lang='lat' dir='ltr'>comprehenderunt;</span> <span class='ocrx_word' id='word_1_570' title='bbox 3426 1804 3539 1858; x_wconf 89' lang='lat' dir='ltr'>ﬁde</span> <span class='ocrx_word' id='word_1_571' title='bbox 3564 1802 3674 1858; x_wconf 87' lang='lat' dir='ltr'>uti-</span> 
     </span>
    </p>
   </div>
   <div class='ocr_carea' id='block_1_65' title="bbox 2030 1892 3675 1964">
    <p class='ocr_par' dir='ltr' id='par_1_65' title="bbox 2030 1892 3675 1964">
     <span class='ocr_line' id='line_1_65' title="bbox 2030 1892 3675 1964; baseline 0.004 -22"><span class='ocrx_word' id='word_1_572' title='bbox 2030 1903 2143 1959; x_wconf 89' lang='lat' dir='ltr'>que</span> <span class='ocrx_word' id='word_1_573' title='bbox 2173 1905 2322 1960; x_wconf 87' lang='lat' dir='ltr'>opus</span> <span class='ocrx_word' id='word_1_574' title='bbox 2354 1896 2499 1957; x_wconf 87' lang='lat' dir='ltr'>erat,</span> <span class='ocrx_word' id='word_1_575' title='bbox 2526 1907 2642 1961; x_wconf 89' lang='lat' dir='ltr'>qua</span> <span class='ocrx_word' id='word_1_576' title='bbox 2672 1892 3006 1947; x_wconf 87' lang='lat' dir='ltr'>crederetur</span> <span class='ocrx_word' id='word_1_577' title='bbox 3037 1893 3191 1964; x_wconf 92' lang='lat' dir='ltr'>quod</span> <span class='ocrx_word' id='word_1_578' title='bbox 3224 1909 3340 1949; x_wconf 89' lang='lat' dir='ltr'>non</span> <span class='ocrx_word' id='word_1_579' title='bbox 3361 1893 3675 1949; x_wconf 86' lang='lat' dir='ltr'>videretur.</span> 
     </span>
    </p>
   </div>
   <div class='ocr_carea' id='block_1_66' title="bbox 2031 1977 3681 2054">
    <p class='ocr_par' dir='ltr' id='par_1_66' title="bbox 2031 1977 3681 2054">
     <span class='ocr_line' id='line_1_66' title="bbox 2031 1977 3681 2054; baseline 0.004 -22"><span class='ocrx_word' id='word_1_580' title='bbox 2031 1977 2328 2034; x_wconf 88' lang='lat' dir='ltr'>Tenebras</span> <span class='ocrx_word' id='word_1_581' title='bbox 2347 1980 2562 2051; x_wconf 89' lang='lat' dir='ltr'>quippe</span> <span class='ocrx_word' id='word_1_582' title='bbox 2584 1979 2833 2052; x_wconf 88' lang='lat' dir='ltr'>intelligi</span> <span class='ocrx_word' id='word_1_583' title='bbox 2855 1980 3263 2050; x_wconf 88' lang='lat' dir='ltr'>voluit,aversa</span> <span class='ocrx_word' id='word_1_584' title='bbox 3279 1982 3350 2038; x_wconf 90' lang='lat' dir='ltr'>ab</span> <span class='ocrx_word' id='word_1_585' title='bbox 3372 1981 3681 2054; x_wconf 84' lang='lat' dir='ltr'>hujusmo-</span> 
     </span>
    </p>
   </div>
   <div class='ocr_carea' id='block_1_67' title="bbox 2030 2065 3682 2140">
    <p class='ocr_par' dir='ltr' id='par_1_67' title="bbox 2030 2065 3682 2140">
     <span class='ocr_line' id='line_1_67' title="bbox 2030 2065 3682 2140; baseline 0.005 -22"><span class='ocrx_word' id='word_1_586' title='bbox 2030 2065 2089 2120; x_wconf 90' lang='lat' dir='ltr'>di</span> <span class='ocrx_word' id='word_1_587' title='bbox 2112 2065 2492 2140; x_wconf 87' lang='lat' dir='ltr'>lucceamque</span> <span class='ocrx_word' id='word_1_588' title='bbox 2518 2068 2717 2124; x_wconf 88' lang='lat' dir='ltr'>minus</span> <span class='ocrx_word' id='word_1_589' title='bbox 2748 2068 2957 2125; x_wconf 89' lang='lat' dir='ltr'>idonea</span> <span class='ocrx_word' id='word_1_590' title='bbox 2980 2070 3235 2126; x_wconf 89' lang='lat' dir='ltr'>contueri</span> <span class='ocrx_word' id='word_1_591' title='bbox 3258 2071 3434 2127; x_wconf 89' lang='lat' dir='ltr'>corda</span> <span class='ocrx_word' id='word_1_592' title='bbox 3463 2076 3682 2127; x_wconf 88' lang='lat' dir='ltr'>morta-</span> 
     </span>
    </p>
   </div>
   <div class='ocr_carea' id='block_1_68' title="bbox 2029 2153 3686 2231">
    <p class='ocr_par' dir='ltr' id='par_1_68' title="bbox 2029 2153 3686 2231">
     <span class='ocr_line' id='line_1_68' title="bbox 2029 2153 3686 2231; baseline 0.004 -22"><span class='ocrx_word' id='word_1_593' title='bbox 2029 2153 2177 2210; x_wconf 90' lang='lat' dir='ltr'>lium</span> <span class='ocrx_word' id='word_1_594' title='bbox 2212 2172 2223 2211; x_wconf 88' lang='lat'>:</span> <span class='ocrx_word' id='word_1_595' title='bbox 2250 2161 2485 2229; x_wconf 88' lang='lat' dir='ltr'>propter</span> <span class='ocrx_word' id='word_1_596' title='bbox 2510 2158 2662 2229; x_wconf 88' lang='lat' dir='ltr'>quod</span> <span class='ocrx_word' id='word_1_597' title='bbox 2688 2159 2956 2231; x_wconf 90' lang='lat' dir='ltr'>adjungit</span> <span class='ocrx_word' id='word_1_598' title='bbox 2980 2164 3035 2214; x_wconf 88' lang='lat' dir='ltr'>et</span> <span class='ocrx_word' id='word_1_599' title='bbox 3056 2160 3350 2227; x_wconf 85' lang='lat' dir='ltr'>dicit,Fuit</span> <span class='ocrx_word' id='word_1_600' title='bbox 3375 2160 3534 2215; x_wconf 90' lang='lat' dir='ltr'>homo</span> <span class='ocrx_word' id='word_1_601' title='bbox 3554 2162 3686 2216; x_wconf 87' lang='lat' dir='ltr'>mis-</span> 
     </span>
    </p>
   </div>
   <div class='ocr_carea' id='block_1_69' title="bbox 2034 2248 3688 2313">
    <p class='ocr_par' dir='ltr' id='par_1_69' title="bbox 2034 2248 3688 2313">
     <span class='ocr_line' id='line_1_69' title="bbox 2034 2248 3688 2313; baseline 0.004 -15"><span class='ocrx_word' id='word_1_602' title='bbox 2034 2260 2127 2299; x_wconf 86' lang='lat' dir='ltr'>sus</span> <span class='ocrx_word' id='word_1_603' title='bbox 2156 2262 2189 2299; x_wconf 92' lang='lat' dir='ltr'>a</span> <span class='ocrx_word' id='word_1_604' title='bbox 2224 2249 2356 2313; x_wconf 90' lang='lat' dir='ltr'>Deo,</span> <span class='ocrx_word' id='word_1_605' title='bbox 2388 2248 2481 2301; x_wconf 87' lang='lat' dir='ltr'>cui</span> <span class='ocrx_word' id='word_1_606' title='bbox 2500 2263 2698 2302; x_wconf 89' lang='lat' dir='ltr'>nomen</span> <span class='ocrx_word' id='word_1_607' title='bbox 2722 2256 2847 2303; x_wconf 87' lang='lat' dir='ltr'>erat</span> <span class='ocrx_word' id='word_1_608' title='bbox 2874 2249 3107 2304; x_wconf 88' lang='lat' dir='ltr'>Joannes</span> <span class='ocrx_word' id='word_1_609' title='bbox 3128 2267 3147 2304; x_wconf 87' lang='lat'><strong><em>:</em></strong></span> <span class='ocrx_word' id='word_1_610' title='bbox 3166 2249 3255 2303; x_wconf 85' lang='lat' dir='ltr'>hic</span> <span class='ocrx_word' id='word_1_611' title='bbox 3272 2250 3421 2305; x_wconf 88' lang='lat' dir='ltr'>venit</span> <span class='ocrx_word' id='word_1_612' title='bbox 3447 2251 3510 2305; x_wconf 86' lang='lat' dir='ltr'>in</span> <span class='ocrx_word' id='word_1_613' title='bbox 3541 2250 3688 2306; x_wconf 66' lang='lat' dir='ltr'>testi«</span> 
     </span>
    </p>
   </div>
   <div class='ocr_carea' id='block_1_70' title="bbox 2034 2336 3689 2408">
    <p class='ocr_par' dir='ltr' id='par_1_70' title="bbox 2034 2336 3689 2408">
     <span class='ocr_line' id='line_1_70' title="bbox 2034 2336 3689 2408; baseline 0.003 -20"><span class='ocrx_word' id='word_1_614' title='bbox 2034 2336 2304 2403; x_wconf 85' lang='lat' dir='ltr'>monium,</span> <span class='ocrx_word' id='word_1_615' title='bbox 2320 2337 2765 2391; x_wconf 84' lang='lat' dir='ltr'>uttestimonium</span> <span class='ocrx_word' id='word_1_616' title='bbox 2785 2337 3097 2408; x_wconf 85' lang='lat' dir='ltr'>perhiberet</span> <span class='ocrx_word' id='word_1_617' title='bbox 3114 2337 3180 2393; x_wconf 85' lang='lat' dir='ltr'>de</span> <span class='ocrx_word' id='word_1_618' title='bbox 3204 2338 3689 2406; x_wconf 88' lang='lat' dir='ltr'>lumine,utomnes</span> 
     </span>
    </p>
   </div>
   <div class='ocr_carea' id='block_1_71' title="bbox 2036 2424 3686 2499">
    <p class='ocr_par' dir='ltr' id='par_1_71' title="bbox 2036 2424 3686 2499">
     <span class='ocr_line' id='line_1_71' title="bbox 2036 2424 3686 2499; baseline 0.004 -22"><span class='ocrx_word' id='word_1_619' title='bbox 2036 2424 2320 2477; x_wconf 83' lang='lat' dir='ltr'>crederent</span> <span class='ocrx_word' id='word_1_620' title='bbox 2336 2440 2436 2494; x_wconf 88' lang='lat' dir='ltr'>per</span> <span class='ocrx_word' id='word_1_621' title='bbox 2448 2425 2627 2479; x_wconf 88' lang='lat' dir='ltr'>illum.</span> <span class='ocrx_word' id='word_1_622' title='bbox 2644 2425 2901 2496; x_wconf 87' lang='lat' dir='ltr'>Hocjam</span> <span class='ocrx_word' id='word_1_623' title='bbox 2920 2426 3556 2499; x_wconf 89' lang='lat' dir='ltr'>temporalitergestum</span> <span class='ocrx_word' id='word_1_624' title='bbox 3577 2430 3686 2497; x_wconf 90' lang='lat' dir='ltr'>est,</span> 
     </span>
    </p>
   </div>
   <div class='ocr_carea' id='block_1_72' title="bbox 2036 2512 3688 2587">
    <p class='ocr_par' dir='ltr' id='par_1_72' title="bbox 2036 2512 3688 2587">
     <span class='ocr_line' id='line_1_72' title="bbox 2036 2512 3688 2587; baseline 0.004 -22"><span class='ocrx_word' id='word_1_625' title='bbox 2036 2515 2093 2566; x_wconf 88' lang='lat' dir='ltr'>et</span> <span class='ocrx_word' id='word_1_626' title='bbox 2124 2513 2194 2566; x_wconf 90' lang='lat' dir='ltr'>ad</span> <span class='ocrx_word' id='word_1_627' title='bbox 2225 2512 2530 2568; x_wconf 89' lang='lat' dir='ltr'>scientiam</span> <span class='ocrx_word' id='word_1_628' title='bbox 2582 2513 2855 2585; x_wconf 88' lang='lat' dir='ltr'>pertinet,</span> <span class='ocrx_word' id='word_1_629' title='bbox 2890 2531 3016 2584; x_wconf 66' lang='lat' dir='ltr'>quae</span> <span class='ocrx_word' id='word_1_630' title='bbox 3048 2515 3379 2587; x_wconf 89' lang='lat' dir='ltr'>cognitione</span> <span class='ocrx_word' id='word_1_631' title='bbox 3409 2515 3688 2572; x_wconf 88' lang='lat' dir='ltr'>historica</span> 
     </span>
    </p>
   </div>
   <div class='ocr_carea' id='block_1_73' title="bbox 2037 2601 3685 2676">
    <p class='ocr_par' dir='ltr' id='par_1_73' title="bbox 2037 2601 3685 2676">
     <span class='ocr_line' id='line_1_73' title="bbox 2037 2601 3685 2676; baseline 0.004 -22"><span class='ocrx_word' id='word_1_632' title='bbox 2037 2601 2389 2657; x_wconf 88' lang='lat' dir='ltr'>continetur.</span> <span class='ocrx_word' id='word_1_633' title='bbox 2426 2603 2727 2659; x_wconf 84' lang='lat' dir='ltr'>Hominem</span> <span class='ocrx_word' id='word_1_634' title='bbox 2755 2608 2950 2659; x_wconf 82' lang='lat' dir='ltr'>autem</span> <span class='ocrx_word' id='word_1_635' title='bbox 2982 2604 3268 2660; x_wconf 84' lang='lat' dir='ltr'>Joannem</span> <span class='ocrx_word' id='word_1_636' title='bbox 3292 2608 3350 2659; x_wconf 90' lang='lat' dir='ltr'>in</span> <span class='ocrx_word' id='word_1_637' title='bbox 3375 2604 3685 2676; x_wconf 87' lang='lat' dir='ltr'>phantasia</span> 
     </span>
    </p>
   </div>
   <div class='ocr_carea' id='block_1_74' title="bbox 2038 2691 3684 2765">
    <p class='ocr_par' dir='ltr' id='par_1_74' title="bbox 2038 2691 3684 2765">
     <span class='ocr_line' id='line_1_74' title="bbox 2038 2691 3684 2765; baseline 0.004 -21"><span class='ocrx_word' id='word_1_638' title='bbox 2038 2692 2385 2762; x_wconf 84' lang='lat' dir='ltr'>cogitamus,</span> <span class='ocrx_word' id='word_1_639' title='bbox 2407 2708 2534 2762; x_wconf 78' lang='lat' dir='ltr'>quae</span> <span class='ocrx_word' id='word_1_640' title='bbox 2551 2692 2622 2747; x_wconf 89' lang='lat' dir='ltr'>de</span> <span class='ocrx_word' id='word_1_641' title='bbox 2640 2691 2910 2748; x_wconf 61' lang='lat' dir='ltr'>humana:</span> <span class='ocrx_word' id='word_1_642' title='bbox 2931 2697 3152 2749; x_wconf 64' lang='lat' dir='ltr'>naturae</span> <span class='ocrx_word' id='word_1_643' title='bbox 3170 2694 3377 2749; x_wconf 87' lang='lat' dir='ltr'>notitia</span> <span class='ocrx_word' id='word_1_644' title='bbox 3393 2694 3684 2765; x_wconf 87' lang='lat' dir='ltr'>impressa</span> 
     </span>
    </p>
   </div>
   <div class='ocr_carea' id='block_1_75' title="bbox 2037 2780 3680 2854">
    <p class='ocr_par' dir='ltr' id='par_1_75' title="bbox 2037 2780 3680 2854">
     <span class='ocr_line' id='line_1_75' title="bbox 2037 2780 3680 2854; baseline 0.003 -21"><span class='ocrx_word' id='word_1_645' title='bbox 2037 2783 2129 2833; x_wconf 90' lang='lat' dir='ltr'>est</span> <span class='ocrx_word' id='word_1_646' title='bbox 2161 2784 2369 2834; x_wconf 66' lang='lat' dir='ltr'>nostrae</span> <span class='ocrx_word' id='word_1_647' title='bbox 2403 2780 2717 2835; x_wconf 64' lang='lat' dir='ltr'>memorias.</span> <span class='ocrx_word' id='word_1_648' title='bbox 2740 2785 2806 2835; x_wconf 87' lang='lat' dir='ltr'>Et</span> <span class='ocrx_word' id='word_1_649' title='bbox 2836 2782 2942 2837; x_wconf 90' lang='lat' dir='ltr'>hoc</span> <span class='ocrx_word' id='word_1_650' title='bbox 2973 2782 3176 2837; x_wconf 89' lang='lat' dir='ltr'>eodem</span> <span class='ocrx_word' id='word_1_651' title='bbox 3208 2783 3381 2837; x_wconf 90' lang='lat' dir='ltr'>modo</span> <span class='ocrx_word' id='word_1_652' title='bbox 3403 2784 3680 2854; x_wconf 88' lang='lat' dir='ltr'>cogitant,</span> 
     </span>
    </p>
   </div>
   <div class='ocr_carea' id='block_1_76' title="bbox 2038 2867 3689 2944">
    <p class='ocr_par' dir='ltr' id='par_1_76' title="bbox 2038 2867 3689 2944">
     <span class='ocr_line' id='line_1_76' title="bbox 2038 2867 3689 2944; baseline 0.004 -21"><span class='ocrx_word' id='word_1_653' title='bbox 2038 2867 2158 2923; x_wconf 88' lang='lat' dir='ltr'>sive</span> <span class='ocrx_word' id='word_1_654' title='bbox 2180 2867 2279 2938; x_wconf 92' lang='lat' dir='ltr'>qui</span> <span class='ocrx_word' id='word_1_655' title='bbox 2304 2868 2418 2924; x_wconf 88' lang='lat' dir='ltr'>ista</span> <span class='ocrx_word' id='word_1_656' title='bbox 2441 2885 2556 2924; x_wconf 90' lang='lat' dir='ltr'>non</span> <span class='ocrx_word' id='word_1_657' title='bbox 2579 2870 2845 2939; x_wconf 89' lang='lat' dir='ltr'>credunt,</span> <span class='ocrx_word' id='word_1_658' title='bbox 2868 2869 2987 2925; x_wconf 90' lang='lat' dir='ltr'>sive</span> <span class='ocrx_word' id='word_1_659' title='bbox 3010 2870 3109 2941; x_wconf 88' lang='lat' dir='ltr'>qui</span> <span class='ocrx_word' id='word_1_660' title='bbox 3132 2871 3396 2926; x_wconf 89' lang='lat' dir='ltr'>credunt.</span> <span class='ocrx_word' id='word_1_661' title='bbox 3416 2871 3689 2944; x_wconf 87' lang='lat' dir='ltr'>Utrisque</span> 
     </span>
    </p>
   </div>
   <div class='ocr_carea' id='block_1_77' title="bbox 2039 2956 3717 3029">
    <p class='ocr_par' dir='ltr' id='par_1_77' title="bbox 2039 2956 3717 3029">
     <span class='ocr_line' id='line_1_77' title="bbox 2039 2956 3717 3029; baseline 0.002 -17"><span class='ocrx_word' id='word_1_662' title='bbox 2039 2956 2194 3012; x_wconf 90' lang='lat' dir='ltr'>enim</span> <span class='ocrx_word' id='word_1_663' title='bbox 2229 2961 2434 3012; x_wconf 91' lang='lat' dir='ltr'>notum</span> <span class='ocrx_word' id='word_1_664' title='bbox 2482 2961 2571 3013; x_wconf 89' lang='lat' dir='ltr'>est</span> <span class='ocrx_word' id='word_1_665' title='bbox 2618 2958 2757 3029; x_wconf 90' lang='lat' dir='ltr'>quid</span> <span class='ocrx_word' id='word_1_666' title='bbox 2792 2958 2869 3013; x_wconf 87' lang='lat' dir='ltr'>sit</span> <span class='ocrx_word' id='word_1_667' title='bbox 2897 2958 3094 3029; x_wconf 87' lang='lat' dir='ltr'>homo,</span> <span class='ocrx_word' id='word_1_668' title='bbox 3144 2960 3313 3029; x_wconf 88' lang='lat' dir='ltr'>cujus</span> <span class='ocrx_word' id='word_1_669' title='bbox 3344 2956 3717 3017; x_wconf 23' lang='lat' dir='ltr'>exteriorem‘</span> 
     </span>
    </p>
   </div>
   <div class='ocr_carea' id='block_1_78' title="bbox 2038 3045 3687 3120">
    <p class='ocr_par' dir='ltr' id='par_1_78' title="bbox 2038 3045 3687 3120">
     <span class='ocr_line' id='line_1_78' title="bbox 2038 3045 3687 3120; baseline 0.004 -20"><span class='ocrx_word' id='word_1_670' title='bbox 2038 3051 2287 3119; x_wconf 90' lang='lat' dir='ltr'>partem,</span> <span class='ocrx_word' id='word_1_671' title='bbox 2316 3045 2373 3100; x_wconf 91' lang='lat' dir='ltr'>id</span> <span class='ocrx_word' id='word_1_672' title='bbox 2407 3050 2517 3117; x_wconf 87' lang='lat' dir='ltr'>est,</span> <span class='ocrx_word' id='word_1_673' title='bbox 2551 3063 2763 3119; x_wconf 89' lang='lat' dir='ltr'>corpus</span> <span class='ocrx_word' id='word_1_674' title='bbox 2796 3063 2900 3119; x_wconf 88' lang='lat' dir='ltr'>per</span> <span class='ocrx_word' id='word_1_675' title='bbox 2920 3048 3179 3120; x_wconf 89' lang='lat' dir='ltr'>corporis</span> <span class='ocrx_word' id='word_1_676' title='bbox 3212 3049 3437 3105; x_wconf 91' lang='lat' dir='ltr'>lumina</span> <span class='ocrx_word' id='word_1_677' title='bbox 3466 3050 3687 3107; x_wconf 91' lang='lat' dir='ltr'>didice-</span> 
     </span>
    </p>
   </div>
   <div class='ocr_carea' id='block_1_79' title="bbox 2039 3134 3688 3211">
    <p class='ocr_par' dir='ltr' id='par_1_79' title="bbox 2039 3134 3688 3211">
     <span class='ocr_line' id='line_1_79' title="bbox 2039 3134 3688 3211; baseline 0.004 -21"><span class='ocrx_word' id='word_1_678' title='bbox 2039 3139 2178 3190; x_wconf 85' lang='lat' dir='ltr'>runt</span> <span class='ocrx_word' id='word_1_679' title='bbox 2214 3153 2226 3191; x_wconf 92' lang='lat'><strong>:</strong></span> <span class='ocrx_word' id='word_1_680' title='bbox 2259 3134 2601 3191; x_wconf 88' lang='lat' dir='ltr'>interiorem</span> <span class='ocrx_word' id='word_1_681' title='bbox 2627 3153 2781 3207; x_wconf 88' lang='lat' dir='ltr'>vero,</span> <span class='ocrx_word' id='word_1_682' title='bbox 2817 3137 2872 3191; x_wconf 90' lang='lat' dir='ltr'>id</span> <span class='ocrx_word' id='word_1_683' title='bbox 2905 3141 3013 3202; x_wconf 88' lang='lat' dir='ltr'>est,</span> <span class='ocrx_word' id='word_1_684' title='bbox 3046 3138 3301 3193; x_wconf 89' lang='lat' dir='ltr'>animam</span> <span class='ocrx_word' id='word_1_685' title='bbox 3337 3138 3397 3193; x_wconf 92' lang='lat' dir='ltr'>in</span> <span class='ocrx_word' id='word_1_686' title='bbox 3431 3154 3492 3195; x_wconf 88' lang='lat' dir='ltr'>se</span> <span class='ocrx_word' id='word_1_687' title='bbox 3521 3139 3688 3211; x_wconf 85' lang='lat' dir='ltr'>ipsis,</span> 
     </span>
    </p>
   </div>
   <div class='ocr_carea' id='block_1_80' title="bbox 2039 3223 3693 3297">
    <p class='ocr_par' dir='ltr' id='par_1_80' title="bbox 2039 3223 3693 3297">
     <span class='ocr_line' id='line_1_80' title="bbox 2039 3223 3693 3297; baseline 0.003 -19"><span class='ocrx_word' id='word_1_688' title='bbox 2039 3223 2178 3295; x_wconf 86' lang='lat' dir='ltr'>quia</span> <span class='ocrx_word' id='word_1_689' title='bbox 2208 3223 2397 3295; x_wconf 76' lang='lat' dir='ltr'>etiipsi</span> <span class='ocrx_word' id='word_1_690' title='bbox 2420 3224 2689 3280; x_wconf 90' lang='lat' dir='ltr'>homines</span> <span class='ocrx_word' id='word_1_691' title='bbox 2707 3228 2865 3292; x_wconf 87' lang='lat' dir='ltr'>sunt,</span> <span class='ocrx_word' id='word_1_692' title='bbox 2890 3229 2946 3279; x_wconf 90' lang='lat' dir='ltr'>et</span> <span class='ocrx_word' id='word_1_693' title='bbox 2976 3242 3078 3297; x_wconf 90' lang='lat' dir='ltr'>per</span> <span class='ocrx_word' id='word_1_694' title='bbox 3108 3225 3429 3282; x_wconf 87' lang='lat' dir='ltr'>humanam</span> <span class='ocrx_word' id='word_1_695' title='bbox 3454 3244 3693 3285; x_wconf 86' lang='lat' dir='ltr'>conver-</span> 
     </span>
    </p>
   </div>
   <div class='ocr_carea' id='block_1_81' title="bbox 2041 3313 3692 3389">
    <p class='ocr_par' dir='ltr' id='par_1_81' title="bbox 2041 3313 3692 3389">
     <span class='ocr_line' id='line_1_81' title="bbox 2041 3313 3692 3389; baseline 0.004 -21"><span class='ocrx_word' id='word_1_696' title='bbox 2041 3313 2327 3369; x_wconf 88' lang='lat' dir='ltr'>sationem</span> <span class='ocrx_word' id='word_1_697' title='bbox 2349 3314 2643 3385; x_wconf 85' lang='lat' dir='ltr'>cognitam</span> <span class='ocrx_word' id='word_1_698' title='bbox 2664 3318 2866 3369; x_wconf 89' lang='lat' dir='ltr'>tenent</span> <span class='ocrx_word' id='word_1_699' title='bbox 2890 3331 2903 3369; x_wconf 90' lang='lat'><strong>:</strong></span> <span class='ocrx_word' id='word_1_700' title='bbox 2930 3318 2993 3368; x_wconf 87' lang='lat' dir='ltr'>ut</span> <span class='ocrx_word' id='word_1_701' title='bbox 3010 3314 3239 3386; x_wconf 90' lang='lat' dir='ltr'>possint</span> <span class='ocrx_word' id='word_1_702' title='bbox 3258 3317 3511 3388; x_wconf 88' lang='lat' dir='ltr'>cogitare</span> <span class='ocrx_word' id='word_1_703' title='bbox 3537 3319 3692 3389; x_wconf 90' lang='lat' dir='ltr'>quod</span> 
     </span>
    </p>
   </div>
   <div class='ocr_carea' id='block_1_82' title="bbox 2042 3402 3695 3477">
    <p class='ocr_par' dir='ltr' id='par_1_82' title="bbox 2042 3402 3695 3477">
     <span class='ocr_line' id='line_1_82' title="bbox 2042 3402 3695 3477; baseline 0.004 -21"><span class='ocrx_word' id='word_1_704' title='bbox 2042 3402 2276 3470; x_wconf 87' lang='lat' dir='ltr'>dicitur,</span> <span class='ocrx_word' id='word_1_705' title='bbox 2310 3403 2437 3457; x_wconf 84' lang='lat' dir='ltr'>Fuit</span> <span class='ocrx_word' id='word_1_706' title='bbox 2467 3404 2622 3458; x_wconf 89' lang='lat' dir='ltr'>homo</span> <span class='ocrx_word' id='word_1_707' title='bbox 2659 3404 2751 3457; x_wconf 86' lang='lat' dir='ltr'>cui</span> <span class='ocrx_word' id='word_1_708' title='bbox 2778 3419 2975 3458; x_wconf 87' lang='lat' dir='ltr'>nomen</span> <span class='ocrx_word' id='word_1_709' title='bbox 3011 3406 3129 3458; x_wconf 89' lang='lat' dir='ltr'>erat</span> <span class='ocrx_word' id='word_1_710' title='bbox 3156 3406 3389 3461; x_wconf 87' lang='lat' dir='ltr'>Joannes</span> <span class='ocrx_word' id='word_1_711' title='bbox 3420 3424 3439 3460; x_wconf 86' lang='lat'><em>:</em></span> <span class='ocrx_word' id='word_1_712' title='bbox 3471 3407 3609 3477; x_wconf 88' lang='lat' dir='ltr'>quia</span> <span class='ocrx_word' id='word_1_713' title='bbox 3639 3411 3695 3463; x_wconf 89' lang='lat' dir='ltr'>et</span> 
     </span>
    </p>
   </div>
   <div class='ocr_carea' id='block_1_83' title="bbox 2039 3491 3691 3563">
    <p class='ocr_par' dir='ltr' id='par_1_83' title="bbox 2039 3491 3691 3563">
     <span class='ocr_line' id='line_1_83' title="bbox 2039 3491 3691 3563; baseline 0.002 -17"><span class='ocrx_word' id='word_1_714' title='bbox 2039 3492 2280 3547; x_wconf 91' lang='lat' dir='ltr'>nomina</span> <span class='ocrx_word' id='word_1_715' title='bbox 2303 3491 2802 3563; x_wconf 90' lang='lat' dir='ltr'>sciuntloquendo</span> <span class='ocrx_word' id='word_1_716' title='bbox 2818 3491 3364 3559; x_wconf 87' lang='lat' dir='ltr'>etaudiendo.Quod</span> <span class='ocrx_word' id='word_1_717' title='bbox 3388 3500 3581 3550; x_wconf 89' lang='lat' dir='ltr'>autem</span> <span class='ocrx_word' id='word_1_718' title='bbox 3610 3497 3691 3550; x_wconf 90' lang='lat' dir='ltr'>ibi</span> 
     </span>
    </p>
   </div>
   <div class='ocr_carea' id='block_1_84' title="bbox 2037 3580 3693 3654">
    <p class='ocr_par' dir='ltr' id='par_1_84' title="bbox 2037 3580 3693 3654">
     <span class='ocr_line' id='line_1_84' title="bbox 2037 3580 3693 3654; baseline 0.002 -18"><span class='ocrx_word' id='word_1_719' title='bbox 2037 3585 2147 3645; x_wconf 87' lang='lat' dir='ltr'>est,</span> <span class='ocrx_word' id='word_1_720' title='bbox 2170 3582 2369 3634; x_wconf 89' lang='lat' dir='ltr'>missus</span> <span class='ocrx_word' id='word_1_721' title='bbox 2391 3597 2422 3634; x_wconf 90' lang='lat' dir='ltr'>a</span> <span class='ocrx_word' id='word_1_722' title='bbox 2444 3581 2580 3641; x_wconf 83' lang='lat' dir='ltr'>Deo;</span> <span class='ocrx_word' id='word_1_723' title='bbox 2611 3580 2724 3635; x_wconf 86' lang='lat' dir='ltr'>fide</span> <span class='ocrx_word' id='word_1_724' title='bbox 2747 3584 2946 3635; x_wconf 90' lang='lat' dir='ltr'>tenent</span> <span class='ocrx_word' id='word_1_725' title='bbox 2977 3581 3076 3652; x_wconf 88' lang='lat' dir='ltr'>qui</span> <span class='ocrx_word' id='word_1_726' title='bbox 3100 3585 3299 3636; x_wconf 90' lang='lat' dir='ltr'>tenent</span> <span class='ocrx_word' id='word_1_727' title='bbox 3327 3600 3339 3637; x_wconf 93' lang='lat'><strong>:</strong></span> <span class='ocrx_word' id='word_1_728' title='bbox 3368 3587 3424 3638; x_wconf 91' lang='lat' dir='ltr'>et</span> <span class='ocrx_word' id='word_1_729' title='bbox 3454 3584 3553 3654; x_wconf 91' lang='lat' dir='ltr'>qui</span> <span class='ocrx_word' id='word_1_730' title='bbox 3580 3585 3693 3641; x_wconf 88' lang='lat' dir='ltr'>ﬁde</span> 
     </span>
    </p>
   </div>
   <div class='ocr_carea' id='block_1_85' title="bbox 2038 3668 3687 3741">
    <p class='ocr_par' dir='ltr' id='par_1_85' title="bbox 2038 3668 3687 3741">
     <span class='ocr_line' id='line_1_85' title="bbox 2038 3668 3687 3741; baseline 0.002 -19"><span class='ocrx_word' id='word_1_731' title='bbox 2038 3685 2153 3723; x_wconf 90' lang='lat' dir='ltr'>non</span> <span class='ocrx_word' id='word_1_732' title='bbox 2188 3671 2411 3735; x_wconf 88' lang='lat' dir='ltr'>tenent,</span> <span class='ocrx_word' id='word_1_733' title='bbox 2447 3672 2548 3723; x_wconf 90' lang='lat' dir='ltr'>aut</span> <span class='ocrx_word' id='word_1_734' title='bbox 2571 3668 2933 3724; x_wconf 87' lang='lat' dir='ltr'>dubitatione</span> <span class='ocrx_word' id='word_1_735' title='bbox 2955 3670 3284 3741; x_wconf 88' lang='lat' dir='ltr'>ambigunt,</span> <span class='ocrx_word' id='word_1_736' title='bbox 3310 3676 3412 3725; x_wconf 90' lang='lat' dir='ltr'>aut</span> <span class='ocrx_word' id='word_1_737' title='bbox 3434 3670 3687 3727; x_wconf 88' lang='lat' dir='ltr'>inﬁdeli-</span> 
     </span>
    </p>
   </div>
   <div class='ocr_carea' id='block_1_86' title="bbox 2035 3755 3687 3829">
    <p class='ocr_par' dir='ltr' id='par_1_86' title="bbox 2035 3755 3687 3829">
     <span class='ocr_line' id='line_1_86' title="bbox 2035 3755 3687 3829; baseline 0.002 -18"><span class='ocrx_word' id='word_1_738' title='bbox 2035 3760 2155 3812; x_wconf 88' lang='lat' dir='ltr'>tate</span> <span class='ocrx_word' id='word_1_739' title='bbox 2176 3755 2462 3811; x_wconf 87' lang='lat' dir='ltr'>derident.</span> <span class='ocrx_word' id='word_1_740' title='bbox 2487 3756 2728 3829; x_wconf 90' lang='lat' dir='ltr'>Utrique</span> <span class='ocrx_word' id='word_1_741' title='bbox 2745 3760 2965 3825; x_wconf 80' lang='lat' dir='ltr'>tamen,</span> <span class='ocrx_word' id='word_1_742' title='bbox 2982 3758 3029 3812; x_wconf 92' lang='lat' dir='ltr'>si</span> <span class='ocrx_word' id='word_1_743' title='bbox 3060 3775 3173 3813; x_wconf 91' lang='lat' dir='ltr'>non</span> <span class='ocrx_word' id='word_1_744' title='bbox 3198 3764 3335 3814; x_wconf 87' lang='lat' dir='ltr'>sunt</span> <span class='ocrx_word' id='word_1_745' title='bbox 3355 3776 3422 3814; x_wconf 85' lang='lat' dir='ltr'>ex</span> <span class='ocrx_word' id='word_1_746' title='bbox 3444 3776 3687 3816; x_wconf 90' lang='lat' dir='ltr'>numero</span> 
     </span>
    </p>
   </div>
   <div class='ocr_carea' id='block_1_87' title="bbox 2037 3844 3689 3918">
    <p class='ocr_par' dir='ltr' id='par_1_87' title="bbox 2037 3844 3689 3918">
     <span class='ocr_line' id='line_1_87' title="bbox 2037 3844 3689 3918; baseline 0.004 -18"><span class='ocrx_word' id='word_1_747' title='bbox 2037 3844 2215 3901; x_wconf 90' lang='lat' dir='ltr'>nimis</span> <span class='ocrx_word' id='word_1_748' title='bbox 2238 3845 2671 3918; x_wconf 88' lang='lat' dir='ltr'>insipientium,</span> <span class='ocrx_word' id='word_1_749' title='bbox 2694 3844 2795 3917; x_wconf 89' lang='lat' dir='ltr'>qui</span> <span class='ocrx_word' id='word_1_750' title='bbox 2827 3846 3031 3902; x_wconf 90' lang='lat' dir='ltr'>dicunt</span> <span class='ocrx_word' id='word_1_751' title='bbox 3047 3847 3104 3901; x_wconf 93' lang='lat' dir='ltr'>in</span> <span class='ocrx_word' id='word_1_752' title='bbox 3128 3847 3301 3903; x_wconf 87' lang='lat' dir='ltr'>corde</span> <span class='ocrx_word' id='word_1_753' title='bbox 3322 3865 3451 3916; x_wconf 85' lang='lat' dir='ltr'>suo,</span> <span class='ocrx_word' id='word_1_754' title='bbox 3474 3850 3587 3903; x_wconf 88' lang='lat' dir='ltr'>Non</span> <span class='ocrx_word' id='word_1_755' title='bbox 3610 3854 3689 3906; x_wconf 80' lang='lat' dir='ltr'>est</span> 
     </span>
    </p>
   </div>
   <div class='ocr_carea' id='block_1_88' title="bbox 2034 3934 3687 4010">
    <p class='ocr_par' dir='ltr' id='par_1_88' title="bbox 2034 3934 3687 4010">
     <span class='ocr_line' id='line_1_88' title="bbox 2034 3934 3687 4010; baseline 0.002 -20"><span class='ocrx_word' id='word_1_756' title='bbox 2034 3938 2181 3990; x_wconf 87' lang='lat' dir='ltr'>Deus</span> <span class='ocrx_word' id='word_1_757' title='bbox 2201 3934 2369 4005; x_wconf 86' lang='lat' dir='ltr'>(Psal.</span> <span class='ocrx_word' id='word_1_758' title='bbox 2394 3951 2517 4004; x_wconf 86' lang='lat' dir='ltr'>xm,</span> <span class='ocrx_word' id='word_1_759' title='bbox 2555 3936 2628 4001; x_wconf 83' lang='grc'>1),</span> <span class='ocrx_word' id='word_1_760' title='bbox 2659 3934 2780 3990; x_wconf 82' lang='lat' dir='ltr'>haec</span> <span class='ocrx_word' id='word_1_761' title='bbox 2812 3935 3116 3991; x_wconf 86' lang='lat' dir='ltr'>audientes</span> <span class='ocrx_word' id='word_1_762' title='bbox 3146 3939 3338 4003; x_wconf 89' lang='lat' dir='ltr'>verba,</span> <span class='ocrx_word' id='word_1_763' title='bbox 3366 3941 3687 4010; x_wconf 89' lang='lat' dir='ltr'>utrumque</span> 
     </span>
    </p>
   </div>
   <div class='ocr_carea' id='block_1_89' title="bbox 2037 4023 3684 4098">
    <p class='ocr_par' dir='ltr' id='par_1_89' title="bbox 2037 4023 3684 4098">
     <span class='ocr_line' id='line_1_89' title="bbox 2037 4023 3684 4098; baseline 0.002 -19"><span class='ocrx_word' id='word_1_764' title='bbox 2037 4023 2313 4097; x_wconf 84' lang='lat' dir='ltr'>cogitant,</span> <span class='ocrx_word' id='word_1_765' title='bbox 2336 4028 2393 4079; x_wconf 87' lang='lat' dir='ltr'>et</span> <span class='ocrx_word' id='word_1_766' title='bbox 2412 4024 2551 4095; x_wconf 89' lang='lat' dir='ltr'>quid</span> <span class='ocrx_word' id='word_1_767' title='bbox 2576 4024 2654 4080; x_wconf 89' lang='lat' dir='ltr'>sit</span> <span class='ocrx_word' id='word_1_768' title='bbox 2674 4029 2843 4092; x_wconf 91' lang='lat' dir='ltr'>Deus,</span> <span class='ocrx_word' id='word_1_769' title='bbox 2867 4030 2925 4080; x_wconf 85' lang='lat' dir='ltr'>et</span> <span class='ocrx_word' id='word_1_770' title='bbox 2947 4026 3088 4098; x_wconf 88' lang='lat' dir='ltr'>quid</span> <span class='ocrx_word' id='word_1_771' title='bbox 3114 4026 3190 4080; x_wconf 90' lang='lat' dir='ltr'>sit</span> <span class='ocrx_word' id='word_1_772' title='bbox 3212 4026 3362 4081; x_wconf 90' lang='lat' dir='ltr'>mitti</span> <span class='ocrx_word' id='word_1_773' title='bbox 3387 4044 3418 4081; x_wconf 87' lang='lat' dir='ltr'>a</span> <span class='ocrx_word' id='word_1_774' title='bbox 3440 4027 3556 4082; x_wconf 91' lang='lat' dir='ltr'>Deo</span> <span class='ocrx_word' id='word_1_775' title='bbox 3582 4045 3595 4096; x_wconf 89' lang='lat'><strong>;</strong></span> <span class='ocrx_word' id='word_1_776' title='bbox 3627 4032 3684 4083; x_wconf 89' lang='lat' dir='ltr'>et</span> 
     </span>
    </p>
   </div>
   <div class='ocr_carea' id='block_1_90' title="bbox 2036 4112 3612 4180">
    <p class='ocr_par' dir='ltr' id='par_1_90' title="bbox 2036 4112 3612 4180">
     <span class='ocr_line' id='line_1_90' title="bbox 2036 4112 3612 4180; baseline 0.001 -10"><span class='ocrx_word' id='word_1_777' title='bbox 2036 4112 2086 4171; x_wconf 81' lang='lat' dir='ltr'>si</span> <span class='ocrx_word' id='word_1_778' title='bbox 2119 4130 2232 4169; x_wconf 91' lang='lat' dir='ltr'>non</span> <span class='ocrx_word' id='word_1_779' title='bbox 2266 4114 2422 4169; x_wconf 88' lang='lat' dir='ltr'>sicut</span> <span class='ocrx_word' id='word_1_780' title='bbox 2453 4128 2545 4169; x_wconf 89' lang='lat' dir='ltr'>res</span> <span class='ocrx_word' id='word_1_781' title='bbox 2577 4130 2639 4168; x_wconf 82' lang='lat' dir='ltr'>se</span> <span class='ocrx_word' id='word_1_782' title='bbox 2669 4113 2908 4180; x_wconf 89' lang='lat' dir='ltr'>habent,</span> <span class='ocrx_word' id='word_1_783' title='bbox 2940 4119 3000 4169; x_wconf 89' lang='lat' dir='ltr'>at</span> <span class='ocrx_word' id='word_1_784' title='bbox 3028 4118 3180 4170; x_wconf 88' lang='lat' dir='ltr'>certe</span> <span class='ocrx_word' id='word_1_785' title='bbox 3213 4114 3365 4171; x_wconf 91' lang='lat' dir='ltr'>sicut</span> <span class='ocrx_word' id='word_1_786' title='bbox 3398 4115 3612 4172; x_wconf 87' lang='lat' dir='ltr'>valent.</span> 
     </span>
    </p>
   </div>
   <div class='ocr_carea' id='block_1_91' title="bbox 2107 4203 3687 4276">
    <p class='ocr_par' dir='ltr' id='par_1_91' title="bbox 2107 4203 3687 4276">
     <span class='ocr_line' id='line_1_91' title="bbox 2107 4203 3687 4276; baseline 0.003 -19"><span class='ocrx_word' id='word_1_787' title='bbox 2107 4203 2161 4259; x_wconf 92' lang='lat'>3.</span> <span class='ocrx_word' id='word_1_788' title='bbox 2194 4203 2390 4258; x_wconf 87' lang='lat' dir='ltr'>Fidem</span> <span class='ocrx_word' id='word_1_789' title='bbox 2415 4203 2790 4274; x_wconf 90' lang='lat' dir='ltr'>porroipsam</span> <span class='ocrx_word' id='word_1_790' title='bbox 2814 4219 2988 4275; x_wconf 90' lang='lat' dir='ltr'>quam</span> <span class='ocrx_word' id='word_1_791' title='bbox 3003 4203 3153 4259; x_wconf 89' lang='lat' dir='ltr'>videt</span> <span class='ocrx_word' id='word_1_792' title='bbox 3172 4204 3423 4276; x_wconf 89' lang='lat' dir='ltr'>quisque</span> <span class='ocrx_word' id='word_1_793' title='bbox 3446 4205 3503 4259; x_wconf 93' lang='lat' dir='ltr'>in</span> <span class='ocrx_word' id='word_1_794' title='bbox 3518 4206 3687 4261; x_wconf 88' lang='lat' dir='ltr'>corde</span> 
     </span>
    </p>
   </div>
   <div class='ocr_carea' id='block_1_92' title="bbox 2037 4291 3687 4364">
    <p class='ocr_par' dir='ltr' id='par_1_92' title="bbox 2037 4291 3687 4364">
     <span class='ocr_line' id='line_1_92' title="bbox 2037 4291 3687 4364; baseline 0 -16"><span class='ocrx_word' id='word_1_795' title='bbox 2037 4309 2142 4349; x_wconf 88' lang='lat' dir='ltr'>suo</span> <span class='ocrx_word' id='word_1_796' title='bbox 2174 4309 2323 4358; x_wconf 87' lang='lat' dir='ltr'>esse,</span> <span class='ocrx_word' id='word_1_797' title='bbox 2359 4293 2408 4347; x_wconf 93' lang='lat' dir='ltr'>si</span> <span class='ocrx_word' id='word_1_798' title='bbox 2439 4292 2643 4363; x_wconf 83' lang='lat' dir='ltr'>credit,</span> <span class='ocrx_word' id='word_1_799' title='bbox 2677 4291 2762 4348; x_wconf 89' lang='lat' dir='ltr'>vel</span> <span class='ocrx_word' id='word_1_800' title='bbox 2794 4310 2909 4348; x_wconf 91' lang='lat' dir='ltr'>non</span> <span class='ocrx_word' id='word_1_801' title='bbox 2942 4309 3088 4364; x_wconf 88' lang='lat' dir='ltr'>esse,</span> <span class='ocrx_word' id='word_1_802' title='bbox 3119 4293 3170 4347; x_wconf 89' lang='lat' dir='ltr'>si</span> <span class='ocrx_word' id='word_1_803' title='bbox 3202 4310 3315 4349; x_wconf 90' lang='lat' dir='ltr'>non</span> <span class='ocrx_word' id='word_1_804' title='bbox 3345 4296 3548 4363; x_wconf 89' lang='lat' dir='ltr'>credit,</span> <span class='ocrx_word' id='word_1_805' title='bbox 3582 4294 3687 4348; x_wconf 89' lang='lat' dir='ltr'>ali-</span> 
     </span>
    </p>
   </div>
   <div class='ocr_carea' id='block_1_93' title="bbox 2034 4382 3686 4454">
    <p class='ocr_par' dir='ltr' id='par_1_93' title="bbox 2034 4382 3686 4454">
     <span class='ocr_line' id='line_1_93' title="bbox 2034 4382 3686 4454; baseline 0.001 -17"><span class='ocrx_word' id='word_1_806' title='bbox 2034 4386 2124 4438; x_wconf 90' lang='lat' dir='ltr'>ter</span> <span class='ocrx_word' id='word_1_807' title='bbox 2149 4382 2420 4437; x_wconf 91' lang='lat' dir='ltr'>novimus</span> <span class='ocrx_word' id='word_1_808' title='bbox 2452 4397 2466 4436; x_wconf 88' lang='lat'><strong>:</strong></span> <span class='ocrx_word' id='word_1_809' title='bbox 2504 4398 2614 4437; x_wconf 90' lang='lat' dir='ltr'>non</span> <span class='ocrx_word' id='word_1_810' title='bbox 2650 4382 2795 4437; x_wconf 88' lang='lat' dir='ltr'>sicut</span> <span class='ocrx_word' id='word_1_811' title='bbox 2829 4398 3071 4453; x_wconf 89' lang='lat' dir='ltr'>corpora</span> <span class='ocrx_word' id='word_1_812' title='bbox 3093 4399 3218 4454; x_wconf 64' lang='lat' dir='ltr'>qur</span> <span class='ocrx_word' id='word_1_813' title='bbox 3252 4383 3516 4438; x_wconf 87' lang='lat' dir='ltr'>videmus</span> <span class='ocrx_word' id='word_1_814' title='bbox 3549 4399 3686 4438; x_wconf 88' lang='lat' dir='ltr'>ocu-</span> 
     </span>
    </p>
   </div>
   <div class='ocr_carea' id='block_1_94' title="bbox 2035 4470 3688 4543">
    <p class='ocr_par' dir='ltr' id='par_1_94' title="bbox 2035 4470 3688 4543">
     <span class='ocr_line' id='line_1_94' title="bbox 2035 4470 3688 4543; baseline 0.001 -17"><span class='ocrx_word' id='word_1_815' title='bbox 2035 4471 2108 4526; x_wconf 87' lang='lat' dir='ltr'>lis</span> <span class='ocrx_word' id='word_1_816' title='bbox 2130 4471 2509 4542; x_wconf 89' lang='lat' dir='ltr'>corporeis,et</span> <span class='ocrx_word' id='word_1_817' title='bbox 2531 4486 2633 4541; x_wconf 90' lang='lat' dir='ltr'>per</span> <span class='ocrx_word' id='word_1_818' title='bbox 2654 4470 3222 4543; x_wconf 87' lang='lat' dir='ltr'>ipsorumimagines</span> <span class='ocrx_word' id='word_1_819' title='bbox 3234 4488 3379 4542; x_wconf 90' lang='lat' dir='ltr'>quas</span> <span class='ocrx_word' id='word_1_820' title='bbox 3402 4472 3688 4527; x_wconf 87' lang='lat' dir='ltr'>memoria</span> 
     </span>
    </p>
   </div>
   <div class='ocr_carea' id='block_1_95' title="bbox 2034 4559 3684 4633">
    <p class='ocr_par' dir='ltr' id='par_1_95' title="bbox 2034 4559 3684 4633">
     <span class='ocr_line' id='line_1_95' title="bbox 2034 4559 3684 4633; baseline 0.001 -18"><span class='ocrx_word' id='word_1_821' title='bbox 2034 4559 2506 4626; x_wconf 85' lang='lat' dir='ltr'>tenemus,etiam</span> <span class='ocrx_word' id='word_1_822' title='bbox 2523 4559 2788 4614; x_wconf 88' lang='lat' dir='ltr'>absentia</span> <span class='ocrx_word' id='word_1_823' title='bbox 2802 4559 3159 4631; x_wconf 85' lang='lat' dir='ltr'>cogitamus;</span> <span class='ocrx_word' id='word_1_824' title='bbox 3178 4577 3282 4615; x_wconf 89' lang='lat' dir='ltr'>nec</span> <span class='ocrx_word' id='word_1_825' title='bbox 3304 4560 3456 4615; x_wconf 85' lang='lat' dir='ltr'>sicut</span> <span class='ocrx_word' id='word_1_826' title='bbox 3473 4578 3538 4616; x_wconf 87' lang='lat' dir='ltr'>ea</span> <span class='ocrx_word' id='word_1_827' title='bbox 3556 4578 3684 4633; x_wconf 68' lang='lat' dir='ltr'>quae</span> 
     </span>
    </p>
   </div>
   <div class='ocr_carea' id='block_1_96' title="bbox 2035 4647 3682 4721">
    <p class='ocr_par' dir='ltr' id='par_1_96' title="bbox 2035 4647 3682 4721">
     <span class='ocr_line' id='line_1_96' title="bbox 2035 4647 3682 4721; baseline 0.001 -17"><span class='ocrx_word' id='word_1_828' title='bbox 2035 4665 2148 4704; x_wconf 86' lang='lat' dir='ltr'>non</span> <span class='ocrx_word' id='word_1_829' title='bbox 2183 4648 2459 4715; x_wconf 86' lang='lat' dir='ltr'>vidimus,</span> <span class='ocrx_word' id='word_1_830' title='bbox 2493 4651 2549 4702; x_wconf 86' lang='lat' dir='ltr'>et</span> <span class='ocrx_word' id='word_1_831' title='bbox 2578 4663 2646 4701; x_wconf 85' lang='lat' dir='ltr'>ex</span> <span class='ocrx_word' id='word_1_832' title='bbox 2678 4647 2751 4702; x_wconf 92' lang='lat' dir='ltr'>iis</span> <span class='ocrx_word' id='word_1_833' title='bbox 2783 4664 2913 4719; x_wconf 72' lang='lat' dir='ltr'>quae</span> <span class='ocrx_word' id='word_1_834' title='bbox 2941 4647 3198 4703; x_wconf 89' lang='lat' dir='ltr'>vidimus</span> <span class='ocrx_word' id='word_1_835' title='bbox 3220 4649 3570 4721; x_wconf 86' lang='lat' dir='ltr'>cogitatione</span> <span class='ocrx_word' id='word_1_836' title='bbox 3592 4656 3682 4706; x_wconf 88' lang='lat' dir='ltr'>ut-</span> 
     </span>
    </p>
   </div>
   <div class='ocr_carea' id='block_1_97' title="bbox 2034 4737 3682 4811">
    <p class='ocr_par' dir='ltr' id='par_1_97' title="bbox 2034 4737 3682 4811">
     <span class='ocr_line' id='line_1_97' title="bbox 2034 4737 3682 4811; baseline 0.001 -18"><span class='ocrx_word' id='word_1_837' title='bbox 2034 4753 2285 4808; x_wconf 89' lang='lat' dir='ltr'>cumque</span> <span class='ocrx_word' id='word_1_838' title='bbox 2310 4737 2717 4803; x_wconf 82' lang='lat' dir='ltr'>formamus,et</span> <span class='ocrx_word' id='word_1_839' title='bbox 2740 4738 3033 4793; x_wconf 79' lang='lat' dir='ltr'>memoriae</span> <span class='ocrx_word' id='word_1_840' title='bbox 3050 4740 3682 4811; x_wconf 87' lang='lat' dir='ltr'>commendamus,quo</span> 
     </span>
    </p>
   </div>
   <div class='ocr_carea' id='block_1_98' title="bbox 2034 4822 3679 4899">
    <p class='ocr_par' dir='ltr' id='par_1_98' title="bbox 2034 4822 3679 4899">
     <span class='ocr_line' id='line_1_98' title="bbox 2034 4822 3679 4899; baseline 0 -18"><span class='ocrx_word' id='word_1_841' title='bbox 2034 4842 2405 4883; x_wconf 75' lang='lat' dir='ltr'>recurremus</span> <span class='ocrx_word' id='word_1_842' title='bbox 2438 4840 2573 4879; x_wconf 89' lang='lat' dir='ltr'>cum</span> <span class='ocrx_word' id='word_1_843' title='bbox 2606 4822 2985 4891; x_wconf 88' lang='lat' dir='ltr'>voluerimus,</span> <span class='ocrx_word' id='word_1_844' title='bbox 3013 4826 3219 4882; x_wconf 85' lang='lat' dir='ltr'>utillic</span> <span class='ocrx_word' id='word_1_845' title='bbox 3251 4842 3338 4897; x_wconf 86' lang='lat' dir='ltr'>ea,</span> <span class='ocrx_word' id='word_1_846' title='bbox 3368 4828 3455 4883; x_wconf 90' lang='lat' dir='ltr'>vel</span> <span class='ocrx_word' id='word_1_847' title='bbox 3490 4828 3679 4899; x_wconf 89' lang='lat' dir='ltr'>potius</span> 
     </span>
    </p>
   </div>
   <div class='ocr_carea' id='block_1_99' title="bbox 2035 4912 3678 4987">
    <p class='ocr_par' dir='ltr' id='par_1_99' title="bbox 2035 4912 3678 4987">
     <span class='ocr_line' id='line_1_99' title="bbox 2035 4912 3678 4987; baseline -0.001 -17"><span class='ocrx_word' id='word_1_848' title='bbox 2035 4913 2495 4987; x_wconf 90' lang='lat' dir='ltr'>qualescumque</span> <span class='ocrx_word' id='word_1_849' title='bbox 2514 4912 2799 4985; x_wconf 89' lang='lat' dir='ltr'>imagines</span> <span class='ocrx_word' id='word_1_850' title='bbox 2822 4931 3023 4970; x_wconf 90' lang='lat' dir='ltr'>eorum</span> <span class='ocrx_word' id='word_1_851' title='bbox 3048 4932 3195 4987; x_wconf 91' lang='lat' dir='ltr'>quas</span> <span class='ocrx_word' id='word_1_852' title='bbox 3217 4916 3298 4971; x_wconf 92' lang='lat' dir='ltr'>ibi</span> <span class='ocrx_word' id='word_1_853' title='bbox 3319 4916 3573 4982; x_wconf 79' lang='lat' dir='ltr'>ﬁximus,</span> <span class='ocrx_word' id='word_1_854' title='bbox 3599 4916 3678 4971; x_wconf 90' lang='lat' dir='ltr'>si-</span> 
     </span>
    </p>
   </div>
   <div class='ocr_carea' id='block_1_100' title="bbox 2035 5003 3678 5073">
    <p class='ocr_par' dir='ltr' id='par_1_100' title="bbox 2035 5003 3678 5073">
     <span class='ocr_line' id='line_1_100' title="bbox 2035 5003 3678 5073; baseline 0.001 -15"><span class='ocrx_word' id='word_1_855' title='bbox 2035 5003 2249 5059; x_wconf 88' lang='lat' dir='ltr'>militer</span> <span class='ocrx_word' id='word_1_856' title='bbox 2280 5003 2679 5058; x_wconf 82' lang='lat' dir='ltr'>recordatione</span> <span class='ocrx_word' id='word_1_857' title='bbox 2701 5017 3012 5060; x_wconf 88' lang='lat' dir='ltr'>cernamus</span> <span class='ocrx_word' id='word_1_858' title='bbox 3037 5029 3051 5073; x_wconf 84' lang='lat'><strong>;</strong></span> <span class='ocrx_word' id='word_1_859' title='bbox 3085 5020 3189 5059; x_wconf 88' lang='lat' dir='ltr'>nec</span> <span class='ocrx_word' id='word_1_860' title='bbox 3211 5005 3362 5060; x_wconf 89' lang='lat' dir='ltr'>sicut</span> <span class='ocrx_word' id='word_1_861' title='bbox 3382 5003 3678 5059; x_wconf 89' lang='lat' dir='ltr'>hominem</span> 
     </span>
    </p>
   </div>
   <div class='ocr_carea' id='block_1_101' title="bbox 2033 5090 3683 5162">
    <p class='ocr_par' dir='ltr' id='par_1_101' title="bbox 2033 5090 3683 5162">
     <span class='ocr_line' id='line_1_101' title="bbox 2033 5090 3683 5162; baseline 0 -15"><span class='ocrx_word' id='word_1_862' title='bbox 2033 5091 2426 5162; x_wconf 90' lang='lat' dir='ltr'>vivum,cujus</span> <span class='ocrx_word' id='word_1_863' title='bbox 2451 5090 2706 5146; x_wconf 88' lang='lat' dir='ltr'>animam</span> <span class='ocrx_word' id='word_1_864' title='bbox 2726 5092 2954 5147; x_wconf 86' lang='lat' dir='ltr'>etiamsi</span> <span class='ocrx_word' id='word_1_865' title='bbox 2975 5109 3090 5146; x_wconf 91' lang='lat' dir='ltr'>non</span> <span class='ocrx_word' id='word_1_866' title='bbox 3102 5091 3462 5159; x_wconf 87' lang='lat' dir='ltr'>videmus,ex</span> <span class='ocrx_word' id='word_1_867' title='bbox 3483 5094 3683 5147; x_wconf 87' lang='lat' dir='ltr'>nostra</span> 
     </span>
    </p>
   </div>
   <div class='ocr_carea' id='block_1_102' title="bbox 2036 5178 3682 5251">
    <p class='ocr_par' dir='ltr' id='par_1_102' title="bbox 2036 5178 3682 5251">
     <span class='ocr_line' id='line_1_102' title="bbox 2036 5178 3682 5251; baseline -0.003 -13"><span class='ocrx_word' id='word_1_868' title='bbox 2036 5180 2475 5250; x_wconf 87' lang='lat' dir='ltr'>conjicimus,et</span> <span class='ocrx_word' id='word_1_869' title='bbox 2490 5197 2558 5235; x_wconf 81' lang='lat' dir='ltr'>ex</span> <span class='ocrx_word' id='word_1_870' title='bbox 2580 5180 2834 5235; x_wconf 88' lang='lat' dir='ltr'>motibus</span> <span class='ocrx_word' id='word_1_871' title='bbox 2856 5179 3255 5251; x_wconf 85' lang='lat' dir='ltr'>corporalibus</span> <span class='ocrx_word' id='word_1_872' title='bbox 3278 5179 3575 5234; x_wconf 89' lang='lat' dir='ltr'>hominem</span> <span class='ocrx_word' id='word_1_873' title='bbox 3598 5178 3682 5233; x_wconf 90' lang='lat' dir='ltr'>vi-</span> 
     </span>
    </p>
   </div>
   <div class='ocr_carea' id='block_1_103' title="bbox 2039 5266 3684 5337">
    <p class='ocr_par' dir='ltr' id='par_1_103' title="bbox 2039 5266 3684 5337">
     <span class='ocr_line' id='line_1_103' title="bbox 2039 5266 3684 5337; baseline -0.001 -12"><span class='ocrx_word' id='word_1_874' title='bbox 2039 5286 2196 5333; x_wconf 91' lang='lat' dir='ltr'>vum,</span> <span class='ocrx_word' id='word_1_875' title='bbox 2221 5268 2373 5323; x_wconf 88' lang='lat' dir='ltr'>sicut</span> <span class='ocrx_word' id='word_1_876' title='bbox 2394 5268 2640 5323; x_wconf 89' lang='lat' dir='ltr'>videndo</span> <span class='ocrx_word' id='word_1_877' title='bbox 2666 5273 2683 5304; x_wconf 78' lang='grc'>¹</span> <span class='ocrx_word' id='word_1_878' title='bbox 2708 5268 3045 5337; x_wconf 88' lang='lat' dir='ltr'>didicimus,</span> <span class='ocrx_word' id='word_1_879' title='bbox 3068 5266 3369 5322; x_wconf 88' lang='lat' dir='ltr'>intuemur</span> <span class='ocrx_word' id='word_1_880' title='bbox 3388 5267 3563 5322; x_wconf 89' lang='lat' dir='ltr'>etiam</span> <span class='ocrx_word' id='word_1_881' title='bbox 3587 5284 3684 5323; x_wconf 88' lang='lat' dir='ltr'>co-</span> 
     </span>
    </p>
   </div>
   <div class='ocr_carea' id='block_1_104' title="bbox 2040 5355 3682 5431">
    <p class='ocr_par' dir='ltr' id='par_1_104' title="bbox 2040 5355 3682 5431">
     <span class='ocr_line' id='line_1_104' title="bbox 2040 5355 3682 5431; baseline -0.001 -18"><span class='ocrx_word' id='word_1_882' title='bbox 2040 5359 2297 5431; x_wconf 89' lang='lat' dir='ltr'>gitando.</span> <span class='ocrx_word' id='word_1_883' title='bbox 2334 5358 2456 5413; x_wconf 86' lang='lat' dir='ltr'>Non</span> <span class='ocrx_word' id='word_1_884' title='bbox 2490 5358 2574 5412; x_wconf 90' lang='lat' dir='ltr'>sic</span> <span class='ocrx_word' id='word_1_885' title='bbox 2605 5358 2835 5411; x_wconf 87' lang='lat' dir='ltr'>videtur</span> <span class='ocrx_word' id='word_1_886' title='bbox 2864 5357 3008 5410; x_wconf 88' lang='lat' dir='ltr'>ﬁdes</span> <span class='ocrx_word' id='word_1_887' title='bbox 3034 5356 3091 5409; x_wconf 91' lang='lat' dir='ltr'>in</span> <span class='ocrx_word' id='word_1_888' title='bbox 3125 5356 3315 5415; x_wconf 87' lang='lat' dir='ltr'>corde.</span> <span class='ocrx_word' id='word_1_889' title='bbox 3344 5355 3403 5410; x_wconf 91' lang='lat' dir='ltr'>in</span> <span class='ocrx_word' id='word_1_890' title='bbox 3438 5372 3552 5427; x_wconf 92' lang='lat' dir='ltr'>quo</span> <span class='ocrx_word' id='word_1_891' title='bbox 3574 5360 3682 5427; x_wconf 88' lang='lat' dir='ltr'>est,</span> 
     </span>
    </p>
   </div>
   <div class='ocr_carea' id='block_1_105' title="bbox 2041 5444 3686 5517">
    <p class='ocr_par' dir='ltr' id='par_1_105' title="bbox 2041 5444 3686 5517">
     <span class='ocr_line' id='line_1_105' title="bbox 2041 5444 3686 5517; baseline -0.001 -13"><span class='ocrx_word' id='word_1_892' title='bbox 2041 5449 2112 5505; x_wconf 87' lang='lat' dir='ltr'>ab</span> <span class='ocrx_word' id='word_1_893' title='bbox 2144 5464 2209 5503; x_wconf 87' lang='lat' dir='ltr'>eo</span> <span class='ocrx_word' id='word_1_894' title='bbox 2241 5448 2409 5517; x_wconf 89' lang='lat' dir='ltr'>cujus</span> <span class='ocrx_word' id='word_1_895' title='bbox 2442 5451 2530 5501; x_wconf 90' lang='lat' dir='ltr'>est</span> <span class='ocrx_word' id='word_1_896' title='bbox 2562 5463 2574 5500; x_wconf 90' lang='lat'>:</span> <span class='ocrx_word' id='word_1_897' title='bbox 2610 5447 2707 5500; x_wconf 87' lang='lat' dir='ltr'>sed</span> <span class='ocrx_word' id='word_1_898' title='bbox 2732 5461 2858 5499; x_wconf 84' lang='lat' dir='ltr'>eam</span> <span class='ocrx_word' id='word_1_899' title='bbox 2883 5449 3039 5499; x_wconf 88' lang='lat' dir='ltr'>tenet</span> <span class='ocrx_word' id='word_1_900' title='bbox 3067 5444 3395 5501; x_wconf 86' lang='lat' dir='ltr'>certissima</span> <span class='ocrx_word' id='word_1_901' title='bbox 3418 5445 3686 5515; x_wconf 87' lang='lat' dir='ltr'>scientia,</span> 
     </span>
    </p>
   </div>
   <div class='ocr_carea' id='block_1_106' title="bbox 2042 5533 3683 5606">
    <p class='ocr_par' dir='ltr' id='par_1_106' title="bbox 2042 5533 3683 5606">
     <span class='ocr_line' id='line_1_106' title="bbox 2042 5533 3683 5606; baseline -0.001 -14"><span class='ocrx_word' id='word_1_902' title='bbox 2042 5537 2371 5606; x_wconf 84' lang='lat' dir='ltr'>clamatque</span> <span class='ocrx_word' id='word_1_903' title='bbox 2406 5534 2779 5589; x_wconf 85' lang='lat' dir='ltr'>conscientia.</span> <span class='ocrx_word' id='word_1_904' title='bbox 2814 5533 2954 5587; x_wconf 83' lang='lat' dir='ltr'>Cum</span> <span class='ocrx_word' id='word_1_905' title='bbox 2991 5533 3186 5604; x_wconf 88' lang='lat' dir='ltr'>itaque</span> <span class='ocrx_word' id='word_1_906' title='bbox 3228 5539 3531 5605; x_wconf 89' lang='lat' dir='ltr'>propterea</span> <span class='ocrx_word' id='word_1_907' title='bbox 3561 5552 3683 5591; x_wconf 85' lang='lat' dir='ltr'>cre-</span> 
     </span>
    </p>
   </div>
   <div class='ocr_carea' id='block_1_107' title="bbox 2043 5621 3683 5696">
    <p class='ocr_par' dir='ltr' id='par_1_107' title="bbox 2043 5621 3683 5696">
     <span class='ocr_line' id='line_1_107' title="bbox 2043 5621 3683 5696; baseline -0.001 -14"><span class='ocrx_word' id='word_1_908' title='bbox 2043 5628 2176 5682; x_wconf 81' lang='lat' dir='ltr'>dere</span> <span class='ocrx_word' id='word_1_909' title='bbox 2202 5626 2537 5696; x_wconf 85' lang='lat' dir='ltr'>jubeamur,</span> <span class='ocrx_word' id='word_1_910' title='bbox 2574 5621 2711 5693; x_wconf 90' lang='lat' dir='ltr'>quia</span> <span class='ocrx_word' id='word_1_911' title='bbox 2741 5622 2795 5676; x_wconf 91' lang='lat' dir='ltr'>id</span> <span class='ocrx_word' id='word_1_912' title='bbox 2829 5622 2981 5691; x_wconf 87' lang='lat' dir='ltr'>quod</span> <span class='ocrx_word' id='word_1_913' title='bbox 3015 5624 3245 5679; x_wconf 85' lang='lat' dir='ltr'>credere</span> <span class='ocrx_word' id='word_1_914' title='bbox 3268 5624 3572 5695; x_wconf 88' lang='lat' dir='ltr'>jubemur,</span> <span class='ocrx_word' id='word_1_915' title='bbox 3600 5625 3683 5680; x_wconf 92' lang='lat' dir='ltr'>vi-</span> 
     </span>
    </p>
   </div>
   <div class='ocr_carea' id='block_1_108' title="bbox 2111 5735 2773 5798">
    <p class='ocr_par' dir='ltr' id='par_1_108' title="bbox 2111 5735 2773 5798">
     <span class='ocr_line' id='line_1_108' title="bbox 2111 5735 2773 5798; baseline -0.009 -6"><span class='ocrx_word' id='word_1_916' title='bbox 2111 5744 2126 5778; x_wconf 72' lang='grc' dir='ltr'>ι</span> <span class='ocrx_word' id='word_1_917' title='bbox 2158 5740 2335 5793; x_wconf 88' lang='lat' dir='ltr'>Plures</span> <span class='ocrx_word' id='word_1_918' title='bbox 2363 5740 2507 5798; x_wconf 84' lang='lat' dir='ltr'>Mss.,</span> <span class='ocrx_word' id='word_1_919' title='bbox 2541 5735 2773 5787; x_wconf 82' lang='lat' dir='ltr'>vivendo.</span> 
     </span>
    </p>
   </div>
  </div>
