4130 6194
508 346 662 410 1015

508 484 641 539 dere
674 502 785 538 non
824 501 1179 556 possumus;
1234 483 1424 556 ipsam
1474 490 1670 541 tamen
1710 487 1884 541 iidem
1918 486 2150 556 quando

508 572 662 627 inest
695 572 749 626 in
802 573 991 640 nobis,
1024 572 1290 629 videmus
1338 574 1395 627 in
1430 573 1597 629 nobis
1632 591 1644 629 :
1681 574 1818 645 quia
1860 577 1917 629 et
1956 590 2147 628 rerum

509 662 838 716 absentium
873 678 1129 734 praesens
1177 666 1265 717 est
1294 663 1458 728 ﬁdes,
1496 666 1553 718 et
1598 680 1794 718 rerum
1845 680 1971 733 qua:
2012 664 2151 718 foris

512 756 651 807 sunt
677 752 837 805 intus
869 755 955 806 est
987 752 1149 817 fides,
1175 754 1230 806 et
1261 768 1455 807 rerum
1490 769 1615 823 quas
1649 769 1761 806 non
1791 752 2060 806 videntur
2080 749 2155 803 vi-

511 841 682 895 detur
716 839 880 906 ﬁdes,
912 844 970 895 et
998 840 1129 913 ipsa
1174 845 1367 895 tamen
1401 840 1802 911 temporaliter
1845 842 1908 895 ﬁt
1940 841 1997 895 in
2031 855 2153 894 cor-

511 929 685 983 dibus
717 928 1061 999 hominum;
1098 934 1155 984 et
1185 930 1231 984 si
1263 946 1329 984 ex
1362 929 1656 992 ﬁdelibus,
1686 928 1951 984 inﬁdeles
1984 930 2152 995 ﬁunt,

510 1018 660 1089 perit
681 1018 750 1072 ab
775 1018 875 1073 eis.
903 1018 1228 1089 Aliquando
1251 1022 1449 1074 autem
1471 1022 1527 1073 et
1556 1018 1730 1074 rebus
1750 1017 1913 1073 falsis
1935 1034 2157 1074 accom-

511 1106 783 1161 modatur
806 1107 988 1162 ﬁdes:
1014 1106 1314 1179 loquimur
1344 1106 1499 1163 enim
1520 1106 1624 1173 sic,
1650 1110 1713 1162 ut
1733 1106 2018 1174 dicamus,
2044 1107 2155 1162 Ha-

506 1196 631 1251 bita
661 1200 750 1251 est
780 1197 832 1251 ei
855 1196 1019 1267 ﬁdes,
1039 1199 1096 1251 et
1126 1196 1371 1267 decepit.
1394 1195 1593 1262 Qualis
1625 1196 1789 1263 ﬁdes,
1816 1196 1864 1250 si
1886 1199 2079 1251 tamen
2104 1205 2157 1251 et

506 1284 636 1357 ipsa
665 1283 911 1340 dicenda
942 1288 1031 1339 est
1058 1284 1225 1355 ﬁdes,
1254 1301 1367 1339 non
1388 1283 1755 1356 culpabiliter
1783 1284 1853 1339 de
1882 1285 2156 1339 cordibus

509 1374 677 1446 perit,
702 1374 936 1445 quando
968 1390 1095 1429 eam
1116 1374 1351 1428 inventa
1376 1373 1587 1429 veritas
1608 1372 1789 1445 pellit.
1815 1372 2158 1444 Optabiliter

510 1466 704 1519 autem
736 1478 931 1517 rerum
961 1478 1229 1516 verarum
1263 1460 1321 1514 in
1355 1461 1587 1515 easdem
1621 1477 1711 1516 res
1743 1460 1887 1515 ﬁdes
1921 1460 2152 1515 transit.

508 1553 635 1607 Non
661 1550 819 1607 enim
851 1550 1163 1605 dicendum
1191 1555 1299 1619 est,
1327 1549 1754 1621 Perit,quando
1784 1565 1870 1618 ea,
1890 1565 2017 1620 qua:
2041 1565 2159 1603 cre-

510 1640 820 1706 debentur,
852 1639 1141 1694 videntur.
1172 1637 1467 1710 Numquid
1498 1639 1654 1693 enim
1687 1638 1878 1693 adhuc
1910 1638 2054 1692 ﬁdes
2076 1638 2159 1691 di-

512 1729 696 1785 cenda
722 1732 832 1799 est,
864 1743 996 1782 cum
1030 1726 1270 1782 deﬁnita
1298 1727 1374 1782 sit
1403 1728 1464 1781 in
1498 1727 1753 1799 Epistola
1784 1727 1853 1781 ad
1886 1726 2156 1782 Hebraeos

511 1818 677 1885 ﬁdes,
710 1817 1049 1888 dictumque
1082 1816 1160 1871 sit
1191 1832 1319 1871 eam
1344 1832 1471 1872 esse
1502 1815 1925 1871 convictionem
1961 1833 2154 1871 rerum

512 1922 639 1977 quas
666 1923 781 1961 non
812 1905 1083 1961 videntur
1107 1905 1296 1976 (Hebr.
1330 1922 1407 1971 χι,
1446 1905 1495 1975 1)
1517 1905 1545 1959 Ῡ

582 1996 634 2049 4.
650 1994 869 2050 Deinde
887 1994 1041 2064 quod
1059 1994 1343 2064 sequitur,
1365 1995 1470 2048 Hic
1488 1996 1656 2060 venit,
1679 1995 1738 2048 in
1762 1996 2155 2059 testimonium,

509 2088 569 2139 ut
596 2085 965 2139 testimonium
991 2083 1300 2154 perhiberet
1326 2083 1391 2138 de
1418 2083 1648 2149 lumine,
1681 2087 1741 2137 ut
1768 2099 1950 2139 omnes
1971 2085 2157 2149 crede-

506 2176 628 2227 rent
653 2187 753 2243 per
796 2172 1000 2234 illum;
1045 2171 1219 2239 actio,
1253 2176 1318 2226 ut
1365 2171 1642 2237 diximus,
1677 2171 2018 2245 temporalis
2048 2178 2155 2229 est.

508 2260 932 2333 Temporaliter
946 2260 1101 2316 enim
1121 2260 1521 2316 testimonium
1544 2260 1879 2331 perhibetur
1895 2261 2068 2316 etiam
2088 2261 2159 2315 de

508 2365 571 2404 re
600 2350 976 2421 sempiterna,
1004 2349 1159 2421 quod
1191 2353 1281 2404 est
1303 2348 1667 2421 intelligibile
1695 2348 1916 2404 lumen.
1942 2349 2022 2405 De
2043 2366 2157 2420 quo

508 2441 575 2494 ut
603 2438 1006 2494 testimonium
1037 2437 1368 2511 perhiberet
1397 2437 1554 2493 venit
1603 2437 1881 2507 Joannes,
1917 2439 2017 2510 qui
2046 2454 2159 2495 non

508 2531 632 2583 erat
673 2528 792 2593 lux,
822 2526 915 2583 sed
953 2534 1010 2582 ut
1055 2528 1433 2582 testimonium
1477 2526 1785 2598 perhiberet
1813 2527 1880 2582 de
1928 2529 2155 2583 lumine.

507 2615 791 2688 Adjungit
811 2615 965 2671 enim
1004 2633 1016 2672 :
1049 2617 1188 2671 Erat
1219 2616 1319 2671 lux
1340 2632 1464 2671 vera
1488 2630 1613 2686 qum
1637 2616 1924 2672 illuminat
1943 2633 2159 2673 omnem

512 2706 786 2762 hominem
816 2706 1124 2761 venientem
1144 2707 1200 2760 in
1232 2706 1377 2760 hunc
1396 2705 1680 2761 mundum.
1706 2709 1771 2760 In
1792 2706 1996 2762 mundo
2017 2716 2155 2777 erat,

511 2803 566 2850 et
598 2795 831 2851 mundus
858 2811 957 2866 per
986 2796 1167 2867 ipsum
1193 2797 1375 2866 factus
1402 2799 1499 2861 est,
1533 2800 1584 2850 et
1614 2795 1848 2851 mundus
1896 2812 2017 2851 eum
2049 2812 2158 2851 non

513 2886 776 2955 cognovit.
808 2887 871 2940 In
898 2886 1121 2956 prepria
1144 2887 1313 2951 venit,
1338 2892 1389 2939 et
1418 2886 1512 2939 sui
1530 2901 1659 2940 eum
1681 2901 1792 2939 non
1814 2892 2155 2955 receperunt.

514 2979 648 3030 Haec
674 2976 851 3030 verba
889 2975 1089 3030 omnia
1134 2976 1233 3047 qui
1265 2974 1508 3029 latinam
1548 2975 1811 3047 linguam
1844 2977 2061 3042 sciunt,
2093 2992 2160 3031 ex

513 3064 689 3119 rebus
709 3064 1043 3135 intelligunt
1067 3080 1214 3134 quas
1236 3067 1536 3118 noverunt.
1552 3065 1808 3127 Quarum
1830 3064 2038 3136 aliquae
2059 3080 2157 3118 n3-

511 3152 601 3207 bis
621 3152 1002 3207 innatuerunt
1024 3168 1124 3223 per
1145 3151 1403 3224 corporis
1433 3169 1665 3218 sensus,
1689 3152 1840 3207 sicut
1860 3152 2055 3223 homo,
2081 3153 2156 3207 si-

509 3245 608 3295 cut
638 3240 761 3311 ipse
792 3240 1072 3307 mundus,
1097 3241 1265 3310 cujus
1296 3244 1414 3295 tam
1447 3240 1772 3295 evidentem
1797 3241 2154 3313 magnitudi-

507 3346 641 3385 nem
686 3329 1002 3397 ccrnimus,
1033 3329 1187 3385 sicut
1233 3330 1573 3385 earumdem
1623 3330 1934 3385 verborum
1986 3330 2153 3397 soni;

504 3433 640 3472 nam
678 3421 734 3471 et
763 3417 1000 3472 auditus
1033 3434 1242 3473 sensus
1265 3421 1354 3472 est
1380 3417 1640 3489 corporis
1673 3434 1685 3472 :
1722 3416 1928 3488 aliqua:
1959 3424 2153 3473 autem

502 3521 606 3577 per
654 3506 834 3561 animi
902 3506 1210 3576 rationem,
1246 3505 1397 3561 sicut
1458 3506 1514 3560 id
1564 3506 1719 3577 quod
1763 3506 1985 3561 dictum
2044 3512 2152 3573 est,

502 3596 566 3649 Et
622 3596 716 3650 sui
779 3611 907 3650 eum
960 3611 1069 3650 non
1128 3602 1498 3666 receperunt:
1554 3594 1903 3666 intelligitur
1971 3596 2153 3661 enim,

497 3682 622 3738 Non
654 3684 713 3737 in
746 3699 880 3738 eum
913 3684 1305 3750 crediderunt,
1342 3684 1498 3754 quod
1541 3682 1679 3754 quid
1711 3682 1806 3750 sit,
1842 3683 2001 3737 nullo
2033 3700 2156 3739 cor-

500 3770 658 3841 poris
689 3787 888 3841 sensu,
924 3771 1021 3825 sed
1060 3770 1241 3825 animi
1289 3771 1511 3826 ratione
1556 3771 1953 3842 cognovimus.
1987 3772 2153 3843 Ipso-

500 3873 632 3912 rum
662 3858 835 3913 etiam
869 3858 1197 3925 verborum,
1222 3874 1337 3913 non
1371 3875 1545 3914 sonos
1571 3862 1612 3928 ¹,
1646 3859 1745 3914 sed
1772 3859 2150 3931 signiﬁcatio-

500 3962 627 4015 nes,
658 3946 869 4018 partim
905 3962 1006 4017 per
1027 3947 1288 4018 corporis
1319 3962 1581 4014 sensum,
1605 3948 1815 4017 partim
1850 3964 1951 4019 per
1972 3949 2151 4003 animi

500 4034 786 4089 rationem
836 4034 1171 4089 didicimus.
1212 4033 1326 4089 Nec
1369 4051 1437 4090 ea
1483 4037 1658 4090 verba
1708 4053 1862 4091 nunc
1894 4037 2149 4109 primum

500 4123 835 4178 audivimus
868 4137 881 4176 :
918 4122 1019 4177 sed
1052 4138 1178 4193 qua:
1225 4124 1346 4192 jam
1380 4123 1791 4190 audieramus;
1826 4129 1882 4180 et
1912 4141 2023 4180 non
2057 4144 2149 4182 so-

496 4212 622 4267 lum
657 4212 805 4282 ipsa,
838 4228 1039 4266 verum
1087 4212 1261 4266 etiam
1298 4228 1422 4282 quas
1475 4211 1889 4283 signiﬁcarent,
1921 4218 2151 4286 cognita

496 4300 779 4357 memoria
810 4300 1181 4366 tenebamus,
1216 4305 1273 4355 et
1314 4300 1409 4354 hic
1442 4301 1808 4371 agnovimus.
1845 4302 1960 4357 Hoc
1990 4305 2146 4359 enim

494 4408 705 4446 nomen
738 4388 1124 4460 dissyllabum
1158 4406 1293 4444 cum
1325 4390 1561 4456 dicitur,
1586 4390 1844 4461 mundus,
1870 4392 2146 4461 quoniam

492 4496 675 4534 sonus
706 4484 813 4543 est,
849 4495 939 4533 res
990 4480 1194 4550 utique
1225 4478 1540 4550 corporalis
1595 4496 1695 4550 per
1726 4496 1936 4552 corpus
1981 4480 2145 4537 inuo-

490 4569 626 4631 tuit,
659 4567 715 4621 id
747 4573 857 4631 est,
892 4584 991 4637 per
1023 4584 1222 4622 aurem
1259 4585 1273 4624 :
1306 4570 1404 4624 sed
1437 4572 1614 4623 etiam
1668 4569 1822 4640 quod
1856 4569 2148 4641 signiﬁcat

492 4670 594 4727 per
623 4670 833 4725 corpus
864 4656 1137 4722 innotuit,
1161 4656 1217 4711 id
1249 4662 1356 4723 est,
1392 4673 1494 4728 per
1525 4657 1723 4712 oculos
1743 4657 1956 4712 carnis.
1984 4658 2147 4713 Mun-

492 4746 603 4800 dus
635 4744 852 4816 quippe
881 4743 940 4798 in
986 4750 1273 4815 quantum
1308 4750 1482 4801 notus
1530 4752 1637 4816 est,
1671 4747 2005 4802 videntibus
2040 4765 2140 4803 no-

488 4837 588 4889 tus
608 4838 714 4889 est.
730 4835 804 4888 At
826 4833 932 4888 hoc
953 4834 1191 4888 verbum
1209 4833 1831 4907 quatuorsyllabarum
1855 4837 2009 4906 quod
2032 4841 2140 4899 est,

491 4923 1045 4987 Crediderunt,sono
1058 4923 1471 4994 suo,quoniam
1486 4940 1694 4994 corpus
1711 4928 1929 4995 est,per
1941 4941 2140 4979 aurem

491 5012 685 5067 carnis
716 5012 974 5067 illabitur
1007 5029 1020 5067 :
1049 5012 1199 5081 quod
1235 5016 1432 5067 autem
1466 5012 1779 5082 signiﬁcat,
1813 5013 1975 5068 nullo
2009 5030 2140 5069 cor-

492 5102 897 5173 poris-sensu,
931 5102 1031 5156 sed
1079 5100 1259 5155 animi
1309 5101 1532 5155 ratione
1577 5102 1972 5171 cognoscitur.
2017 5103 2141 5157 Nisi

492 5191 644 5245 enim
676 5190 815 5262 quid
847 5191 945 5259 sit,
962 5189 1365 5255 Crediderunt,
1388 5205 1490 5260 per
1520 5192 1783 5244 animum
1808 5208 2137 5261 nossemus,

491 5295 607 5334 non
641 5278 1102 5351 intelligeremus
1134 5278 1274 5350 quid
1304 5294 1419 5333 non
1444 5277 1683 5333 fecerint
1712 5277 1790 5332 illi
1822 5279 1891 5333 de
1925 5281 2141 5353 quibus

491 5366 711 5421 dictum
740 5372 847 5433 est,
882 5368 944 5421 Et
974 5369 1062 5423 sui
1090 5382 1215 5421 eum
1256 5382 1367 5422 non
1398 5375 1742 5437 receperunt.
1780 5368 1969 5422 Sonus
2002 5386 2138 5441 ergo

489 5456 650 5509 verbi
669 5455 987 5510 forinsecus
1004 5454 1278 5525 instrepit
1292 5454 1533 5509 auribus
1549 5454 1889 5525 corporis,ct
1908 5456 2141 5528 attingit

492 5557 733 5596 sensum
766 5543 864 5613 qui
896 5546 1132 5598 vocatur
1152 5543 1407 5599 auditus.
1432 5543 1663 5615 Species
1696 5559 1923 5614 quoque
1955 5543 2139 5598 homi-

491 5630 585 5687 nis
615 5634 673 5685 et
701 5631 761 5685 in
788 5631 1119 5703 nobisipsis
1149 5632 1317 5689 nobis
1349 5637 1486 5688 nota
1515 5639 1624 5700 est,
1644 5636 1700 5688 et
1730 5632 2050 5691 forinsecus
2081 5634 2141 5689 in

560 5731 577 5765 1
611 5727 767 5787 Editi,
798 5741 896 5776 non
926 5728 1085 5777 solum
1116 5743 1276 5780 sonos.
1307 5730 1489 5794 Abest,
1521 5730 1701 5793 solum,
1739 5746 1769 5781 a
1798 5731 1919 5781 Mss.

1623 355 1725 413 DE
1771 353 2221 424 TRlNl'l‘A’I‘E,
2268 350 2331 410 S.
2380 349 2801 411 AUGUSTINI

3296 200 3345 303 σε

3724 351 3854 413 ίυιϐ

2261 482 2391 538 aliis
2423 484 2589 538 adest
2620 484 2877 554 corporis
2902 483 3173 536 sensibus
3200 499 3211 549 ;
3247 480 3455 547 oculis,
3478 499 3604 537 cum
3632 466 3856 539 videtur;

2256 570 2656 639 auribus,cum
2677 572 2935 638 auditur;
2952 571 3290 637 tactui,cum
3306 574 3858 644 teneturettangitur:

2257 660 2432 715 habet
2462 660 2637 715 etiam
2660 660 2715 715 in
2745 660 3022 715 memoria
3053 664 3251 714 nostra
3271 660 3582 731 imaginem
3603 664 3864 732 suam,in-

2257 748 2616 820 corporalem
2667 748 2929 819 quidem,
2963 750 3061 803 sed
3106 750 3331 819 corpori
3384 748 3651 805 similem.
3690 751 3863 806 Mundi

2257 839 2505 908 denique
2528 838 2714 909 ipsius
2738 837 3020 893 mirabilis
3037 837 3409 909 pulchritudo
3422 838 3732 894 forinsecus
3751 857 3864 911 pre-

2258 931 2347 981 sto
2371 935 2477 995 est,
2502 932 2556 982 et
2580 928 2917 998 aspectibus
2940 927 3177 993 nostris,
3204 933 3258 981 et
3280 926 3328 980 ei
3351 927 3542 981 sensui
3567 927 3662 998 qui
3684 928 3870 982 dicitur

2258 1019 2470 1082 tactus,
2502 1015 2549 1071 si
2583 1015 2724 1087 quid
2769 1014 2896 1085 ejus
2926 1014 3272 1087 attingimus
3309 1031 3322 1069 :
3357 1014 3525 1070 habet
3576 1017 3741 1071 etiam
3769 1018 3870 1087 ipse

2258 1104 2418 1159 intus
2448 1105 2507 1159 in
2537 1104 2815 1160 memoria
2837 1107 3038 1160 nostra
3058 1103 3374 1175 imaginem
3406 1121 3598 1170 suam,
3620 1105 3690 1159 ad
3719 1122 3871 1176 quam

2257 1193 2638 1263 recurrimus,
2660 1210 2791 1248 cum
2818 1210 2948 1248 eum
2973 1192 3058 1248 vel
3082 1194 3228 1264 septi
3253 1193 3596 1264 parietibus,
3616 1193 3701 1249 vel
3721 1196 3873 1251 etiam

2258 1285 2318 1338 in
2352 1283 2607 1337 tenebris
2624 1283 2970 1354 cogitamus.
2987 1282 3099 1337 Sed
3129 1282 3198 1336 de
3215 1281 3308 1337 his
3330 1281 3686 1353 imaginibus
3708 1300 3875 1339 rerum

2258 1371 2668 1443 corporalium,
2684 1370 3149 1443 incorporalibus
3167 1370 3422 1441 quidem,
3448 1371 3789 1429 habentibus
3807 1377 3878 1427 ta~

2260 1477 2392 1515 men
2424 1459 2843 1515 similitudines
2866 1475 3197 1529 corporum,
3223 1465 3279 1515 et
3301 1460 3372 1514 ad
3405 1460 3584 1515 vitam
3609 1462 3879 1518 exterioris

2258 1549 2515 1605 hominis
2538 1547 2989 1620 pertinentibus,
3009 1550 3133 1617 jam
3158 1548 3301 1604 satis
3326 1549 3383 1603 in
3417 1549 3726 1605 undecimo
3756 1550 3882 1609 libro

2258 1637 2436 1693 locuti
2469 1653 2698 1692 sumus.
2724 1640 2887 1692 Nunc
2918 1643 3113 1692 autem
3135 1637 3365 1708 agimus
3397 1639 3467 1693 de
3498 1638 3736 1693 homine
3759 1640 3883 1696 inte-

2259 1725 2431 1790 riore,
2465 1728 2522 1779 et
2550 1725 2679 1795 ejus
2708 1724 2977 1795 scientia,
3013 1741 3080 1780 ea
3104 1740 3233 1795 quas
3265 1741 3462 1780 rerum
3497 1730 3589 1781 est
3618 1731 3885 1799 tempora-

2258 1813 2404 1869 lium
2429 1818 2485 1869 et
2504 1815 2876 1871 mutabilium
2896 1833 2907 1871 :
2925 1816 2981 1870 in
3007 1816 3579 1888 cujusintentionem
3594 1834 3725 1873 cum
3747 1835 3885 1874 assu-

2262 1902 2881 1976 mituraliquid,etiam
2896 1905 2967 1960 de
2982 1906 3152 1960 rebus
3165 1905 3234 1960 ad
3250 1907 3597 1961 exteriorem
3614 1905 3883 1963 hominem

2261 1992 2712 2063 pertinentibus,
2766 1994 2839 2050 ad
2884 1994 2992 2050 hoc
3023 1995 3445 2050 assumendum
3479 2000 3571 2051 est
3600 2001 3665 2051 ut
3693 1996 3886 2067 aliquid

2259 2081 2394 2136 inde
2422 2082 2703 2138 doceatur
2732 2084 2887 2154 quod
2920 2083 3265 2139 rationalem
3297 2085 3540 2155 adjuvet
3566 2084 3884 2141 scientiam:

2261 2186 2327 2225 ac
2349 2186 2451 2241 per
2471 2170 2580 2226 hoc
2603 2188 2796 2227 rerum
2820 2189 2968 2244 quas
2985 2189 3330 2228 communes
3352 2190 3489 2228 cum
3512 2174 3888 2230 animantibus

2260 2257 2697 2315 irrationalibus
2721 2260 3030 2331 habemus,
3059 2261 3359 2317 rationalis
3394 2279 3540 2319 usus
3569 2263 3642 2318 ad
3677 2262 3889 2318 interio-

2261 2364 2382 2403 rem
2406 2347 2705 2403 hominem
2730 2348 3013 2420 pertinet;
3039 2365 3144 2405 nec
3166 2354 3318 2405 recte
3340 2350 3451 2405 dici
3475 2355 3671 2422 potest
3682 2366 3806 2406 cum
3825 2351 3884 2406 ir.

2261 2435 2647 2493 rationalibus
2678 2438 3079 2494 animantibus
3122 2454 3256 2495 eum
3292 2439 3462 2495 nobis
3493 2455 3626 2495 esse
3655 2455 3891 2496 commu-

2262 2540 2417 2580 nem.

2334 2612 2566 2668 CAPUT
2599 2614 2667 2668 Il.
2694 2645 2761 2654 ——
2782 2615 2835 2669 5.
2862 2616 3017 2671 Fides
3042 2632 3129 2671 res
3147 2617 3353 2683 cordis,
3368 2632 3479 2672 non
3497 2619 3888 2689 corporis,quo-

2259 2702 2413 2757 modo
2440 2705 2743 2758 communis
2765 2707 2814 2759 et
2836 2721 2948 2760 una
2970 2708 3215 2761 omnium
3239 2705 3609 2761 credentium.
3628 2707 3887 2762 Fidescre-

2260 2792 2506 2847 dentium
2522 2793 2757 2863 itnalnon
2767 2809 2914 2849 secus
2925 2811 2988 2849 ac
3007 2795 3307 2851 volentium
3317 2796 3575 2851 voluntas
3599 2812 3729 2851 una.
3745 2796 3889 2851 Fides

2262 2897 2391 2936 vero
2423 2882 2493 2935 de
2524 2898 2637 2950 qua
2660 2882 2715 2935 in
2741 2882 3011 2939 hoclibro
3034 2883 3330 2954 aliquanto
3361 2884 3586 2940 diutius
3612 2886 3889 2956 disputare

2261 2970 2827 3040 certadispositionis
2842 2977 3050 3026 nostris
3066 2973 3286 3027 ratione
3301 2973 3890 3045 eompellimur,quam

2260 3058 2359 3128 qui
2393 3058 2628 3128 habent,
2662 3059 2860 3114 ﬁdeles
2883 3067 3181 3126 vocantur,
3206 3066 3264 3116 et
3285 3063 3387 3133 qui
3419 3079 3538 3117 non
3564 3062 3793 3130 habent,
3814 3061 3888 3115 in-

2262 3146 2483 3216 ﬁdeles,
2507 3148 2660 3201 sicut
2683 3148 2719 3202 ii
2747 3147 2847 3219 qui
2875 3149 3199 3205 venientem
3224 3150 3283 3205 in
3318 3150 3557 3223 propria
3581 3152 3677 3207 Dei
3702 3151 3887 3207 Filium

2260 3252 2373 3289 non
2395 3237 3043 3307 receperunt,‘quamvis
3056 3255 3124 3292 ex
3146 3239 3349 3293 auditu
3365 3238 3426 3293 in
3447 3240 3621 3296 nobis
3644 3240 3789 3295 facta
3807 3239 3890 3305 sit,

2260 3341 2374 3379 non
2406 3328 2601 3379 tamen
2623 3326 2691 3379 ad
2712 3342 2843 3380 eum
2869 3342 3110 3382 sensum
3130 3328 3390 3399 corporis
3413 3330 3669 3399 pertinet
3694 3329 3788 3401 qui
3804 3345 3889 3400 ap-

2259 3412 2527 3484 pellatur,
2544 3414 3091 3485 auditus,quoniam
3118 3432 3231 3471 non
3252 3422 3339 3471 est
3359 3434 3543 3473 sonus
3568 3434 3671 3473 nec
3694 3419 3761 3473 ad
3778 3433 3891 3473 ocu-

2258 3501 2344 3557 los
2365 3502 2544 3574 hujus
2568 3504 3073 3573 carnis,quoniam
3096 3522 3210 3561 non
3233 3509 3321 3561 est
3343 3506 3503 3562 color
3524 3512 3629 3562 aut
3656 3504 3889 3578 corporis

2258 3592 2445 3646 forma
2471 3609 2484 3659 ;
2518 3608 2620 3646 nec
2640 3593 2708 3646 ad
2731 3608 2861 3647 eum
2889 3594 2988 3664 qui
3008 3594 3223 3650 dicitur
3241 3600 3454 3662 tactus,
3481 3596 3762 3667 quoniam
3782 3611 3889 3649 cor-

2258 3679 2530 3750 pulentia
2554 3680 2697 3734 nihil
2722 3681 2933 3749 habet;
2966 3699 3071 3737 nec
3095 3684 3164 3737 ad
3189 3682 3373 3738 ullum
3399 3685 3646 3741 omnino
3670 3700 3888 3741 sensum

2258 3769 2537 3841 corporis,
2562 3770 2838 3840 quoniam
2863 3770 3053 3826 cordis
3071 3778 3159 3826 est
3190 3788 3281 3827 res
3312 3774 3447 3839 ista,
3472 3791 3591 3829 non
3614 3773 3885 3847 corporis;

2259 3874 2362 3912 nec
2386 3858 2524 3912 foris
2546 3863 2635 3912 est
2657 3876 2689 3912 a
2712 3859 2901 3927 nobis,
2929 3861 3027 3915 sed
3054 3861 3112 3915 in
3137 3860 3360 3917 intimis
3384 3864 3588 3917 nobis'
3616 3882 3629 3932 ;
3657 3880 3756 3919 nec
3777 3878 3883 3918 eam

2258 3947 2571 4018 quisquam
2604 3946 2911 4001 hominum
2935 3948 3090 4003 videt
3119 3948 3178 4002 in
3210 3949 3343 4019 alio,
3370 3952 3467 4005 sed
3506 3952 3886 4023 unusquisque

2256 4036 2315 4089 in
2333 4035 2933 4108 semetipso.Denique
2956 4041 3147 4108 potest
3159 4042 3215 4091 et
3240 4037 3621 4094 simulatione
3633 4037 3883 4110 conﬁngi,

2256 4128 2312 4179 et
2341 4124 2529 4195 putari
2567 4140 2695 4179 esse
2727 4124 2784 4178 in
2812 4140 2925 4196 quo
2959 4142 3073 4179 non
3106 4130 3215 4180 est.
3241 4125 3419 4181 Suam
3446 4128 3631 4198 igitur
3658 4129 3882 4199 quisque

2254 4213 2429 4267 ﬁdem
2457 4214 2609 4283 apud
2649 4230 2710 4267 se
2740 4213 2933 4285 ipsum
2961 4213 3115 4269 videt
3149 4230 3160 4268 :
3198 4215 3257 4268 in
3290 4214 3469 4269 altero
3500 4223 3700 4273 autem
3723 4214 3883 4272 credit

2252 4317 2380 4357 esse
2401 4317 2552 4366 eam,
2578 4318 2692 4356 non
2726 4303 2882 4357 videt
2906 4321 2918 4369 ;
2949 4308 3006 4358 et
3023 4306 3184 4358 tanto
3210 4304 3436 4359 ﬁrmius
3457 4306 3666 4374 credit,
3690 4310 3882 4377 quanto

2250 4391 2479 4445 fructus
2502 4391 2630 4461 ejus
2649 4392 2835 4462 magis
2853 4392 3032 4458 novit,
3050 4408 3199 4463 quos
3217 4392 3444 4463 operari
3469 4393 3621 4449 solet
3642 4395 3780 4448 ﬁdes
3800 4406 3883 4463 per

2250 4478 2619 4534 dilectionem
2652 4478 2851 4547 (Gulat.
2884 4497 2938 4545 v,
2972 4480 3049 4551 6).
3084 4481 3480 4544 Quamobrem
3528 4482 3796 4537 omnibus
3823 4481 3881 4535 de

2250 4567 2465 4637 quibus
2486 4566 3242 4641 Evangelistasubjungitet
3257 4570 3417 4640 dicit,
3441 4572 3881 4642 Quotquotautem

2249 4659 2567 4726 receperunt
2594 4672 2739 4726 eum,
2758 4655 2905 4711 dedit
2934 4658 3012 4712 eis
3030 4661 3347 4727 potestatem
3367 4660 3515 4728 ﬁlios
3546 4662 3647 4715 Dei
3668 4661 3805 4730 ﬁeri,
3823 4660 3880 4713 iis

2248 4746 2345 4815 qui
2372 4744 2598 4799 credunt
2625 4747 2683 4799 in
2716 4746 2937 4801 nomine
2966 4747 3105 4817 ejus,
3139 4746 3235 4816 qui
3264 4764 3375 4802 non
3416 4764 3485 4803 ex
3514 4749 3877 4818 sanguinibus,

2248 4850 2418 4905 neque
2447 4850 2517 4889 ea:
2546 4835 2825 4889 voluntate
2844 4836 3050 4900 carnis,
3071 4850 3246 4906 neque
3273 4852 3342 4891 ex
3368 4837 3645 4893 voluntate
3671 4834 3879 4903 viri,sed

2246 4940 2318 4977 ere
2349 4924 2449 4978 Deo
2479 4924 2602 4978 nati
2619 4928 2771 4991 sunt,
2798 4922 2943 4978 ﬁdes
2968 4923 3081 4978 ista
3106 4925 3438 4980 communis
3461 4931 3548 4981 est
3573 4943 3585 4981 ε
3612 4943 3723 4982 non
3746 4927 3880 4981 sicut

2248 5012 2445 5082 aliqua
2476 5011 2734 5083 corporis
2766 5012 2954 5067 forma
2983 5013 3318 5067 communis
3349 5019 3438 5068 est
3466 5015 3538 5069 ad
3580 5015 3876 5070 videndum

2246 5102 2509 5155 omnium
2526 5100 2709 5155 oculis
2732 5100 2945 5171 quibus
2970 5107 3177 5171 praesto
3193 5108 3283 5156 est
3300 5127 3312 5166 ς
3330 5119 3396 5157 ex
3410 5103 3539 5173 ipsa
3553 5105 3761 5174 quippe
3778 5116 3877 5156 una

2246 5189 2509 5244 omnium
2526 5189 2889 5244 cernentium
2914 5190 3170 5259 quodam
3189 5191 3360 5246 modo
3378 5191 3874 5262 inl'ormaturaspe-

2246 5283 2372 5333 ctus
2407 5296 2419 5333 :
2454 5278 2554 5333 sed
2579 5278 2731 5332 sicut
2762 5278 2875 5332 dici
2902 5282 3091 5349 potest
3112 5280 3392 5334 omnibus
3415 5279 3873 5335 hominibusesse

2247 5368 2420 5423 facies
2444 5367 2701 5422 humana
2719 5367 3080 5431 communis;
3109 5385 3246 5422 nam
3262 5368 3465 5423 hocita
3488 5367 3784 5433 dicitur,ut
3798 5372 3872 5423 ta-

2247 5472 2378 5512 men
2402 5456 2614 5529 singuli
2641 5473 2777 5511 suas
2801 5456 3073 5511 habeant.
3101 5456 3179 5510 Ex
3202 5474 3317 5511 una
3339 5473 3479 5511 sane
3501 5457 3868 5512 doctrinaim-

2245 5561 2503 5605 pressam
2530 5545 2703 5598 ﬁdem
2729 5544 3088 5598 credentium
3111 5543 3386 5599 cordibus
3410 5543 3758 5615 singulorum
3779 5541 3866 5613 qui

2243 5633 2350 5688 hoc
2372 5633 2525 5688 idem
2544 5633 2717 5689 credu
2731 5636 2793 5687 nt
2808 5632 3108 5687 verissime
3132 5631 3385 5688 dicimus
3413 5650 3424 5689 :
3452 5634 3551 5689 sed
3570 5632 3720 5691 aliud
3739 5634 3865 5690 sunt

2309 5734 2322 5766 ¹
2361 5730 2443 5781 Sic
2472 5733 2596 5781 Mss.
2628 5732 2693 5781 At
2723 5730 2870 5794 editi,
2902 5731 2953 5779 in
2984 5730 3178 5781 intimis
3206 5732 3412 5782 nostris.
