4100 6190
292 335 446 398 101⁸7

287 486 354 527 ea
386 486 512 542 quae
544 469 880 542 creduntur,
913 470 1066 528 aliud
1128 472 1270 531 fides
1303 490 1418 547 qua
1463 475 1797 531 creduntur.
1833 476 1937 531 Illa

288 561 506 631 quippe
522 560 580 614 in
607 560 779 615 rebus
806 566 945 617 sunt
966 579 1091 634 quas
1112 564 1195 617 vel
1221 580 1346 619 esse
1370 564 1451 619 vel
1477 564 1655 620 fuisse
1676 565 1761 619 vel
1784 566 1937 620 futu-

290 666 364 703 ra)
388 666 512 703 esse
538 648 977 705 dicunturzhazc
1002 657 1195 706 autem
1224 653 1279 707 in
1303 654 1497 707 animo
1526 653 1811 710 credentis
1831 658 1938 723 est,

288 738 339 794 ei
365 744 590 793 tantum
616 739 931 810 conspicua
948 742 1117 811 cujus
1139 747 1253 808 est;
1278 743 1545 812 quamvis
1568 743 1644 797 sit
1666 747 1723 797 et
1740 743 1942 798 inaliis

292 843 407 882 non
428 827 574 898 ipsa,
591 829 688 882 sed
714 828 945 883 similis.
970 829 1094 883 Non
1115 831 1269 885 enim
1294 848 1537 910 numero
1559 836 1649 887 est
1677 849 1811 899 una,
1842 832 1942 887 sed

291 932 533 987 genere:
562 924 794 987 prepter
833 917 1280 974 similitudinem
1304 924 1498 975 tamen
1531 926 1587 975 et
1608 920 1829 975 nullam
1863 922 1947 975 di-

290 1005 622 1060 versitatem
656 1008 842 1078 magis
875 1024 1050 1061 unam
1079 1007 1333 1063 dicimus
1354 1025 1482 1063 esse
1500 1025 1677 1079 quam
1703 1009 1943 1065 multas.

292 1094 437 1150 Nam
453 1100 509 1150 et
530 1096 675 1150 duos
692 1096 958 1151 homines
972 1096 1310 1152 simillimos
1324 1114 1457 1153 cum
1472 1098 1944 1165 videmus,unam

289 1183 497 1237 faciem
524 1183 773 1238 dicimus
796 1190 853 1239 et
885 1185 1169 1240 miramur
1196 1187 1529 1241 amborum.
1556 1186 1807 1241 Facilius
1840 1188 1947 1242 ita-

289 1287 402 1342 que
433 1271 650 1326 dicitur
680 1271 894 1327 multas
926 1273 1155 1328 animas
1204 1273 1386 1329 fuisse
1433 1274 1698 1344 singulas
1741 1275 1943 1346 utique

288 1359 681 1431 singulorum,
707 1360 777 1415 de
808 1362 1023 1433 quibus
1054 1360 1306 1433 legimus
1338 1362 1395 1416 in
1431 1362 1675 1417 Actibus
1715 1364 1951 1434 Aposto-

286 1447 479 1505 lorum
502 1449 655 1520 quod
682 1450 763 1505 eis
788 1450 963 1507 fuerit
985 1450 1180 1505 anima
1202 1468 1318 1504 una
1341 1451 1479 1517 (Act.
1506 1468 1583 1518 IV,
1618 1451 1708 1522 32)
1734 1469 1745 1506 :
1771 1469 1946 1523 quam

289 1538 390 1593 ubi
422 1538 568 1593 dixit
598 1538 934 1611 Apostolus,
971 1541 1087 1595 Una
1120 1539 1259 1609 ﬁdes
1290 1542 1506 1611 (Ephes.
1535 1558 1608 1605 ιν,
1631 1542 1706 1611 ὃ),
1740 1544 1826 1596 tot
1852 1557 1950 1596 eas

289 1628 468 1682 audet
504 1628 818 1699 quisquam
852 1630 1045 1683 dicere
1079 1635 1221 1700 quot
1258 1630 1477 1684 fideles.
1526 1629 1591 1683 Et
1620 1635 1815 1684 tamen
1849 1630 1948 1700 qui

289 1716 449 1786 dicit,
485 1717 523 1773 0
554 1718 775 1785 mulier,
810 1734 1007 1789 magna
1039 1727 1117 1773 est
1138 1718 1271 1787 ﬁdes
1302 1722 1393 1772 tua
1426 1719 1642 1787 (Matth.
1682 1736 1776 1783 xv,
1818 1720 1908 1789 28)
1935 1736 1949 1785 ;

289 1810 346 1861 et
377 1806 566 1872 alteri,
599 1806 821 1864 Medicae
848 1806 996 1877 ﬁdei,
1029 1823 1204 1878 quare
1233 1806 1502 1862 dubitasti
1532 1808 1633 1877 (Id.
1668 1824 1779 1876 XIV,
1813 1808 1901 1879 31)
1924 1808 1952 1863 ?

289 1911 463 1951 suam
498 1895 709 1966 cuique
731 1912 861 1951 esse
894 1895 1206 1967 significat.
1241 1896 1351 1951 Sed
1398 1896 1476 1950 ita
1506 1895 1720 1951 dicitur
1748 1896 1950 1952 eadem

287 1983 652 2040 credentium
680 1983 821 2040 fides
856 1986 1497 2056 una,quemadmodum
1522 1985 1724 2040 eadem
1747 1984 1947 2040 volen-

286 2075 436 2132 tium
466 2075 735 2131 voluntas
762 2093 879 2131 una
913 2094 925 2144 ;
987 2092 1121 2130 cum
1152 2081 1209 2131 et
1238 2076 1296 2130 in
1340 2077 1486 2148 ipsis
1517 2077 1614 2147 qui
1654 2076 1762 2131 hoc
1793 2076 1950 2133 idem

282 2165 508 2230 volunt,
542 2182 650 2221 sua
678 2164 947 2220 voluntas
978 2166 1057 2221 sit
1086 2166 1298 2238 cuique
1328 2167 1668 2237 conspicua,
1705 2164 1951 2221 alterius

288 2260 488 2311 autem
521 2254 715 2322 lateat,
751 2255 1020 2325 quamvis
1052 2254 1203 2309 idem
1234 2254 1413 2334 velit;
1468 2258 1523 2309 et
1571 2254 1619 2309 si
1652 2254 1950 2325 aliquibus

303 2345 493 2416 signis
523 2360 652 2400 sese
680 2344 917 2411 indicet,
962 2344 1221 2399 creditur
1263 2343 1458 2415 potius
1492 2359 1668 2414 quam
1698 2343 1948 2397 videtur.

295 2433 719 2505 Unusquisque
751 2438 944 2489 autem
978 2433 1063 2488 sui
1098 2432 1278 2487 animi
1312 2432 1581 2487 conscius
1609 2448 1724 2487 non
1762 2431 1949 2487 credit

288 2525 497 2595 utique
527 2524 678 2579 hanc
710 2538 839 2578 esse
882 2538 1073 2591 suam,
1106 2522 1205 2577 sed
1241 2520 1412 2593 plane
1454 2520 1714 2593 pervidet
1744 2518 1949 2575 volun-

284 2619 492 2670 tatem.

363 2701 598 2757 CAPUT
631 2700 856 2755 [IL—6.
871 2700 1180 2757 Voluntatcs
1202 2701 1456 2771 quwdam
1477 2699 1678 2756 eaedem
1700 2699 1951 2754 omnium

283 2792 526 2862 singulis
545 2789 1219 2860 notae.Enniuspoeta.Est
1235 2789 1497 2858 quaedam
1518 2803 1658 2843 sane
1680 2788 1949 2858 ejusdem

288 2889 516 2938 natura:
540 2880 786 2935 viventis
808 2884 863 2934 et
886 2879 1106 2935 ratione
1131 2880 1346 2935 utentis
1379 2883 1542 2933 tanta
1572 2878 1949 2949 conspiratio,

294 2976 362 3027 ut
391 2988 525 3025 cum
558 2969 735 3025 lateat
757 2968 1008 3023 alterum
1033 2969 1168 3039 quid
1204 2968 1350 3022 alter
1372 2965 1831 3036 velit,nonnullaa
1861 2970 1947 3021 ta-

286 3076 424 3116 men
448 3060 568 3115 sint
591 3058 918 3113 voluntates
950 3058 1215 3112 omnium
1259 3058 1434 3112 etiam
1479 3056 1728 3129 singulis
1753 3064 1897 3111 notae
1931 3073 1944 3111 :

285 3154 345 3205 et
367 3165 500 3203 eum
525 3148 777 3219 quisque
800 3147 974 3201 homo
998 3146 1218 3201 nesciat
1238 3146 1377 3217 quid
1416 3146 1591 3199 homo
1613 3144 1764 3199 alius
1792 3137 1948 3201 unus

282 3236 510 3303 velit,in
531 3236 883 3307 quibusdam
906 3235 1081 3290 rebus
1110 3235 1296 3305 possit
1317 3237 1466 3289 scire
1484 3233 1620 3304 quid
1640 3250 1842 3288 omnes
1864 3249 1949 3288 ve-

282 3326 418 3382 lint.
452 3325 613 3382 Unde
635 3325 734 3380 illa
750 3326 1057 3393 cujusdam
1089 3323 1253 3378 mimi
1287 3323 1644 3379 facetissima
1670 3321 1948 3393 praedica-

280 3419 382 3471 tur
414 3413 735 3477 urbanitas,
776 3413 876 3484 qui
917 3429 1051 3467 cum
1095 3429 1157 3467 se
1193 3411 1560 3483 promisisset
1606 3411 1665 3465 in
1722 3410 1946 3466 theatro

281 3503 425 3575 quid
448 3502 505 3557 in
529 3502 724 3557 animo
748 3501 1049 3570 haberent,
1075 3506 1133 3556 et
1155 3501 1295 3572 quid
1323 3498 1537 3556 vellent
1557 3516 1782 3567 omnes,
1816 3499 1947 3554 aliis

279 3591 443 3648 ludis
470 3607 597 3646 esse
626 3590 945 3658 dicturum,
966 3594 1141 3661 atque
1171 3590 1227 3643 id
1260 3588 1413 3643 diem
1446 3588 1831 3643 constitutum
1858 3589 1942 3643 ln-

278 3680 444 3755 genti
468 3679 893 3751 exspectatione
919 3680 1104 3749 major
1126 3678 1439 3733 multitudo
1470 3676 1946 3743 conflueret,sus-

285 3772 489 3844 pensis
520 3775 576 3826 et
604 3770 915 3825 silentibus
960 3768 1257 3836 omnibus,
1298 3768 1513 3824 dixisse
1558 3767 1898 3839 perhibetur
1930 3785 1942 3823 :

283 3862 402 3917 Vili
428 3861 604 3916 vultis
635 3877 845 3928 emere,
873 3866 930 3914 et
964 3877 1096 3915 caro
1127 3859 1393 3914 vendere.
1431 3859 1489 3912 In
1524 3875 1638 3929 quo
1672 3857 1825 3912 dicto
1859 3856 1946 3913 le-

281 3952 514 4007 vissimi
549 3951 785 4013 scenici,
827 3967 1031 4005 omnes
1060 3954 1257 4004 tamen
1291 3948 1679 4003 conscientias
1712 3948 1945 4001 invene-

283 4047 425 4099 runt
456 4042 793 4112 suas,eique
821 4057 955 4095 vera
981 4044 1115 4095 ante
1146 4038 1345 4093 oculos
1366 4038 1630 4093 omnium
1661 4040 1945 4093 constitu-

281 4138 363 4204 ta,
410 4138 467 4188 et
496 4137 691 4187 tamen
724 4129 1042 4203 improvisa
1090 4130 1335 4195 dicenti,
1387 4128 1721 4183 admirabili
1758 4130 1947 4185 favore

280 4224 650 4298 plauserunt.
684 4222 797 4277 Cur
828 4226 1023 4277 autem
1054 4226 1174 4276 tam
1210 4236 1423 4292 magna
1452 4220 1806 4291 exspectatio
1829 4220 1943 4274 fac-

281 4321 341 4372 ta
370 4319 461 4369 est
493 4313 591 4367 illo
623 4311 997 4384 promittente
1020 4311 1287 4366 omnium
1326 4309 1683 4365 voluntatem
1723 4326 1784 4365 se
1815 4326 1946 4365 esse

280 4402 720 4470 dicturum,nisi
755 4401 890 4472 quia
921 4400 1371 4456 lalentaliorum
1404 4400 1711 4454 hominum
1746 4399 1945 4455 volun-

278 4499 483 4553 tates?
521 4494 629 4551 Sed
687 4492 953 4565 nunquid
1000 4493 1111 4547 ista
1154 4491 1325 4547 latuit
1366 4490 1599 4547 istum?
1644 4491 1943 4561 Numquid

281 4603 642 4659 quemquam
667 4585 989 4651 latet?Qua
1016 4584 1250 4637 tandem
1280 4599 1476 4650 causa,
1507 4581 1617 4637 nisi
1651 4580 1787 4653 quia
1807 4586 1945 4637 sunt

279 4677 552 4748 quaedam
579 4692 707 4746 quae
732 4690 844 4729 non
870 4672 1345 4728 inconvenienter
1365 4671 1423 4724 in
1455 4670 1585 4725 aliis
1603 4671 1673 4725 de
1694 4687 1755 4725 se
1778 4670 1944 4741 quis-

279 4782 394 4837 que
426 4764 719 4835 conjiciat,
744 4761 1129 4832 compatiente
1162 4760 1247 4815 vel
1279 4759 1652 4831 conspirante
1673 4758 1810 4815 vitio
1839 4774 1941 4814 seu

280 4854 530 4911 natura?
549 4853 661 4908 Sed
680 4852 839 4907 aliud
861 4857 949 4905 est
969 4850 1162 4905 videre
1186 4848 1543 4903 voluntatem
1562 4847 1938 4917 suam,aliud,

280 4941 552 5014 quamvis
584 4938 912 4995 certissima
943 4938 1300 5007 conjectura,
1346 4936 1633 5006 conjicere
1665 4935 1938 4992 alienam.

277 5030 427 5087 Nam
459 5028 754 5085 conditam
778 5028 1023 5082 Romam
1051 5030 1171 5081 tam
1205 5029 1429 5081 certum
1464 5024 1646 5080 habeo
1676 5023 1732 5079 in
1767 5024 1941 5081 rebus

281 5117 607 5176 bumannis
654 5133 832 5188 quam
882 5113 1467 5186 Canstantinopolim,
1500 5130 1632 5168 cum
1694 5113 1939 5169 Romam

276 5208 523 5264 viderim
574 5204 757 5260 oculis
806 5204 975 5271 meis,
1023 5204 1093 5257 de
1141 5202 1241 5258 illa
1284 5219 1413 5257 vero
1459 5202 1605 5256 nihil
1658 5203 1939 5269 noverim,

279 5298 389 5353 nisi
426 5296 583 5369 quod
617 5293 748 5348 aliis
785 5292 1036 5348 testibus
1069 5290 1307 5346 credidi.
1344 5291 1408 5344 Et
1450 5291 1647 5346 minus
1706 5292 1939 5361 quidem

277 5388 374 5443 ille
424 5385 512 5441 vel
562 5400 622 5439 se
669 5384 865 5454 ipsum
898 5380 1247 5445 intuenduo,
1282 5380 1364 5434 vel
1401 5379 1547 5433 alios
1579 5396 1810 5451 quoque
1841 5396 1940 5435 ex-

281 5474 582 5548 periendo,
616 5472 713 5526 vili
771 5470 915 5525 velle
953 5484 1167 5533 emere,
1208 5473 1265 5522 et
1295 5483 1424 5522 care
1455 5468 1723 5533 vendere,
1756 5469 1941 5524 omni-

277 5566 389 5621 bus
423 5564 480 5617 id
519 5562 767 5617 credidit
796 5575 924 5614 esse
956 5574 1286 5613 commune.
1322 5556 1432 5611 Sed
1466 5557 1745 5626 quoniam
1778 5574 1934 5613 reve-

277 5671 338 5709 ra
355 5654 562 5707 vitium
577 5656 684 5719 est,
700 5652 892 5720 potest
926 5647 1182 5718 quisque
1202 5644 1442 5716 adipisci
1461 5646 1937 5716 ejus'nodijusti-

276 5740 533 5807 tiam,vel
553 5738 801 5808 alicujus
822 5736 1064 5792 alterius
1084 5734 1207 5789 vitii
1228 5734 1385 5805 quod
1418 5733 1555 5789 huic
1576 5734 1936 5793 contrarium

278 5835 366 5891 est
397 5830 693 5887 incurrere
718 5824 1137 5901 pestilentiam,
1166 5841 1284 5897 qua
1313 5823 1450 5882 huic
1482 5822 1717 5881 resistat
1736 5827 1794 5882 et
1807 5824 1935 5883 vin-

1478 343 1709 403 LlBER
1753 343 2090 406 TERTIUS
2139 347 2505 413 DECIMUS.

3537 350 3694 411 1018

2047 483 2157 533 cat.
2188 480 2329 536 Nam
2365 484 2483 538 scio
2518 484 2639 557 ipse
2664 484 2983 550 hominem,
3017 501 3148 541 cum
3179 486 3400 541 venalis
3431 485 3607 542 codex
3639 486 3691 541 ei

2046 566 2253 624 fuisset
2270 572 2817 646 oblatus,pretiique
2844 576 2971 646 ejus
2992 575 3262 647 ignarum
3287 576 3343 629 et
3363 575 3489 631 ideo
3518 576 3688 646 quid-

2048 656 2181 711 dam
2216 659 2489 731 exiguum
2524 670 2856 735 poscentem
2890 670 3149 719 cerneret
3180 665 3689 735 venditorem,jus-

2047 748 2171 800 tum
2207 749 2452 819 pretium
2489 754 2641 823 quod
2674 753 2855 808 multo
2889 753 3141 825 amplius
3171 758 3426 821 erat,nec
3452 754 3693 825 opinan-

2049 831 2093 886 ti
2125 833 2373 890 dedisse.
2410 838 2575 905 Quid,
2628 841 2674 894 si
2726 842 2897 895 etiam
2944 843 3019 897 sit
3069 842 3379 913 quisquam
3430 843 3692 914 nequitia

2049 926 2214 977 tanta
2246 941 2573 996 possessus,
2599 932 2662 982 ut
2694 929 2785 982 vili
2822 931 3029 985 vendat
3060 947 3186 1001 quae
3220 931 3568 986 dimiserunt
3600 949 3702 1002 pa-

2052 1017 2331 1078 rentes,et
2353 1031 2483 1069 caro
2508 1022 2663 1071 emat
2696 1035 2819 1088 qua:
2854 1024 3205 1073 consumant
3234 1020 3551 1074 libidines?
3574 1021 3699 1078 Non

2052 1106 2159 1165 est,
2196 1107 2257 1154 ut
2286 1104 2880 1173 opinor,incrediliilis
2912 1108 3023 1161 ista
3056 1108 3354 1163 luxuries:
3392 1113 3445 1163 et
3476 1108 3523 1163 si
3548 1126 3701 1180 qure-

2054 1194 2258 1244 rantur
2289 1191 2432 1246 tales
2467 1195 2848 1265 reperiantur,
2869 1201 2965 1250 aut
2995 1197 3167 1250 etiam
3196 1214 3307 1251 non
3337 1198 3565 1268 quaesiti
3589 1200 3708 1252 for-

2054 1278 2229 1333 tassis
2261 1284 2693 1354 occurrant,qui
2730 1284 2988 1354 nequitia
3021 1287 3235 1355 majore
3266 1303 3442 1356 quam
3470 1287 3708 1341 theatri-

2054 1381 2140 1436 ca,
2176 1369 2559 1441 propositioni
2591 1371 2676 1426 vel
2714 1373 3171 1443 pronuntiationi
3204 1374 3496 1430 theatricae
3529 1375 3711 1431 insul-

2052 1459 2196 1527 tent,
2233 1474 2442 1529 magno
2483 1460 2664 1531 pretio
2716 1466 2919 1534 stupra
2970 1464 3237 1531 emendo,
3286 1480 3460 1534 parvo
3508 1470 3701 1520 autem

2054 1562 2191 1601 rura
2217 1548 2536 1603 vendendo.
2596 1550 2944 1621 Largitionis
2983 1551 3157 1606 etiam
3206 1553 3392 1623 gratia
3435 1553 3702 1609 novimus

2056 1638 2341 1707 quosdam
2380 1638 2593 1693 emisse
2625 1638 2917 1693 frumenta
2949 1640 3164 1701 carius.
3200 1645 3257 1695 et
3304 1641 3475 1697 vilius
3504 1643 3701 1697 vendi-

2055 1725 2211 1780 disse
2242 1727 2367 1781 suis
2398 1727 2639 1782 civibus.
2668 1727 2815 1783 lllud
2845 1728 3021 1783 etiam
3048 1732 3201 1800 quod
3230 1736 3393 1785 vetus
3423 1735 3590 1801 poeta
3621 1731 3707 1786 di-

2053 1814 2137 1869 xit
2168 1816 2410 1882 Ennius,

2272 1904 2467 1952 Omnes
2496 1903 2746 1955 mortales
2776 1920 2889 1954 sese
2916 1905 3181 1955 laudarier
3210 1910 3397 1969 optant
3432 1909 3448 1942 ί
3476 1924 3488 1956 :

2053 1991 2309 2062 profecto
2339 1997 2397 2047 et
2418 1993 2489 2047 de
2510 2009 2571 2048 se
2603 1993 2726 2065 ipso
2748 1998 2805 2049 et
2822 1995 2892 2049 de
2922 1994 2991 2050 iis
3022 2011 3168 2066 quos
3201 1999 3473 2067 expertus
3492 1996 3702 2067 fuerat,

2054 2080 2299 2150 conjecit
2328 2080 2386 2134 in
2418 2080 2567 2147 aliis,
2601 2085 2657 2137 et
2688 2083 2917 2137 videtur
2947 2082 3359 2154 pronuntiasse
3392 2084 3698 2139 hominum

2054 2167 2317 2222 omnium
2352 2168 2696 2224 voluntates.
2722 2170 2981 2242 Denique
3011 2170 3057 2225 si
3092 2180 3148 2226 et
3170 2172 3366 2226 minus
3398 2171 3493 2226 ille
3525 2172 3705 2227 dixis-

2052 2260 2158 2312 set.
2196 2258 2444 2313 Laudari
2472 2274 2675 2313 omnes
2703 2259 2898 2328 vultis,
2934 2276 3101 2315 nemo
3127 2266 3385 2315 vestrum
3418 2260 3515 2315 vul
3546 2261 3697 2316 vitu-

2052 2346 2274 2416 perari:
2310 2346 2579 2401 similiter
2609 2348 2764 2418 quod
2794 2352 2949 2403 esset
2978 2349 3241 2404 omnium
3272 2348 3591 2405 voluntatis
3612 2350 3702 2403 di-

2050 2435 2205 2490 xisse
2234 2435 2547 2490 videretur.
2581 2436 2732 2492 Sunt
2761 2442 2953 2493 tamen
2987 2437 3085 2509 qui
3122 2437 3262 2493 vitia
3296 2456 3405 2493 sua
3451 2437 3704 2507 oderint,

2052 2528 2109 2579 et
2140 2525 2198 2578 in
2230 2524 2448 2595 quibus
2480 2524 2591 2580 sibi
2623 2526 3203 2598 displicentipsi,nec
3234 2529 3307 2581 ab
3337 2525 3467 2582 aliis
3498 2542 3559 2581 se
3580 2526 3705 2582 lau-

2052 2612 2175 2676 dari
2206 2612 2405 2680 velint,
2425 2618 2759 2686 gratiasque
2791 2620 2964 2686 agent
2993 2616 3426 2688 objurgantium
3465 2618 3707 2671 benevo-

2052 2699 2263 2769 lentiae,
2293 2718 2426 2756 cum
2461 2702 2586 2757 ideo
2634 2704 3039 2775 vituperantur
3085 2709 3146 2759 ut
3194 2705 3582 2775 corrigantur.
3633 2705 3706 2759 At

2052 2790 2100 2844 si
2134 2790 2395 2857 dixisset,
2441 2790 2657 2846 Omnes
2705 2792 2857 2847 beati
2910 2808 3037 2847 esse
3086 2792 3281 2860 vultis,
3329 2792 3525 2847 miseri
3576 2807 3705 2847 esse

2053 2896 2167 2934 non
2199 2879 2412 2948 vultis;
2446 2880 2688 2935 dixisset
2710 2880 2927 2952 aliquid
2953 2882 3106 2953 quod
3143 2881 3339 2936 nullus
3363 2880 3420 2935 in
3446 2898 3554 2936 sua
3582 2898 3699 2935 non

2051 2973 2391 3039 agnosceret
2420 2967 2737 3024 voluntate.
2789 2968 3081 3041 Quidquid
3129 2970 3284 3025 enim
3340 2969 3498 3024 aliud
3532 2971 3702 3042 quis-

2050 3072 2227 3128 quam
2264 3057 2509 3113 latenter
2551 3058 2710 3123 velit,
2762 3059 2832 3113 ab
2879 3059 2987 3114 hac
3028 3059 3326 3114 voluntate
3355 3076 3480 3130 quas
3514 3058 3705 3114 omni-

2048 3147 2162 3201 bus
2193 3152 2249 3201 et
2278 3146 2336 3200 in
2371 3148 2646 3202 omnibus
2694 3146 3033 3203 hominibus
3083 3148 3227 3203 satis
3272 3153 3408 3203 nota
3439 3152 3548 3215 est,
3584 3165 3700 3203 non

2050 3236 2286 3290 recedit.

2120 3324 2353 3379 CAPUT
2384 3324 2995 3381 IV.—7.Bealitudimls
3025 3325 3289 3381 habenda:
3320 3325 3569 3379 voluntas
3592 3342 3704 3379 una

2049 3413 2410 3481 omnium,sed
2429 3412 2493 3468 de
2518 3415 2647 3484 ipsa
2668 3414 3002 3470 beatitudine
3022 3418 3261 3469 varietas
3287 3431 3485 3484 magna
3506 3418 3699 3469 volun-

2051 3506 2245 3557 tatum.
2267 3502 2480 3556 Mirum
2500 3505 2587 3556 est
2609 3507 2801 3557 autem
2827 3519 2958 3557 cum
2986 3503 3353 3574 capessenda)
3379 3507 3550 3573 atque
3574 3503 3707 3555 reti-

2051 3591 2253 3644 nenda:
2286 3590 2663 3645 beatitudinis
2696 3590 2966 3645 voluntas
3000 3608 3114 3645 una
3145 3590 3221 3645 sit
3250 3589 3700 3658 omnium,unde

2050 3682 2212 3734 tanta
2242 3678 2454 3732 existat
2476 3678 2545 3731 de
2571 3678 2695 3748 ipsa
2727 3678 3084 3733 beatitudine
3107 3696 3311 3733 rursus
3345 3679 3591 3733 varietas
3614 3684 3701 3732 at-

2050 3786 2161 3843 que
2176 3769 2480 3824 diversitas
2494 3768 2859 3823 voluntatum
2882 3787 2997 3825 non
3014 3771 3165 3841 quod
3189 3770 3400 3841 aliquis
3413 3786 3539 3825 eam
3558 3770 3705 3825 nolit

2049 3860 2149 3915 sed
2182 3858 2331 3930 quod
2370 3874 2481 3912 non
2515 3874 2718 3912 omnes
2761 3874 2889 3913 eam
2925 3859 3138 3914 norint.
3192 3860 3248 3913 Si
3291 3858 3446 3913 enim
3492 3874 3699 3913 omnes

2048 3965 2174 4003 eam
2201 3951 2459 4009 nossent,
2480 3963 2591 4001 non
2626 3948 2698 4001 ab
2732 3946 2861 4002 aliis
2896 3953 3199 4011 putaretur
3230 3964 3358 4003 esse
3392 3947 3449 4001 in
3480 3948 3699 4003 virtute

2050 4037 2263 4104 animi;
2290 4036 2506 4105 aliis,in
2532 4037 2793 4107 corporis
2826 4037 3151 4107 voluptate;
3173 4037 3387 4103 aliis,in
3421 4041 3696 4108 utraque;

2047 4134 2104 4185 et
2133 4128 2263 4184 aliis
2304 4134 2479 4200 atque
2522 4127 2673 4195 aliis,
2720 4128 2858 4182 alibi
2910 4133 3083 4200 atque
3123 4128 3279 4184 alibi.
3316 4129 3386 4185 Ut
3414 4130 3569 4185 enim
3597 4147 3696 4185 eos

2048 4235 2293 4292 quaeque
2326 4236 2416 4274 res
2450 4221 2697 4276 maxime
2723 4221 3049 4295 (lelectavit,
3084 4221 3165 4276 ita
3196 4222 3251 4275 in
3283 4238 3350 4276 ea
3382 4222 3698 4277 constitue-

2048 4311 2185 4362 runt
2216 4306 2391 4361 vitam
2422 4307 2671 4362 beatam.
2714 4308 3011 4370 Quomodo
3056 4307 3234 4379 igitur
3274 4308 3700 4364 ferventissime

2047 4401 2248 4451 amant
2273 4412 2497 4463 omnes,
2523 4397 2674 4467 quod
2710 4413 2823 4450 non
2850 4413 3052 4451 omnes
3081 4398 3319 4452 sciunt?
3348 4398 3485 4462 Quis
3510 4401 3700 4469 potest

2047 4500 2244 4539 amare
2281 4484 2435 4554 quod
2470 4483 2704 4538 nescit?
2745 4483 2899 4539 sicut
2925 4486 3046 4553 jam
3080 4486 3150 4539 de
3190 4486 3298 4541 hac
3330 4503 3389 4541 re
3442 4487 3499 4542 in
3530 4487 3698 4542 libris

2046 4572 2459 4644 superioribus
2497 4573 2785 4642 disputavi
2828 4574 2967 4643 (Lib.
3004 4576 3056 4640 8,
3090 4590 3254 4646 capp.
3289 4577 3317 4629 4
3365 4583 3414 4631 et
3442 4592 3611 4648 seqq.,
3643 4582 3699 4632 et

2046 4662 2142 4717 lib.
2178 4663 2264 4726 10,
2296 4677 2411 4732 cap.
2453 4665 2502 4731 1,
2534 4663 2679 4732 etc.).
2714 4667 2825 4717 Cur
2858 4679 2990 4731 ergo
3023 4664 3323 4719 beatitudo
3357 4672 3590 4720 amatur
3620 4667 3690 4721 ab

2045 4753 2338 4808 omnibus:
2376 4770 2481 4808 nec
2512 4760 2704 4807 tamen
2739 4754 2921 4808 scitur
2972 4756 3044 4809 ab
3075 4756 3351 4813 omnibus
3372 4758 3399 4811 ‘?
3430 4763 3517 4813 An
3549 4757 3693 4813 forte

2045 4841 2241 4896 sciunt
2276 4858 2479 4896 omnes
2514 4843 2643 4912 ipsa
2675 4859 2800 4911 qua:
2834 4843 2928 4913 sit,
2982 4846 3078 4900 sed
3119 4864 3232 4901 non
3266 4862 3469 4901 omnes
3500 4847 3696 4901 sciunt

2045 4931 2143 4985 ubi
2176 4931 2347 4997 sit,et
2377 4932 2511 4987 inde
2544 4932 2837 4987 contentio
2871 4934 3007 4991 est?
3039 4936 3211 5000 Quasi
3241 4954 3366 4991 vero
3397 4937 3466 4990 de
3496 4935 3692 5007 aliquo

2044 5022 2249 5077 mundi
2280 5022 2459 5092 hujus
2492 5028 2699 5093 agatur
2730 5023 2874 5093 loco,
2907 5024 3005 5081 ubi
3037 5027 3241 5081 debeat
3274 5026 3521 5098 quisque
3551 5026 3695 5081 velle

2042 5112 2252 5179 vivere,
2287 5111 2385 5183 qui
2416 5111 2535 5167 vult
2571 5113 2738 5169 beate
2791 5113 2997 5181 vivere,
3030 5132 3092 5169 ac
3138 5132 3247 5169 non
3293 5116 3371 5169 ita
3400 5119 3698 5185 quaeratur

2042 5200 2140 5255 ubi
2175 5200 2252 5255 sit
2283 5200 2602 5269 beatitudo,
2634 5202 2787 5255 sicut
2814 5201 3095 5273 quaeritur
3126 5220 3250 5272 qua:
3285 5203 3377 5256 sit.
3411 5203 3556 5257 Nam
3590 5203 3697 5258 uti-

2044 5307 2155 5362 que
2207 5291 2253 5345 si
2301 5290 2356 5344 in
2409 5291 2667 5363 corporis
2717 5290 3008 5362 voluptate
3062 5295 3168 5356 est,
3221 5289 3315 5345 ille
3362 5291 3565 5345 beatus
3605 5296 3695 5347 est

2042 5380 2140 5450 qui
2171 5379 2387 5434 fruitur
2417 5382 2674 5450 corporis
2713 5378 3002 5450 voluptate
3039 5397 3051 5434 :
3095 5378 3143 5433 si
3197 5380 3254 5432 in
3305 5379 3515 5434 virtute
3564 5379 3689 5434 ani-

2041 5469 2143 5535 mi,
2193 5468 2290 5523 ille
2338 5468 2439 5538 qui
2484 5470 2591 5523 hac
2643 5468 2855 5522 fruitur
2904 5484 2917 5521 :
2969 5470 3017 5521 si
3049 5467 3105 5521 in
3159 5473 3424 5539 utraque,
3461 5468 3556 5523 ille
3588 5470 3689 5540 qui

2039 5558 2257 5613 fruitur
2290 5568 2555 5627 utraque.
2583 5561 2725 5611 Cum
2758 5556 2952 5627 itaque
2979 5557 3131 5611 alius
3160 5558 3318 5622 dicit,
3341 5562 3515 5613 Beate
3543 5559 3692 5615 vive-

2040 5662 2101 5702 re
2132 5652 2220 5701 est
2268 5646 2561 5717 voluptate
2591 5644 2850 5715 corporis
2884 5646 2993 5699 frui
3028 5663 3040 5713 ;
3090 5645 3238 5700 alius
3270 5652 3487 5719 autem,
3522 5648 3693 5704 Beate

2036 5735 2229 5791 vivere
2258 5740 2348 5789 est
2378 5733 2587 5789 virtute
2619 5730 2799 5789 animi
2832 5732 2943 5788 frui
2978 5750 2992 5789 :
3028 5751 3221 5791 nonne
3250 5739 3353 5792 aut
3383 5737 3553 5793 ambo
3584 5754 3691 5793 ne-

2104 5836 2117 5868 ¹
2154 5833 2237 5881 Er.
2264 5830 2580 5895 Lugd.Ven.
2614 5834 2667 5880 et
2688 5831 2830 5894 Lov.,
2866 5831 3074 5883 laudari
3111 5836 3372 5899 eacoptant,
3402 5834 3556 5885 male.
3617 5834 3691 5886 M.
