4100 6190
379 388 535 457 1021

371 544 490 584 non
515 525 718 583 aderit.
744 526 931 584 Omne
949 527 1103 600 quod
1128 527 1206 583 ibi
1237 528 1365 596 erit,
1398 529 1618 585 bonum
1644 528 1774 599 erit,
1799 532 1854 583 et
1870 545 2025 584 sum-

371 634 507 673 mus
522 622 673 673 Deus
696 633 998 674 summum
1023 619 1243 674 bonum
1267 618 1394 690 erit,
1420 624 1591 691 atque
1614 619 1685 673 ad
1711 618 2024 673 fruendum

369 707 708 762 amantibus
729 711 936 779 praesto
955 708 1098 776 erit;
1132 712 1189 763 et
1221 709 1371 779 quod
1398 707 1739 763 estomnino
1762 705 2031 762 beatissi-

369 812 557 858 mum,
592 795 674 851 ita
705 813 935 868 semper
964 796 1083 852 fore
1106 802 1330 852 certum
1354 797 1480 852 erit.
1506 797 1673 852 Nunc
1713 812 1845 851 vero
1884 795 2030 851 fece-

372 890 510 941 runt
532 885 802 956 quidemt
837 886 947 940 sibi
981 885 1339 958 philosophi,
1384 886 1537 941 sicut
1567 903 1769 942 eorum
1820 884 2029 956 cuique

375 973 615 1045 placuit,
640 974 789 1028 vitas
812 976 1012 1029 beatas
1038 992 1198 1041 suas,
1251 979 1314 1029 ut
1343 975 1509 1045 quasi
1555 974 1789 1047 propria
1820 974 2031 1029 virtute

379 1068 637 1133 possent,
663 1064 815 1134 quod
839 1065 1135 1118 communi
1171 1064 1505 1119 mortalium
1550 1062 1881 1119 conditione
1913 1080 2028 1117 non

378 1157 668 1223 poterant,
701 1152 784 1208 sic
814 1152 1039 1207 scilicet
1084 1153 1271 1208 vivere
1317 1157 1382 1207 ut
1429 1154 1664 1221 vellent,
1700 1152 2030 1207 sentiebant

376 1241 533 1296 enim
567 1240 734 1296 aliter
761 1242 998 1296 beatum
1031 1259 1157 1297 esse
1201 1242 1492 1297 neminem
1546 1257 1734 1313 posse,
1772 1240 1883 1296 nisi
1924 1240 2027 1296 ha-

375 1330 568 1385 bendo
608 1330 758 1402 quod
798 1329 990 1395 vellet,
1024 1335 1079 1384 et
1122 1330 1269 1385 nihil
1322 1330 1592 1401 patiendo
1642 1330 1796 1402 quod
1831 1329 2027 1384 nollet.

372 1417 515 1483 Quis
547 1422 741 1474 autem
773 1436 886 1474 non
916 1417 1405 1492 qualemcumque
1428 1420 1607 1475 vitam
1632 1436 1749 1490 qua
1779 1418 2027 1474 delecta-

368 1512 487 1575 tur,
515 1512 573 1563 et
602 1507 729 1563 ideo
749 1508 972 1563 beatam
990 1513 1175 1577 vocat,
1209 1507 1380 1563 vellet
1419 1508 1503 1564 sic
1527 1524 1653 1564 esse
1698 1508 1755 1562 in
1797 1524 1905 1563 sua
1926 1523 2026 1578 po-

372 1600 601 1663 testate,
623 1600 687 1651 ut
715 1612 842 1651 eam
868 1601 1063 1668 posset
1088 1597 1300 1653 habere
1324 1601 1664 1669 perpetuam
1682 1596 1710 1651 ?
1733 1599 1799 1649 Et
1812 1598 2027 1650 tamem

366 1686 502 1756 quis
526 1685 607 1740 ita
636 1684 763 1741 est?
802 1684 942 1748 Quis
974 1686 1099 1739 vult
1130 1685 1249 1756 pati
1283 1685 1589 1740 molestias
1620 1702 1767 1756 quas
1806 1684 2030 1738 fortiter

370 1772 599 1843 toleret,
632 1774 901 1845 quamvis
931 1790 1028 1829 eas
1068 1773 1207 1829 velit
1236 1775 1538 1846 possitque
1566 1774 1812 1828 tolerare
1843 1773 1891 1828 si
1923 1789 2029 1844 pa-
2066 1817 2071 1823 .

378 1862 555 1918 titur?
585 1863 725 1927 Quis
758 1861 893 1917 velit
925 1862 983 1916 in
1015 1865 1326 1920 tormentis
1342 1863 1551 1929 vivere,
1585 1864 1760 1918 etiam
1792 1862 1891 1933 qui
1927 1878 2028 1932 po-

376 1955 494 2007 test
524 1951 584 2007 in
616 1951 698 2006 eis
731 1951 1187 2023 perpatientiam
1220 1953 1471 2007 tenendo
1495 1952 1793 2022 justitiam
1826 1951 2028 2006 lauda-

376 2040 576 2097 biliter
608 2041 835 2097 vivere?
873 2040 1218 2096 Transitura
1265 2041 1665 2113 cogitaverunt
1700 2041 1820 2095 haec
1852 2038 2029 2107 mala,

380 2129 477 2200 qui
529 2146 595 2184 ea
641 2128 1035 2201 pertulerunt,
1069 2129 1158 2185 vel
1215 2130 1504 2202 cupiendo
1543 2130 1779 2198 habere,
1821 2127 1909 2185 vel
1956 2128 2030 2183 ti-

378 2219 593 2274 mendo
625 2219 890 2274 amittere
919 2219 1071 2290 quod
1103 2220 1402 2285 amabant,
1445 2220 1564 2275 sive
1613 2220 1880 2291 nequiter
1911 2218 2032 2274 sive

376 2306 772 2363 laudabiliter.
811 2308 956 2364 Nam
993 2308 1164 2364 multi
1223 2326 1324 2380 per
1354 2309 1691 2364 transitoria
1730 2306 1904 2377 mala,
1957 2307 2029 2363 ad

376 2397 531 2453 bona
562 2414 946 2469 permansura
994 2398 1221 2454 fortiter
1270 2398 1660 2453 tetenderunt.
1704 2397 1809 2464 Qui
1845 2398 2029 2468 profe-

375 2490 468 2541 cto
500 2504 602 2558 spe
632 2487 783 2542 beati
816 2491 977 2554 sunt,
1012 2487 1187 2542 etiam
1221 2504 1350 2542 cum
1401 2491 1541 2543 sunt
1570 2487 1628 2541 in
1678 2487 2031 2542 transitoriis

376 2575 571 2642 malis,
610 2593 712 2648 per
740 2593 865 2647 quae
896 2577 966 2631 ad
1002 2578 1154 2632 bona
1183 2593 1296 2631 non
1320 2578 1641 2632 transitura
1663 2575 2027 2647 perveniunt.

373 2663 485 2719 Sed
519 2664 620 2735 qui
666 2682 769 2736 spe
798 2665 1003 2720 beatus
1051 2669 1161 2733 est,
1208 2666 1468 2720 nondum
1527 2666 1732 2720 beatus
1770 2670 1900 2720 est:
1934 2682 2029 2721 ex-

375 2758 614 2824 spectat
645 2769 898 2826 namque
916 2770 1018 2825 per
1040 2754 1382 2826 patientiam
1408 2754 1829 2810 beatitudinem
1852 2770 2032 2825 quam

376 2842 639 2897 nondum
665 2843 951 2907 tenet.Qui
976 2859 1104 2899 vero
1134 2843 1259 2898 sine
1282 2843 1400 2899 ulla
1413 2860 1513 2914 spe
1534 2842 1788 2914 tali,sine
1804 2842 1920 2898 ulla
1943 2847 2027 2898 ta-

376 2928 417 2984 li
450 2930 685 2986 mecede
711 2930 1460 3002 cruciatur,quantamlibet
1482 2931 1754 2986 adhibeat
1773 2930 2030 2987 toleran-

379 3018 544 3089 tiam,
577 3035 691 3073 non
740 3022 828 3074 est
870 3019 1076 3075 beatus
1113 3020 1410 3087 veraciter,
1445 3021 1545 3075 sed
1582 3020 1757 3075 miser
1787 3020 2027 3075 fortiter.

381 3106 584 3178 Neque
617 3110 769 3163 enim
805 3114 1109 3180 propterea
1158 3110 1338 3165 miser
1382 3126 1493 3164 non
1549 3113 1656 3179 est,
1690 3109 1827 3180 quia
1858 3109 2032 3164 mise-

382 3196 503 3250 rior
531 3202 705 3264 esset,
740 3196 788 3251 si
818 3198 996 3252 etiam
1023 3198 1397 3270 impatienter
1426 3197 1725 3252 miseriam
1773 3197 2030 3252 sustine-

384 3290 497 3340 ret.
529 3285 705 3342 Porro
737 3287 786 3340 si
817 3288 933 3342 ista
963 3304 1077 3342 non
1111 3288 1347 3358 patitur,
1401 3303 1526 3357 quae
1576 3286 1755 3342 nollet
1812 3287 1937 3358 pati
1969 3287 2030 3341 in

387 3391 649 3446 corpore,
680 3391 785 3431 nec
834 3382 975 3431 tunc
1025 3376 1261 3447 quidem
1312 3377 1516 3431 beatus
1566 3375 1873 3431 habendus
1918 3382 2027 3443 est,

385 3463 663 3534 quoniam
689 3481 802 3520 non
830 3464 969 3520 vivit
1001 3470 1064 3520 ut
1092 3464 1235 3519 vult.
1284 3464 1355 3521 Ut
1384 3465 1541 3520 enim
1569 3465 1683 3520 alia
1733 3465 2027 3533 omittam,

379 3567 507 3623 qua:
540 3569 779 3625 corpore
810 3552 988 3609 illaeso
1019 3554 1091 3608 ad
1122 3554 1305 3609 animi
1331 3554 1622 3625 pertinent
1652 3553 2027 3621 offensiones,

379 3640 506 3695 sine
537 3642 754 3713 quibus
784 3642 971 3697 vivere
1015 3640 1316 3709 vellemus,
1347 3645 1404 3696 et
1447 3649 1585 3696 sunt
1627 3642 2026 3697 innumerabi-

367 3727 480 3795 lia;
514 3729 687 3785 vellet
717 3731 919 3802 utique
952 3731 997 3785 si
1033 3733 1231 3802 posset
1263 3731 1344 3785 ita
1374 3729 1603 3785 salvum
1654 3735 1831 3802 atque
1862 3731 2026 3787 inco-

365 3817 536 3874 lume
567 3819 776 3875 habere
806 3836 1041 3892 corpus,
1066 3824 1124 3875 et
1155 3818 1349 3875 nullas
1374 3836 1442 3875 ex
1463 3836 1529 3875 eo
1564 3820 1679 3891 pati
1706 3819 2024 3889 molestias,

362 3914 437 3965 ut
458 3910 515 3965 id
541 3910 777 3966 haberet
798 3910 856 3965 in
878 3915 1289 3983 potestate,aut
1308 3912 1366 3965 in
1385 3911 1573 3982 ipsius
1594 3911 2029 3982 incorruptione

360 4001 639 4071 corporis
664 4016 675 4055 :
702 4000 855 4071 quod
877 4000 1015 4071 quia
1032 4017 1146 4055 non
1160 4000 1428 4067 habet,ac
1448 4001 1661 4071 pendet
1680 4001 1740 4055 in
1760 4000 2024 4069 incertoâ€˜,

362 4091 633 4162 profecto
657 4106 772 4145 non
799 4089 939 4144 vivit
966 4093 1028 4143 ut
1052 4088 1194 4144 vult.
1224 4090 1501 4153 Quamvis
1532 4088 1687 4144 enim
1732 4106 1834 4161 per
1864 4090 2026 4144 forti-

360 4178 643 4234 tudinem
667 4183 745 4233 sit
770 4184 1011 4250 paratus
1033 4178 1316 4250 excipere,
1348 4183 1403 4233 et
1435 4195 1600 4250 mquo
1633 4179 1781 4234 ferre
1829 4178 2026 4234 animo

361 4268 658 4339 quidquid
694 4267 1061 4323 adversitatis
1101 4267 1415 4333 acciderit;
1469 4267 1691 4322 malvut
1722 4272 1917 4323 tamen
1964 4272 2028 4323 ut

357 4373 484 4411 non
517 4357 763 4423 accidat,
795 4361 849 4411 et
880 4357 925 4411 si
948 4356 1133 4428 possit
1168 4357 1303 4411 facit
1330 4374 1341 4424 ;
1377 4361 1553 4427 atque
1576 4356 1655 4411 ita
1676 4361 1916 4428 paratus
1938 4362 2027 4413 est

352 4445 419 4501 in
456 4449 798 4516 utrumque,
836 4450 899 4500 ut
947 4450 1238 4517 quantum
1271 4446 1328 4500 in
1374 4447 1500 4516 ipso
1529 4450 1617 4501 est
1648 4445 1896 4501 alterum
1928 4463 2025 4518 op-

350 4538 446 4590 tet
480 4534 731 4589 alterum
766 4535 923 4602 vitet,
968 4540 1023 4589 et
1052 4534 1100 4589 si
1139 4535 1293 4606 quod
1330 4535 1496 4598 vitat,
1531 4534 1861 4599 incurrerit,
1896 4535 2023 4591 ideo

349 4622 567 4679 volens
612 4623 775 4690 ferat,
830 4623 963 4694 quia
1008 4623 1152 4693 ï¬eri,
1202 4640 1317 4678 non
1353 4622 1540 4694 potuit
1588 4625 1739 4694 quod
1772 4623 2021 4680 volebat.

350 4712 443 4767 Ne
474 4713 846 4783 opprimatur
874 4728 1010 4784 ergo
1033 4713 1427 4768 sustinetzsed
1448 4713 1630 4783 premi
1649 4712 1845 4767 nollet.
1872 4715 2022 4777 Quo-

355 4802 543 4856 modo
572 4817 708 4873 ergo
725 4801 863 4855 vivit
889 4807 955 4856 ut
979 4801 1132 4856 vult?
1152 4804 1237 4856 An
1262 4802 1401 4872 quia
1430 4800 1627 4856 volens
1652 4801 1817 4857 fortis
1846 4805 1934 4857 est
1950 4803 2021 4857 ad

352 4890 610 4946 ferenda
633 4906 759 4961 quae
789 4889 968 4945 nollet
1010 4889 1210 4945 illata?
1252 4890 1383 4945 Ideo
1402 4890 1583 4962 igitur
1604 4890 1661 4944 id
1697 4890 1817 4945 vult
1862 4891 2019 4960 quod

348 4985 575 5051 potest,
610 4979 890 5050 quoniam
921 4980 1071 5051 quod
1104 4978 1225 5034 vult
1248 4996 1363 5035 non
1394 4983 1601 5051 potest.
1622 4980 1749 5034 Haec
1766 4982 1856 5034 est
1877 4983 2018 5050 tota,

348 5072 567 5124 utrum
600 5068 862 5136 ridenda,
909 5085 982 5124 an
1016 5067 1211 5141 potius
1244 5068 1599 5135 miseranda,
1631 5068 2019 5140 superborum

346 5157 665 5213 beatitudo
684 5156 1400 5229 mortalium,gloriantum
1425 5173 1486 5212 se
1504 5156 1693 5214 vivere
1716 5162 1777 5211 ut
1798 5158 2019 5229 volunt,

345 5246 502 5318 quia
546 5245 805 5301 volentes
855 5246 1145 5318 patienter
1181 5246 1374 5301 ferunt
1422 5263 1548 5319 quin
1600 5246 1862 5302 accidere
1905 5246 2018 5302 sibi

342 5334 590 5392 nolunt.
623 5336 741 5391 Hoc
771 5341 859 5392 est
888 5336 1067 5404 enim,
1115 5335 1296 5403 aiunt,
1331 5336 1483 5408 quod
1538 5337 1832 5407 sapienter
1876 5334 2021 5391 dixit

341 5424 698 5494 Terentius,

615 5513 901 5586 Quoniam
932 5530 1048 5586 non
1080 5518 1243 5586 potes
1275 5514 1332 5569 id
1366 5512 1490 5570 ï¬eri
1521 5513 1674 5585 quod
1704 5512 1813 5579 vis,

545 5585 608 5639 Id
643 5584 785 5658 velis
815 5585 971 5658 quod
1004 5584 1195 5658 possis
1212 5586 1251 5640 Â³.

678 5657 765 5728 (In
797 5655 1055 5728 Ahdrezâ€™h,
1097 5662 1204 5712 act.
1237 5660 1291 5724 2,
1338 5673 1488 5711 scen.
1524 5657 1572 5728 1,
1606 5672 1747 5712 verr.
1779 5656 1833 5726 5,
1866 5655 1944 5728 6).

424 5765 445 5827 á¾–
483 5760 639 5827 _E_diti,
676 5761 810 5827 loco,
841 5762 1068 5827 quidem,
1096 5763 1389 5827 habebant,
1417 5761 1648 5827 quidem.

424 5826 452 5860 Â²
483 5824 627 5886 Msa,
653 5824 1087 5896 pendet'incerto;
1118 5826 1314 5878 omissa
1340 5824 1614 5891 particula,
1643 5826 1717 5877 in.

427 5889 455 5923 Â³
485 5887 763 5941 Terentius
790 5887 908 5953 fert,
941 5889 1118 5955 possit.
1215 5888 1287 5943 Îœ.
1676 5920 1691 5941 Îº

1567 396 1801 459 LIBER
1845 397 2186 460 TERTIUS
2233 400 2607 463 DECIMUS.

3641 396 3796 455 1022

2136 531 2447 589 Commode
2479 533 2588 589 hoc
2618 532 2839 589 dictum
2870 546 3021 602 esse,
3041 530 3173 603 quis
3199 528 3414 601 negat?
3446 528 3556 584 Sed
3594 527 3787 583 consi-

2135 618 2278 674 lium
2314 626 2399 677 est
2421 622 2623 677 datum
2657 622 2891 689 misero,
2914 639 2983 678 ne
3000 624 3154 675 esset
3173 617 3459 674 miserior.
3494 618 3665 672 Beato
3685 634 3789 672 au-

2137 710 2275 778 tem,
2310 711 2517 780 quales
2557 728 2619 765 se
2662 727 2791 766 esse
2834 726 3037 765 omnes
3072 707 3295 773 volunt,
3329 724 3443 761 non
3494 712 3646 761 recte
3681 722 3787 761 nec

2136 812 2265 850 vere
2298 797 2526 865 dicitur,
2547 800 2670 854 Non
2704 803 2893 870 potest
2924 797 3047 853 fieri
3069 798 3221 869 quod
3253 796 3356 850 vis.
3382 795 3438 849 Si
3472 795 3624 850 enim
3651 795 3785 849 bea-

2137 887 2232 938 tus
2253 886 2652 959 est,quidquid
2678 887 2798 941 vult
2821 887 2940 941 ï¬eri
2966 890 3172 958 potest;
3190 886 3325 956 quia
3349 902 3464 939 non
3485 882 3777 955 vultquod

2135 972 2392 1027 ï¬erinon
2424 979 2633 1044 potest.
2659 976 2763 1030 Sed
2790 992 2901 1030 non
2935 981 3021 1030 est
3045 973 3418 1029 mortalitatis
3458 972 3636 1043 hujus
3658 972 3778 1026 haec

2136 1061 2250 1116 vita
2281 1078 2383 1118 nec
2418 1063 2525 1117 erit
2555 1064 2664 1118 nisi
2700 1066 2933 1135 quando
2956 1068 3007 1119 et
3042 1062 3453 1118 immortalitas
3486 1062 3612 1116 erit.
3639 1062 3775 1125 Quae

2134 1150 2182 1206 si
2207 1150 2366 1206 nullo
2387 1152 2555 1206 modo
2578 1152 2701 1206 dari
2727 1152 2944 1206 homini
2973 1157 3189 1224 posset,
3212 1152 3431 1205 frustra
3448 1150 3620 1204 etiam
3642 1151 3776 1204 bea-

2132 1241 2320 1295 titudo
2344 1247 2724 1312 quaereretur;
2757 1242 2896 1312 quia
2926 1242 3051 1296 sine
3084 1239 3519 1295 immortalitate
3536 1256 3651 1294 non
3676 1255 3775 1310 po-

2131 1332 2246 1384 test
2275 1345 2423 1385 esse.

2203 1418 2435 1475 CAPUT
2467 1418 2700 1475 VIII.â€”
2743 1420 2827 1475 11.
2864 1419 3157 1475 Bcatitudo
3184 1420 3306 1474 sine
3361 1418 3779 1473 immortalitate

2130 1524 2241 1563 non
2269 1513 2438 1579 potest
2457 1526 2590 1565 esse.
2609 1512 2749 1566 Cum
2784 1526 2920 1582 ergo
2949 1509 3101 1565 beati
3126 1525 3253 1565 esse
3283 1525 3486 1564 omnes
3508 1506 3775 1562 homines

2132 1596 2311 1652 velint
2340 1598 2387 1654 si
2419 1615 2551 1653 vere
2592 1599 2840 1669 voluntt,
2874 1599 3131 1670 profecto
3163 1602 3219 1652 et
3247 1613 3374 1653 esse
3414 1594 3776 1652 immortales

2132 1684 2334 1741 volunt
2363 1704 2376 1742 :
2401 1687 2568 1743 aliter
2586 1687 2742 1742 enim
2766 1688 2919 1743 beati
2951 1703 3079 1744 esse
3097 1704 3209 1742 non
3235 1691 3491 1756 possent.
3516 1686 3778 1755 Denique

2134 1778 2192 1830 et
2222 1776 2290 1829 de
2320 1775 2758 1832 immortalitate
2787 1776 3148 1847 interrogati,
3173 1776 3324 1831 sicut
3345 1780 3402 1830 et
3432 1775 3502 1829 de
3522 1774 3777 1829 beatitu-

2134 1864 2289 1930 dine,
2313 1881 2516 1920 omnes
2555 1882 2684 1921 eam
2721 1882 2781 1921 se
2819 1866 2961 1921 velle
2995 1866 3370 1936 respondent.
3405 1863 3515 1919 Sed
3556 1862 3778 1933 qualis-

2134 1968 2386 2024 cumque
2409 1954 2731 2020 beatitudo,
2752 1971 2880 2025 quae
2904 1955 3098 2026 potius
3118 1960 3354 2009 vocetur
3386 1969 3562 2024 quam
3587 1952 3680 2020 sit,
3716 1953 3773 2007 in

2134 2042 2242 2098 hac
2262 2042 2378 2097 vita
2403 2043 2702 2114 quaeritur,
2726 2042 2844 2098 imo
2876 2060 3007 2099 vero
3028 2044 3284 2115 tingitur,
3317 2043 3458 2097 dum
3482 2043 3779 2096 immorta-

2134 2130 2268 2187 litas
2299 2133 2659 2202 desperatur,
2694 2133 2818 2188 sine
2848 2150 2965 2204 qua
2984 2148 3119 2188 vera
3158 2132 3454 2187 beatitudo
3483 2147 3613 2187 esse
3661 2148 3776 2185 non

2135 2226 2344 2293 potest.
2379 2220 2479 2277 Ille
2519 2221 2932 2294 quippe'beate
2961 2221 3113 2279 vivit,
3151 2221 3304 2292 quod
3338 2222 3464 2291 jam
3505 2220 3778 2291 superius

2134 2310 2474 2376 diximus,et
2492 2311 2808 2366 astruendo
2832 2311 2976 2366 satis
3000 2310 3252 2379 fiximus,
3288 2310 3385 2380 qui
3412 2308 3516 2362 vivi
3542 2313 3603 2364 ut
3627 2309 3773 2379 vult,

2134 2415 2239 2454 nec
2287 2399 2439 2455 male
2468 2399 2687 2473 aliquid
2732 2399 2872 2455 vult.
2909 2400 3087 2458 Nemo
3119 2403 3312 2454 autem
3338 2398 3489 2453 male
3522 2397 3645 2452 vult
3672 2397 3780 2452 im-

2133 2489 2573 2553 mortalitatem,
2605 2488 2655 2543 si
2702 2490 2830 2559 ejus
2860 2489 3123 2543 humana
3168 2504 3348 2559 capax
3393 2492 3481 2542 est
3525 2487 3641 2542 Deo
3679 2487 3777 2541 do-

2135 2582 2310 2633 nante
2342 2582 2586 2633 natura:
2612 2578 2782 2647 cujus
2806 2578 2854 2632 si
2880 2595 2990 2633 non
3024 2595 3205 2649 capax
3243 2580 3352 2644 est,
3388 2592 3493 2631 nec
3528 2575 3777 2630 beatitu-

2133 2666 2287 2722 dinis
2318 2682 2500 2736 capax
2524 2671 2630 2722 est.
2673 2666 2743 2722 Ut
2781 2667 2934 2721 enim
2960 2666 3135 2721 homo
3158 2666 3321 2721 beate
3352 2663 3519 2734 vivat,
3554 2667 3779 2735 oportet

2133 2759 2199 2811 ut
2227 2755 2397 2810 vivat.
2446 2757 2625 2821 Quem
2660 2772 2830 2827 porro
2861 2755 3205 2810 morientem
3238 2754 3355 2809 vita
3384 2754 3511 2825 ipsa
3541 2753 3776 2823 deserit,

2133 2845 2301 2900 beata
2329 2844 2446 2900 vita
2474 2860 2605 2899 cum
2637 2844 2736 2900 illo
2768 2860 3003 2900 manere
3023 2843 3122 2916 qui
3153 2842 3385 2915 potest?
3414 2842 3557 2898 Cum
3581 2845 3777 2897 autem

2135 2933 2353 2999 diseril,
2380 2938 2480 2988 aut
2517 2933 2809 2989 nolentem
2832 2933 3050 2988 deserit
3073 2932 3273 3005 procul
3300 2930 3499 2999 dubio,
3533 2935 3636 2986 aut
3678 2947 3778 2985 vo-

2131 3022 2367 3092 lentem,
2402 3028 2503 3076 aut
2533 3026 2825 3078 neutrum.
2861 3022 2916 3077 Si
2953 3022 3267 3090 nolentem,
3290 3021 3579 3089 quomodo
3608 3020 3780 3075 beata

2132 3111 2251 3167 vita
2279 3116 2387 3177 est,
2422 3128 2547 3183 qua:
2576 3112 2655 3167 ita
2678 3117 2767 3168 est
2798 3112 2855 3167 in
2885 3111 3201 3177 voluntate,
3235 3114 3298 3165 ut
3328 3126 3443 3165 non
3476 3110 3553 3165 sit
3584 3114 3774 3180 potes-

2132 3203 2250 3255 tate
2270 3200 2297 3256 ?
2327 3201 2590 3273 Cumque
2609 3202 2816 3257 beatus
2847 3217 3019 3256 nemo
3050 3200 3125 3255 sit
3154 3199 3371 3271 aliquid
3406 3198 3649 3254 voleudo
3674 3214 3777 3253 nec

2134 3289 2423 3361 habendo,
2446 3295 2664 3361 quanto
2696 3293 2893 3345 minus
2914 3296 3002 3344 est
3034 3291 3237 3345 beatus
3260 3288 3358 3361 qui
3392 3305 3503 3343 non
3537 3287 3773 3356 honore,

2134 3395 2248 3434 non
2298 3380 2689 3450 possessione,
2723 3396 2835 3435 non
2871 3379 3130 3450 qualibet
3158 3379 3271 3433 alia
3303 3394 3382 3441 re,
3434 3378 3563 3448 ipsa
3610 3377 3777 3431 beata

2129 3468 2246 3523 vita
2297 3468 2501 3523 nolens
2539 3469 2846 3538 deseritur,
2880 3468 3113 3539 quando
3161 3468 3210 3522 ei
3264 3466 3425 3521 nulla
3470 3466 3585 3520 vita
3619 3466 3775 3520 erit?

2131 3557 2294 3612 Unde
2324 3558 2433 3613 etsi
2465 3557 2663 3612 nullus
2696 3574 2901 3612 sensus
2936 3557 3303 3628 reliquintur,
3328 3572 3442 3626 quo
3466 3554 3777 3609 sitmisera

2130 3646 2457 3718 (propterea
2487 3647 2643 3701 enim
2672 3647 2842 3701 beata
2868 3647 2985 3701 vita
3023 3643 3291 3714 discedit,
3328 3643 3601 3713 quoniam
3652 3647 3777 3699 tota

2132 3735 2420 3806 discedit),
2465 3735 2640 3790 miser
2670 3740 2758 3790 est
2804 3739 3022 3803 tamen,
3057 3734 3336 3806 quamdiu
3392 3732 3590 3801 sentit,
3637 3734 3773 3803 quia

2132 3825 2243 3882 scit
2273 3842 2335 3881 se
2376 3824 2637 3881 nolente2
2687 3823 2949 3880 consumi
2998 3828 3232 3896 propter
3277 3822 3433 3893 quod
3484 3826 3689 3877 caetera
3721 3826 3779 3876 et

2133 3907 2287 3979 quod
2322 3923 2437 3978 prae
2468 3905 2688 3961 caeteris
2728 3905 2939 3977 diligit.
2980 3904 3103 3959 Non
3128 3904 3308 3975 igitur
3355 3905 3547 3974 potest
3577 3901 3693 3956 vita
3722 3908 3778 3957 et

2131 3996 2298 4051 beata
2328 4010 2477 4060 esse,
2509 3998 2566 4049 et
2595 3994 2885 4049 nolentem
2920 3994 3216 4048 deserere!
3240 4009 3252 4047 :
3276 3992 3413 4062 quia
3445 3991 3651 4047 beatus
3679 4008 3777 4046 no-

2133 4085 2257 4140 lens
2288 4100 2461 4139 nemo
2495 4086 2596 4151 fit;
2630 4100 2694 4137 ac
2727 4101 2826 4154 per
2856 4083 2961 4138 hoc
2993 4087 3212 4154 quanto
3248 4084 3433 4152 magis
3482 4081 3776 4135 nolentem

2130 4174 2450 4229 deserendo
2496 4175 2778 4228 miserum
2833 4173 2987 4242 facit,
3035 4188 3161 4243 quae
3192 4171 3243 4226 si
3296 4169 3515 4225 nolenti
3565 4174 3775 4241 praesto

2130 4270 2285 4319 esset
2331 4263 2610 4318 miserum
2656 4262 2905 4317 faceret?
2954 4261 3013 4317 Si
3063 4266 3256 4315 autem
3291 4259 3576 4315 volentem
3610 4260 3774 4313 dese-

2131 4353 2225 4423 rit,
2258 4353 2433 4408 etiam
2466 4352 2548 4406 sic
2582 4352 2871 4422 quomodo
2912 4352 3078 4404 beata
3125 4349 3241 4403 vita
3284 4353 3426 4413 erat,
3460 4365 3634 4419 quam
3682 4364 3776 4418 pe-

2130 4441 2242 4497 rire
2262 4443 2281 4476 â´
2312 4440 2494 4495 voluit
2518 4442 2614 4511 qui
2639 4438 2935 4494 habebat?
2967 4439 3169 4493 Restat
3188 4442 3249 4491 ut
3270 4438 3465 4491 dicant
3498 4442 3773 4493 neutrum

2129 4546 2258 4585 esse
2286 4530 2346 4584 in
2378 4530 2575 4585 animo
2600 4528 2773 4595 beati;
2793 4528 2849 4582 id
2880 4532 2989 4596 est,
3008 4544 3142 4582 eum
3166 4526 3351 4582 deseri
3376 4544 3409 4581 a
3444 4527 3612 4582 beata
3631 4525 3771 4593 vita,

2128 4636 2261 4674 cum
2296 4635 2396 4689 per
2441 4622 2685 4672 mortem
2738 4617 2953 4672 deserit
2990 4621 3112 4671 tota
3159 4617 3292 4683 vita,
3328 4632 3434 4670 nec
3474 4614 3625 4670 nolle
3670 4630 3776 4669 nec

2127 4707 2288 4775 velle,
2322 4709 2393 4762 ad
2443 4713 2761 4776 utrumque
2809 4705 2963 4760 enim
3015 4710 3214 4776 parato
3261 4711 3317 4760 et
3354 4722 3517 4775 aequo
3572 4704 3777 4759 cordeâ€œ

2128 4797 2464 4852 consistere.
2501 4795 2611 4850 Sed
2659 4812 2764 4849 nec
2798 4795 2910 4849 ista
2965 4796 3130 4850 beata
3158 4799 3247 4849 est
3294 4796 3427 4859 sita,
3460 4811 3587 4865 quae
3637 4792 3771 4849 talis

2126 4890 2234 4949 est,
2268 4890 2330 4939 ut
2361 4901 2536 4955 quem
2565 4884 2803 4938 beatum
2838 4884 2992 4951 facit,
3025 4899 3221 4939 amore
3251 4884 3379 4953 ejus
3411 4883 3653 4954 indigna
3674 4882 3769 4936 sit.

2128 4974 2426 5040 Quomodo
2476 4972 2632 5028 enim
2688 4979 2777 5028 est
2828 4973 2999 5028 beata
3042 4973 3179 5041 vita,
3226 4990 3402 5044 quam
3454 4988 3566 5026 non
3616 4974 3772 5025 amat

2124 5062 2331 5118 beatus
2352 5063 2378 5118 ?
2400 5064 2511 5118 Aut
2541 5063 2833 5133 quomodo
2865 5067 3111 5129 amatur,
3145 5062 3299 5133 quod
3336 5065 3530 5114 utrum
3560 5059 3769 5131 vigeat,

2127 5170 2200 5207 an
2232 5156 2447 5224 pereat,
2482 5152 2884 5208 indifferenter
2931 5150 3254 5222 accipitur?
3304 5150 3425 5204 Nisi
3477 5150 3622 5204 forte
3659 5148 3772 5204 vir-

2122 5244 2301 5307 tutes,
2339 5258 2486 5313 quas
2517 5246 2752 5313 propter
2786 5240 2969 5296 solam
3013 5238 3425 5294 beatitudinem
3477 5237 3561 5292 sic
3610 5254 3769 5292 ama-

2124 5348 2279 5397 mus,
2313 5332 2663 5403 persuadere
2686 5330 2852 5386 nobis
2883 5329 3119 5393 audent,
3154 5332 3217 5382 ut
3245 5328 3432 5399 ipsam
3460 5326 3772 5383 beatitudi-

2196 5574 2207 5606 '
2245 5574 2364 5623 Am.
2404 5575 2458 5621 et
2488 5573 2632 5629 Mss.,
2662 5571 2707 5617 si
2728 5583 2899 5619 verum
2930 5567 3123 5617 volunt.

2187 5636 2209 5671 Â²
2240 5636 2325 5685 Sic
2359 5636 2504 5691 Msa,
2533 5635 2599 5683 At
2629 5633 2774 5688 editi,
2803 5630 3093 5692 nolentem;
3123 5631 3300 5680 minus
3334 5636 3494 5682 recte.

2194 5699 2214 5733 Â³
2246 5698 2405 5747 Edito
2440 5699 2584 5758 Lov.,
2616 5696 2861 5744 volentem
2890 5694 3135 5746 deserere.
3167 5695 3467 5760 (instigatur
3512 5710 3577 5746 ex
3619 5694 3775 5745 editis

2123 5761 2241 5811 aliis
2267 5764 2319 5809 et
2342 5760 2464 5808 Mss.

2186 5825 2207 5858 Î¹
2234 5823 2294 5871 In
2324 5823 2465 5881 Mss.,
2494 5819 2667 5884 ï¬nire.

2185 5886 2207 5919 â¸
2234 5884 2391 5949 Editi,
2424 5882 2615 5935 animo.
2646 5883 2715 5938 At
2742 5882 2889 5944 Mss,
2919 5882 3086 5935 cer-de.
