4130 6194
388 332 545 395 1023

387 482 521 521 nem
551 482 665 521 non
698 483 960 524 anemus.
988 470 1148 534 Quod
1172 472 1221 527 si
1244 473 1484 540 faciunt,
1515 476 1690 530 etiam
1730 475 1891 546 ipsas
1921 472 2029 527 uti-

385 570 497 625 que
526 572 721 611 amare
759 557 1119 627 desistimus,
1145 564 1379 632 quando
1402 564 1557 619 illam
1580 568 1815 635 propter
1854 580 2031 635 quam

387 643 573 699 solam
598 646 740 701 istas
781 648 1130 716 amavimus,
1176 668 1289 706 non
1315 669 1603 708 amamus.
1635 654 1853 708 Deinde
1889 670 2031 723 quo-

387 735 562 788 modo
594 734 700 789 erit
731 752 862 791 vera
892 740 1009 792 tam
1042 738 1142 795 illa
1173 746 1520 812 perspecta‘,
1541 748 1658 797 tam
1683 741 2032 811 examinata,

384 826 505 878 tam
531 823 804 893 eliquata,
839 830 959 880 tam
994 834 1149 882 certa
1170 831 1476 901 sententia,
1505 832 1701 886 beatos
1750 846 1877 885 esse
1909 846 2032 883 om-

384 928 489 969 nes
522 912 785 968 homines
818 914 979 983 velle,
1016 916 1063 971 si
1096 917 1207 989 ipsi
1230 919 1328 989 qui
1355 921 1479 989 jam
1516 920 1662 975 beati
1697 924 1852 985 sunt,
1881 917 2032 973 beati

382 1018 511 1056 esse
533 1018 637 1057 nec
669 1002 897 1068 nolunt,
933 1020 1036 1059 nec
1067 1004 1308 1060 volunt?
1354 1010 1469 1061 Aut
1501 1007 1549 1062 si
1581 1005 1802 1076 volunt,
1838 1010 1899 1059 ut
1937 1021 2031 1059 ve-

380 1090 526 1145 ritas
556 1089 788 1157 clamat,
824 1098 885 1146 ut
912 1099 1122 1149 natura
1144 1094 1459 1166 compellit,
1479 1097 1571 1149 cui
1596 1111 1827 1150 summe
1846 1095 2032 1149 bonus

377 1183 435 1233 et
464 1178 907 1235 immutabiliter
929 1184 1132 1237 beatus
1163 1183 1395 1238 Creator
1421 1184 1636 1239 indidit
1680 1186 1819 1249 hoc;
1854 1184 1900 1237 si
1933 1200 2029 1237 vo-

377 1267 526 1334 lunt,
560 1268 817 1337 inquam,
856 1271 1005 1325 beati
1039 1287 1165 1327 esse
1187 1275 1285 1343 qui
1319 1273 1471 1328 beati
1504 1279 1661 1341 sunt,
1712 1273 1859 1328 beati
1915 1290 2029 1327 non

380 1374 508 1412 esse
540 1358 740 1429 utique
772 1359 1059 1414 nolunt.Si
1085 1366 1281 1417 autem
1314 1363 1467 1417 beati
1504 1381 1617 1416 non
1650 1380 1778 1418 esse
1802 1362 2027 1428 nolunt,

382 1446 583 1514 procul
634 1448 811 1503 dubio
861 1449 1067 1505 nolunt
1114 1452 1382 1506 consumi
1436 1452 1621 1523 perire
1671 1452 1826 1521 quod
1880 1450 2029 1506 beati

382 1539 543 1590 sunt.
587 1536 700 1591 Nec
732 1537 842 1591 nisi
884 1538 1139 1593 viventes
1172 1540 1323 1594 beati
1358 1557 1485 1596 esse
1517 1544 1797 1611 possunt:
1826 1540 2033 1595 nolunt

378 1623 560 1697 igitur
585 1626 770 1697 perire
794 1628 947 1698 quod
969 1627 1184 1683 vivunt.
1204 1628 1567 1685 Immortales
1600 1646 1735 1702 ergo
1766 1646 1897 1685 esse
1923 1646 2032 1684 vo-

377 1713 527 1782 lunt,
553 1715 1052 1786 quicumquevere
1074 1718 1225 1772 beati
1249 1718 1334 1773 vel
1353 1722 1489 1773 sunt
1510 1718 1739 1774 velesse
1762 1719 2026 1790 cupiunt.

376 1802 503 1858 Non
552 1808 747 1858 autem
789 1805 927 1859 vivit
966 1806 1149 1876 beate,
1182 1808 1273 1863 cui
1309 1824 1422 1862 non
1456 1809 1622 1863 adest
1652 1809 1807 1878 quod
1864 1807 2026 1862 vult:

380 1891 542 1946 nullo
576 1892 748 1947 modo
774 1892 954 1964 igitur
991 1911 1118 1951 esse
1148 1896 1359 1967 poterit
1386 1896 1499 1951 vita
1532 1897 1811 1953 veraciter
1842 1896 2026 1966 beata,

382 1979 499 2035 nisi
530 1980 705 2036 fuerit
740 1984 1116 2054 sempiterna.

455 2069 689 2125 CAPUT
712 2070 801 2127 IX.
820 2104 885 2111 —
903 2072 987 2127 12.
1014 2074 1131 2129 Non
1151 2074 1413 2131 humanis
1428 2076 2028 2147 argumentationibus,

382 2158 475 2214 sed
484 2159 617 2230 ﬁdei
631 2162 814 2215 auxili
841 2161 1073 2217 dicimus
1088 2164 1483 2220 beatitudinem
1494 2165 1754 2237 futuram
1776 2180 1887 2221 esse
1912 2180 2033 2219 vere

384 2248 812 2318 sempitermam.
843 2251 924 2305 Ea:
952 2252 1088 2306 Filii
1117 2255 1219 2307 Dei
1247 2255 1629 2309 incarnatione
1664 2254 1943 2309 credibilis
1970 2254 2031 2324 ﬁt

384 2339 782 2393 immortalitas
797 2340 1177 2396 beatitudinis.
1190 2343 1343 2398 Hanc
1357 2347 1551 2397 utrum
1565 2344 1756 2416 capiat
1772 2343 2034 2398 humana

382 2431 614 2493 natura,
647 2445 825 2501 quam
856 2434 1051 2485 tamen
1084 2431 1527 2487 desiderabilem
1549 2432 1879 2499 conﬁtetur,
1917 2449 2032 2487 non

381 2531 561 2587 parva
592 2516 836 2586 quaestio
867 2520 974 2572 est.
1001 2518 1111 2573 Sed
1137 2518 1185 2573 si
1208 2518 1357 2573 fides
1378 2518 1550 2587 adsit,
1592 2536 1720 2590 quae
1766 2518 1920 2574 inest
1949 2518 2032 2573 eis

380 2603 596 2675 quibus
618 2604 777 2660 dedit
809 2610 1157 2677 potestatem
1180 2607 1354 2663 Jesus
1377 2607 1528 2663 ﬁlios
1563 2608 1658 2663 Dei
1692 2608 1838 2675 ﬁeri,
1874 2607 2035 2663 nulla

384 2693 613 2763 questio
662 2699 771 2749 est.
824 2696 1109 2751 Humanis
1167 2697 1383 2768 quippe
1426 2696 2034 2768 argumentationibus

387 2781 510 2837 haec
541 2784 797 2839 invenire
845 2790 1146 2853 conantes,
1198 2785 1291 2840 vix
1340 2786 1510 2857 pauci
1548 2802 1758 2858 magno
1807 2786 2032 2857 praediti

387 2871 643 2943 ingenio,
676 2874 1043 2930 abundantes
1064 2875 1201 2942 otio,
1228 2875 1629 2948 doctrinisque
1660 2874 2037 2931 subtibilissi-

385 2960 497 3017 mis
518 2961 751 3027 eruditi,
776 2963 845 3018 ad
879 2964 1273 3035 indagandum
1296 2965 1479 3020 solius
1502 2966 1709 3020 anima:
1740 2964 2035 3020 immorta-

383 3048 607 3105 litatem
639 3052 938 3122 pervenire
961 3058 1295 3124 potuerunt.
1322 3054 1631 3109 Uuitamen
1664 3053 1873 3109 animae
1905 3054 2034 3109 bea-

385 3142 507 3195 tam
538 3139 717 3194 vitam
750 3157 863 3195 non
898 3141 1245 3197 invenerunt
1275 3142 1569 3210 stabilem,
1593 3144 1649 3198 id
1681 3148 1769 3198 est
1798 3159 1991 3198 veram
2018 3160 2032 3198 :

388 3230 461 3285 ad
494 3228 760 3285 miserias
782 3248 909 3286 eam
944 3232 1157 3303 quippe
1185 3233 1315 3288 vitae
1348 3233 1528 3305 hujus
1551 3234 1725 3288 etiam
1758 3234 2035 3305 postbea-

386 3317 699 3374 titudinem
733 3320 918 3375 redire
948 3322 1238 3376 dixerunt.
1292 3322 1359 3377 Et
1390 3322 1490 3394 qui
1549 3338 1749 3378 eorum
1800 3323 1871 3377 de
1929 3322 2035 3377 hac

392 3408 751 3463 erubuerunt
781 3410 1089 3477 sententia,
1118 3415 1175 3465 et
1204 3411 1461 3466 animam
1482 3416 1788 3483 purgatam
1808 3411 1865 3465 in
1891 3427 2038 3466 sem-

393 3497 620 3568 piterna
642 3498 1025 3555 beatitudine?
1055 3499 1182 3554 sine
1215 3516 1455 3572 corpore
1486 3500 1883 3556 collocandum
1924 3518 2037 3572 pu-

390 3590 678 3658 taverunt,
701 3587 841 3643 talia
864 3589 933 3643 de
965 3589 1168 3643 mundi
1199 3595 1484 3645 retrorsus
1541 3590 1860 3645 aeternitate
1905 3607 2035 3646 sen-

392 3675 567 3742 tiunt,
606 3680 669 3731 ut
697 3677 845 3732 hanc
875 3677 945 3733 de
976 3679 1155 3733 animi
1187 3679 1534 3734 sententiam
1587 3695 1755 3735 suam
1802 3680 1915 3751 ipsi
1950 3696 2037 3735 re-

393 3764 684 3838 darguant
716 3782 728 3820 :
756 3768 910 3837 quod
943 3767 1035 3822 hic
1068 3766 1310 3839 longum
1363 3773 1450 3824 est
1481 3768 1907 3840 demonstrare,
1937 3769 2037 3823 sed

388 3854 449 3909 in
492 3854 639 3910 libro
679 3855 1023 3911 duodecimo
1053 3858 1123 3911 de
1166 3856 1408 3911 Civitate
1443 3857 1565 3921 Dei,
1617 3858 1761 3913 satis
1792 3874 1825 3911 a
1873 3858 2041 3912 nobis

392 3948 500 4013 est,
535 3948 822 4015 quantum
852 3946 1122 4014 arbitror,
1154 3945 1503 4018 explicatum
1535 3946 1690 4017 (Cap.
1725 3947 1837 4018 20).
1874 3947 2042 4002 Fides

395 4036 586 4087 autem
650 4032 764 4088 ista
810 4038 998 4088 totum
1050 4034 1348 4088 hominem
1416 4034 1809 4089 immortalem
1886 4036 2041 4089 futu-

395 4138 551 4192 rum,
585 4122 685 4192 qui
714 4122 917 4193 utique
961 4127 1189 4179 constat
1233 4140 1300 4177 ex
1334 4123 1531 4178 anima
1578 4140 1833 4193 corpore,
1866 4128 1923 4178 et
1970 4125 2042 4179 ob

397 4210 506 4266 hoc
537 4227 665 4267 vere
696 4213 953 4281 beatum,
987 4228 1101 4267 non
1135 4211 1638 4283 argumentatione
1658 4212 2043 4281 humana,sed

396 4300 593 4356 divina
630 4302 967 4357 auctoritate
1012 4300 1317 4373 promittit.
1351 4301 1421 4355 Et
1475 4301 1603 4356 ideo
1657 4318 1789 4356 cum
1824 4302 2044 4357 dictum

395 4396 550 4445 esset
597 4391 656 4444 in
696 4390 1185 4463 Evangelio,quod
1237 4390 1413 4446 Jesus
1461 4390 1685 4445 dederit
1729 4396 2047 4462 potestatem

392 4478 540 4549 ﬁlios
571 4479 669 4533 Dei
696 4481 819 4549 ﬁeri
833 4482 903 4534 iis
931 4482 1027 4552 qui
1056 4496 1178 4534 eum
1212 4488 1553 4551 receperunt;
1584 4484 1640 4534 et
1671 4479 1809 4551 quid
1845 4481 1923 4535 sit
1965 4498 2047 4535 re-

396 4566 621 4637 cepisse
661 4584 816 4638 eum,
870 4569 1120 4624 breviter
1150 4568 1330 4625 fuisse
1375 4568 1727 4641 expositum,
1776 4568 2045 4636 dicendo,

397 4655 751 4711 Credentibus
782 4656 838 4709 in
870 4660 1093 4713 nomine
1116 4660 1272 4730 ejus;
1304 4673 1536 4730 quoque
1580 4659 1748 4729 modo
1795 4657 1900 4712 ﬁlii
1947 4658 2046 4713 Dei

399 4746 625 4814 ﬁerent,
660 4747 815 4799 esset
844 4745 1212 4813 adjunctum,
1264 4748 1369 4815 Qui
1392 4763 1503 4802 non
1554 4763 1623 4802 ex
1661 4747 2048 4818 sanguinibus,

396 4849 571 4906 neque
597 4850 669 4888 ea:
698 4834 973 4890 voluntate
1001 4837 1217 4903 carnis,
1237 4852 1410 4906 neque
1438 4852 1508 4891 ex
1528 4838 1807 4893 voluntate
1832 4838 1943 4892 viri
1959 4836 2052 4893 sed

398 4940 472 4980 ea:
500 4924 603 4979 Deo
632 4926 754 4979 nati
779 4932 911 4979 sunt
937 4941 950 4978 :
973 4941 1045 4979 ne
1076 4924 1190 4979 ista
1216 4923 1522 4979 hominum
1555 4942 1730 4995 quam
1782 4926 2049 4982 videmus

400 5017 457 5069 et
488 5018 787 5084 gestamus
819 5011 1133 5068 inﬁrmitas
1164 5016 1386 5067 tantam
1417 5013 1817 5069 excellentiam
1849 5014 2050 5086 despe-

401 5106 574 5169 raret,
611 5101 763 5157 illico
793 5118 1084 5157 annexum
1117 5105 1226 5172 est,
1249 5101 1313 5155 Et
1334 5102 1554 5157 verbum
1576 5118 1699 5157 caro
1720 5106 1926 5173 factum
1945 5108 2044 5171 est,

398 5195 450 5246 et
480 5192 743 5247 habitavit
776 5194 835 5246 in
862 5191 1016 5247 nobis
1047 5191 1225 5261 (Joan.
1258 5208 1291 5257 ι,
1326 5191 1537 5261 12-14),·
1573 5200 1630 5245 ut
1664 5209 1696 5245 a
1748 5192 2035 5248 contrario

406 5281 751 5336 suaderetur
798 5281 950 5352 quod
1010 5278 1351 5335 incredibile
1398 5280 1723 5335 videbatur.
1774 5281 1830 5335 Si
1880 5282 2035 5336 enim

398 5373 608 5423 natura
639 5369 736 5423 Dei
762 5368 937 5424 Filius
959 5373 1193 5440 propter
1225 5368 1373 5423 ﬁlios
1392 5368 1698 5423 hominum
1724 5368 2046 5424 misericor-

401 5458 496 5510 dia
526 5456 713 5512 factus
743 5462 831 5511 est
860 5458 1116 5513 hominis
1150 5458 1326 5523 ﬁlius;
1356 5458 1461 5512 hoc
1494 5462 1582 5513 est
1610 5457 1787 5525 enim,
1819 5458 2046 5512 Verbum

401 5560 532 5599 caro
556 5548 760 5615 factum
789 5556 882 5613 est,
915 5552 968 5601 et
1018 5548 1286 5602 habitavit
1338 5550 1399 5601 in
1459 5549 1615 5602 nobis
1656 5546 1995 5602 hominibus
2028 5564 2041 5602 :

472 5755 671 5824 fgditi,
703 5758 1161 5824 perfecta:_Melius
1181 5758 1335 5824 _Mss.,
1364 5764 1652 5824 perspecta.

228 5826 427 5905 ι-*Ἆ
467 5819 489 5854 ³
520 5817 674 5876 Editi,
705 5830 760 5867 in
788 5817 1147 5880 sempiternam
1172 5817 1559 5878 beatitudinem.

1498 342 1597 402 DE
1642 340 2094 415 TRINITATE,
2144 340 2207 401 s.
2254 342 2683 402 AUGUSTINI

3605 350 3732 410 1024

2144 477 2363 543 quanto
2396 474 2861 542 estcredibilius,
2896 479 3105 530 natura
3136 473 3284 531 ﬁlios
3311 476 3553 533 hominis
3581 482 3736 551 gratia

2143 562 2241 616 Dei
2271 562 2421 616 ﬁlios
2455 563 2549 617 Dei
2584 563 2728 627 ﬁeri,
2761 568 2819 618 et
2850 564 3112 619 habitare
3146 566 3203 619 in
3237 570 3366 631 Deo,
3400 567 3453 620 in
3496 584 3598 639 quo
3639 570 3739 625 solo

2137 654 2195 704 et
2225 650 2293 704 de
2325 668 2438 721 quo
2473 649 2594 705 solo
2619 668 2745 705 esse
2778 652 3195 722 possuntbeati
3218 653 3740 724 participesimmor-

2136 738 2382 793 talitatis
2441 740 2569 809 ejus
2642 740 2869 805 etfecti;
2920 745 3152 811 propter
3228 741 3379 812 quod
3436 743 3746 812 persuaden-

2136 828 2275 881 dum
2312 828 2404 882 Dei
2439 827 2618 883 Filius
2649 828 2939 900 particeps
2974 835 3183 884 nostra:
3234 830 3603 886 mortalitatis
3641 834 3751 888 effe-

2134 922 2266 972 ctus
2297 917 2428 971 est?

2205 1005 2431 1060 CAPUT
2461 1005 2525 1059 X.
2560 1037 2628 1045 —
2652 1006 2736 1060 13.
2772 1008 3155 1063 Incarnatione
3192 1007 3345 1062 Verbi
3374 1010 3748 1065 convenienlior

2131 1109 2243 1147 non
2270 1096 2379 1163 [uit
2409 1095 2599 1149 modus
2628 1096 2773 1150 alius
2806 1097 3088 1151 liberandi
3109 1095 3349 1151 hominis
3370 1114 3401 1151 a
3422 1098 3753 1153 mortalitatis

2131 1185 2384 1238 miseria.
2418 1184 2609 1238 Merita
2638 1200 2765 1257 quae
2810 1186 3072 1240 dicuntur
3101 1190 3310 1251 nostra,
3348 1184 3487 1241 dona
3521 1187 3753 1242 suntDei.

2134 1272 2243 1327 Eos
2266 1273 2462 1342 itaque
2489 1274 2588 1344 qui
2606 1274 2827 1342 dicunt,
2866 1275 3027 1329 Itane
3049 1275 3233 1330 defuit
3264 1274 3377 1330 Deo
3398 1276 3601 1330 modus
3628 1275 3756 1330 alius

2133 1377 2249 1432 quo
2280 1361 2552 1417 liberaret
2580 1362 2848 1419 homines
2879 1380 2912 1419 a
2944 1364 3180 1419 miseria
3198 1363 3563 1419 mortalitatis
3580 1365 3758 1435 hujus,

2134 1454 2198 1505 ut
2227 1450 2594 1522 unigenitum
2614 1451 2825 1507 Filium
2849 1452 3031 1507 Deum
3063 1452 3176 1507 sibi
3205 1453 3758 1523 coasternum,homi-

2134 1555 2267 1595 nem
2302 1539 2425 1594 ﬁeri
2440 1539 2630 1608 vellet,
2652 1540 2947 1596 induendo
2966 1540 3289 1596 humanam
3319 1540 3574 1597 animam
3592 1546 3643 1597 et
3658 1558 3764 1598 car-

2134 1647 2291 1695 nem,
2315 1628 2739 1702 mortalemque
2771 1630 2987 1685 factum
3024 1634 3271 1685 mortem
3304 1630 3558 1702 perpeti?
3578 1647 3759 1700 parum

2134 1725 2191 1777 et
2223 1719 2306 1775 sic
2338 1718 2621 1787 refellere,
2654 1722 2719 1773 ut
2749 1719 2931 1775 istum
2965 1719 3206 1774 modum
3249 1735 3364 1792 quo
3395 1735 3503 1774 nos
3528 1734 3626 1791 per
3656 1719 3761 1775 Me-

2134 1809 2419 1864 diatorem
2443 1808 2541 1863 Dei
2556 1814 2612 1864 et
2628 1807 2938 1863 hominum
2960 1808 3254 1863 hominem
3274 1808 3568 1863 Christum
3586 1808 3766 1863 Jesum

2135 1902 2285 1953 Deus
2305 1896 2551 1951 liberare
2568 1896 2870 1969 dignatur,
2902 1914 3238 1953 asseramus
3262 1897 3483 1952 bonum
3508 1902 3563 1953 et
3582 1897 3768 1952 divinm

2133 2002 2460 2058 congruum
2475 1986 2743 2057 dignitati
2762 2002 2775 2040 :
2791 2002 2993 2040 verum
3008 1986 3185 2041 etiam
3200 1986 3649 2042 utostendamus
3666 2004 3768 2041 non

2134 2076 2317 2132 alium
2342 2075 2583 2130 modum
2608 2074 2947 2146 possibilem
2970 2080 3081 2130 Deo
3105 2075 3385 2141 defuisse,
3420 2077 3589 2147 cujus
3624 2080 3767 2147 pote-

2134 2164 2271 2219 stati
2304 2169 2512 2219 cuncta
2555 2164 2857 2234 aequaliter
2899 2164 3357 2234 subjacent;sed
3383 2164 3650 2220 sanandas
3680 2181 3771 2219 no-

2136 2257 2268 2308 strae
2300 2252 2547 2308 miseriae
2596 2252 3123 2308 convenientiorem
3156 2253 3396 2308 modun;
3444 2252 3622 2308 alium
3671 2269 3773 2308 non

2137 2342 2340 2407 fuisse,
2373 2358 2477 2396 nec
2507 2358 2634 2397 esse
2651 2341 3002 2413 oportuisse.
3027 2341 3175 2406 Quid
3198 2342 3355 2397 enim
3378 2346 3503 2398 tam
3526 2358 3773 2398 necessa-

2137 2430 2289 2485 rium
2324 2430 2435 2486 fuit
2464 2431 2533 2485 ad
2566 2430 2901 2503 erigendam
2937 2448 3103 2502 spem
3136 2439 3416 2499 nostram,
3452 2436 3777 2502 mentesque

2139 2520 2473 2575 mortalium
2507 2520 2839 2575 conditione
2881 2519 3068 2590 ipsius
3101 2518 3475 2575 mortalitatis
3512 2521 3772 2591 abjectas,

2138 2609 2211 2663 ab
2256 2608 2713 2664 immortalitatis
2758 2609 3161 2681 desperatione
3199 2608 3559 2678 liberandas,
3609 2624 3772 2681 quam

2138 2701 2204 2753 ut
2233 2698 2735 2753 demonstraretur
2759 2697 2927 2753 nobis
2949 2696 3154 2768 quanti
3172 2714 3278 2752 nos
3308 2698 3589 2769 penderet
3616 2703 3773 2765 Deus,

2140 2791 2546 2857 quantumque
2572 2785 2868 2858 diligeret?
2908 2786 3060 2850 Quid
3116 2802 3251 2841 vero
3283 2785 3468 2858 hujus
3508 2786 3589 2842 rei
3630 2790 3778 2841 tanto

2139 2877 2250 2931 isto
2284 2874 2496 2930 indicio
2524 2874 2893 2931 manifestius
2919 2879 3094 2946 atque
3125 2872 3489 2947 praeclarius,
3512 2892 3685 2947 quam
3716 2878 3773 2929 ut

2141 2964 2239 3019 Dei
2272 2963 2456 3020 Filius
2486 2962 2933 3019 immutabiliter
2952 2964 3229 3029 bonus,in
3261 2981 3323 3020 se
3357 2963 3775 3035 manens,quod

2141 3059 2283 3121 erat,
2312 3057 2415 3108 eta
2437 3051 2605 3109 nobis
2650 3070 2754 3125 pro
2778 3053 2946 3109 nobis
2992 3053 3281 3125 accipiens
3301 3054 3461 3124 quod
3509 3070 3621 3108 non
3654 3057 3785 3123 erat,

2142 3146 2349 3215 praeter
2379 3159 2495 3196 suae
2528 3144 2749 3196 naturae
2781 3141 3248 3209 detrimentum‘,
3285 3146 3499 3197 nostrai
3524 3143 3787 3214 dignatus

2142 3231 2290 3286 inire
2304 3230 2688 3295 consortium,
2710 3230 2875 3302 prius
2906 3230 2953 3284 si
2984 3230 3102 3286 ullo
3123 3231 3276 3286 malo
3293 3246 3399 3286 suo
3416 3231 3627 3286 merito
3646 3229 3790 3285 mala

2142 3325 2344 3376 nostra
2361 3320 2732 3391 perferret;ac
2755 3320 2839 3374 sic
2845 3320 2968 3389 jam
2994 3320 3367 3375 credentibus
3385 3324 3676 3390 quantum
3693 3334 3789 3373 nos

2143 3408 2349 3481 diligat
2378 3408 2552 3471 Deus,
2573 3412 2627 3463 et
2658 3408 2811 3480 quod
2844 3409 3304 3480 desperabamus
3334 3410 3463 3479 jam
3513 3407 3788 3481 speranti—

2144 3498 2277 3564 bus,
2312 3498 2465 3553 dona
2494 3497 2552 3551 in
2604 3514 2709 3551 nos
2755 3514 2860 3551 sua
2888 3497 3015 3552 sine
3064 3496 3200 3553 ullis
3232 3498 3401 3552 bonis
3435 3496 3663 3552 meritis
3695 3513 3793 3551 no-

2146 3587 2306 3655 stris,
2336 3586 2453 3641 imo
2488 3585 2951 3658 praecedentibus
2996 3590 3053 3641 et
3084 3584 3257 3641 malis
3289 3585 3515 3641 meritis
3564 3584 3793 3653 nostris,

2147 3675 2405 3731 indebita
2433 3675 2701 3747 largitate
2722 3676 3011 3730 conferret
3032 3675 3059 3729 ?

2220 3766 2307 3819 14.
2332 3764 2477 3828 Quia
2507 3768 2562 3819 et
2592 3781 2657 3819 ea
2685 3781 2810 3835 quae
2842 3764 3119 3819 dicuntur
3149 3763 3359 3818 merita
3388 3768 3615 3830 nostra,
3646 3764 3796 3819 dona

2149 3859 2287 3910 sunt
2303 3855 2452 3922 ejus.
2486 3853 2557 3908 Ut
2586 3853 2745 3907 enim
2780 3853 2923 3908 ﬁdes
2954 3852 3328 3908 dilectionem
3362 3858 3639 3924 operetur
3680 3854 3800 3924 (Ga-

2150 3943 2246 3998 tat.
2273 3960 2327 4005 ν,
2358 3942 2433 4007 6),
2461 3941 2705 3997 charitas
2728 3942 2821 3997 Dei
2846 3942 3048 4013 diﬂusa
3081 3945 3158 3997 est
3209 3942 3269 3996 in
3319 3941 3579 3997 cordibus
3608 3942 3802 3997 nostris

2147 4048 2247 4102 per
2276 4031 2541 4101 Spiritum
2573 4039 2819 4085 sanctum
2844 4031 2943 4101 qui
2956 4031 3116 4085 datus
3147 4034 3223 4085 est
3251 4031 3408 4085 nobis
3447 4035 3626 4099 (Rom.
3652 4048 3703 4096 v,
3726 4031 3798 4100 5).

2148 4121 2311 4175 Tunc
2340 4124 2428 4175 est
2458 4125 2655 4175 autem
2687 4121 2880 4188 datus,
2916 4120 3147 4189 quando
3184 4123 3275 4175 est
3304 4119 3478 4173 Jesus
3513 4135 3797 4175 resurrec-

2151 4211 2308 4265 tione
2334 4209 2707 4264 clariﬁcatus.
2760 4210 2923 4263 Tunc
2976 4209 3133 4263 enim
3176 4224 3310 4263 eum
3373 4224 3435 4262 se
3483 4209 3798 4263 missurum

2152 4316 2280 4354 esse
2311 4298 2579 4370 promisit
2610 4302 2666 4352 et
2696 4297 2857 4352 misit
2887 4298 3070 4369 (Joan.
3108 4314 3199 4367 xx,
3234 4298 3338 4364 22;
3376 4313 3475 4363 vn,
3510 4296 3605 4366 39,
3636 4302 3684 4352 et
3712 4314 3798 4361 xv,

2150 4388 2242 4458 26)
2268 4404 2280 4443 :
2306 4386 2443 4459 quia
2471 4391 2632 4456 tunc,
2666 4386 2819 4441 sicut
2850 4386 2919 4440 de
2952 4384 3049 4441 illo
3081 4386 3361 4456 scriptum
3410 4390 3522 4453 est,
3560 4390 3620 4441 et
3668 4400 3801 4457 pras-

2154 4476 2396 4546 dictum,
2429 4475 2683 4531 Ascendit
2727 4477 2785 4530 in
2825 4475 3028 4539 altum,
3075 4476 3369 4546 captivavit
3409 4476 3797 4545 captivitatem,

2154 4567 2301 4623 dedit
2338 4566 2481 4622 dona
2526 4565 2841 4621 hominibus
2899 4564 3114 4638 (Ephes.
3170 4580 3248 4634 1v,
3281 4565 3335 4629 8,
3368 4568 3423 4618 et
3457 4566 3605 4619 Psa-l.
3639 4579 3800 4627 van,

2156 4656 2268 4727 19).
2306 4660 2437 4710 Haec
2474 4656 2628 4709 dona
2657 4658 2797 4709 sunt
2828 4653 3036 4709 merita
3066 4657 3287 4717 nostra,
3310 4652 3528 4723 quibus
3552 4653 3622 4707 ad
3649 4668 3805 4707 sum-

2156 4762 2319 4800 mum
2372 4746 2593 4800 bonum
2649 4740 3004 4798 immortalis
3048 4740 3432 4797 beatitudinis
3465 4741 3486 4775 ²
3547 4740 3805 4811 perveni-

2156 4852 2309 4891 mus.
2346 4833 2699 4890 Commendat
2734 4841 2941 4899 autem,
2973 4831 3167 4901 inquit
3198 4830 3531 4901 Apostolus,
3564 4831 3800 4886 charito-

2155 4937 2267 4983 tem
2294 4943 2453 4981 suam
2482 4926 2624 4980 Deus
2658 4926 2718 4979 in
2745 4926 2923 4989 nobis,
2957 4924 3217 4993 quoniam
3246 4938 3371 4976 cum
3400 4921 3577 4976 adhuc
3613 4937 3799 4992 pecca-

2157 5021 2301 5071 tores
2331 5031 2581 5077 essemus,
2628 5012 2876 5068 Christus
2901 5028 3001 5083 pro
3034 5012 3186 5066 nobis
3234 5019 3481 5067 mortuus
3512 5014 3607 5065 est.
3641 5010 3801 5065 Multo

2156 5107 2329 5176 magis
2377 5101 2681 5175 justificati
2730 5117 2877 5156 nunc
2943 5102 3003 5155 in
3076 5102 3346 5171 sanguine
3399 5102 3608 5171 ipsius,
3664 5098 3804 5153 salvi

2155 5196 2363 5249 erimus
2433 5191 2497 5245 ab
2574 5191 2669 5245 ira
2746 5206 2852 5261 per
2924 5191 3134 5261 ipsum.
3196 5188 3401 5244 Adhuc
3472 5188 3674 5255 addit,
3750 5188 3805 5240 et

2157 5283 2316 5348 dicit,
2377 5280 2436 5335 Si
2489 5280 2638 5334 enim
2694 5296 2820 5334 cum
2868 5279 3086 5333 inimici
3141 5294 3398 5347 essemus,
3454 5273 3800 5332 reconciliati

2155 5387 2342 5425 sumus
2372 5371 2473 5424 Dco
2493 5384 2591 5438 per
2623 5372 2852 5422 mortem
2881 5368 3014 5421 Filii
3043 5368 3181 5438 ejus;
3222 5367 3393 5420 multo
3423 5367 3594 5436 magis
3625 5380 3801 5419 recon-

2154 5460 2357 5526 ciliati,
2388 5458 2527 5512 salvi
2554 5458 2769 5511 erimus
2800 5458 2861 5511 in
2893 5457 2999 5511 vita
3032 5457 3224 5527 ipsius.
3272 5456 3427 5520 Quos
3476 5456 3799 5525 peccatores

2219 5702 2235 5735 ί
2270 5698 2354 5748 Er.
2386 5700 2439 5747 et
2466 5698 2611 5757 Lov.,
2636 5698 2830 5757 preter
2859 5695 3045 5745 anime
3071 5708 3175 5744 sua
3209 5696 3410 5745 natura
3443 5693 3795 5745 detrimentum

2154 5762 2335 5820 Abest,
2363 5761 2547 5811 anima:
2567 5774 2598 5810 a
2626 5758 2749 5809 Mss.
2780 5763 2833 5809 et
2864 5758 3099 5809 editione
3122 5760 3239 5810 Am.

2219 5828 2239 5861 ³
2264 5816 2350 5878 Sic
2379 5823 2505 5881 Mss.
2532 5822 2688 5889 Editi,
2720 5834 2865 5886 vero,
2893 5820 3301 5879 immortalitatis
3327 5821 3376 5876 et
3427 5816 3769 5875 beatitudinis.

3996 540 3999 621 ι

4000 642 4001 725 ι

3996 738 4003 829 l

3996 832 4007 991 l

4008 1028 4009 1069 ι

4010 1124 4011 1183 l

4012 1220 4013 1273 l

4014 1316 4015 1371 l

4018 1510 4019 1551 ι
