4130 6194
322 316 479 377 1037

322 453 451 510 suis
484 450 637 505 mala
668 449 919 523 quisque
949 448 1171 522 patitur
1192 454 1258 506 ut
1286 448 1762 522 corrigatur,dici
1787 448 1970 504 soleat

326 540 652 613 disciplina.
692 539 850 594 Unde
880 538 1022 594 illud
1057 544 1145 594 est
1174 540 1231 595 in
1263 539 1525 611 Epistola
1571 539 1639 595 ad
1678 539 1963 601 Hebraeos,

324 633 461 701 Quis
483 632 628 685 enim
645 637 720 684 est
741 630 1129 700 ﬁlius,cuinon
1150 630 1243 685 det
1262 627 1629 700 disciplinam
1647 632 1804 699 pater
1818 627 1936 699 ejus
1952 630 1977 680 .9

322 724 380 775 et
410 718 555 773 illud
590 718 913 774 evidentius
936 718 995 772 in
1020 719 1248 787 eadem,
1274 718 1462 772 Omnis
1490 718 1640 772 enim
1668 717 1738 771 ad
1759 726 1973 787 tempus

323 805 633 879 disciplina
650 822 759 861 non
777 806 980 879 gaudii
997 807 1211 861 videtur
1224 823 1356 874 esse,
1379 806 1470 861 sed
1492 807 1735 861 tristitia
1755 822 1773 859 :
1791 813 1974 876 postea

322 913 450 953 vero
468 897 721 970 fructum
739 895 1031 967 paciﬁcum
1055 898 1127 951 iis
1149 898 1244 967 qui
1260 912 1361 967 per
1380 912 1499 952 eam
1518 898 1822 960 certarunt,
1846 894 1970 949 red-

324 985 655 1058 detjustitiae
671 986 850 1054 (Hebr.
866 987 1036 1052 1111.7,
1056 986 1163 1055 11).
1186 987 1332 1040 Deus
1346 1000 1481 1057 ergo
1496 984 1620 1055 ipse
1633 1000 1867 1039 summa
1881 1000 1971 1038 sa-

322 1073 768 1146 pientia,cultus
782 1079 976 1130 autem
988 1074 1081 1129 Dei
1096 1074 1383 1146 sapientia
1396 1072 1843 1141 esthominis,de
1858 1089 1975 1144 qua

324 1162 819 1235 nuncloquimur.
854 1163 999 1218 Nam
1019 1165 1293 1234 sapzentia
1323 1167 1492 1236 hujus
1523 1161 1718 1217 mundi
1738 1163 1975 1217 stultitia

324 1258 404 1309 est
434 1252 580 1325 aptat
608 1254 780 1307 Deum
812 1253 856 1319 (Ι
891 1252 1008 1308 Cor.
1046 1267 1134 1323 in,
1170 1252 1277 1321 19).
1311 1252 1643 1307 Secundum
1688 1251 1836 1306 hanc
1865 1250 1973 1306 ita-

325 1359 439 1414 que
488 1341 859 1414 sapientiam,
913 1358 1040 1413 qum
1093 1342 1190 1397 Dei
1239 1341 1432 1396 cultus
1480 1344 1589 1405 est,
1641 1339 1722 1395 ait
1771 1343 1974 1395 sancta

326 1430 629 1502 Scriptura
671 1448 685 1485 :
726 1430 1015 1486 Multitudo
1066 1431 1402 1502 sapieMium
1447 1431 1658 1485 sanitas
1703 1438 1782 1485 est
1829 1429 1975 1484 orbis

324 1528 601 1576 terrarum
631 1519 785 1592 (Sap.
818 1537 895 1589 v1,
924 1521 1039 1586 26).

396 1610 451 1663 2.
487 1609 595 1663 Sed
630 1608 679 1663 si
712 1608 783 1663 de
814 1608 1102 1680 sapientia
1146 1606 1448 1678 disputare
1477 1604 1832 1677 sapientium
1863 1608 1972 1669 est,

329 1698 467 1769 quid
492 1712 735 1769 agemus
748 1696 775 1751 ?
793 1696 1233 1768 Numquidnam
1250 1695 1508 1767 proﬁteri
1522 1693 1872 1749 audebimus
1889 1709 1976 1749 sa-

331 1786 722 1859 pientiam,ne
752 1785 829 1840 sit
850 1789 1048 1841 nostra
1066 1785 1137 1839 de
1170 1783 1266 1839 illa
1284 1784 1595 1855 impudens
1616 1780 1976 1853 disputatio?

327 1876 530 1931 Nonne
550 1874 902 1930 terrebimur
927 1873 1191 1945 exemplo
1207 1871 1345 1945 Pyth
1356 1888 1541 1944 agorm
1558 1874 1580 1926 Ρ
1600 1870 1701 1942 qui
1722 1887 1851 1925 cum
1877 1887 1977 1926 au-

330 1982 431 2020 sus
464 1981 577 2020 non
610 1963 819 2019 fuisset
849 1962 1169 2034 sapientem
1196 1966 1209 1996 ι
1244 1960 1524 2033 profiteri,
1558 1959 1973 2031 philosophum

330 2054 548 2126 potius,
565 2052 618 2107 id
636 2056 725 2108 est
747 2056 1067 2106 amatorem
1088 2048 1384 2121 sapientiae
1407 2064 1469 2103 se
1492 2064 1618 2103 esse
1642 2047 1969 2118 respondit:

330 2160 364 2198 a
385 2159 500 2215 quo
514 2142 570 2197 id
596 2158 806 2197 nomen
821 2144 1081 2196 exortum
1097 2139 1178 2193 ita
1189 2138 1462 2209 deinceps
1477 2137 1722 2209 posteris
1736 2135 1973 2208 placuit,

332 2237 395 2288 ut
412 2230 777 2304 quantalibet
792 2230 863 2285 de
877 2229 1051 2284 rebus
1074 2229 1143 2283 ad
1168 2227 1511 2298 sapientiam
1543 2225 1975 2297 pertinentibus

332 2319 596 2377 doctrina
611 2320 862 2391 quisque
881 2316 969 2373 vel
987 2317 1097 2372 sibi
1114 2316 1200 2371 vel
1220 2315 1351 2370 aliis
1368 2314 1661 2370 videretur
1675 2312 1974 2378 excellere,

331 2426 449 2465 non
475 2408 589 2465 nisi
622 2405 1010 2479 philosophus
1033 2408 1355 2461 vocaretur.
1379 2406 1463 2458 An
1497 2404 1624 2458 ideo
1651 2402 1975 2473 sapientem

332 2498 591 2571 proﬁteri
612 2497 818 2553 talium
846 2495 1153 2551 hominum
1179 2493 1377 2548 nullus
1391 2493 1663 2557 audebat,
1683 2492 1819 2563 quia
1851 2490 1977 2546 sine

336 2588 454 2645 ullo
483 2592 717 2660 peccato
749 2585 1031 2658 putabant
1061 2599 1189 2639 esse
1222 2583 1542 2653 sapientem
1564 2581 1592 2636 ?
1630 2585 1748 2635 Hoc
1780 2583 1975 2635 autem

335 2683 535 2734 nostra
565 2676 865 2747 Scriptura
888 2690 1002 2729 non
1035 2673 1194 2737 dicit,
1211 2689 1336 2743 quae
1368 2670 1537 2725 dicit:
1559 2671 1745 2741 Argue
1765 2670 1979 2740 sapien-

332 2772 461 2835 tem,
496 2775 545 2822 et
572 2765 781 2821 amabit
811 2773 860 2819 te
892 2765 1070 2835 (Prov.
1104 2780 1180 2827 Ix,
1215 2761 1291 2832 8).
1339 2760 1600 2815 Profecto
1631 2760 1785 2813 enim
1810 2758 1976 2827 judi-

333 2861 427 2913 cat
457 2855 668 2911 habere
691 2857 1016 2925 peccatum,
1040 2867 1213 2923 quem
1245 2853 1441 2905 censet
1463 2848 1844 2920 urguendum.
1865 2846 1975 2901 Sed

333 2958 440 3015 ego
474 2957 577 2996 nec
609 2940 689 2995 sic
721 2938 956 3009 quidem
992 2936 1314 3008 sapientem
1347 2951 1439 2989 me
1461 2933 1644 2989 audeo
1678 2930 1933 3002 proﬁteri
1960 2946 1974 2985 :

333 3031 478 3087 satis
509 3034 598 3085 est
629 3027 967 3098 mihi,quod
998 3026 1172 3081 etiam
1191 3023 1303 3096 ipsi
1334 3038 1545 3093 negare
1563 3038 1676 3077 non
1710 3024 1975 3092 possunt,

334 3135 464 3176 esse
496 3119 670 3175 etiam
720 3115 1071 3189 philosophi,
1104 3114 1162 3169 id
1213 3117 1302 3169 est
1330 3110 1608 3167 amatoris
1656 3108 1977 3181 sapientia,

334 3210 407 3264 de
438 3205 727 3279 sapientia
747 3204 1061 3277 disputare.
1080 3202 1204 3259 Non
1229 3201 1384 3257 enim
1408 3200 1515 3255 hoc
1542 3198 1623 3253 illi
1648 3199 1834 3254 facere
1856 3198 1979 3252 des-

332 3299 601 3363 titerunt,
631 3295 727 3365 qui
779 3309 839 3349 se
888 3296 1175 3347 amatores
1221 3289 1519 3363 sapientia
1567 3287 1762 3361 potius
1806 3303 1977 3357 quam

334 3387 633 3459 sapientes
662 3400 790 3439 esse
823 3381 1063 3455 professi
1097 3384 1257 3437 sunt.

405 3477 460 3531 3.
486 3474 860 3545 Disputantes
878 3474 1069 3526 autem
1087 3471 1156 3525 de
1170 3467 1835 3541 sapientia,deﬁnierunt
1852 3480 1977 3520 eam

334 3565 596 3621 dicentes
620 3579 633 3617 :
667 3559 966 3633 Sapientia
994 3562 1084 3614 est
1112 3574 1306 3613 rerum
1332 3557 1723 3611 humanarum
1757 3553 1980 3609 divina-

336 3668 587 3724 rumque
602 3649 865 3706 scientia.
884 3647 1044 3703 Unde
1064 3663 1169 3718 ego
1183 3662 1416 3717 quoque
1439 3647 1497 3700 in
1512 3644 1660 3699 libro
1682 3641 1983 3713 superiore

335 3747 725 3811 utrarumque
746 3754 937 3793 rerum
952 3734 1430 3809 cognitionem,id
1451 3732 1880 3788 estdivinarum
1901 3734 1983 3783 at-

338 3848 454 3902 que
493 3830 910 3893 humanarum,
942 3830 999 3880 et
1046 3824 1393 3896 sapientiam
1425 3827 1482 3878 et
1528 3820 1833 3877 scientiam
1866 3816 1981 3873 dici

336 3934 511 3993 posse
541 3934 655 3974 non
688 3916 840 3972 tacui
872 3916 1013 3987 (Lib.
1063 3931 1188 3980 xui,
1219 3930 1378 3985 capp.
1416 3913 1466 3979 1,
1502 3912 1609 3982 19).
1636 3910 1850 3963 Verum
1886 3924 1979 3962 se-

336 4008 596 4065 cundum
618 4006 770 4061 hanc
784 4002 1219 4059 distinctionem
1236 4018 1351 4073 qua
1364 4000 1508 4056 dixit
1526 3996 1856 4071 Apostolus,
1871 3996 1983 4051 Alii

333 4100 501 4154 datur
519 4111 697 4152 sermo
716 4092 1139 4165 sapientiaplii
1156 4106 1331 4147 sermo
1350 4091 1600 4145 scientiae
1613 4088 1652 4159 (Ι
1667 4086 1979 4156 Cor.xn,8);

334 4188 451 4243 ista
500 4182 760 4241 deﬁnitio
803 4181 1113 4237 dividenda
1144 4184 1251 4247 est,
1293 4182 1358 4234 ut
1404 4194 1599 4233 rerum
1651 4175 1980 4231 divinarum

335 4276 583 4332 scientia
613 4271 843 4344 proprie
865 4268 1151 4340 sapientia
1173 4272 1564 4339 nuncupatur,
1583 4266 1979 4320 humanarum

335 4370 533 4421 autem
560 4361 789 4435 proprie
820 4357 1075 4414 scientias
1110 4374 1321 4412 nomen
1340 4356 1632 4411 obtineat:
1654 4355 1724 4408 de
1748 4369 1863 4424 qua
1885 4368 1982 4406 vo-

336 4454 560 4510 lumine
576 4450 746 4507 tertio
766 4448 989 4504 decimo
1005 4446 1317 4518 disputavi,
1338 4462 1451 4500 non
1472 4444 1672 4514 utique
1695 4440 1982 4514 quidquid

338 4542 476 4599 sciri
504 4542 576 4596 ab
608 4538 844 4595 homine
869 4540 1059 4609 potest
1084 4535 1144 4589 in
1168 4535 1341 4590 rebus
1364 4533 1662 4597 humanis,
1687 4531 1782 4586 ubi
1807 4529 1986 4601 pluri-

339 4647 503 4687 mum
536 4642 975 4700 supervacaneis
1015 4624 1287 4679 vanitatis
1319 4627 1374 4677 et
1415 4622 1596 4676 noxiae
1628 4618 1985 4675 curiositatis

338 4727 450 4789 est,
481 4719 621 4774 huic
652 4715 909 4772 scientiae
942 4713 1228 4782 tribuens,
1264 4712 1363 4767 sed
1396 4710 1541 4765 illud
1573 4708 1984 4764 tantummodo

340 4827 457 4882 quo
488 4808 629 4862 ﬁdes
653 4802 1062 4871 saluberrima,
1088 4818 1213 4873 quae
1244 4801 1313 4855 ad
1340 4815 1533 4854 veram
1564 4797 1983 4852 beatitudinem

337 4900 521 4962 ducit,
554 4895 833 4968 gignitur,
850 4892 1128 4960 nutritur,
1144 4890 1497 4953 defenditur,
1519 4887 1854 4942 roboratur:
1871 4902 1988 4956 qua

337 4984 584 5042 scientia
607 5000 719 5037 non
742 4978 1168 5051 pollentﬁdeles
1185 4976 1718 5050 plurimi,quainvis
1732 4974 1990 5047 polleant

339 5077 466 5148 ipsa
482 5074 594 5128 ﬁde
607 5068 1127 5145 plurimum.Aliud
1143 5068 1397 5123 estenim
1414 5067 1562 5121 scire
1580 5062 1988 5120 tantummodo

339 5164 481 5237 quid
516 5162 690 5217 homo
712 5159 945 5214 credere
964 5157 1173 5211 debeat
1194 5164 1424 5226 propter
1446 5153 1883 5226 adipiscendam
1905 5151 1989 5206 vi-

336 5259 458 5310 tam
492 5251 890 5318 beatam,quze
923 5261 1038 5300 non
1072 5244 1185 5299 nisi
1205 5249 1420 5299 aeterna
1449 5251 1566 5299 est:
1589 5242 1743 5298 aliud
1769 5248 1991 5310 autem,

339 5344 492 5399 scire
510 5336 1010 5412 quemadmodum
1030 5334 1139 5389 hoc
1158 5333 1352 5405 ipsum
1375 5338 1431 5387 et
1452 5332 1562 5405 piis
1585 5332 1921 5405 opituletur,
1937 5335 1995 5387 et

338 5435 540 5488 contra
571 5427 784 5499 impios
816 5423 1185 5488 defendatur,
1221 5438 1398 5493 quam
1431 5423 1662 5493 proprio
1706 5421 1993 5494 appellare

334 5516 620 5578 vocabulo
652 5513 966 5571 scientiam
988 5510 1217 5565 videtur
1240 5513 1566 5582 Apostolus.
1596 5516 1669 5566 De
1692 5527 1807 5582 qua
1829 5512 1993 5583 prius

338 5626 476 5667 cum
508 5607 798 5678 loquerer,
832 5602 1025 5674 ipsam
1058 5600 1347 5672 praecipue
1374 5601 1550 5656 ﬁdem
1581 5603 1997 5659 commendare

339 5697 565 5763 curavi,
598 5711 633 5752 a
661 5689 1085 5764 temporalibus
1106 5694 1320 5745 aeterna
1348 5689 1600 5747 breviter
1629 5696 1764 5749 ante
1784 5692 1992 5751 distin-

411 5798 430 5841 ι
459 5794 597 5851 Editi
629 5789 956 5859 sapientium.
981 5789 1048 5842 At
1076 5788 1219 5855 Msa,
1250 5790 1548 5859 sapientem.

1493 310 1726 376 LIBER
1769 310 2140 385 QUARTUS
2187 307 2557 375 DECIMUS.

3576 320 3736 383 1038

2081 464 2287 519 guens,
2321 454 2497 521 atque
2519 450 2597 505 ibi
2619 452 2689 506 de
2712 451 3133 525 temporalibus
3156 453 3489 512 disserens:
3516 463 3731 512 aeterna

2079 552 2213 591 vero
2236 538 2292 592 in
2317 538 2475 594 hunc
2498 540 2709 595 librum
2734 542 3209 613 differens,etiam
3227 544 3297 599 de
3311 545 3486 601 rebus
3501 546 3731 601 mternis

2074 624 2250 679 fidem
2274 628 2653 698 temporalem
2670 629 2993 701 quidem,et
3006 632 3403 704 temporaliter
3417 634 3474 688 in
3492 635 3730 690 creden-

2074 712 2225 768 tium
2243 716 2516 772 cordibus
2536 717 2822 790 habitare,
2840 721 3229 777 necessariam
3252 727 3467 777 tamem
3493 727 3731 795 propter

2078 802 2454 874 adipiscenda
2486 805 2614 878 ipsa
2651 813 2869 865 aeterna
2898 825 3026 865 esse
3075 810 3394 867 monstravi
3426 812 3566 882 (Lib.
3600 828 3728 881 xm,

2078 907 2199 963 cap.
2232 893 2309 959 7).
2336 893 2531 949 Fidem
2566 912 2800 968 quoque
2826 898 2895 953 de
2918 898 3337 970 temporalibus
3361 900 3556 967 rebus,
3578 916 3727 971 quas

2077 996 2181 1051 pro
2215 980 2381 1036 nobis
2416 987 2667 1039 aeternus
2717 985 2870 1055 fecit,
2905 996 2957 1042 et
2998 1003 3210 1057 passus
3240 991 3329 1043 est
3376 988 3435 1042 in
3470 988 3727 1052 homine,

2080 1084 2251 1137 quem
2284 1073 2685 1144 temporaliter
2704 1075 2907 1147 gessit,
2925 1081 3102 1147 atque
3122 1076 3194 1131 ad
3217 1081 3431 1132 aeterna
3448 1077 3732 1149 provexit,

2079 1158 2150 1212 ad
2182 1160 2448 1215 eamdem
2500 1166 2847 1218 aeternorum
2881 1165 3250 1236 adeptionem
3302 1166 3580 1238 prodesse
3609 1167 3730 1223 dis-

2078 1247 2233 1302 serui
2268 1265 2280 1303 :
2314 1249 2679 1322 virtutesque
2719 1251 2900 1323 ipsas,
2932 1253 3148 1324 quibus
3179 1253 3237 1309 in
3271 1254 3377 1309 hac
3422 1254 3731 1327 temporali

2080 1335 2433 1393 mortalitate
2466 1340 2800 1409 prudenter,
2832 1340 3075 1408 fortiter,
3112 1346 3523 1414 temperanter,
3557 1348 3614 1398 et
3635 1344 3732 1414 ju-

2079 1428 2165 1478 ste
2192 1425 2556 1493 vivitur,nisi
2579 1428 2647 1483 ad
2668 1429 3105 1495 eamdem,licet
3124 1431 3504 1503 temporalem
3528 1432 3729 1501 ﬁdem,

2079 1527 2205 1582 quis
2238 1516 2435 1569 tamen
2479 1516 2549 1571 ad
2599 1522 2815 1572 mterna
2847 1518 3134 1591 perducit,
3168 1520 3515 1590 referantur,
3562 1538 3729 1577 veras

2082 1616 2195 1655 non
2228 1617 2357 1659 esse
2388 1605 2631 1662 virtutes
2664 1606 2851 1677 (Ibid.,
2884 1623 3003 1680 cap.
3035 1609 3149 1679 20).

2160 1692 2392 1750 CAPUT
2424 1694 2492 1749 II.
2537 1726 2603 1736 —
2652 1696 2703 1750 4.
2756 1698 2817 1751 In
2866 1698 3001 1768 ﬁdei
3042 1699 3357 1770 imperatis
3402 1702 3725 1769 retentione,

2078 1788 2534 1858 contemplatione
2547 1802 2614 1841 ac
2634 1784 2931 1842 dilectione
2955 1789 3186 1843 trinitas
3202 1787 3571 1859 quaedamsed
3588 1805 3726 1845 non-

2080 1876 2210 1931 dum
2236 1875 2457 1948 proprie
2487 1876 2665 1945 imago
2696 1875 2811 1930 Dei.
2847 1877 3233 1948 Quapropter,
3265 1876 3541 1947 quoniam
3579 1877 3732 1933 sicut

2082 1966 2364 2037 scriptum
2388 1964 2973 2034 est,Qua-mdiusumus
2986 1966 3044 2019 in
3065 1968 3734 2037 corpore,peregrinamur

2080 2073 2114 2111 a
2134 2055 2362 2110 Domino
2377 2070 2399 2114 ;
2414 2069 2515 2125 per
2533 2052 2695 2123 ﬁdem
2715 2055 2863 2108 enim
2883 2054 3369 2125 ambulamus,non
3382 2071 3485 2127 per
3497 2057 3733 2127 speciem

2080 2145 2152 2217 (II
2180 2147 2307 2200 Cor.
2330 2161 2386 2209 v,
2417 2144 2470 2209 6,
2494 2143 2588 2214 7);
2624 2142 2879 2212 profecto
2902 2143 3179 2214 quamdiu
3198 2144 3398 2214 justus
3420 2160 3489 2199 ex
3511 2145 3623 2199 ﬁde
3644 2144 3731 2201 vi-

2078 2234 2160 2288 vit
2180 2234 2357 2305 (Rom.
2384 2249 2423 2303 1,
2449 2231 2560 2301 17),
2586 2230 2853 2303 quamvis
2884 2232 3208 2287 secundum
3255 2232 3550 2288 hominem
3580 2233 3730 2288 inte-

2081 2323 2293 2377 riorem
2320 2319 2635 2386 vivat,licet
2649 2336 2751 2391 per
2771 2319 3434 2392 eamdemtemporalem
3456 2322 3633 2376 ﬁdem
3652 2322 3726 2377 ad

2079 2412 2378 2467 veritatem
2404 2408 2711 2477 nitatur,et
2732 2410 2933 2464 tendat
2945 2410 3017 2464 ad
3040 2414 3475 2481 mterna,tamen
3491 2408 3549 2464 in
3569 2410 3729 2480 ejus-

2080 2501 2212 2555 dem
2236 2498 2370 2555 ﬁdei
2393 2496 2732 2568 temporalis
2754 2497 3608 2568 retentions,contemplatione,
3638 2498 3727 2553 di-

2080 2588 2345 2655 lectione,
2370 2587 2630 2642 nondum
2656 2585 2789 2641 talis
2812 2590 2899 2641 est
2921 2586 3251 2650 trinitas,ut
3275 2587 3367 2642 Dei
3384 2587 3510 2658 jam
3529 2586 3724 2661 imago

2080 2678 2324 2732 dicenda
2346 2675 2420 2730 sit
2449 2693 2461 2730 :
2491 2692 2562 2730 ne
2585 2675 2642 2729 in
2665 2675 2839 2729 rebus
2861 2675 3279 2747 temporalibus
3301 2676 3619 2731 constituta
3638 2675 3724 2730 vi-

2080 2767 2438 2835 deatur,quaa
2461 2763 2869 2819 constituenda
2888 2764 3046 2819 estin
3062 2765 3313 2820 aeternis.
3330 2769 3486 2820 Mens
3503 2764 3723 2836 quippe

2079 2856 2339 2911 humana
2356 2869 2487 2908 cum
2513 2853 2683 2908 ﬁdem
2708 2870 2876 2909 suam
2900 2852 3075 2918 videt,
3095 2870 3210 2925 qua
3225 2854 3410 2909 credit
3428 2853 3583 2925 quod
3603 2869 3721 2909 non

2077 2945 2252 3014 videt,
2288 2960 2401 2997 non
2445 2941 2665 3013 aliquid
2715 2941 3137 3013 sempiternum
3184 2941 3360 2997 videt.
3406 2942 3532 2997 Non
3563 2945 3722 2998 enim

2080 3047 2313 3103 semper
2341 3030 2450 3085 hoc
2480 3029 2609 3094 erit,
2634 3029 2786 3100 quod
2822 3029 3026 3101 utique
3046 3046 3160 3083 non
3194 3029 3322 3100 erit,
3356 3031 3588 3101 quando
3612 3030 3727 3086 ista

2081 3119 2547 3195 peregrinatione
2578 3117 2763 3184 ﬁnita,
2788 3134 2904 3188 qua
2927 3118 3371 3190 peregrinamur
3401 3136 3433 3174 a
3454 3118 3724 3186 Domino,

2082 3214 2147 3266 ut
2169 3226 2270 3282 per
2292 3208 2464 3262 ﬁdem
2488 3206 2788 3261 ambulare
2810 3222 3046 3262 necesse
3068 3207 3393 3278 sit,species
3416 3206 3515 3262 illa
3535 3223 3732 3263 succe-

2083 3302 2198 3365 det,
2216 3315 2318 3371 per
2338 3313 2513 3368 quam
2537 3295 2868 3351 videbimus
2895 3295 3036 3351 facie
3057 3297 3127 3352 ad
3159 3297 3363 3352 faciem
3389 3296 3435 3369 (I
3457 3296 3579 3353 Cor.
3602 3314 3728 3364 xm,

2083 3387 2173 3459 12)
2196 3404 2208 3442 :
2235 3387 2389 3442 sicut
2409 3384 2582 3440 modo
2605 3401 2718 3440 non
2739 3384 3227 3451 videntes,tamen
3251 3386 3389 3456 quia
3409 3384 3726 3447 credimus.

2080 3478 2274 3532 videre
2304 3473 2682 3540 merebimur,
2717 3476 2890 3543 atque
2920 3473 2992 3527 ad
3025 3472 3277 3545 speciem
3300 3490 3407 3529 nos
3429 3490 3531 3546 per
3550 3474 3727 3530 ﬁdem

2082 3565 2392 3638 perductos
2422 3577 2550 3617 esse
2581 3560 2988 3633 gaudebimus.
3013 3561 3211 3631 Neque
3240 3561 3395 3616 enim
3420 3562 3548 3632 jam
3579 3562 3725 3617 ﬁdes

2082 3653 2211 3719 erit,
2237 3668 2355 3723 qua
2384 3650 2696 3704 credantur
2716 3666 2845 3721 quis
2876 3665 2991 3703 non
3013 3649 3310 3717 videntur;
3343 3649 3443 3704 sed
3475 3647 3722 3721 species,

2083 3758 2200 3814 qua
2219 3741 2526 3795 videantur
2545 3754 2673 3809 quae
2696 3737 3100 3793 credebantur.
3117 3739 3280 3794 Tunc
3302 3754 3439 3810 ergo
3461 3738 3567 3794 etsi
3595 3738 3720 3794 vita:

2081 3830 2261 3901 hujus
2276 3826 2539 3901 mortalis
2558 3829 2864 3881 transactis
2878 3825 3342 3892 meminerimus,
3363 3830 3420 3882 et
3435 3826 3723 3881 credidis-

2083 3937 2145 3977 se
2178 3935 2284 3974 nos
2325 3914 2639 3986 aliquando
2670 3932 2794 3985 quae
2826 3932 2942 3970 non
2992 3914 3358 3982 videbamus,
3388 3914 3725 3971 memoriter

2082 4006 2526 4071 recoluerimus,
2556 4003 2612 4058 in
2648 4003 2955 4075 praeteritis
2987 4008 3164 4075 atque
3194 4004 3508 4060 transactis
3538 4004 3722 4077 depu-

2082 4097 2301 4155 tabitur
2333 4094 2475 4149 ﬁdes
2506 4094 2638 4163 ista,
2670 4110 2783 4148 non
2832 4091 2891 4148 in
2922 4093 3306 4163 praesentibus
3350 4094 3524 4149 rebus
3570 4110 3725 4149 sem-

2085 4201 2303 4259 perque
2336 4181 2712 4238 manentibus
2745 4198 2758 4237 :
2792 4198 2858 4236 ac
2887 4197 2989 4252 per
3012 4180 3119 4236 hoc
3153 4182 3329 4237 etiam
3359 4181 3592 4239 trinitas
3614 4182 3730 4238 ista

2083 4293 2210 4349 quae
2242 4289 2396 4329 nunc
2427 4272 2485 4327 in
2518 4272 2784 4344 ejusdem
2827 4271 2960 4325 ﬁdei
3006 4271 3307 4340 praesentis
3335 4288 3401 4326 ac
3432 4271 3727 4327 manentis

2086 4362 2392 4429 memoria,
2423 4360 2712 4430 contuitu,
2745 4359 3051 4414 dilectione
3082 4359 3366 4424 consistit,
3396 4364 3535 4414 tunc
3565 4364 3725 4413 tran-

2085 4459 2246 4509 sacta
2276 4456 2333 4506 et
2363 4448 2655 4521 praeterita
2685 4447 3008 4520 reperietur
3035 4463 3183 4514 esse,
3209 4464 3324 4502 non
3358 4463 3730 4520 permanens.

2089 4544 2165 4598 Ex
2196 4557 2310 4613 quo
2344 4537 2655 4609 colligitur,
2690 4541 2753 4591 ut
2785 4536 2831 4592 si
2859 4537 2982 4607 jam
3008 4535 3203 4607 imago
3235 4536 3335 4591 Dei
3369 4540 3457 4593 est
3485 4536 3599 4592 ista
3627 4536 3732 4592 tri-

2088 4632 2263 4695 nitas,
2295 4628 2470 4683 etiam
2506 4626 2633 4697 ipsa
2664 4641 2777 4681 non
2811 4625 2869 4679 in
2900 4624 2986 4679 eis
3016 4641 3144 4695 quae
3176 4641 3407 4698 semper
3438 4630 3597 4694 sunt,
3630 4625 3733 4682 sed

2087 4721 2146 4775 in
2181 4719 2354 4774 rebus
2382 4716 2462 4771 sit
2493 4714 2763 4769 habenda
2791 4713 3259 4769 transeuntibus.

2158 4806 2386 4865 CAPUT
2418 4804 2513 4859 ΙΙΙ.
2546 4834 2614 4843 -
2645 4802 2959 4873 Difficultas
2989 4810 3189 4858 contra
3214 4803 3267 4858 id
3296 4802 3440 4875 quod
3481 4818 3612 4858 mox
3650 4802 3735 4857 di-

2089 4903 2235 4954 ctum
2252 4904 2347 4960 est,
2372 4893 2628 4947 diluitur.
2654 4891 2814 4946 Absit
2836 4896 3031 4946 autem
3055 4896 3118 4946 ut
3139 4909 3269 4947 cum
3295 4892 3501 4947 animas
3526 4893 3737 4945 natura

2091 4987 2168 5043 sit
2189 4980 2562 5050 immortalis,
2588 4996 2692 5036 nec
2716 4981 2787 5036 ab
2806 4980 2973 5037 initio
2996 4998 3109 5052 quo
3135 4985 3324 5036 creata
3347 4984 3452 5045 est,
3474 4993 3737 5049 unquam

2093 5075 2366 5143 deinceps
2388 5086 2516 5126 esse
2529 5069 2858 5136 desistat,id
2876 5086 2990 5141 quo
3014 5068 3157 5123 nihil
3182 5068 3395 5124 melius
3414 5067 3739 5131 habet,non

2093 5181 2225 5221 cum
2258 5162 2384 5233 ejus
2409 5158 2851 5215 immortalitate
2873 5159 3167 5229 perduret.
3193 5157 3338 5223 Quid
3375 5173 3505 5211 vero
3528 5155 3740 5212 melius

2093 5257 2151 5311 in
2170 5255 2296 5325 ejus
2311 5254 2796 5307 naturacreatum
2823 5254 2931 5308 est.
2950 5265 3126 5320 quam
3141 5249 3291 5319 quod
3317 5249 3386 5304 ad
3402 5246 3742 5303 suiCreato-

2096 5345 2176 5400 ris
2205 5342 2522 5413 imaginem
2556 5339 2706 5393 facta
2749 5342 2837 5393 est
2868 5338 3023 5409 (Gen.
3058 5353 3098 5406 1,
3129 5336 3269 5405 27)?
3318 5336 3442 5393 Non
3473 5336 3653 5407 igitur
3684 5336 3743 5391 in

2096 5433 2229 5489 ﬁdei
2253 5429 2593 5496 retentione,
2618 5423 3609 5496 contemplatione,dilectione,quze
3630 5440 3744 5480 non

2097 5524 2209 5579 erit
2239 5534 2489 5591 semper,
2524 5515 2625 5571 sed
2655 5513 2711 5568 in
2742 5528 2809 5567 eo
2840 5513 2992 5584 quod
3026 5528 3258 5585 semper
3290 5514 3418 5581 erit,
3444 5512 3746 5569 invenien-

2098 5613 2174 5670 da
2202 5615 2291 5667 est
2320 5623 2497 5680 quam
2532 5603 2645 5658 dici
2677 5604 2939 5672 oporteat
2970 5601 3286 5675 imaginem
3320 5603 3443 5659 Dei.

2169 5704 2223 5758 5.
2247 5703 2331 5757 An
2354 5697 2547 5754 adhuc
2569 5695 2765 5748 utrum
2792 5690 2874 5747 ita
2897 5708 2957 5748 se
2980 5708 3071 5748 res
3093 5692 3323 5763 habent,
3340 5695 3639 5765 aliquanto
3662 5691 3746 5747 di-

2100 5791 2378 5871 ligentius
2390 5789 2565 5861 atque
2578 5778 2909 5841 abstrusius
2920 5783 3385 5857 perscrutahimu
3396 5781 3574 5843 r?Dici
3586 5778 3743 5839 enim
