4100 6190
454 432 666 499 potest,
683 446 795 485 non
819 429 1006 502 perire
1028 429 1202 486 istam
1220 430 1566 497 trinitatem,
1589 430 1765 486 etiam
1792 446 1926 486 cum
1959 430 2100 485 ﬁdes

450 518 579 589 ipsa
594 518 918 574 transierit:
945 520 1082 591 quia
1104 520 1256 575 sicut
1282 536 1433 574 nunc
1456 536 1580 575 eam
1622 524 1677 574 et
1713 519 1995 575 memoria
2016 522 2097 574 te-

450 622 681 671 nemus,
707 610 762 661 et
782 607 1128 679 cogitatione
1167 609 1481 676 cernimus,
1506 612 1562 662 et
1584 607 1876 662 voluntate
1908 606 2099 677 diligi-

448 707 603 760 mus;
633 693 714 749 ita
734 695 907 749 etiam
931 700 1070 750 tunc
1090 712 1225 750 eum
1245 712 1368 749 eam
1393 712 1499 749 nos
1520 695 1796 749 habuisse
1819 695 2100 749 memoria

447 782 800 853 tenebimus,
834 788 889 838 et
911 784 1254 851 recolemus,
1278 788 1333 838 et
1346 783 1453 838 hoc
1476 788 1789 855 utrumque
1810 784 1977 837 tertia
2005 800 2099 837 vo-

449 869 674 926 luntate
694 873 1036 943 jungemus,
1060 874 1261 928 eadem
1285 873 1516 928 trinitas
1542 872 1921 944 permanebit.
1948 873 2097 936 Quo-

450 960 610 1015 niam
642 961 691 1016 si
723 961 950 1016 nullum
981 962 1038 1017 in
1065 962 1233 1017 nobis
1256 963 1426 1033 quasi
1454 962 1763 1033 vestigium
1801 962 2094 1017 transiens

448 1047 767 1120 reliquerit,
793 1050 1048 1121 profecto
1072 1068 1176 1106 nec
1194 1051 1253 1104 in
1277 1051 1559 1106 memoria
1582 1056 1779 1106 nostra
1823 1051 1950 1120 ejus
1988 1050 2092 1105 ali-

445 1137 586 1209 quid
621 1138 965 1194 habebimus
1011 1156 1124 1210 quo
1180 1157 1550 1195 recurremus
1580 1156 1705 1195 eam
1739 1138 2091 1211 prreteritam

442 1227 835 1299 recordantes,
850 1232 1024 1300 atque
1044 1229 1099 1282 id
1118 1234 1434 1299 utrumque
1464 1229 1784 1284 intentione
1802 1229 1968 1283 tertia
1995 1246 2088 1284 co-

440 1313 732 1386 pulantes,
756 1321 813 1372 et
835 1318 990 1388 quod
1016 1323 1140 1372 erat
1162 1318 1383 1373 scilicet
1403 1317 1460 1371 in
1494 1318 1797 1385 memoria,
1819 1335 1934 1373 non
1954 1318 2090 1374 inde

439 1403 830 1475 cogitantibus
847 1406 1035 1475 nobis,
1058 1412 1115 1461 et
1150 1407 1304 1477 quod
1331 1407 1463 1462 inde
1494 1406 1840 1478 cogitatione
1873 1408 2085 1463 forma-

437 1496 556 1548 tur.
589 1493 699 1549 Sed
749 1496 850 1565 qui
882 1496 991 1550 hoc
1025 1496 1187 1566 dicit,
1216 1513 1328 1550 non
1375 1496 1655 1551 discernit
1703 1496 1877 1552 aliam
1930 1514 2085 1551 nunc

437 1600 566 1639 esse
594 1585 934 1653 trinitatem,
960 1586 1193 1655 quando
1218 1591 1561 1657 prazsentem
1594 1587 1767 1641 fidem
1792 1592 2081 1655 tenemus,

434 1671 725 1739 videmus,
758 1691 1027 1728 amamus
1057 1674 1113 1728 in
1162 1675 1355 1739 nobis;
1404 1676 1578 1729 aliam
1624 1681 1764 1729 tunc
1806 1676 2081 1744 futuram,

439 1763 673 1832 quando
706 1779 820 1816 non
854 1764 1063 1833 ipsam,
1079 1763 1174 1817 sed
1197 1764 1323 1832 ejus
1352 1762 1934 1834 velutimaginarium
1959 1781 2083 1819 ves-

433 1849 643 1922 tigium
670 1849 727 1905 in
763 1852 1042 1907 memoria
1074 1853 1459 1917 reconditum,
1510 1853 1905 1908 recordatione
1950 1870 2081 1909 con-

433 1939 753 2009 tuebimur,
787 1946 841 1995 et
872 1941 985 1995 duo
1014 1940 1153 2008 haec,
1189 1941 1243 1995 id
1278 1946 1386 2006 est,
1421 1943 1574 2013 quod
1609 1946 1731 1997 erat
1774 1944 1832 1997 in
1867 1960 2083 1999 memo-

432 2028 519 2084 ria
549 2030 873 2097 retinentis,
908 2035 964 2084 et
994 2032 1149 2101 quod
1181 2030 1315 2085 inde
1350 2031 1711 2102 imprimitur
1741 2033 1797 2085 in
1831 2033 1952 2088 acie
1987 2050 2079 2088 re-

428 2118 744 2189 cordantis,
776 2119 945 2174 tertia
974 2119 1271 2174 voluntate
1293 2120 1635 2191 jungemus.
1662 2122 1819 2184 Quod
1846 2126 1909 2176 ut
1941 2140 2078 2194 pos—

424 2206 501 2262 sit
530 2206 797 2279 intelligi,
832 2225 1141 2264 sumamus
1181 2210 1515 2280 exemplum
1558 2212 1627 2265 de
1676 2212 2078 2282 corporalibus

422 2296 619 2366 rebus,
652 2296 723 2351 de
752 2297 967 2368 quibus
1001 2297 1061 2351 in
1090 2296 1237 2353 libro
1272 2298 1580 2353 undecimo
1612 2298 1757 2354 satis
1788 2299 1963 2355 locuti
1984 2317 2078 2354 su-

421 2400 555 2440 mus
585 2384 739 2457 (Cap.
772 2387 807 2439 2
828 2393 881 2441 et
906 2389 1098 2458 seqq.).
1123 2387 1341 2459 Nempe
1372 2388 1443 2442 ab
1475 2388 1849 2444 inferioribus
1880 2392 1950 2444 ad
1984 2406 2073 2445 su-

422 2475 648 2541 periora
678 2475 1080 2541 ascendentes,
1114 2475 1199 2530 vel
1229 2476 1300 2530 ab
1320 2477 1701 2532 exterioribus
1715 2479 2076 2535 adinteriora

422 2562 837 2634 ingredientes,
862 2563 1117 2634 primam
1162 2564 1488 2636 reperimus
1511 2566 1831 2622 trinitatem
1856 2568 1913 2622 in
1947 2585 2072 2626 cor-

423 2668 560 2722 pore
592 2652 745 2722 quod
768 2651 1015 2720 videtur,
1042 2656 1098 2707 et
1128 2653 1250 2708 acie
1277 2654 1527 2710 videntis
1555 2672 1679 2726 qua:
1723 2673 1853 2711 cum
1897 2658 2070 2730 videt,

422 2740 559 2795 inde
594 2743 895 2808 formatur,
929 2745 986 2797 et
1016 2741 1075 2796 in
1106 2741 1420 2798 voluntatis
1466 2741 1789 2799 intentione
1822 2762 1949 2816 quae
1982 2752 2072 2801 ut-

423 2845 670 2899 rumque
726 2830 1049 2901 conjungit.
1096 2830 1244 2884 Huic
1275 2830 1523 2885 trinitati
1563 2832 1816 2888 similem
1857 2836 2071 2890 consti-

422 2921 686 2984 tuamus,
717 2935 850 2973 cum
887 2920 1030 2974 fides
1060 2936 1187 2990 quae
1220 2936 1373 2975 nunc
1406 2919 1557 2975 inest
1575 2922 1764 2989 nobis,
1791 2927 2069 2994 tanquam

422 3022 635 3077 corpus
666 3006 810 3060 illud
846 3008 903 3061 in
939 3008 1083 3075 loco,
1122 3008 1202 3062 ita
1230 3009 1287 3061 in
1322 3013 1520 3063 nostra
1552 3010 1834 3065 memoria
1864 3014 2073 3068 consti-

419 3099 546 3148 tuta
577 3100 685 3161 est,
712 3096 783 3150 de
824 3112 937 3166 quo
987 3096 1339 3151 informatur
1379 3098 1648 3168 cogitatio
1690 3102 2068 3168 recordantis,

419 3182 571 3237 sicut
591 3200 659 3237 ex
682 3182 780 3238 illo
805 3200 1042 3254 corpore
1060 3184 1212 3238 acies
1236 3185 1519 3240 intuentis
1546 3202 1557 3239 :
1579 3186 1795 3257 quibus
1817 3190 2069 3259 duobus,

421 3277 485 3327 ut
536 3271 767 3327 trinitas
809 3273 1141 3344 impleatur,
1174 3279 1597 3329 annumeratur
1650 3277 1822 3332 tertia
1867 3278 2069 3333 volun-

418 3367 666 3433 tas,quee
689 3364 862 3417 fidem
886 3362 942 3416 in
969 3363 1253 3417 memoria
1271 3363 1641 3419 constitutam
1663 3369 1719 3420 et
1752 3369 2068 3438 quamdam

423 3452 551 3522 ejus
583 3450 832 3523 efﬁgiem
870 3451 929 3505 in
954 3453 1215 3507 contuitu
1259 3453 1677 3509 recordationis
1717 3454 2068 3527 impressam

420 3542 713 3595 connectit
742 3546 797 3595 et
827 3540 1166 3612 conjungit;
1185 3540 1337 3596 sicut
1368 3541 1425 3595 in
1446 3540 1543 3596 illa
1565 3546 2071 3614 eorporalistrini-

422 3634 539 3687 tate
569 3630 830 3697 visionis,
857 3632 1106 3685 formam
1128 3630 1385 3701 corporis
1409 3632 1563 3701 quod
1583 3632 1829 3701 videtur,
1854 3640 1909 3689 et
1931 3653 2070 3691 con-

422 3720 829 3775 formationem
858 3736 984 3790 que:
1007 3718 1142 3773 fitin
1160 3720 1450 3773 cernentis
1477 3726 1734 3791 aspectu,
1762 3724 2069 3797 conjungit

416 3810 667 3865 intentio
694 3808 1344 3864 voluntatis.Faciamus
1366 3825 1500 3879 ergo
1522 3811 1889 3881 corpusillud
1913 3816 2066 3885 quod

417 3900 780 3964 cernebatur,
811 3897 1079 3952 interisse
1104 3896 1420 3967 dilapsum,
1440 3914 1540 3952 nec
1563 3900 1687 3969 ejus
1711 3904 2066 3959 remansisse

413 3988 633 4059 aliquid
657 3988 713 4041 in
732 3986 847 4041 ullu
871 3985 1093 4055 loco,ad
1110 3988 1262 4056 quod
1281 3986 1592 4040 videndum
1621 3996 1880 4044 recurrat
1898 4010 2061 4064 aspe-

410 4082 569 4131 ctus:
592 4076 877 4147 numquid
903 4074 1041 4145 quia
1064 4074 1255 4145 imago
1288 4074 1367 4127 rei
1391 4076 1840 4147 corporalisjam
1870 4085 2060 4135 trans-

408 4171 544 4221 acta:
576 4172 748 4237 atque
780 4166 1076 4236 praeteritae
1122 4163 1452 4218 remanetin
1477 4166 1776 4237 memoria,
1812 4170 2061 4224 undein-

1581 298 1681 358 DE
1724 296 2172 373 TRINITATE,
2222 298 2286 359 S.
2334 298 2755 362 AUGUSTINI

405 4256 689 4311 formetur
711 4253 1069 4310 recordantis
1113 4253 1412 4319 obtutus‘,
1457 4256 1629 4323 atque
1656 4255 1711 4309 id
1743 4262 2058 4331 utrumque

403 4346 573 4400 tertia
588 4342 1403 4414 voluntatejungatur,eadem
1425 4341 1653 4397 trinitas
1669 4346 1843 4406 essed
1857 4346 2058 4405 icenda

401 4438 644 4505 est,quze
666 4436 849 4489 fuerat
877 4432 1110 4504 quando
1131 4432 1352 4502 species
1372 4430 1428 4484 in
1452 4430 1575 4485 loco
1598 4432 1770 4502 positi
1795 4438 2053 4507 corporis

400 4510 736 4578 videbatur?
758 4522 881 4577 Non
916 4520 1138 4592 utique,
1164 4520 1263 4574 sed
1293 4536 1533 4591 prorsus
1556 4520 1671 4574 alia
1697 4537 1709 4574 :
1734 4540 1868 4577 nam
1911 4543 2051 4595 prae-

396 4616 486 4667 ter
503 4612 653 4682 quod
686 4611 923 4665 illaerat
942 4610 1323 4675 extrinsecus,
1345 4609 1463 4663 haec
1486 4609 1871 4680 intrinsecus;
1894 4614 2050 4671 illam

392 4701 649 4773 profecto
691 4699 937 4754 faciebat
958 4697 1181 4766 species
1214 4697 1511 4768 praesentis
1555 4701 1846 4769 corporis;
1881 4702 2046 4771 hanc,

390 4791 585 4862 imago
619 4787 913 4862 praeteriti.
946 4787 1039 4842 Sic
1060 4790 1116 4841 et
1143 4787 1199 4841 in
1226 4787 1333 4840 hac
1358 4804 1438 4852 re,
1472 4786 1543 4842 de
1579 4804 1694 4858 qua
1732 4808 1885 4845 nunc
1932 4793 2047 4865 agi-

388 4897 544 4945 mus,
589 4884 647 4935 et
691 4882 923 4951 propter
952 4892 1129 4949 quam
1177 4874 1510 4947 putavimus
1562 4878 2046 4937 adhibendumil-

383 4967 483 5024 lud
522 4967 876 5040 exemplum,
901 4966 1041 5020 fides
1060 4982 1186 5036 quae
1224 4979 1378 5017 nunc
1403 4964 1459 5017 in
1493 4965 1687 5018 animo
1716 4972 1910 5022 nostro
1934 4976 2042 5039 est,

382 5059 539 5114 velut
568 5058 713 5113 illud
756 5073 969 5128 corpus
998 5055 1054 5108 in
1090 5053 1232 5122 loco,
1270 5053 1411 5107 dum
1458 5058 1703 5122 tenetur,
1739 5058 2039 5131 aspicitur,

383 5155 633 5220 amatur,
667 5147 987 5219 quamdam
1021 5143 1198 5199 efficit
1228 5141 1549 5196 trinitatem
1581 5161 1593 5197 :
1620 5145 1717 5198 sed
1763 5163 1874 5200 non
1916 5148 2041 5219 ipsa

381 5238 506 5303 erit,
536 5238 771 5309 quando
799 5237 943 5290 ﬁdes
966 5234 1083 5289 haec
1122 5232 1182 5287 in
1220 5231 1437 5299 animo,
1465 5237 1616 5285 Sicut
1646 5250 1859 5306 corpus
1893 5236 2037 5293 illud

380 5326 439 5379 in
459 5326 585 5382 loco
608 5328 733 5399 jam
760 5343 875 5381 non
896 5323 1024 5379 erit.
1043 5326 1175 5388 Quae
1199 5338 1330 5375 vero
1356 5326 1493 5376 tunc
1518 5321 1887 5392 erit,quando
1906 5342 2034 5383 eam

379 5416 819 5470 recordabimur
841 5414 898 5467 in
924 5412 1090 5467 nobis
1112 5411 1312 5479 fuisse,
1332 5427 1443 5465 non
1468 5427 1613 5480 esse,
1639 5411 1753 5466 alia
1778 5415 2033 5484 profecto

378 5501 504 5556 erit.
530 5501 686 5557 llanc
711 5502 867 5557 enim
892 5520 1016 5574 quae
1047 5518 1201 5555 nunc
1221 5505 1329 5567 est,
1354 5499 1486 5553 facit
1508 5516 1599 5556 res
1629 5501 1753 5573 ipsa
1777 5520 2031 5574 praesens

375 5595 433 5648 et
480 5587 675 5644 animo
718 5589 1007 5646 credentis
1051 5590 1263 5646 afﬁxa:
1300 5594 1357 5644 at
1386 5587 1547 5647 illam
1581 5607 1707 5664 quae
1731 5597 1867 5650 tunc
1898 5594 2025 5669 erit,

442 5794 460 5831 ι
496 5790 640 5849 Mem,
674 5786 944 5850 cogitantis
974 5788 1193 5840 obtutus.

3657 308 3786 371 1040

2210 431 2380 487 faciet
2403 432 2483 487 rei
2509 432 2811 503 praeteritae
2870 431 3211 504 imaginatio
3244 431 3303 486 in
3339 433 3653 493 recordantis
3684 456 3777 496 me-

2210 522 2396 575 moria
2431 522 2728 577 derelicta.

2278 609 2510 665 CAPUT
2532 611 2621 665 IV.
2650 644 2714 652 —
2734 612 2785 665 6.
2821 613 2884 666 In
2908 611 3324 666 immortalitate
3343 613 3532 669 anima?
3550 616 3789 674 rationalis

2207 697 2504 765 qumrenda
2534 700 2709 769 imago
2734 700 2848 753 Dei.
2875 699 3111 753 Trinitas
3134 699 3188 752 in
3221 705 3395 753 mente
3422 702 3650 770 quomodo
3670 720 3788 759 mon-

2203 789 2376 840 strata
2394 788 2482 841 sit.
2508 786 2624 841 Nec
2655 786 2950 858 illaigitur
2977 786 3227 856 trinitas,
3261 803 3388 857 quae
3418 805 3558 843 nunc
3584 806 3681 845 non
3701 798 3788 862 est,

2204 872 2397 945 imago
2420 876 2517 930 Dei
2549 876 2693 943 erit;
2726 893 2831 931 nec
2882 876 2994 931 ista
3024 875 3216 948 imago
3260 876 3357 932 Dei
3402 881 3500 943 est,
3540 895 3654 949 quae
3677 884 3789 936 tunc

2204 978 2318 1017 non
2349 964 2494 1018 erit:
2521 965 2622 1019 sed
2663 981 2730 1019 ea
2763 968 2852 1020 est
2870 964 3215 1020 invenienda
3241 964 3299 1018 in
3340 964 3527 1020 anima
3558 966 3792 1041 hominis,

2201 1050 2256 1105 id
2283 1056 2372 1107 est
2405 1052 2695 1124 rationali,
2722 1053 2840 1108 sive
2881 1053 3281 1121 intellectuali,
3307 1054 3492 1125 imago
3527 1057 3791 1126 Creatoris,

2200 1156 2327 1210 quae
2359 1141 2770 1197 immortaliter
2798 1141 3223 1198 immortalitati
3243 1142 3367 1213 ejus
3383 1142 3654 1199 estinsita.
3672 1148 3793 1202 Nam

2197 1229 2347 1284 sicut
2369 1231 2496 1302 ipsa
2520 1231 2929 1287 immortalitas
2947 1231 3155 1287 animae
3183 1231 3501 1287 secundum
3522 1234 3792 1303 quemdam

2199 1319 2438 1374 modum
2485 1320 2701 1375 dicitur
2737 1338 2750 1376 :
2792 1320 2967 1376 habet
3010 1320 3223 1392 quippe
3262 1324 3319 1375 et
3357 1320 3545 1376 anima
3586 1326 3791 1378 mortem

2196 1423 2387 1475 suam,
2412 1425 2543 1463 cum
2562 1409 2681 1464 vita
2703 1409 2869 1465 beata
2888 1413 3065 1477 caret,
3091 1426 3216 1480 quae
3235 1425 3371 1464 vera
3392 1410 3588 1465 animae
3608 1411 3712 1466 vita
3730 1412 3800 1466 di-

2196 1496 2381 1550 cenda
2401 1502 2509 1565 est;
2526 1498 2625 1551 sed
2643 1496 2994 1553 immortalis
3016 1497 3144 1554 ideo
3168 1500 3798 1571 nuncupatur,quoniam

2196 1583 2614 1656 qualicumque
2641 1586 2776 1656 vita,
2802 1587 2978 1641 etiam
3014 1602 3147 1641 cum
3192 1587 3519 1642 miserrima
3550 1592 3651 1654 est,
3672 1606 3802 1644 nun-

2192 1689 2367 1742 quam
2398 1674 2614 1727 desinit
2642 1676 2830 1729 vivere
2857 1674 2970 1729 :ita
3000 1675 3267 1746 quamvis
3288 1676 3437 1730 ratio
3466 1675 3549 1730 vel
3580 1675 3802 1732 intellec-

2191 1765 2286 1815 tus
2318 1779 2471 1817 nunc
2506 1762 2646 1817 inea
2682 1763 2759 1817 sit
2788 1764 3039 1834 sopitus,
3070 1780 3225 1819 nunc
3257 1781 3491 1835 parvus,
3526 1773 3801 1820 nunc'ma-

2190 1864 2343 1919 gnus
2376 1854 2671 1920 appareat,
2704 1868 3009 1922 nunquam
3053 1850 3165 1905 nisi
3200 1850 3499 1906 rationalis
3528 1856 3582 1906 et
3610 1850 3805 1906 intelle-

2190 1938 2401 1994 ctualis
2420 1944 2509 1994 est
2538 1940 2739 1995 anima
2763 1940 3050 2009 humana;
3077 1957 3141 1995 ac
3165 1956 3268 2012 per
3288 1940 3398 1995 hoc
3428 1940 3474 1994 si
3513 1941 3804 1996 secundum

2190 2026 2296 2082 hoc
2316 2028 2465 2083 facta
2481 2033 2571 2084 est
2601 2030 2671 2084 ad
2702 2029 3017 2102 imaginem
3052 2030 3153 2085 Dei
3186 2030 3339 2101 quod
3379 2030 3462 2084 uti
3498 2030 3703 2085 ratione
3734 2033 3807 2083 at-

2187 2133 2299 2187 que
2334 2116 2633 2172 intellectu
2665 2118 2735 2173 ad
2765 2118 3208 2190 intelligendum
3260 2121 3317 2173 et
3359 2117 3806 2189 conpiseiendum

2186 2205 2367 2260 Deum
2404 2210 2614 2278 potest,
2637 2207 2889 2278 profecto
2912 2209 2983 2262 ab
3006 2207 3170 2262 initio
3209 2224 3324 2279 quo
3361 2223 3490 2262 esse
3521 2206 3685 2277 coepit
3710 2205 3806 2260 ista

2186 2298 2303 2349 tam
2325 2311 2539 2367 magna
2559 2301 2617 2351 et
2650 2296 2795 2352 mira
2816 2301 3045 2363 natura,
3080 2296 3200 2351 sive
3225 2297 3303 2350 ita
3334 2295 3588 2351 obsoleta
3607 2296 3677 2350 sit
3704 2293 3806 2349 hac

2184 2383 2400 2455 imago,
2435 2390 2500 2439 ut
2532 2401 2675 2456 pene
2706 2384 2869 2440 nulla
2898 2386 2997 2457 sit,
3025 2386 3145 2441 sive
3173 2385 3429 2441 obscura
3456 2388 3623 2456 atque
3640 2384 3808 2439 defor-

2185 2473 2322 2539 mis,
2354 2472 2471 2529 sive
2506 2473 2661 2530 clara
2681 2478 2738 2529 et
2770 2473 3016 2546 pulchra
3036 2474 3132 2540 sit,
3166 2491 3406 2546 semper
3436 2480 3541 2529 est.
3574 2472 3805 2543 Denique

2183 2561 2606 2617 deformitatem
2634 2563 2940 2635 dignitatis
2971 2563 3098 2634 ejus
3130 2564 3423 2619 miserans
3455 2563 3644 2618 divina
3672 2561 3808 2616 Scri-

2182 2653 2376 2721 ptura,
2411 2652 2753 2723 Quanquam,
2776 2650 2985 2723 inquit,
3007 2654 3067 2705 in
3099 2653 3368 2720 imagine‘
3395 2652 3637 2707 ambulat
3651 2652 3809 2716 homo,

2184 2742 2365 2794 tamen
2395 2756 2531 2794 vane
2576 2742 2967 2796 conturbatur:
3011 2741 3385 2810 tliesaurimt,
3438 2744 3489 2797 et
3532 2741 3695 2795 nescit
3737 2740 3815 2794 cui

2180 2829 2529 2899 congregabit
2552 2847 2615 2884 ea
2646 2830 2821 2899 (Psal.
2855 2847 3096 2899 xxxvm,
3126 2832 3203 2899 7).
3238 2830 3365 2885 Non
3390 2831 3587 2900 itaque
3616 2829 3813 2883 vanita-

2182 2921 2297 2971 tem
2329 2918 2571 2989 imagini
2597 2918 2694 2973 Dei
2727 2920 3031 2983 tribueret,
3064 2918 3176 2973 nisi
3221 2920 3543 2973 deformem
3575 2920 3816 2973 cerneret

2182 3005 2414 3059 faetam.
2450 3006 2562 3061 Nec
2588 3011 2817 3061 tantum
2846 3006 3033 3061 valere
3079 3006 3236 3061 illam
3286 3007 3734 3073 deformitatem,
3764 3007 3818 3058 ut

2181 3095 2405 3148 auferat
2422 3096 2574 3165 quod
2595 3096 2785 3167 imago
2804 3100 2891 3150 est
2912 3096 3057 3149 satis
3076 3095 3351 3165 ostendit,
3368 3094 3636 3161 dicendo,
3652 3094 3818 3161 Quan-

2180 3200 2345 3255 quam
2376 3186 2435 3237 in
2464 3186 2711 3255 imagine
2734 3184 2974 3239 ambulat
3004 3183 3179 3239 homo.
3202 3184 3576 3256 Quapropter
3590 3200 3655 3238 ex
3673 3188 3820 3237 utra-

2182 3288 2292 3343 que
2312 3278 2471 3343 parte
2493 3274 2772 3329 veraciter
2787 3273 3154 3344 pronuntiari
3178 3276 3371 3344 potest
3394 3274 3509 3327 ista
3528 3270 3817 3338 sententia,

2182 3366 2241 3416 ut
2262 3362 2757 3432 quemadmodum
2780 3362 3001 3417 dictum
3024 3368 3131 3429 est,
3150 3361 3485 3431 Quanquam
3511 3366 3566 3416 in
3591 3362 3818 3430 imagine

2180 3451 2426 3505 ambulat
2455 3451 2630 3518 homo,
2657 3455 2843 3506 tamen
2874 3467 3010 3506 vane
3038 3451 3443 3513 conturbatur;
3475 3452 3557 3507 ita
3587 3451 3816 3517 dicatur,

2181 3542 2521 3611 Quanquam
2553 3558 2697 3595 vane
2720 3541 3099 3595 conturbatur
3130 3539 3329 3606 homo,
3359 3544 3563 3595 tamen
3596 3540 3655 3594 in
3686 3540 3819 3593 ima-

2180 3630 2313 3700 gine
2341 3628 2623 3685 ambulat.
2658 3629 2996 3699 Quanquam
3037 3628 3194 3683 enim
3240 3645 3460 3700 magna
3506 3632 3713 3685 natura
3755 3625 3821 3681 sit

2178 3722 2372 3773 tamen
2393 3719 2582 3773 vitiari
2614 3718 2823 3790 potuit,
2843 3718 2978 3787 quia
2996 3734 3230 3772 summa
3260 3736 3378 3773 non
3399 3722 3524 3774 est:
3553 3722 3611 3773 et
3652 3732 3823 3788 quan-

2178 3824 2354 3879 quam
2368 3807 2557 3863 vitiari
2577 3808 2825 3878 potuerit
2842 3807 2979 3878 quia
2992 3823 3353 3862 summanon
3370 3812 3687 3875 est,tameu
3703 3804 3823 3873 quia

2177 3917 2420 3954 summae
2446 3903 2662 3953 natura:
2694 3915 2873 3970 capax
2901 3903 3011 3961 est,
3044 3902 3100 3952 et
3130 3914 3257 3953 esse
3289 3900 3591 3969 particeps
3628 3900 3823 3970 potest,

2177 4008 2390 4062 magna
2420 3995 2628 4045 natura
2656 3996 2762 4045 est.
2806 3990 3147 4053 Quaeramus
3192 3989 3375 4061 igitur
3416 3990 3478 4043 in
3527 3989 3638 4043 hac
3692 3988 3822 4040 ima-

2172 4080 2304 4151 gine
2346 4080 2443 4134 Dei
2481 4079 2793 4150 quamdam
2843 4078 2935 4133 sui
2981 4077 3217 4149 generis
3268 4078 3630 4147 trinitatem,
3676 4076 3826 4146 adju-

2170 4174 2340 4224 vante
2390 4169 2516 4240 ipso
2559 4168 2657 4237 qui
2691 4185 2794 4222 nos
2830 4168 2961 4223 fecit
2992 4168 3059 4223 ad
3098 4166 3419 4239 imaginem
3475 4184 3673 4222 suam.
3707 4165 3819 4220 Non

2169 4257 2322 4312 enim
2353 4259 2521 4311 aliter
2553 4274 2867 4329 possumus
2898 4256 3016 4311 haec
3042 4255 3754 4328 salubriterinvestigare,
3772 4256 3823 4309 et

2170 4348 2483 4402 secundum
2531 4345 2854 4417 sapientem
2879 4362 3003 4416 quae
3053 4346 3125 4399 ab
3162 4344 3260 4399 illo
3283 4349 3373 4400 est
3409 4345 3643 4418 aliquid
3672 4345 3821 4399 inve-

2169 4436 2446 4490 nirezsed
2465 4451 2531 4489 ea
2561 4452 2688 4504 quae
2712 4435 2768 4487 in
2804 4431 3423 4505 superioribuslibris,
3468 4440 3529 4489 et
3574 4431 3818 4488 maxime

2166 4526 2222 4579 in
2247 4524 2493 4590 decimo,
2516 4524 2587 4577 de
2616 4523 2813 4577 anima
2836 4522 3095 4576 humana
3123 4520 3209 4576 vel
3244 4527 3441 4577 mente
3470 4523 3753 4585 diximus,
3777 4518 3820 4573 si

2163 4612 2394 4669 lectoris
2415 4611 2503 4666 vel
2536 4610 2817 4666 memoria
2838 4615 3145 4665 teneantur
3166 4616 3339 4681 atque
3363 4611 3726 4677 recolantur,
3741 4606 3820 4663 vel

2163 4700 2465 4772 diligentia
2483 4704 2540 4753 in
2559 4699 2778 4754 eisdem
2802 4696 2940 4753 locis
2964 4699 3021 4751 in
3047 4697 3265 4767 quibus
3284 4699 3629 4769 conscripta
3667 4702 3820 4761 sunt,

2161 4794 2593 4856 recenseantur,
2622 4804 2735 4842 non
2758 4787 2852 4842 hic
2883 4786 3231 4841 desiderabit
3252 4785 3638 4858 prolixiorem
3659 4787 3727 4841 de
3745 4784 3822 4840 rei

2159 4884 2330 4934 tantis
2356 4877 2734 4949 inquisitione
2766 4891 3124 4932 sermonem.

2226 4969 2280 5022 7.
2308 4968 2459 5022 Inter
2476 4970 2682 5020 caetera
2703 4982 2836 5037 ergo
2853 4964 2911 5018 in
2935 4964 3081 5018 libro
3098 4963 3321 5018 decimo
3338 4959 3821 5028 diximus,homi-

2158 5057 2246 5112 nis
2271 5060 2523 5111 mentem
2556 5071 2727 5109 nosse
2757 5053 3131 5124 semetipsum
3166 5051 3325 5124 (Cap.
3358 5052 3437 5123 7).
3469 5050 3636 5106 Nihil
3667 5052 3819 5106 enim

2154 5151 2273 5201 tam
2306 5145 2465 5200 novit
2497 5160 2687 5207 mens,
2710 5159 2877 5213 quam
2900 5142 2954 5196 id
2978 5140 3132 5211 quod
3158 5139 3270 5196 sibi
3294 5145 3513 5212 praesto
3537 5144 3631 5194 est
3670 5155 3682 5192 :
3718 5152 3819 5191 nec

2153 5236 2331 5290 menti
2365 5234 2552 5305 magis
2583 5232 2905 5303 quidquam
2940 5234 3147 5301 praesto
3178 5234 3288 5295 est,
3320 5246 3507 5300 quam
3532 5229 3666 5301 ipsa
3688 5226 3819 5284 sibi.

2150 5326 2219 5379 Et
2250 5322 2381 5391 alia,
2407 5327 2694 5393 quantum
2719 5320 2860 5375 satis
2895 5319 3083 5375 visum
3107 5322 3193 5373 est
3216 5318 3615 5373 adhibuimus
3639 5318 3817 5372 docu-

2150 5417 2363 5474 menta,
2400 5411 2613 5483 quibus
2645 5409 2753 5463 hoc
2784 5408 3107 5464 certissime
3138 5407 3508 5479 probaretur.

2217 5499 2447 5556 CAPUT
2465 5499 2531 5552 V.
2564 5530 2631 5537 —
2662 5498 2973 5569 lii/mitium
3018 5513 3170 5552 mens
3200 5514 3273 5550 an
3298 5511 3354 5550 se
3380 5496 3631 5550 noverit.
3667 5491 3816 5558 Quid

2143 5594 2339 5663 itaque
2360 5588 2674 5646 dicendum
2693 5591 2782 5643 est
2802 5587 3123 5643 deinfantis
3143 5582 3445 5656 mente,ita
3463 5582 3671 5640 adhuc
3687 5598 3815 5657 par-

2208 5801 2227 5836 ι
2256 5794 2410 5858 Editi,
2432 5794 2487 5847 in
2516 5793 2740 5859 imagine
2769 5794 2884 5847 Dei.
2914 5794 3091 5862 Abest,
3122 5792 3232 5858 Dei,
3266 5806 3298 5847 θ,
3329 5788 3752 5859 manuscriptis.‘
