4130 6194
419 414 572 476 1041

413 549 535 606 vuli
566 553 624 605 et
654 548 711 604 in
741 552 862 604 tam
895 564 1107 620 magna
1128 548 1379 604 demersi
1402 565 1597 604 rerum
1623 547 1973 620 ignorantia,
1999 550 2062 601 ut

414 639 575 695 illius
602 638 820 694 mentis
842 639 1109 693 tenebras
1133 655 1299 693 mens
1311 637 1568 693 hominis
1584 654 1709 709 quae
1725 635 1948 707 aliquid
1970 650 2069 689 no-

412 728 497 784 vit
516 728 860 784 exhorreat?
885 728 968 781 An
993 727 1167 782 etiam
1192 727 1321 798 ipsa
1341 744 1402 782 se
1437 743 1607 782 nosse
1634 726 1924 780 credenda
1954 728 2062 790 est,

416 819 516 873 sed
546 818 771 872 intenta
797 816 972 871 nimis
996 815 1050 869 in
1068 832 1165 871 eas
1179 833 1271 871 res
1296 831 1441 886 quas
1463 833 1565 887 per
1586 814 1844 885 corporis
1860 829 2069 869 sensus

415 911 581 962 tanto
600 906 845 975 majore,
867 908 1083 975 quanto
1101 904 1334 959 noviore
1352 904 1523 975 cmpit
1540 902 1919 958 delectatione
1941 918 2067 956 sen-

412 996 543 1061 tire,
570 1012 685 1049 non
710 994 976 1066 ignorare
1000 1010 1062 1049 se
1083 997 1294 1065 potest,
1321 995 1420 1050 sed
1448 993 1703 1064 cogitare
1735 1007 1796 1046 se
1828 1008 1943 1046 non
1967 1007 2068 1062 po-

414 1084 577 1140 test?
601 1086 830 1149 Quanta
860 1099 1028 1154 porro
1053 1083 1375 1137 intentione
1400 1082 1455 1136 in
1482 1083 1593 1136 ista
1612 1098 1737 1153 quae
1762 1082 1904 1135 foris
1928 1084 2067 1135 sunt

414 1172 721 1229 sensibilia
739 1172 978 1237 feratur,
999 1171 1084 1226 vel
1106 1171 1241 1225 hinc
1258 1171 1447 1227 solum
1462 1170 1666 1241 conjici
1684 1176 1891 1241 potest,
1909 1170 2063 1240 quod

410 1262 562 1318 lucis
584 1261 765 1332 hujus
788 1260 1126 1316 hauriendaa
1148 1260 1232 1315 sic
1254 1260 1422 1315 avida
1444 1265 1555 1326 est,
1578 1265 1643 1314 ut
1670 1260 1718 1313 si
1750 1259 2065 1329 quisquam

410 1351 611 1406 minus
630 1354 839 1406 cautus
857 1356 957 1405 aut
974 1350 1244 1405 nesciens
1262 1350 1397 1419 quid
1418 1348 1554 1404 inde
1572 1349 1758 1420 possit
1776 1348 2059 1413 accidere,

410 1444 763 1496 nocturnum
781 1438 978 1493 lumen
994 1438 1254 1509 posuerit
1268 1438 1369 1492 ubi
1384 1438 1535 1508 jacet
1548 1436 1764 1502 infans,
1781 1436 1837 1490 in
1852 1452 1919 1491 ea
1931 1453 2061 1507 par-

409 1533 468 1584 te
500 1528 573 1583 ad
607 1544 782 1599 quam
807 1526 1061 1597 jacentis
1095 1525 1248 1581 oculi
1282 1525 1509 1597 possint
1557 1525 1901 1596 retorqueri,
1952 1540 2059 1579 nec

410 1616 603 1672 cervix
637 1614 821 1688 possit
847 1613 1083 1681 inﬂecti,
1114 1614 1198 1669 sic
1227 1615 1355 1684 ejus
1389 1614 1521 1669 inde
1552 1630 1665 1668 non
1698 1617 2061 1669 removeatur

411 1708 707 1776 aspectus,
742 1708 807 1758 ut
836 1702 1154 1759 nonnullos
1184 1719 1253 1758 ex
1273 1703 1382 1757 hoc
1408 1702 1582 1758 etiam
1607 1703 1911 1757 strabones
1933 1701 2056 1756 fieri

410 1793 768 1856 noverimus,
804 1808 931 1847 eam
967 1792 1215 1846 formam
1247 1792 1581 1847 tenentibus
1624 1790 1829 1856 oculis,
1876 1807 2055 1862 quam

409 1882 627 1938 teneris
658 1885 713 1937 et
744 1879 1024 1935 mollibus
1056 1881 1416 1936 consuetudo
1449 1880 1700 1951 quodam
1734 1881 1905 1934 modo
1928 1880 2057 1933 infi-

407 1970 511 2026 xit.
544 1971 629 2026 Ita
658 1974 715 2025 et
753 1970 812 2023 in
846 1968 994 2024 alios
1025 1969 1287 2040 corporis
1317 1984 1548 2039 sensus,
1600 1972 1889 2038 quantum
1921 1967 2063 2022 sinit

408 2059 513 2115 illa
543 2064 703 2125 aetas,
735 2058 1061 2113 intentione
1087 2074 1147 2113 se
1169 2057 1339 2128 quasi
1369 2060 1665 2113 coarctant
1693 2057 1901 2111 animos
1934 2074 2062 2128 par-

405 2147 698 2212 vulorum,
734 2151 799 2201 ut
831 2146 1119 2218 quidquid
1156 2162 1257 2217 per
1286 2162 1520 2201 carnem
1543 2146 1785 2201 offendit
1808 2149 1911 2200 aut
1932 2144 2057 2201 alli-

408 2237 508 2303 cit,
531 2237 640 2292 hoc
662 2235 855 2292 solum
876 2235 1229 2291 abhorreant
1247 2235 1623 2290 vehementer
1640 2238 1742 2289 aut
1759 2238 2053 2306 appetant:

405 2345 517 2385 sua
544 2344 677 2383 vero
710 2326 989 2382 interiora
1022 2343 1134 2381 non
1167 2325 1440 2397 cogitent,
1473 2341 1578 2380 nec
1608 2326 2057 2398 possintadmo-

408 2417 534 2473 neri
558 2421 623 2472 ut
645 2416 755 2471 hoc
781 2415 994 2471 faciant
1019 2433 1032 2483 ;
1058 2414 1195 2486 quia
1215 2415 1475 2470 nondum
1500 2414 1870 2470 admonentis
1894 2414 2062 2485 signa

406 2510 717 2570 noverunt,
774 2504 871 2559 ubi
926 2503 1284 2575 praecipuum
1345 2502 1539 2557 locum
1569 2504 1744 2557 verba
1773 2503 2060 2569 obtinent,

408 2610 538 2665 qua)
569 2593 726 2649 sicut
755 2592 871 2647 alia
902 2609 1141 2663 prorsus
1174 2592 1467 2647 nesciunt.
1499 2592 1660 2655 Quod
1684 2596 1877 2646 autem
1902 2590 2059 2646 aliud

406 2683 484 2739 sit
514 2699 628 2737 non
661 2697 723 2737 se
756 2698 948 2747 nosse,
980 2680 1139 2737 aliud
1170 2698 1287 2736 non
1319 2697 1382 2736 se
1411 2680 1689 2751 cogitare,
1715 2681 1839 2751 jam
1872 2681 1932 2735 in
1965 2697 2060 2737 eo-

406 2773 540 2827 dem
569 2770 867 2827 volumine
896 2770 1264 2826 ostendimus
1297 2771 1441 2841 (Lz'b.
1477 2771 1563 2837 10,
1596 2786 1715 2840 cap.
1747 2772 1826 2840 5).

475 2861 529 2917 8.
552 2860 661 2915 Sed
686 2858 838 2913 hanc
860 2861 1089 2913 aetatem
1112 2858 1480 2926 omittamus,
1513 2874 1639 2929 quae
1672 2874 1775 2913 nec
1811 2860 2059 2913 interro-

405 2948 531 3021 gari
563 2952 757 3020 potest
790 2946 930 3019 quid
966 2946 1025 3002 in
1057 2963 1119 3001 se
1145 2950 1371 3018 agatur,
1404 2950 1460 3001 et
1481 2963 1587 3001 nos
1608 2946 1719 3018 ipsi
1742 2947 1871 3017 ejus
1896 2945 2061 3003 valde

405 3036 569 3093 obliti
592 3053 822 3093 sumus.
849 3036 987 3091 Hinc
1005 3039 1236 3091 tantum
1256 3040 1444 3090 certos
1466 3052 1569 3090 nos
1590 3052 1719 3091 esse
1744 3034 2055 3104 suffecerit,

407 3126 562 3199 quod
590 3142 721 3180 cum
735 3125 909 3180 homo
923 3125 993 3179 de
1007 3123 1185 3179 animi
1202 3122 1293 3179 sui
1307 3127 1515 3179 natura
1527 3124 1765 3195 cogitari
1784 3124 2056 3195 potuerit,

405 3221 581 3287 atque
613 3214 875 3269 invenire
906 3213 1059 3284 quod
1091 3228 1291 3267 verum
1326 3217 1434 3279 est,
1469 3211 1607 3267 alibi
1642 3230 1755 3267 non
1781 3212 2055 3278 inveniet,

404 3320 584 3375 quam
617 3319 795 3374 penes
825 3318 886 3356 se
926 3301 1141 3372 ipsum.
1199 3300 1457 3356 Inveniet
1502 3304 1719 3367 autem,
1754 3318 1869 3355 non
1902 3302 2057 3372 quod

404 3392 723 3458 nesciebat,
757 3391 855 3447 sed
891 3390 1047 3445 unde
1078 3406 1193 3444 non
1226 3389 1541 3461 cogitabat.
1576 3389 1722 3455 Quid
1754 3390 1909 3444 enim
1942 3390 2055 3445 sci-

404 3497 561 3549 mus,
598 3480 647 3535 si
680 3479 835 3552 quod
868 3482 957 3534 est
1002 3478 1062 3533 in
1094 3482 1293 3533 nostra
1324 3482 1517 3533 mente
1550 3479 1886 3545 nescimus;
1920 3495 2053 3534 cum

403 3568 607 3626 omnia
628 3586 755 3640 qua:
779 3567 1022 3633 scimus,
1047 3583 1163 3621 non
1192 3567 1301 3621 nisi
1326 3570 1518 3621 mente
1541 3567 1687 3622 scire
1710 3567 2008 3638 possimus
2030 3568 2056 3622 ?

475 3657 710 3713 CAPUT
741 3656 836 3711 VI.
869 3686 938 3696 —
968 3658 1029 3711 In
1060 3664 1244 3710 mente
1264 3671 1321 3710 se
1342 3656 1521 3726 ipsam
1538 3657 1809 3726 cogitante
1828 3658 2056 3711 trinitas

397 3747 652 3819 quadam
673 3745 941 3817 quomodo
962 3746 1189 3801 existat.
1217 3744 1358 3813 Quid
1382 3746 1439 3799 in
1461 3743 1562 3799 hac
1576 3746 1823 3800 trinitate
1837 3747 2055 3815 przstet

398 3837 675 3907 cogitatio.
698 3835 885 3890 Tanta
902 3837 989 3889 est
1007 3838 1203 3889 tamen
1225 3833 1594 3904 cogitationis
1607 3832 1694 3887 vis
1708 3877 1720 3899 ,
1735 3838 1797 3887 ut
1811 3850 1914 3887 nec
1928 3834 2056 3904 ipsa

405 3939 575 3979 mens
598 3924 851 3995 quodam
878 3923 1050 3977 modo
1073 3921 1214 3977 sein
1238 3926 1554 3992 conspectu
1579 3938 1684 3975 suo
1716 3926 1913 3993 ponat,
1938 3923 2051 3978 nisi

402 4013 639 4086 quando
660 4028 724 4068 se
744 4010 1001 4083 cogitat:
1030 4027 1094 4066 ac
1119 4027 1219 4081 per
1239 4009 1347 4065 hoc
1368 4009 1449 4065 ita
1473 4009 1614 4064 nihil
1649 4010 1709 4064 in
1740 4016 2052 4083 conspectu

400 4101 614 4159 mentis
634 4104 742 4169 est,
764 4100 875 4155 nisi
896 4100 1050 4154 unde
1070 4098 1379 4170 cogitatur,
1395 4102 1458 4153 ut
1474 4116 1576 4154 nec
1593 4099 1721 4169 ipsa
1734 4115 1921 4169 mens,
1938 4117 2054 4171 qua

401 4191 695 4262 cogitatur
707 4188 996 4261 quidquid
1012 4188 1268 4259 cogitatu
1278 4186 1499 4252 r,aliter
1512 4187 1837 4259 possitesse
1850 4189 1908 4243 in
1923 4205 2055 4245 con-

405 4284 612 4353 spectu
626 4296 753 4345 suo,
770 4276 883 4333 nisi
897 4293 958 4332 se
973 4276 1161 4348 ipsam
1177 4275 1504 4348 cogitando.
1522 4277 1820 4343 Quomodo
1834 4282 2050 4348 autem,

403 4368 639 4442 quando
662 4384 723 4424 se
746 4382 860 4422 non
885 4366 1121 4437 cogitat,
1143 4364 1203 4420 in
1223 4368 1534 4437 conspectu
1556 4382 1663 4421 suo
1683 4382 1797 4420 non
1816 4364 2051 4438 sitipsa,

400 4458 530 4514 sine
548 4473 609 4513 se
627 4456 757 4528 ipsa
769 4471 1075 4527 nunquam
1092 4470 1218 4510 esse
1232 4454 1438 4525 possit,
1454 4454 1620 4525 quasi
1634 4453 1789 4509 aliud
1811 4454 2049 4527 sitipsa,

397 4546 558 4603 aliud
592 4548 938 4617 conspectus
970 4544 1120 4615 ejus,
1163 4542 1421 4598 invenire
1472 4560 1587 4598 non
1636 4560 1900 4614 possum.
1933 4549 2051 4601 Hoc

402 4636 623 4708 quippe
652 4635 722 4689 de
752 4634 917 4690 oculo
948 4632 1215 4704 corporis
1243 4648 1357 4687 non
1380 4632 1630 4686 absurde
1654 4632 1901 4689 dicitur:
1928 4634 2053 4706 ipse

403 4723 622 4797 quippe
645 4722 843 4779 oculos
863 4721 987 4777 loco
1013 4738 1120 4777 suo
1147 4721 1296 4776 ﬁxus
1317 4728 1402 4775 est
1422 4719 1481 4775 in
1505 4736 1763 4792 corpore,
1784 4728 2053 4793 aspectus

404 4818 602 4869 autem
625 4812 751 4883 ejus
776 4812 833 4866 in
856 4828 924 4866 ea
946 4826 1076 4881 qua:
1094 4814 1254 4865 extra
1267 4809 1975 4882 sunttenditur,etusque
1993 4812 2050 4867 in

404 4902 601 4960 sidera
622 4900 970 4956 extenditur.
994 4900 1109 4955 Nec
1131 4903 1218 4955 est
1245 4895 1449 4955 oculus
1477 4897 1537 4952 in
1564 4904 1878 4971 conspectu
1905 4917 2011 4957 suo
2037 4927 2052 4969 ;

402 4987 881 5060 quandoquidem
906 5002 1019 5041 non
1044 4985 1331 5057 conspicit
1350 5002 1413 5041 se
1432 4984 1654 5058 ipsum,
1678 4986 1791 5041 nisi
1816 4988 2051 5059 speculo

397 5078 645 5148 objecto,
667 5076 956 5147 undejam
975 5074 1155 5131 locuti
1172 5091 1380 5130 sumus
1399 5076 1535 5146 (Lib.
1556 5076 1638 5143 10,
1657 5092 1771 5147 cap.
1788 5077 1842 5146 3)
1859 5093 1870 5130 :
1890 5079 2043 5149 quod

401 5182 519 5222 non
542 5165 609 5219 fit
630 5163 834 5236 utique
857 5163 1093 5235 quando
1116 5178 1176 5218 se
1199 5180 1364 5218 mens
1387 5162 1445 5218 in
1468 5179 1574 5219 suo
1606 5170 1919 5236 conspectu
1954 5165 2043 5221 sui

401 5253 753 5327 cogitatione
781 5250 1104 5307 constituit.
1134 5251 1430 5320 Numquid
1456 5268 1590 5323 ergo
1614 5251 1728 5307 alia
1752 5270 1857 5309 sua
1890 5259 2051 5325 parte

401 5342 579 5398 aliam
592 5345 817 5414 partem
833 5356 1000 5396 suam
1014 5338 1186 5405 videt,
1203 5355 1335 5393 cum
1350 5356 1412 5394 se
1423 5340 1706 5412 conspicit
1719 5343 2046 5413 cogitando,

400 5431 556 5489 sicut
573 5430 704 5486 aliis
720 5430 1000 5485 membris
1019 5427 1255 5495 nostris,
1274 5427 1374 5498 qui
1394 5432 1533 5482 sunt
1550 5428 1723 5495 oculi,
1744 5430 1855 5487 alia
1874 5448 2051 5487 mem-

400 5521 508 5576 bra
532 5524 734 5575 nostra
755 5517 1173 5589 conspicimus,
1199 5532 1325 5586 quae
1349 5515 1408 5570 in
1435 5522 1632 5572 nostro
1655 5524 1902 5589 possunt
1922 5537 2050 5576 esse

395 5608 764 5681 conspectu?
795 5607 945 5672 Quid
979 5606 1093 5661 dici
1125 5604 1442 5661 absurdius
1475 5604 1559 5661 vel
1590 5607 1793 5661 sentiri
1817 5608 2049 5679 potest?

401 5699 564 5758 Unde
586 5698 767 5771 igitur
787 5696 1050 5753 aufertur
1072 5711 1260 5767 mens,
1284 5693 1398 5750 nisi
1419 5711 1451 5749 a
1472 5709 1534 5750 se
1556 5694 1683 5766 ipsa
1702 5696 1729 5750 ?
1750 5700 1805 5751 et
1826 5696 1923 5753 ubi
1948 5715 2045 5768 po-

404 5788 567 5849 nitur
585 5788 647 5846 in
670 5790 987 5860 conspectu
1008 5802 1138 5855 suo,
1160 5784 1274 5843 nisi
1297 5786 1429 5843 ante
1450 5799 1513 5842 se
1532 5784 1895 5856 ipsam?Non
1912 5799 2048 5860 ergo

1576 411 1810 477 LIBER
1854 410 2224 484 QUARTUS
2270 412 2637 509 DECIMUS.

3668 415 3824 479 1043

2174 547 2249 601 ibi
2277 548 2383 603 erit
2411 550 2505 604 ubi
2534 556 2673 617 erat,
2704 552 2939 623 quando
2962 552 3019 608 in
3046 556 3362 626 conspectu
3385 570 3491 608 suo
3515 570 3628 609 non
3657 558 3780 609 erat
3809 572 3821 621 ;

2181 638 2318 709 quia
2338 637 2431 692 hic
2454 640 2661 710 posita,
2685 639 2821 696 inde
2839 641 3071 697 sublata
3087 647 3192 698 est.
3214 642 3322 697 Sed
3342 643 3389 697 si
3410 642 3824 714 conspicienda

2180 725 2503 798 migravit‘,
2524 735 2909 799 conspectura
2925 731 3022 785 ubi
3046 731 3299 786 manebit
3312 734 3434 786 ?An
3450 732 3617 802 quasi
3638 734 3820 803 gemi-

2178 820 2373 885 natur,
2410 821 2473 870 ut
2504 822 2560 872 et
2583 818 2698 873 illic
2722 820 2801 874 sit
2822 825 2879 875 et
2902 819 3015 890 hic,
3044 821 3099 875 id
3127 826 3232 889 est,
3258 825 3313 875 et
3338 820 3437 875 ubi
3460 821 3823 893 conspicere,

2175 908 2231 959 et
2253 905 2348 959 ubi
2375 906 2630 975 conspici
2656 908 2839 977 possit
2866 933 2879 974 ;
2908 912 2971 962 ut
2994 908 3049 962 in
3076 926 3136 964 se
3159 910 3237 963 sit
3266 908 3652 979 conspiciens,
3687 914 3819 965 ante

2175 1009 2237 1048 se
2258 994 2613 1064 conspicua?
2630 995 2782 1050 Nihil
2804 996 3011 1051 horum
3033 998 3199 1052 nobis
3218 998 3429 1052 veritas
3449 998 3717 1053 consulta
3731 1016 3818 1054 re-

2174 1084 2743 1154 spondet:quoniam
2764 1087 2998 1156 quando
3016 1086 3127 1141 isto
3148 1088 3318 1141 modo
3334 1087 3681 1157 cogitamus,
3701 1104 3813 1143 non

2173 1172 2286 1225 nisi
2306 1188 2612 1243 corporum
2636 1173 2798 1227 ﬁctas
2817 1174 3102 1245 imagines
3120 1175 3463 1247 cogitamus,
3485 1176 3639 1245 quod
3660 1192 3818 1232 men-

2170 1262 2287 1315 tem
2303 1276 2413 1313 non
2430 1276 2558 1315 esse
2572 1262 2773 1331 paucis
2791 1262 3183 1318 certissimum
3206 1269 3293 1319 est
3307 1266 3625 1329 mentibus,
3642 1282 3673 1319 a
3693 1266 3819 1336 qui-

2168 1347 2280 1403 bus
2306 1353 2494 1419 potest
2515 1349 2583 1404 de
2614 1349 2722 1404 hac
2749 1366 2807 1405 re
2838 1351 3047 1407 veritas
3078 1352 3324 1409 consuli.
3359 1354 3605 1409 Proinde
3638 1359 3816 1409 restat

2168 1440 2233 1491 ut
2254 1435 2475 1507 aliquid
2499 1439 2798 1508 pertinens
2822 1440 2892 1493 ad
2917 1440 3044 1510 ejus
3068 1446 3338 1496 naturam
3363 1442 3439 1497 sit
3460 1447 3819 1513 conspectus

2167 1525 2316 1595 ejus,
2340 1528 2396 1579 et
2420 1524 2478 1578 in
2504 1540 2653 1595 eam,
2679 1528 2911 1597 quando
2931 1544 2991 1582 se
3011 1529 3246 1599 cogitat,
3267 1546 3381 1585 non
3402 1531 3567 1600 quasi
3589 1529 3811 1600 perloci

2167 1613 2442 1684 spatium,
2464 1614 2563 1668 sed
2584 1614 2923 1685 incorporea
2942 1617 3315 1671 conversione
3333 1623 3659 1673 revocetur:
3677 1635 3810 1675 cum

2166 1717 2299 1757 vero
2323 1718 2437 1756 non
2457 1718 2518 1757 se
2536 1703 2773 1773 cogitat,
2793 1720 2907 1759 non
2928 1704 3003 1759 sit
3020 1705 3257 1776 quidem
3277 1706 3332 1759 in
3349 1712 3661 1778 conspectu
3682 1724 3810 1779 suo,

2167 1807 2271 1846 nec
2295 1792 2362 1845 de
2383 1790 2485 1846 illa
2506 1808 2651 1847 suus
2671 1794 2954 1847 formetur
2970 1794 3231 1861 obtutus,
3250 1796 3348 1849 sed
3373 1800 3567 1850 tamen
3587 1796 3812 1851 noverit

2164 1897 2227 1935 se
2240 1884 2520 1951 tanquam
2538 1880 2663 1951 ipsa
2677 1881 2876 1935 sitsibi
2892 1883 3299 1938 memoriasui.
3316 1883 3811 1940 Sicutmultarum

2166 1968 2607 2041 disciplinarum
2649 1972 2869 2041 peritus
2904 1989 2969 2025 ea
2999 1989 3125 2043 quze
3156 1973 3336 2043 novit,
3371 1974 3498 2043 ejus
3529 1974 3811 2029 memoria

2164 2059 2557 2126 continentur,
2580 2076 2683 2113 nec
2698 2065 2786 2114 est
2802 2060 2935 2115 inde
2953 2060 3170 2131 aliquid
3190 2060 3247 2115 in
3269 2069 3577 2133 conspectu
3599 2062 3809 2118 mentis

2162 2148 2311 2218 ejus,
2339 2147 2452 2201 nisi
2479 2148 2631 2203 unde
2650 2150 2864 2221 cogitat
2880 2167 2892 2216 ;
2910 2154 3113 2204 caetera
3129 2150 3186 2203 in
3207 2167 3421 2205 arcana
3433 2151 3583 2221 quad
3595 2168 3687 2205 am
3704 2167 3806 2205 no-

2163 2235 2288 2291 titia
2312 2240 2452 2291 sunt
2473 2237 2789 2307 recondita,
2811 2253 2940 2308 quae
2962 2237 3241 2293 memoria
3259 2244 3651 2310 nuncupatur.
3673 2240 3806 2294 Ideo

2164 2324 2487 2379 trinitatem
2504 2324 2586 2379 sic
2601 2325 3183 2393 commendabamus,
3198 2332 3261 2380 ut
3275 2325 3415 2381 illud
3434 2327 3585 2382 unde
3603 2327 3813 2383 forma-

2164 2416 2263 2468 tur
2282 2414 2589 2485 cogitantis
2606 2414 2931 2480 obtutus,in
2949 2415 3230 2469 memoria
3244 2416 3812 2486 poneremus;ipsam

2163 2518 2296 2557 vero
2319 2503 2858 2565 conformationem,
2883 2506 3167 2574 tanquam
3194 2504 3510 2575 imaginem
3534 2505 3812 2576 quaeinde

2164 2590 2528 2659 imprimitur
2544 2590 2774 2658 ;etillud
2791 2608 2905 2662 quo
2923 2596 3238 2663 utrumque
3251 2592 3645 2665 conjungitur,
3663 2610 3818 2649 amo-

2165 2696 2288 2734 rem
2311 2696 2411 2734 seu
2436 2679 2817 2735 voluntatem.
2846 2681 3006 2736 Mens
3023 2680 3203 2752 igitur
3219 2683 3449 2752 quando
3467 2682 3817 2753 cogitatione

2165 2784 2227 2823 se
2251 2768 2557 2839 conspicit,
2584 2768 2856 2840 intelligit
2879 2786 2941 2825 se
2969 2774 3025 2824 et
3048 2771 3409 2841 recognoscit
3433 2788 3445 2826 :
3470 2771 3657 2841 gignit
3678 2788 3813 2843 ergo

2164 2856 2321 2912 hunc
2347 2856 2707 2912 intellectum
2737 2863 2793 2913 et
2824 2857 3211 2929 cognitionem
3246 2875 3435 2913 suam.
3462 2859 3573 2914 Res
3596 2859 3811 2931 quippe

2162 2945 2502 3017 incorporea
2522 2945 2814 3001 intellecta
2835 2946 3219 3018 conspicitur,
3241 2952 3297 3003 et
3318 2947 3692 3020 intelligendo
3717 2965 3811 3004 co-

2162 3035 2483 3105 gnoscitur.
2506 3035 2620 3090 Nec
2642 3035 2723 3090 ita
2743 3052 2883 3090 sane
2915 3035 3102 3108 gignit
3132 3036 3304 3091 istam
3340 3037 3607 3092 notitiam
3640 3054 3809 3094 suam

2162 3124 2591 3194 mens,quando
2605 3124 2913 3194 cogitando
2929 3124 3280 3181 intellectam
3296 3142 3356 3181 se
3371 3126 3808 3198 conspicit,tan-

2162 3228 2338 3285 quam
2361 3212 2472 3267 sibi
2494 3216 2628 3267 ante
2646 3213 2941 3285 incognita
2956 3213 3132 3268 fuerit
3148 3232 3161 3269 :
3177 3215 3278 3270 sed
3296 3214 3376 3270 ita
3388 3214 3496 3270 sibi
3515 3218 3810 3285 notaerat,

2162 3302 2663 3373 quemadmodum
2697 3306 2848 3357 notae
2874 3306 3013 3357 sunt
3045 3318 3136 3358 res
3169 3320 3298 3375 quae
3332 3304 3810 3359 memoriaconti-

2162 3395 2394 3458 nentur,
2425 3390 2653 3447 etiamsi
2688 3408 2804 3446 non
2832 3392 3200 3463 cogitentur:
3249 3394 3524 3463 quoniam
3559 3394 3810 3449 dicimus

2162 3478 2463 3534 hominem
2499 3496 2670 3534 nosse
2701 3479 2946 3545 litteras,
2980 3479 3154 3535 etiam
3187 3496 3318 3535 eum
3354 3482 3424 3535 de
3454 3480 3584 3536 aliis
3612 3481 3807 3548 rebus,

2160 3584 2275 3622 non
2309 3568 2379 3621 de
2410 3566 2621 3621 litteris
2653 3567 2888 3639 cogitat.
2923 3568 3051 3623 Haec
3085 3572 3281 3623 autem
3314 3569 3451 3636 duo,
3484 3570 3732 3640 gignens
3754 3574 3810 3625 et

2158 3655 2443 3728 genitum,
2488 3655 2795 3710 dilectione
2841 3656 3009 3711 tertia
3057 3655 3428 3727 copulantur,
3484 3674 3609 3728 qua:
3660 3657 3806 3713 nihil

2159 3749 2245 3800 est
2276 3742 2431 3799 aliud
2468 3760 2643 3815 quam
2687 3742 2956 3799 voluntas
3006 3744 3319 3799 fruendum
3371 3745 3591 3817 aliquid
3626 3762 3803 3818 appe-

2156 3837 2286 3889 tens
2311 3832 2397 3889 vel
2428 3837 2655 3889 tenens.
2693 3834 2946 3904 Ideoque
2976 3832 3151 3889 etiam
3182 3832 3299 3889 illis
3331 3834 3513 3889 tribus
3547 3834 3803 3890 nomini-

2158 3922 2269 3979 bus
2326 3921 2741 3977 insinuandam
2800 3921 3012 3977 mentis
3071 3923 3403 3995 putavimus
3456 3922 3796 3991 trinitatem,

2157 4011 2460 4080 memoria,
2494 4010 2897 4083 intelligentia,
2928 4011 3246 4067 voluntate.

2226 4100 2279 4156 9.
2307 4101 2418 4156 Sed
2443 4099 2718 4171 quoniam
2742 4104 3001 4156 mentem
3038 4116 3271 4173 semper
3310 4102 3401 4156 sui
3440 4101 3799 4173 meminisse,

2159 4205 2506 4263 semperque
2536 4204 2597 4244 se
2628 4189 2819 4261 ipsam
2853 4189 3178 4261 intelligere
3210 4194 3265 4245 et
3286 4208 3501 4256 amare,
3528 4192 3801 4263 quamvis

2160 4296 2277 4334 non
2312 4294 2543 4349 semper
2572 4294 2635 4333 se
2664 4277 2920 4350 cogitare
2968 4278 3281 4333 discretam
3314 4279 3386 4333 ab
3419 4279 3501 4334 eis
3532 4296 3656 4349 quae
3688 4296 3801 4334 non

2159 4371 2297 4423 sunt
2319 4367 2472 4438 quod
2496 4366 2626 4437 ipsa
2647 4370 2755 4433 est,
2779 4366 2932 4421 circa
2953 4366 3217 4437 ejusdem
3242 4364 3373 4420 libri
3396 4367 3607 4421 decimi
3628 4368 3804 4422 tinem

2159 4456 2452 4512 diximus:
2482 4454 2863 4525 quaerendum
2886 4458 2976 4509 est
2996 4469 3249 4524 quonam
3279 4454 3449 4509 modo
3483 4455 3553 4508 ad
3587 4454 3803 4527 cogita-

2156 4546 2375 4599 tionem
2409 4544 2697 4615 pertineat
2728 4542 3059 4598 intellectus
3087 4559 3100 4609 ;
3136 4542 3341 4597 notitia
3365 4558 3496 4598 vero
3520 4544 3806 4615 cujusque

2158 4633 2260 4703 rei,
2293 4650 2418 4705 quas
2450 4631 2602 4687 inest
2634 4631 2836 4696 menti,
2865 4632 3041 4686 etiam
3068 4631 3303 4702 quando
3327 4648 3440 4686 non
3464 4633 3535 4687 de
3556 4632 3686 4703 ipsa
3710 4649 3806 4687 co-

2157 4722 2395 4794 gitatur,
2429 4721 2499 4775 ad
2533 4722 2718 4775 solam
2769 4720 2995 4774 dicatur
3026 4719 3369 4775 memoriam
3404 4720 3709 4792 pertinere.
3746 4722 3806 4778 Si

2156 4810 2314 4865 enim
2344 4809 2454 4864 hoc
2485 4809 2567 4863 ita
2596 4813 2703 4877 est,
2738 4824 2853 4863 non
2899 4808 3151 4864 habebat
3200 4808 3322 4864 haec
3372 4808 3503 4879 tria,
3534 4815 3597 4864 ut
3626 4814 3683 4863 et
3711 4810 3804 4865 sui

2158 4898 2546 4966 meminisset,
2578 4902 2634 4953 et
2664 4913 2724 4952 se
2756 4895 3125 4969 intelligeret,
3168 4902 3225 4953 et
3274 4904 3513 4967 amaret,
3550 4899 3648 4953 sed
3683 4916 3802 4953 nie-

2157 4985 2405 5041 minerat
2432 4989 2663 5041 tantum
2698 4984 2812 5054 sui,
2845 4990 2901 5041 et
2930 4990 3132 5057 postea
3162 5003 3295 5041 cum
3326 4986 3581 5059 cogitare
3610 5004 3671 5042 se
3692 5004 3804 5043 cre-

2158 5075 2264 5147 pit,
2294 5079 2432 5129 tunc
2457 5091 2517 5129 se
2549 5072 2834 5130 intellexit
2866 5079 3043 5147 atque
3074 5074 3292 5131 dilexit.

2228 5163 2455 5218 CAPUT
2486 5164 2610 5219 VII.
2644 5194 2711 5204 —
2741 5165 3000 5237 Exemplo
3048 5180 3133 5218 res
3164 5162 3499 5219 declaratur.
3536 5164 3813 5232 Quomodo

2155 5269 2239 5308 res
2260 5253 2329 5307 ad
2340 5253 2611 5323 juvandos
2646 5254 2868 5308 lectores
2900 5257 3129 5307 tractata
3160 5253 3248 5306 sit.
3283 5252 3647 5324 Quapropter
3678 5254 3810 5309 dili-

2158 5342 2391 5414 gentius
2406 5342 2549 5397 illud
2565 5343 3002 5397 consideremus
3017 5340 3527 5412 exemplum,quod
3546 5342 3815 5399 adhibui-

2158 5431 2872 5497 mus,ubi’ostenderetur
2887 5430 3041 5485 aliud
3059 5446 3186 5486 esse
3217 5446 3339 5485 rem
3372 5446 3665 5504 quamque
3697 5450 3813 5489 non

2155 5536 2348 5589 nosse,
2374 5520 2531 5575 aliud
2558 5536 2673 5575 non
2700 5522 2957 5590 cogitare
2977 5563 2991 5587 ,
3022 5518 3261 5591 ﬁerique
3287 5535 3461 5592 posse
3492 5523 3556 5575 ut
3589 5522 3813 5578 noverit

2218 5734 2235 5797 ε
2267 5732 2428 5797 Editi.
2449 5729 2717 5797 Tigrabit.
2748 5730 2936 5797 Aptius
2969 5745 3097 5781 vero
3136 5733 3261 5797 Mss.
3293 5733 3555 5797 migravit.

2220 5796 2242 5832 ²
2261 5794 2419 5858 Hpud
2447 5794 2532 5844 Er.
2556 5793 2723 5857 Lugd.
2754 5794 2885 5847 Ven.
2911 5794 3063 5857 Lov.,
3088 5797 3165 5846 ut.
3202 5796 3271 5847 M.
