4130 6194
469 415 622 476 1043

467 547 642 603 homo
666 543 886 617 aliquid
915 547 1064 617 quod
1083 563 1197 601 non
1217 546 1452 616 cogitat,
1474 547 1706 618 quando
1725 547 1982 610 aliunde,
2001 561 2117 599 non

465 635 601 691 inde
618 635 849 706 cogitat.
867 635 1125 690 Duarum
1141 652 1276 707 ergo
1289 635 1375 690 vel
1394 636 1650 707 plurium
1668 636 2111 706 disciplinarum

467 725 712 796 peritus,
731 725 963 794 quando
979 741 1155 779 unam
1171 725 1405 796 cogitat,
1423 725 1597 780 aliam
1615 725 1700 780 vel
1716 724 1860 780 alias
1874 725 2048 779 etiam
2066 723 2112 776 si

467 831 583 868 non
610 812 843 883 cogitat,
871 813 999 867 novi
1027 821 1240 868 tamen.
1263 815 1371 868 Sed
1407 815 1693 885 numquid
1727 818 1876 869 recte
1908 830 2113 885 possu-

472 919 608 956 mus
637 901 847 966 dicere,
882 903 996 957 Iste
1036 903 1299 957 musicus
1348 905 1505 957 novit
1536 903 1773 973 quidem
1805 902 2112 968 musicam,

467 991 570 1047 sed
603 1006 759 1045 nunc
788 1006 916 1045 eam
951 1007 1064 1044 non
1105 990 1400 1062 intelligit,
1450 991 1589 1062 quia
1635 1009 1761 1047 eam
1812 1009 1927 1046 non
1960 991 2114 1064 cogi-

468 1082 593 1146 tat;
653 1077 924 1150 intelligit
975 1082 1171 1133 autem
1250 1096 1406 1134 nunc
1472 1080 1907 1156 geometricam,
1966 1079 2115 1134 hanc

468 1168 623 1223 enim
659 1185 816 1223 nunc
847 1168 1108 1239 cogitat?
1139 1168 1411 1224 Absurda
1458 1173 1566 1236 est,
1622 1174 1908 1241 quantum
1938 1186 2114 1240 appa-

470 1261 577 1321 ret,
611 1256 721 1311 ista
751 1257 1060 1312 sententia.
1096 1257 1242 1320 Quid
1274 1257 1447 1312 etiam
1473 1257 1595 1327 illa,
1621 1259 1668 1314 si
1692 1259 1978 1327 dicamus,
2004 1263 2114 1313 Iste

470 1346 732 1400 musicus
765 1345 923 1400 novit
950 1346 1186 1416 quidem
1212 1347 1524 1415 musicam,
1546 1349 1647 1402 sed
1671 1364 1825 1402 nunc
1847 1364 1975 1402 eam
2000 1364 2112 1401 non

473 1440 654 1502 amat,
689 1436 922 1505 quando
957 1452 1084 1490 eam
1111 1452 1224 1490 non
1257 1437 1514 1507 cogitat;
1547 1441 1705 1491 amat
1735 1442 1927 1492 autem
1962 1453 2115 1491 nunc

468 1523 939 1596 geometricam‘,
966 1525 1244 1594 quoniam
1268 1541 1423 1579 nunc
1445 1525 1634 1596 ipsam
1658 1527 1900 1597 cogitat:
1923 1541 2115 1579 nonne

469 1613 742 1668 similiter
763 1613 1018 1668 absurda
1039 1613 1168 1667 est?
1193 1613 1536 1669 Rectissime
1558 1631 1688 1669 vero
1711 1615 1981 1683 dicimus,
2006 1614 2115 1668 iste

470 1718 644 1772 quem
676 1701 959 1772 perspicis
991 1702 1060 1756 de
1091 1703 1442 1772 geometrica
1485 1703 1906 1774 disputantem,
1939 1702 2113 1758 etiam

471 1790 763 1860 perfectus
797 1794 886 1844 est
917 1790 1217 1859 musicus;
1255 1808 1390 1846 nam
1424 1795 1480 1846 et
1503 1792 1769 1847 meminit
1790 1791 2113 1863 disciplinae

472 1878 620 1945 ejus,
655 1881 712 1931 et
738 1876 1014 1949 intelligit
1044 1894 1173 1932 eam
1202 1883 1259 1932 et
1289 1878 1516 1949 diligit:
1553 1879 1653 1933 sed
1687 1878 1954 1950 quamvis
1985 1895 2110 1933 eam

473 1965 700 2020 noverit
728 1970 786 2020 et
816 1972 990 2033 amet,
1026 1983 1181 2022 nunc
1211 1966 1370 2021 illam
1417 1984 1531 2023 non
1565 1969 1804 2038 cogitat,
1836 1967 2112 2038 quoniam

470 2055 884 2127 geometricam
909 2057 979 2109 de
1010 2072 1121 2123 qua
1147 2056 1428 2126 disputat,
1470 2057 1700 2128 cogitat.
1740 2057 1880 2111 Hinc
1911 2057 2113 2111 admo-

471 2160 683 2198 nemur
711 2159 840 2198 esse
872 2143 1040 2197 nobis
1074 2143 1131 2196 in
1163 2143 1358 2198 abdito
1384 2145 1592 2200 mentis
1615 2146 2006 2216 quarumdam
2032 2161 2114 2200 re-

470 2248 603 2287 rum
637 2232 924 2301 quasdam
957 2232 1216 2297 notitias,
1249 2237 1306 2286 et
1335 2236 1474 2288 tunc
1506 2235 1756 2304 quodam
1794 2235 1963 2289 modo
1989 2251 2115 2305 pro-

471 2321 671 2376 cedere
701 2321 760 2375 in
795 2320 1077 2390 medium,
1103 2325 1277 2391 atque
1299 2321 1356 2375 in
1379 2328 1690 2393 conspectu
1718 2323 1933 2378 mentis
1957 2323 2116 2378 velut

470 2409 733 2480 apertius
762 2409 1066 2478 constitui,
1099 2409 1332 2480 quando
1383 2412 1750 2482 cogitantur:
1787 2417 1927 2467 tunc
1956 2413 2113 2468 enim

470 2513 533 2553 se
563 2500 692 2569 ipsa
725 2515 911 2564 mens,
936 2504 992 2552 et
1013 2496 1374 2565 meminisse,
1399 2502 1453 2552 et
1476 2498 1818 2570 intelligere,
1842 2504 1898 2555 et
1918 2517 2114 2557 amare

470 2585 710 2653 invenit,
736 2587 913 2642 etiam
937 2587 1093 2642 unde
1116 2603 1229 2640 non
1253 2586 1562 2658 cogitabat,
1588 2589 1821 2659 quando
1839 2588 1996 2644 aliud
2020 2607 2114 2645 co-

472 2675 716 2747 gitabat.
750 2675 860 2731 Sed
895 2676 1048 2730 unde
1081 2676 1179 2730 diu
1212 2692 1325 2730 non
1370 2675 1838 2745 cogitaverimus,
1873 2683 1930 2734 et
1961 2681 2113 2734 unde

471 2765 726 2836 cogitare
757 2765 869 2820 nisi
900 2763 1240 2820 commoniti
1262 2781 1378 2819 non
1402 2766 1684 2834 valemus,
1709 2767 1766 2821 id
1791 2784 1896 2822 nos
1920 2769 2113 2823 nescio

470 2870 586 2924 quo
616 2855 936 2924 eodemque
969 2854 1115 2909 miro
1148 2855 1343 2921 modo,
1376 2855 1424 2909 si
1449 2859 1636 2926 potest
1656 2856 1791 2922 dici,
1813 2856 1958 2912 scire
1982 2873 2110 2913 nes-

468 2943 679 2999 cimus.
713 2943 974 3014 Denique
1028 2948 1181 2998 recte
1235 2944 1306 2998 ab
1357 2960 1422 2999 eo
1454 2944 1553 3015 qui
1587 2950 2024 3012 commemorat,
2062 2947 2112 3000 ei

466 3033 674 3102 quem‘I
702 3036 1120 3087 commemorat
1148 3032 1398 3088 dicitur:
1432 3033 1554 3088 Scis
1583 3033 1713 3099 hoc,
1747 3035 1847 3089 sed
1881 3035 2029 3089 scire
2059 3041 2114 3090 te

465 3121 689 3187 nescis;
713 3122 1201 3190 commemorabo,
1218 3125 1275 3176 et
1297 3121 1556 3176 invenies
1578 3127 1632 3176 te
1655 3123 1931 3178 scientem
1957 3126 2110 3194 quod

463 3213 521 3264 te
553 3208 778 3263 nescire
811 3213 1138 3280 putaveras.
1165 3209 1226 3263 Id
1251 3215 1432 3280 agunt
1452 3216 1508 3264 et
1530 3210 1751 3280 litteras,
1777 3229 1904 3282 quae
1927 3214 1997 3268 de
2020 3213 2110 3269 his

463 3297 639 3353 rebus
671 3297 1013 3368 conscriptae
1044 3301 1203 3367 sunt,
1238 3314 1384 3369 quas
1416 3314 1508 3353 res
1530 3299 1675 3353 duce
1700 3300 1921 3355 ratione
1947 3319 2110 3356 veras

464 3402 592 3441 esse
623 3387 840 3440 invenit
873 3386 1087 3442 lector:
1132 3405 1246 3442 uon
1298 3405 1444 3459 quas
1490 3404 1656 3443 veras
1688 3405 1815 3444 esse
1847 3390 2028 3444 credit
2059 3393 2109 3446 ei

466 3475 564 3545 qui
597 3475 851 3546 scripsit,
886 3476 1041 3531 sicut
1068 3475 1284 3548 legitur
1325 3475 1601 3543 historia;
1635 3478 1735 3532 sed
1768 3494 1915 3548 quas
1944 3497 2107 3535 veras

464 3579 592 3617 esse
625 3564 799 3619 etiam
832 3564 956 3634 ipse
991 3565 1227 3630 invenit,
1281 3564 1398 3620 sive
1435 3566 1588 3636 apud
1621 3583 1705 3632 se,
1739 3567 1858 3622 sive
1889 3569 1947 3621 in
1983 3568 2109 3639 ipsa

466 3652 682 3708 mentis
713 3653 842 3707 luce
872 3653 1129 3707 veritate.
1155 3653 1261 3716 Qui
1293 3669 1424 3708 vero
1454 3671 1558 3709 nec
1598 3655 1934 3711 admonitus
1959 3657 2111 3712 valet

461 3740 575 3796 ista
614 3741 898 3810 contueri,
931 3757 1144 3812 magna
1185 3742 1442 3797 cacitate
1487 3743 1701 3810 cordis,
1732 3744 1987 3799 tenebris
2018 3746 2108 3817 ig-

462 3830 742 3885 norantiae
774 3832 1078 3885 demersus
1110 3833 1200 3885 est
1233 3830 1432 3898 altius,
1455 3835 1512 3885 et
1532 3832 1891 3887 mirabiliora
1913 3834 2107 3890 divina

461 3934 567 3988 ope
599 3919 840 3990 indiget,
876 3922 939 3974 ut
970 3918 1156 3989 possit
1185 3919 1254 3974 ad
1289 3935 1483 3974 veram
1525 3920 1874 3991 sapientiam
1909 3940 2105 3993 perve-

456 4007 602 4062 nire.

531 4096 616 4150 10.
643 4099 883 4166 Propter
905 4095 1013 4151 hoc
1044 4096 1238 4167 itaque
1270 4096 1424 4150 volui
1457 4097 1526 4150 de
1558 4098 1904 4170 cogitatione
1933 4101 2102 4155 adhi-

454 4182 592 4238 bere
612 4183 1040 4256 qualecumque
1063 4186 1502 4250 documentum,
1525 4202 1640 4256 quo
1661 4192 1858 4257 posset
1875 4190 2098 4244 ostendi

454 4274 746 4343 quomodo
760 4290 828 4328 ex
847 4273 919 4327 iis
936 4291 1062 4345 quae
1083 4274 1769 4346 memoriacontinentur,
1790 4278 2098 4333 recordan-

450 4362 527 4416 tis
543 4363 697 4416 acies
711 4361 1078 4429 informatur,
1096 4369 1151 4417 et
1164 4361 1275 4417 tale
1289 4362 1508 4433 aliquid
1525 4363 1801 4434 gignatur
1814 4365 1909 4418 ubi
1927 4366 2099 4422 homo

450 4449 690 4521 cogitat.
719 4451 890 4522 quale
917 4451 973 4504 in
999 4450 1094 4506 illo
1117 4456 1242 4506 erat
1265 4451 1361 4506 ubi
1387 4457 1519 4506 ante
1543 4453 1952 4524 cogitationem
1978 4472 2097 4510 me-

453 4537 730 4593 minerat:
752 4542 890 4609 quia
913 4540 1140 4596 facilius
1159 4540 1543 4611 dignoscitur,
1560 4541 1715 4612 quod
1731 4546 1991 4614 tempore
2004 4560 2097 4598 ac-

452 4624 686 4692 cedit,et
706 4627 801 4681 ubi
822 4644 1031 4698 parens
1052 4628 1270 4700 prolem
1289 4629 1477 4700 spatio
1494 4631 1773 4702 temporis
1787 4633 2091 4689 antecedit.

450 4713 593 4769 Nam
619 4715 666 4769 si
693 4731 798 4770 nos
821 4716 1140 4772 referamus
1162 4718 1232 4772 ad
1263 4717 1595 4774 interiorem
1630 4721 1840 4775 mentis
1872 4736 2092 4776 memo-

449 4803 596 4858 riam
631 4820 748 4874 qua
777 4803 868 4860 sui
903 4803 1184 4872 meminit,
1209 4811 1265 4860 et
1287 4807 1618 4862 interiorem
1646 4808 2088 4878 intelligentiam

446 4909 564 4964 qua
585 4909 646 4947 se
668 4891 960 4965 intelligit,
986 4897 1042 4948 et
1064 4893 1397 4949 interiorem
1419 4896 1774 4952 voluntatem
1795 4913 1911 4968 qua
1929 4913 1989 4952 se
2007 4898 2091 4952 di-

443 4979 592 5054 ligit,
618 4981 718 5036 ubi
742 4981 862 5036 haec
888 4982 998 5036 tria
1021 4982 1199 5037 simul
1223 4999 1454 5053 semper
1487 4988 1646 5052 sunt,
1679 4990 1736 5039 et
1764 4991 1992 5056 semper
2012 4985 2089 5041 si-

441 5070 565 5125 mul
581 5070 818 5125 fuerunt
832 5086 899 5123 ex
920 5086 1034 5142 quo
1051 5087 1180 5125 esse
1201 5087 1428 5141 cceperu
1439 5079 1518 5138 nt,
1539 5073 1657 5127 sive
1675 5075 2086 5144 cogitarentur,

439 5157 560 5214 sive
584 5176 698 5212 non
725 5158 1701 5230 cogitarentur;videbiturquidem
1721 5162 1912 5233 imago
1931 5162 2087 5218 illius

438 5247 723 5303 trinitatis
746 5252 804 5302 et
824 5248 895 5303 ad
918 5247 1104 5303 solam
1123 5248 1465 5303 memoriam
1490 5249 1776 5320 pertinere
1799 5267 1808 5304 :
1831 5253 1929 5305 sed
1952 5252 2090 5323 quia

439 5335 521 5390 ibi
542 5336 781 5391 verbum
806 5353 934 5392 esse
959 5337 1082 5392 sine
1104 5337 1453 5409 cogitatione
1485 5355 1597 5392 non
1633 5346 1815 5408 potest
1848 5340 2086 5412 (cogita-

444 5438 577 5477 mus
601 5423 755 5478 enim
781 5441 951 5479 omne
974 5426 1126 5496 quod
1162 5425 1438 5492 dicimus,
1480 5426 1652 5481 etiam
1695 5425 1792 5481 illo
1816 5427 2087 5485 interiore

443 5511 614 5566 verbo
647 5513 798 5582 quod
834 5513 904 5567 ad
940 5513 1156 5568 nullius
1188 5515 1379 5586 gentis
1415 5515 1664 5586 pertinet
1694 5514 2001 5587 linguam),
2027 5519 2084 5572 in

444 5599 632 5655 tribus
663 5602 851 5670 potius
878 5601 992 5657 illis
1026 5603 1217 5673 imago
1250 5604 1361 5658 ista
1384 5605 1776 5675 cognoscitur,
1804 5611 2085 5661 memoria

509 5743 534 5812 ξ
556 5740 714 5812 ξῆάὶῐῇ
745 5741 1286 5812 ιοορκρςογηεινίςαγῃ,
1311 5746 1606 5812 habebant,
1635 5749 1989 5810 geometriam.

457 5811 466 5815 λ
494 5803 534 5871 ,Ρ
557 5804 635 5854 Ita
670 5805 794 5852 Mss.
824 5802 961 5852 Editi
990 5818 1136 5866 vero,
1166 5802 1362 5859 cui.'At
1399 5809 1542 5871 Msa,
1575 5802 1740 5873 q'uZ'm.

1584 415 1683 474 DIC
1728 412 2180 482 TlthITATE,
2229 414 2293 471 S.
2340 413 2764 475 AUGUSTINI

3686 416 3816 480 10H

2229 543 2467 611 scilicet,
2509 545 2910 617 intelligentia,
2944 543 3262 599 voluntate.
3302 544 3454 598 Hanc
3484 548 3660 600 autem
3687 564 3814 604 nunc

2221 632 2348 687 dico
2381 633 2853 704 intelligentiam,
2888 650 3001 702 qua
3032 633 3415 705 intelligimus
3444 634 3751 705 cogitantes,
3771 638 3816 692 id

2219 726 2328 791 est,
2364 723 2598 793 quando
2633 722 2715 776 eis
2748 725 2993 794 repertis
3026 739 3151 792 quas
3195 722 3481 776 memoria:
3512 728 3687 792 presto
3715 725 3816 779 fue-

2219 815 2370 877 rant,
2403 812 2503 866 sed
2538 829 2650 865 non
2683 810 3112 883 cogitabantur,
3145 810 3414 881 cogitatio
3439 816 3622 865 nostra
3643 811 3818 869 forma-

2220 902 2317 953 tur
2344 917 2357 969 ;
2391 903 2447 955 et
2478 915 2605 955 eam
2641 900 3018 968 voluntatem,
3051 898 3171 954 sive
3202 915 3478 968 amorem,
3512 903 3565 953 et
3593 899 3816 956 dilectio-

2221 1004 2374 1050 nem,
2413 1005 2538 1058 quze
2568 988 2745 1044 istam
2779 987 2997 1060 prolem
3025 992 3440 1059 parentemque
3467 989 3820 1060 conjungit,et

2220 1078 2473 1148 quodam
2495 1077 2665 1132 modo
2685 1077 2946 1148 utrisque
2963 1080 2978 1111 ¹
3000 1076 3330 1131 communis
3350 1081 3455 1131 est.
3477 1077 3612 1131 Ilinc
3635 1078 3817 1133 factum

2219 1171 2306 1219 est
2328 1169 2390 1218 ut
2410 1166 2586 1220 etiam
2613 1183 2715 1237 per
2739 1166 3024 1220 exteriora
3049 1165 3350 1222 sensibilia
3380 1183 3502 1237 quae
3534 1183 3629 1238 per
3653 1168 3820 1223 oculos

2219 1254 2409 1308 carnis
2441 1255 2728 1324 videntur,
2759 1254 3078 1325 legentium
3111 1256 3380 1310 ducerem
3412 1256 3749 1326 tarditatem,
3775 1257 3821 1311 in

2219 1343 2524 1398 undecimo
2548 1342 2772 1398 scilicet
2793 1343 2941 1398 libro
2964 1361 2975 1398 :
2999 1347 3172 1415 atque
3192 1344 3324 1398 inde
3341 1361 3472 1399 cum
3498 1345 3578 1398 eis
3600 1345 3824 1416 ingrede-

2219 1447 2311 1484 rer
2331 1433 2400 1486 ad
2425 1431 2669 1486 hominis
2693 1432 2985 1488 interioris
3009 1449 3136 1488 eam
3161 1433 3477 1504 potentiam
3505 1450 3615 1504 qua
3630 1434 3826 1489 ratioci-

2218 1525 2395 1574 natur
2417 1522 2487 1575 de
2511 1521 2927 1592 temporalibus
2942 1522 3137 1589 rebus,
3152 1521 3626 1592 dilferens'illam
3645 1525 3828 1593 princi-

2218 1609 2427 1680 paliter
2447 1610 2848 1665 dominantem
2872 1629 2988 1682 qua
3009 1611 3440 1682 contemplatur
3461 1621 3728 1666 aeternas:
3758 1617 3830 1666 at-

2219 1715 2331 1769 que
2346 1698 2397 1752 id
2417 1699 2646 1753 duobus
2662 1699 3054 1754 voluminibus
3070 1700 3535 1771 egi,duodecimo
3550 1704 3830 1771 utrumque

2219 1786 2582 1853 discernens,
2607 1804 2857 1858 quorum
2883 1805 3065 1841 unum
3091 1793 3177 1842 est
3193 1789 3487 1860 superius,
3513 1787 3743 1843 alterum
3761 1790 3830 1843 in-

2219 1875 2421 1939 ferius,
2441 1876 2596 1946 quod
2619 1876 2904 1947 superiori
2923 1877 3223 1931 subditum
3244 1894 3376 1932 esse
3395 1878 3744 1943 debet;tertio
3760 1877 3835 1932 de-

2219 1965 2369 2018 cimo
2396 1969 2590 2018 autem
2611 1965 2680 2018 de
2716 1981 2957 2020 munere
2985 1965 3298 2030 inferioris,
3322 1983 3438 2036 quo
3473 1965 3832 2021 humanarum

2218 2068 2410 2107 rerum
2437 2052 2681 2108 scientia
2704 2053 2957 2109 salubris
2982 2053 3331 2119 continetur,
3353 2059 3412 2109 et
3433 2055 3489 2108 in
3517 2054 3620 2109 hac
3641 2059 3833 2126 tempo-

2218 2141 2324 2195 rali
2358 2141 2471 2196 vita
2524 2142 2579 2196 id
2635 2158 2880 2213 agamus
2928 2159 3044 2213 quo
3095 2159 3529 2214 consequamur
3567 2147 3839 2212 aeternam,

2220 2235 2438 2302 quanta
2460 2231 2620 2300 potui
2648 2231 2885 2286 veritate
2908 2248 2973 2286 ac
2999 2233 3281 2287 brevitate
3305 2232 3560 2287 disserui
3582 2249 3594 2287 :
3614 2233 3840 2303 quando-

2219 2319 2451 2388 quidem
2478 2336 2600 2374 rem
2624 2325 2742 2374 tam
2768 2319 3154 2391 multiplicem
3181 2326 3356 2391 atque
3375 2321 3690 2392 cOpiosam,
3714 2319 3839 2375 mul-

2219 2411 2412 2462 torum
2436 2413 2609 2479 atque
2637 2425 2984 2480 magnorum
3006 2409 3508 2480 disputationibus
3526 2409 3720 2465 multis
3737 2427 3840 2465 ma-

2219 2496 2467 2567 gnisque
2491 2497 2868 2567 celebratam,
2893 2514 3009 2553 uno
3033 2499 3280 2553 strictim
3314 2498 3608 2554 volumine
3635 2499 3839 2564 inclusi,

2221 2587 2535 2641 ostendens
2588 2587 2764 2640 etiam
2827 2586 2883 2640 in
2941 2589 3071 2658 ipsa
3102 2587 3449 2653 trinitatem,
3479 2590 3577 2644 sed
3611 2590 3841 2643 nondum

2221 2692 2346 2746 quae
2380 2675 2473 2729 Dei
2508 2675 2584 2730 sit
2610 2675 2804 2746 imago
2835 2675 3099 2730 dicenda.

2289 2763 2516 2820 CAPUT
2545 2765 2690 2819 VllI.
2723 2797 2790 2805 —
2820 2765 2909 2820 Η.
2951 2766 3195 2820 Trinitas
3244 2782 3360 2837 qum
3407 2768 3586 2836 imago
3615 2766 3723 2835 Dei,
3743 2767 3845 2838 jam

2221 2853 2518 2924 quaerenda
2533 2856 2591 2908 in
2601 2855 2900 2925 principali
2909 2856 3106 2909 menti:
3118 2859 3298 2924 parte.
3315 2859 3406 2909 Nu
3417 2871 3487 2910 nc
3501 2871 3632 2909 vero
3647 2855 3715 2909 ad
3735 2870 3843 2909 eam

2211 2944 2336 3012 jam
2357 2943 2734 3013 pervenimus
2747 2943 3227 3013 disputationem,
3253 2942 3353 2997 ubi
3369 2944 3686 3015 principale
3699 2960 3848 2998 meu-

2217 3031 2290 3086 tis
2323 3031 2615 3096 humanm,
2649 3048 2763 3102 quo
2797 3033 2955 3086 novit
2990 3033 3168 3087 Deum
3193 3031 3277 3087 vel
3302 3037 3496 3104 potest
3517 3049 3705 3099 nosse,
3729 3049 3845 3086 con-

2219 3119 2594 3175 siderandum
2627 3120 3020 3191 suscepimus,
3055 3126 3120 3175 ut
3151 3121 3208 3175 in
3241 3137 3306 3176 eo
3339 3120 3846 3193 reperiamusima-

2217 3209 2411 3279 ginem
2448 3207 2564 3262 Dei.
2617 3208 2896 3272 Quamvis
2944 3209 3101 3264 enim
3157 3226 3320 3264 mens
3351 3209 3618 3266 humana
3648 3227 3755 3265 non
3784 3210 3848 3263 sit

2217 3299 2344 3368 ejus
2373 3303 2592 3352 naturae
2626 3299 2795 3368 cujus
2827 3303 2918 3353 est
2948 3298 3100 3352 Deus
3127 3315 3139 3352 :
3192 3297 3385 3370 imago
3420 3303 3619 3355 tamen
3650 3304 3848 3354 natura:

2216 3387 2338 3456 ejus
2369 3403 2484 3456 qua
2511 3390 2723 3440 natura
2753 3386 2958 3441 melior
2989 3386 3151 3442 nulla
3192 3393 3300 3456 est,
3337 3387 3417 3442 ibi
3451 3390 3758 3459 quaerenda
3801 3392 3848 3442 et

2215 3475 2562 3529 invenienda
2592 3481 2680 3530 est
2710 3476 2766 3529 in
2811 3477 3002 3543 nobis,
3051 3493 3165 3547 quo
3213 3476 3391 3530 etiam
3428 3483 3642 3532 natura
3675 3480 3851 3532 nostra

2216 3564 2360 3618 nihil
2394 3564 2572 3619 habet
2603 3565 2832 3620 melius.
2867 3566 2976 3620 Sed
3011 3566 3173 3635 prius
3204 3582 3370 3620 mens
3396 3566 3457 3620 in
3488 3583 3548 3621 se
3580 3567 3704 3638 ipsa
3733 3583 3849 3620 con-

2215 3653 2528 3707 sideranda
2557 3658 2644 3707 est
2674 3659 2990 3725 antequam
3024 3655 3102 3709 sit
3147 3654 3440 3725 particeps
3479 3656 3599 3724 Dei,
3633 3659 3689 3710 et
3717 3655 3769 3708 in
3794 3670 3857 3708 ea

2214 3742 2558 3813 reperienda
2587 3747 2677 3796 est
2710 3743 2901 3813 imago
2933 3743 3082 3812 ejus.
3119 3743 3380 3798 Diximus
3411 3744 3575 3798 enim
3609 3761 3731 3799 eam
3757 3742 3848 3798 etsi

2215 3830 2434 3885 amissa
2464 3829 2563 3885 Dei
2613 3831 3055 3900 participatione
3100 3831 3423 3886 obsoletam
3469 3836 3650 3903 atque
3681 3832 3849 3887 defor-

2215 3935 2391 3984 mem,
2425 3919 2523 3973 Dei
2559 3925 2750 3973 tamen
2780 3919 3093 3991 imaginem
3119 3937 3461 3990 permanere
3487 3922 3716 3993 (Supra,
3739 3938 3842 3991 cap.

2214 4008 2288 4077 4).
2322 4008 2395 4062 Eo
2427 4010 2643 4078 quippe
2675 4007 2797 4078 ipso
2830 4007 3022 4079 imago
3049 4008 3175 4078 ejus
3216 4014 3324 4075 est,
3375 4026 3494 4080 quo
3527 4012 3657 4081 ejus
3686 4027 3847 4081 capax

2211 4101 2317 4162 est,
2351 4097 2594 4166 ejusque
2627 4096 2911 4167 particeps
2946 4113 3073 4151 esse
3100 4102 3290 4168 potest
3318 4123 3332 4164 ;
3359 4100 3518 4168 quod
3554 4105 3674 4155 tam
3707 4116 3846 4170 mag-

2211 4201 2353 4239 num
2387 4187 2626 4255 bonum,
2662 4186 2772 4240 nisi
2799 4202 2900 4255 per
2921 4185 3026 4240 hoc
3051 4187 3203 4256 quod
3229 4187 3424 4259 imago
3452 4189 3586 4258 ejus
3612 4194 3718 4257 est,
3745 4204 3842 4242 non

2209 4275 2451 4345 potest’.
2482 4274 2622 4328 Ecce
2651 4290 2786 4345 ergo
2820 4290 2985 4329 mens
3021 4274 3287 4329 meminit
3321 4276 3434 4343 sui,
3468 4277 3746 4349 intelligit
3773 4293 3844 4343 se,

2209 4363 2398 4434 diligit
2429 4380 2489 4418 se
2520 4379 2531 4416 :
2567 4363 2672 4417 hoc
2701 4364 2748 4417 si
2785 4364 3104 4426 cernimus,
3136 4365 3454 4430 cernimus,
3493 4366 3840 4431 trinitatem;

2209 4452 2469 4506 nondum
2501 4452 2735 4521 quidem
2785 4451 2990 4517 Deum,
3045 4451 3144 4506 sed
3187 4453 3313 4521 jam
3360 4453 3686 4524 imaginem
3738 4451 3839 4509 Dei.

2208 4541 2333 4598 Non
2366 4540 2689 4596 forinsecus
2722 4540 2943 4609 accepit
2968 4542 3254 4594 memoria
3283 4544 3439 4610 quod
3471 4548 3720 4609 teneret,
3753 4557 3842 4597 nec

2206 4629 2345 4684 foris
2370 4629 2588 4683 invenit
2609 4629 2763 4699 quod
2787 4626 3076 4698 aspiceret
3101 4627 3450 4696 intellectus,
3478 4630 3636 4686 sicut
3656 4647 3840 4702 corpo-

2204 4718 2284 4774 ris
2315 4717 2560 4773 oculus:
2597 4734 2700 4772 nec
2731 4715 2844 4770 ista
2871 4717 3006 4786 duo,
3041 4716 3195 4771 velut
3217 4717 3465 4772 formam
3493 4721 3772 4792 corporis,
3795 4724 3843 4773 et

2203 4823 2331 4862 eam
2360 4823 2486 4877 quae
2518 4805 2652 4860 inde
2685 4806 2832 4859 facta
2861 4808 2948 4860 est
2974 4804 3032 4859 in
3057 4805 3177 4860 acie
3200 4809 3557 4877 contuentis,
3585 4809 3841 4864 voluntas

2203 4896 2342 4951 foris
2367 4895 2597 4965 junxit:
2633 4910 2735 4948 nec
2774 4893 3091 4966 imaginem
3142 4894 3221 4949 rei
3253 4911 3380 4965 quas
3417 4895 3558 4952 foris
3593 4898 3715 4953 visa
3740 4901 3837 4961 est,

2201 4985 2454 5056 quodam
2489 4984 2658 5038 modo
2689 4987 2918 5054 raptam
2969 4988 3025 5038 et
3057 4984 3115 5037 in
3167 4985 3449 5040 memoria
3488 4989 3839 5042 reconditam

2201 5073 2472 5144 cogitatio
2494 5089 2627 5127 cum
2650 5072 2721 5126 ad
2743 5089 2871 5127 eam
2895 5077 3349 5140 converteretur,
3380 5075 3628 5144 invenit,
3646 5083 3701 5132 et
3718 5077 3840 5130 inde

2201 5163 2487 5217 formatus
2511 5161 2630 5215 est‘
2652 5160 3010 5214 recordantis
3033 5160 3294 5226 obtutus,
3312 5162 3606 5233 jungente
3630 5168 3844 5218 utrum-

2201 5267 2313 5321 que
2334 5249 2504 5304 tertia
2525 5248 2822 5304 voluntate
2838 5264 2851 5303 :
2866 5248 3018 5302 sicut
3035 5249 3092 5302 in
3112 5248 3194 5303 eis
3217 5251 3676 5307 ostendebamus
3692 5251 3843 5307 trini-

2198 5337 2418 5394 tatibus
2441 5336 2586 5404 fieri,
2620 5354 2744 5407 quae
2775 5335 2834 5389 in
2858 5337 3031 5392 rebus
3053 5337 3452 5408 corporalibus
3475 5341 3838 5411 reperieban-

2197 5433 2312 5494 tur,
2337 5425 2423 5482 vel
2445 5444 2512 5481 ex
2535 5426 2876 5498 corporibus
2900 5441 3000 5496 per
3018 5441 3256 5481 sensum
3279 5427 3539 5498 corporis
3557 5429 3836 5486 introrsus

2198 5517 2450 5587 quodam
2475 5513 3038 5570 medotrahebantur
3055 5531 3067 5580 ;
3089 5514 3157 5568 de
3171 5514 3387 5583 quibus
3403 5517 3678 5573 omnibus
3697 5519 3752 5572 in
3769 5516 3832 5571 li-

2260 5625 2274 5658 1
2311 5623 2391 5670 Er.
2422 5621 2586 5684 Lugd.
2622 5621 2750 5668 Ven.
2784 5619 3137 5684 Liovrlegunt.
3170 5620 3391 5684 utrique.
3489 5623 3561 5671 M.

2257 5687 2278 5721 3
2308 5685 2463 5743 Editi,
2495 5683 2766 5730 disserens.
2798 5682 3139 5744 Castigantur
3161 5696 3226 5730 ex
3248 5682 3373 5732 Mss.

2258 5749 2278 5783 ³
2307 5747 2460 5810 Editi,
2492 5744 2713 5810 intelligi
2740 5743 3046 5810 npnpotest.
3080 5743 3262 5803 Abest,
3295 5744 3528 5810 intelligi,
3561 5761 3594 5798 α
3621 5747 3742 5797 Mss.

2259 5811 2280 5846 ⁵
2309 5809 2486 5860 Plures
2515 5805 2808 5868 Μειίὶηᾱε
2845 5805 3161 5870 informatus
3188 5810 3280 5859 est.
