4100 6190
208 332 357 397 1057

208 468 375 525 etiam
390 468 457 524 de
471 466 646 524 rebus
663 464 1160 522 manifestissimis
1174 464 1415 537 placuit,
1430 465 1546 521 ista
1560 464 1851 521 sententia

208 558 516 615 redolebat.
534 562 578 610 A
596 554 958 628 philosophis
973 559 1165 610 autem
1178 598 1191 623 ,
1208 555 1361 610 sicut
1379 554 1503 625 ipse
1519 554 1847 621 confitetur,

206 648 462 704 maximis
479 645 976 717 longequeclarissi
980 646 1106 709 mis,
1122 650 1366 699 aeternos
1380 643 1607 698 animos
1620 659 1748 698 esse
1762 659 1851 697 aco

207 740 450 811 ceperat.
468 736 681 792 [Eterni
697 734 908 805 quippe
921 734 1098 789 animi
1122 750 1235 788 non
1255 733 1730 788 inconvenienter
1745 732 1849 787 hac

207 825 599 884 exhortatione
622 824 973 890 excitantur,
1000 821 1131 877 utin
1148 839 1252 877 suo
1266 838 1442 877 cursu
1459 820 1847 893 reperiantur,

207 933 336 972 cum
356 913 572 970 venerit
597 914 725 969 vitae
748 912 926 982 hujus
948 917 1294 982 extremum,
1318 911 1375 965 id
1400 915 1509 979 est,
1536 911 1591 963 in
1626 911 1849 966 ratione

206 1010 258 1062 et
285 1002 676 1077 investigandi
698 1001 1038 1073 cupiditate,
1068 1001 1381 1072 minusque
1403 1017 1464 1056 se
1487 998 1851 1057 admisceant

1380 329 1615 391 LIBER
1658 328 2000 401 QUlNTUS
2044 327 2412 391 DECIMUS.

3446 330 3603 392 1058

1960 467 2135 535 atque
2166 462 2467 535 implicent
2498 462 2802 535 hominum
2832 462 2989 519 vitiis
3010 466 3067 519 et
3087 464 3406 534 erroribus,
3429 469 3493 521 ut
3516 466 3598 521 eis

1961 553 2184 608 facilior
2213 553 2288 608 sit
2320 569 2622 625 regressus
2654 554 2721 607 ad
2760 553 2958 609 Deum.
2993 554 3101 609 Sed
3132 554 3238 609 iste
3270 572 3476 611 cursus
3499 554 3601 626 qui

1959 643 2340 699 constituitur
2361 644 2417 697 in
2443 659 2639 699 amore
2662 648 2838 713 atque
2855 643 3296 713 investigatione
3316 644 3595 713 veritatis,

1960 750 2075 787 non
2100 749 2165 787 su
2178 732 2318 787 fﬁcit
2336 732 2589 800 miseris,
2612 732 2669 787 id
2691 737 2797 801 est,
2819 732 3092 786 omnibus
3112 748 3243 787 cum
3260 733 3369 788 ista
3384 733 3507 789 sola
3522 751 3605 789 ra-

1957 820 2113 876 tione
2146 820 2494 876 mortalibus
2534 820 2659 876 sine
2715 820 2827 874 fide
2858 820 3225 875 Mediatoris:
3261 822 3415 892 quod
3446 822 3505 877 in
3535 821 3605 877 1i-

1959 910 2082 965 bris
2104 909 2504 981 superioribus
2526 909 2707 979 hujus
2730 910 2944 981 operis,
2969 909 3219 965 maxime
3240 910 3299 965 in
3325 916 3528 983 quarto
3551 915 3607 967 et

1958 999 2130 1055 tertio
2162 999 2409 1067 decimo,
2444 1003 2731 1070 quantum
2757 998 2939 1070 potui,
2963 1000 3364 1056 demonstrare
3388 1002 3601 1058 curavi.

1074 1331 1453 1425 LIBER
1525 1329 2066 1442 QUINTUS
2143 1331 2728 1426 DECIMUS.

267 1500 686 1568 Principio,rquid
700 1499 1417 1568 in_singulis_quatuordecim
1436 1499 1963 1568 superio_ribuslibris
1976 1498 2174 1568 dictum
2190 1500 2272 1568 sit,
2290 1500 2750 1568 exponitbreviter
2766 1515 2826 1550 ac
2846 1503 3172 1568 summatim,
3196 1518 3367 1568 eoque
3389 1505 3607 1555 demum

209 1562 512 1640 pervenisse
533 1562 953 1640 disputationem
976 1562 1155 1640 docet...
1173 1563 1478 1640 utTrinlitas‘
1496 1562 1613 1640 quae
1638 1564 1776 1640 Deus
1797 1565 1893 1620 est,
1914 1562 2022 1640 jam
2040 1562 2092 1610 in
2108 1562 2650 1640 ipsisrebusteternis,
2667 1564 3088 1640 inco‘rpoiral‘ibus
3106 1562 3608 1640 etimuiu‘tabilibus,

208 1624 262 1679 in
299 1642 525 1693 quarum
558 1624 793 1690 perfecta
813 1626 1266 1693 contemplatione
1290 1625 1443 1693 nobis
1467 1624 1618 1693 beata
1633 1626 1740 1693 vita
1762 1625 2585 1693 promittitur,inquiratur.itane
2606 1641 2739 1693 vero
2754 1628 3064 1676 Trinitatem
3087 1631 3320 1693 ostendit
3339 1631 3423 1679 hic
3440 1624 3611 1679 videri

208 1707 238 1741 a
266 1686 420 1741 nobis
452 1686 704 1753 tanquam
739 1703 831 1751 per
857 1686 1150 1753 speculum,
1168 1691 1223 1753 et
1253 1689 1306 1753 in
1332 1689 1633 1753 tenigmate,
1655 1686 1783 1753 dum
1805 1686 2016 1753 videtur
2041 1701 2136 1750 per
2160 1688 2446 1753 imaginem
2468 1688 2578 1753 Dei,
2601 1688 2741 1751 quod
2762 1702 3083 1753 possumus,
3109 1692 3237 1740 utin
3259 1693 3604 1742 similitudine

208 1755 434 1804 obscura
463 1758 516 1802 et
546 1750 613 1801 ad
642 1750 1070 1817 perspiciendum
1102 1750 1519 1817 difﬁcilisSicet
1549 1763 1611 1798 ex
1642 1750 1822 1817 verbo_
1838 1750 2031 1797 mentis
2062 1754 2256 1817 nostrae
2286 1751 2429 1817 verbi
2450 1750 3054 1817 divinigenerationem,
3077 1755 3291 1803 nonnisi
3309 1756 3611 1817 difﬁculter,

207 1824 425 1881 propter
454 1812 722 1881 eamun
753 1812 895 1881 inter
920 1818 1205 1881 utrumque
1238 1814 1458 1881 verbum
1489 1813 1746 1881 interesse
1774 1812 2087 1881 observatur
2116 1813 2401 1881 disparitas
2430 1826 2589 1881 quam
2610 1812 2886 1881 maxime;
2921 1820 2974 1863 et
3024 1830 3089 1864 ex
3120 1817 3400 1867 dilectione
3432 1831 3550 1881 quae
3581 1812 3611 1865 a

205 1874 481 1930 voluntate
502 1874 832 1941 adjungitur,
865 1876 1093 1941 Spiritus
1120 1874 1293 1925 sancti
1308 1875 1721 1958 .processionem
1754 1874 1943 1937 conjici
1973 1874 2263 1938 utcumque
2294 1879 2346 1924 et
2374 1874 2623 1938 explicari
2652 1890 2807 1939 posse
2838 1878 3189 1929 demonstrat.

275 2144 507 2201 CAPUT
529 2143 833 2200 PRIMUM.
860 2174 927 2183 -—
950 2144 1000 2198 1.
1041 2144 1223 2212 Supra
1258 2151 1493 2199 mentem
1534 2144 1690 2198 Deus.
1744 2141 1854 2197 Vo-

209 2235 393 2291 lentes
410 2235 470 2289 in
493 2233 667 2288 rebus
680 2250 807 2305 quae
825 2234 985 2288 facta;
999 2239 1137 2288 sunt
1149 2233 1219 2287 ad
1235 2232 1597 2305 cognoscend
1608 2249 1639 2285 u
1650 2247 1704 2285 m
1721 2247 1855 2286 eum

210 2342 238 2380 a
261 2341 377 2396 quo
402 2323 563 2379 factae
581 2326 740 2393 sunt,
761 2338 1022 2378 exercere
1036 2321 1331 2386 lectorem,
1341 2322 1467 2392 jam
1483 2320 1857 2393 pervenimus

211 2414 278 2468 ad
300 2414 433 2484 ejus
454 2411 795 2484 imaginem,
821 2411 976 2482 quod
1001 2414 1090 2466 est
1114 2410 1308 2481 homo,
1333 2410 1389 2465 in
1415 2427 1480 2466 eo
1500 2426 1615 2481 quo
1633 2409 1858 2465 caeteris

215 2500 585 2558 animalibus
596 2499 907 2567 antecellit,
927 2499 986 2554 id
1004 2504 1092 2555 est
1111 2499 1332 2555 ratione
1348 2499 1431 2555 vel
1452 2497 1856 2570 intelligentia,

214 2596 269 2647 et
288 2590 578 2663 quidquid
602 2588 759 2645 aliud
784 2590 855 2644 de
876 2589 1074 2644 anima
1091 2588 1360 2644 rationali
1379 2588 1463 2643 vel
1483 2585 1859 2643 intellectuali

215 2680 327 2734 dici
361 2683 570 2752 potest,
598 2678 748 2748 quod
783 2678 1069 2749 pertineat
1100 2678 1170 2732 ad
1202 2694 1329 2733 eam
1363 2693 1483 2732 rem
1528 2694 1652 2749 quae
1693 2692 1860 2731 mens

213 2773 457 2824 vocatur
483 2767 573 2823 vel
606 2768 862 2822 animus.
893 2766 1016 2829 Quo
1040 2767 1276 2821 nomine
1308 2765 1573 2821 nonnulli
1595 2770 1861 2821 auctores

216 2857 428 2930 linguae
450 2857 664 2923 latinae,
692 2855 748 2910 id
777 2856 927 2925 quod
952 2854 1179 2910 excellit
1198 2854 1256 2909 in
1279 2855 1535 2923 homine,
1560 2859 1617 2910 et
1640 2871 1752 2909 non
1775 2859 1864 2909 est

216 2946 271 3001 in
299 2962 527 3018 pecore,
552 2946 623 3000 ab
650 2945 848 2999 anima
874 2961 999 3015 quae
1020 2943 1169 2999 inest
1184 2949 1240 2999 et
1257 2944 1595 3014 pecori,suo
1609 2944 1861 3016 quodam

214 3034 497 3107 loquendi
534 3049 693 3088 more
724 3033 1115 3104 distinguunt.
1141 3033 1330 3104 Supra
1363 3033 1512 3089 hanc
1537 3050 1671 3103 ergo
1692 3039 1861 3088 natu-

216 3140 367 3191 ram,
388 3123 437 3178 si
455 3122 771 3193 quaerimus
790 3120 1035 3193 aliquid,
1054 3126 1112 3177 et
1127 3138 1328 3177 verum
1348 3122 1685 3193 quaerimus,
1710 3122 1864 3177 Deus

216 3218 327 3281 est,
364 3215 573 3268 natura
611 3210 831 3267 scilicet
873 3228 987 3266 non
1038 3214 1249 3278 creata,
1300 3212 1399 3266 sed
1434 3212 1697 3268 creatrix.
1732 3210 1863 3275 Quae

218 3307 419 3358 utrum
455 3302 533 3356 sit
556 3300 831 3369 Trinitas,
868 3317 982 3355 non
1014 3300 1206 3356 solum
1240 3300 1632 3369 credentibus,
1657 3300 1864 3355 divinaa

218 3392 538 3463 Scriptura:
558 3390 902 3445 auctoritate
922 3406 935 3457 ;
955 3405 1155 3444 verum
1180 3389 1354 3445 etiam
1378 3389 1863 3463 intelligentibus,

218 3480 444 3552 aliqua,
464 3480 511 3535 si
534 3496 871 3551 possumus,
895 3478 1118 3534 ratione
1130 3478 1256 3550 jam
1279 3479 1679 3534 demonstrare
1701 3478 1869 3534 debe-

219 3587 379 3625 mus.
414 3568 530 3624 Cur
558 3572 778 3634 autem,
824 3568 883 3623 Si
939 3584 1258 3639 possumus
1303 3568 1569 3635 dixerim,
1615 3584 1708 3622 res
1739 3567 1871 3638 ipsa

218 3676 357 3715 cum
392 3658 570 3728 quaeri
602 3657 955 3729 disputando
999 3657 1255 3728 coeperit,
1306 3655 1518 3711 melius
1564 3656 1866 3711 indicabit.

293 3764 527 3822 CAPUT
561 3765 626 3820 Il.
664 3794 729 3805 -ι
756 3765 810 3819 2.
859 3764 999 3818 Deus
1047 3763 1615 3834 incomprehensibilis
1661 3778 1873 3835 semper

220 3854 572 3927 quaerendus.
607 3854 890 3908 Trinitatis
914 3853 1142 3924 vestigia
1170 3869 1279 3907 non
1308 3855 1520 3923 frustra
1549 3854 1788 3924 quaesita
1813 3853 1874 3907 in

221 3947 657 4001 creatura.Deus
674 3942 886 4014 quippe
902 3942 1027 4013 ipse
1040 3958 1211 4013 quem
1229 3940 1870 4012 quaerimusadjuvabit,

222 4037 291 4087 ut
311 4048 508 4104 spero,
528 4048 599 4086 ne
618 4032 694 4086 sit
712 4031 1111 4085 infructuosus
1134 4029 1298 4084 labor
1328 4034 1542 4099 noster,
1573 4035 1627 4084 et
1658 4029 1873 4085 intelli-

223 4137 441 4195 gamus
459 4120 957 4193 quemadmodum
983 4120 1204 4174 dictum
1228 4120 1305 4175 sit
1326 4118 1383 4173 in
1412 4119 1636 4174 Psalmo
1668 4136 1872 4177 sacro:

224 4216 474 4267 Laetetur
485 4226 575 4266 cor
586 4210 959 4282 quaerentium
975 4210 1269 4264 Dominum
1283 4226 1301 4263 :
1315 4210 1549 4280 quaerite
1562 4210 1874 4281 Dominum,

223 4308 278 4356 et
299 4300 715 4370 conﬁrmamini
725 4314 747 4363 ;
769 4300 1001 4369 quaerite
1013 4300 1214 4367 faciem
1229 4313 1343 4368 ejus
1354 4314 1566 4369 semper
1579 4298 1745 4370 (Psal.
1761 4315 1875 4367 crv,

224 4391 282 4459 3,
298 4389 352 4458 4)
366 4429 378 4439 .
396 4388 642 4443 Videtur
654 4387 807 4443 enim
821 4433 833 4454 ,
848 4387 998 4459 quod
1015 4388 1553 4458 semperquaeritur,
1572 4403 1876 4459 nunquam

225 4477 480 4534 inveniri
510 4495 522 4532 ε
548 4482 604 4532 et
626 4476 915 4548 quomodo
949 4477 1074 4546 jam
1110 4475 1425 4542 laetabitur,
1468 4481 1525 4530 et
1546 4493 1658 4531 non
1684 4477 1878 4548 potius

226 4566 677 4624 contristabitur
702 4583 801 4621 cor
822 4565 1234 4638 quaerentium,
1258 4564 1305 4619 si
1330 4582 1442 4619 non
1469 4566 1763 4636 potuerint
1787 4566 1876 4621 in-

223 4656 428 4712 venire
451 4656 605 4728 quod
630 4654 945 4726 quaerunt?
968 4654 1095 4711 Non
1114 4655 1268 4708 enim
1293 4653 1395 4718 ait,
1424 4656 1660 4710 Laetetur
1677 4671 1768 4709 cor
1789 4654 1877 4709 in-

224 4745 589 4802 venientium
611 4762 624 4812 ;
644 4746 765 4814 sed,
781 4745 1143 4815 quaerentium
1160 4744 1471 4797 Dominum.
1489 4743 1553 4797 Et
1566 4748 1755 4798 tamen
1774 4743 1882 4798 Do-

226 4836 463 4891 minum
490 4840 667 4890 Deum
692 4834 936 4889 inveniri
965 4849 1136 4904 posse
1153 4832 1294 4887 dum
1315 4832 1614 4902 quaeritur,
1632 4836 1880 4887 testatur

225 4924 415 4980 Isaias
431 4923 731 4996 propheta,
754 4923 892 4978 dum
914 4922 1082 4977 dicit:
1102 4922 1343 4991 Quaerite
1358 4923 1677 4987 Dominum,
1691 4929 1880 4976 et-mox

225 5023 286 5069 ut
309 5015 662 5078 inveneritis,
687 5013 931 5067 invocate
948 5029 1072 5067 eum
1097 5029 1115 5064 .'
1137 5018 1188 5067 et
1211 5028 1333 5067 cum
1363 5012 1882 5083 appropinquaverit

224 5103 402 5171 vobis,
425 5103 769 5174 derelinquat
795 5102 999 5173 impius
1020 5104 1137 5157 vias
1156 5118 1304 5171 suas,
1328 5108 1377 5157 et
1394 5103 1483 5156 vir
1500 5101 1721 5170 iniquus
1736 5100 1882 5167 cogi-

223 5195 468 5247 tationes
488 5193 783 5263 suas(lsai,
802 5208 888 5257 LV,
912 5192 965 5262 6,
991 5192 1069 5261 7).
1095 5190 1148 5244 Si
1171 5207 1306 5260 ergo
1326 5189 1603 5260 quaesitus
1636 5188 1880 5243 inveniri

224 5285 447 5353 potest,
473 5297 576 5334 cur
597 5279 814 5335 dictum
840 5286 947 5347 est,
984 5282 1231 5351 Quaerite
1254 5280 1454 5347 faciem
1482 5278 1597 5349 ejus
1628 5294 1841 5347 semper
1859 5280 1885 5332 7

224 5372 317 5426 An
338 5375 396 5425 et
416 5370 689 5424 inventus
716 5370 861 5424 forte
889 5369 1239 5440 quaerendus
1268 5374 1357 5421 est
1376 5367 1403 5421 ?
1433 5366 1526 5421 Sic
1556 5367 1712 5421 enim
1745 5371 1885 5422 sunt

225 5457 851 5531 incomprehensibilia
874 5458 1240 5530 requirenda,
1263 5474 1334 5513 ne
1351 5473 1412 5511 se
1430 5456 1724 5512 existimet
1738 5456 1885 5513 nihil

224 5549 550 5614 invenisse,
564 5549 854 5620 quiquam
870 5546 1543 5619 sitincomprehensibile
1559 5548 1709 5617 quod
1728 5564 1881 5619 (11133-

225 5639 419 5710 rebat,
442 5638 698 5710 potuerit
719 5637 998 5694 invenire.
1039 5641 1152 5694 Cur
1185 5653 1319 5710 ergo
1356 5636 1439 5691 sic
1478 5637 1703 5708 quierit,
1729 5637 1777 5693 si
1803 5638 1885 5693 in-

225 5725 762 5802 comprehensibile
775 5726 1218 5801 comprehendit
1235 5741 1363 5782 esse
1379 5724 1537 5797 quod
1555 5725 1885 5797 quaaritnisi

226 5818 373 5897 quia
394 5817 749 5876 cessandum
772 5834 887 5876 non
907 5822 1014 5890 est,
1035 5815 1317 5893 quamdiu
1333 5815 1393 5873 in
1416 5814 1545 5891 ipsa
1565 5814 1886 5890 incompre-

1968 2141 2342 2197 bensibilium
2368 2160 2497 2198 reru
2512 2160 2563 2198 m
2590 2144 2972 2216 inquisitione
2990 2147 3313 2218 proﬁcitur,
3334 2153 3387 2204 et
3407 2149 3614 2206 melior

1968 2230 2290 2301 meliorque
2314 2232 2378 2286 ﬁt
2398 2249 2664 2303 quaerens
2686 2240 2802 2289 tam
2822 2251 3101 2307 magnum
3122 2235 3361 2306 bonum,
3389 2240 3542 2309 quod
3560 2243 3616 2294 et

1968 2319 2383 2375 inveniendum
2415 2322 2717 2392 quaeritur,
2750 2328 2806 2378 et
2853 2326 3232 2394 quaarendum
3274 2325 3615 2383 invenitur?

1969 2407 2115 2462 Nam
2138 2413 2195 2463 et
2215 2409 2497 2481 quaeritur
2516 2416 2581 2466 ut
2602 2412 2933 2467 inveniatur
2953 2412 3203 2480 dulcius,
3228 2418 3285 2469 et
3314 2415 3612 2471 invenitur

1969 2500 2034 2551 ut
2063 2504 2357 2567 quaeratur
2385 2499 2633 2555 avidius.
2667 2501 2996 2556 Secundum
3047 2502 3155 2558 hoc
3187 2504 3369 2575 accipi
3400 2507 3611 2575 potest,

1971 2586 2124 2656 quod
2145 2586 2360 2643 dictum
2395 2592 2481 2643 est
2501 2587 2555 2643 in
2578 2588 2724 2644 libro
2748 2589 3146 2646 Ecclesiastico
3168 2592 3358 2648 dicere
3391 2593 3615 2663 sapien-

1972 2676 2113 2730 tiam
2131 2692 2143 2729 :
2163 2676 2267 2743 Qui
2276 2693 2364 2732 me
2379 2678 2733 2748 manducant,
2747 2678 2925 2734 adhuc
2941 2682 3191 2736 esurient
3209 2699 3227 2737 :
3244 2690 3295 2736 et
3310 2684 3408 2753 qui
3424 2682 3617 2737 bibunt

1970 2781 2078 2833 me,
2106 2764 2287 2820 adhuc
2312 2767 2501 2821 sitient
2533 2766 2726 2835 (Eccli.
2758 2784 2910 2835 xxrv,
2935 2769 3045 2840 29).
3080 2770 3436 2825 Manducant
3457 2769 3613 2825 enim

1972 2858 2029 2908 et
2051 2854 2279 2921 bibunt,
2299 2854 2755 2925 quiainveniunt
2773 2860 2855 2924 ;et
2874 2858 3368 2928 quiaesuriuntac
3382 2858 3612 2926 sitiunt,

1973 2942 2164 2998 adhuc
2196 2948 2483 3014 quaerunt.
2520 2945 2688 3000 Fides
2721 2945 2945 3015 quaerit,
2996 2946 3325 3003 intellectus
3354 2947 3611 3016 invenit;

1973 3038 2211 3103 propter
2230 3033 2382 3103 quod
2406 3034 2487 3088 ait
2510 3033 2809 3105 propheta,
2847 3036 2966 3090 Nisi
2992 3036 3357 3105 credideritis,
3385 3053 3495 3093 non
3526 3037 3613 3091 in-

1974 3120 2402 3193 telligetisUsai.
2420 3139 2518 3189 vn,
2536 3123 2611 3190 9).
2636 3122 2697 3177 Et
2715 3140 2921 3179 rursus
2942 3124 3269 3181 intellectus
3286 3142 3419 3181 eum
3439 3142 3614 3197 quem

1976 3211 2192 3266 invenit
2236 3211 2427 3267 adhuc
2478 3211 2722 3283 quaerit:
2775 3214 2917 3268 Deus
2965 3214 3121 3269 enim
3169 3217 3412 3283 respexit
3453 3230 3619 3287 super

1975 3299 2118 3370 ﬁlios
2147 3301 2449 3367 hominum,
2484 3300 2631 3356 sicut
2684 3301 2743 3357 in
2800 3301 3031 3358 Psalmo
3081 3320 3243 3358 sacro
3276 3303 3523 3371 canitur,
3558 3310 3619 3358 ut

1976 3390 2183 3445 videret
2210 3391 2261 3445 si
2287 3393 2365 3445 est
2396 3391 2732 3459 intelligens,
2765 3396 2863 3446 aut
2907 3394 3193 3463 requirens
3239 3397 3409 3447 Deum
3440 3392 3615 3459 (Psat.

1976 3496 2097 3545 xm,
2129 3481 2204 3550 2).
2238 3479 2322 3534 Ad
2353 3478 2462 3534 hoc
2492 3496 2629 3553 ergo
2663 3480 2832 3536 debet
2880 3481 3055 3537 homo
3103 3498 3231 3536 esse
3262 3480 3618 3553 intelligens,

1978 3572 2044 3622 ut
2073 3568 2332 3638 requirat
2366 3569 2567 3623 Deum.

2048 3675 2102 3729 3.
2129 3673 2281 3729 Satis
2301 3673 2497 3744 itaque
2519 3674 2790 3729 remorati
2817 3674 3130 3730 fuerimus‘
3150 3676 3206 3729 in
3231 3675 3302 3730 iis
3323 3691 3449 3747 quae
3470 3674 3623 3730 Deus

1981 3762 2131 3829 fecit,
2157 3766 2222 3817 ut
2244 3779 2345 3834 per
2374 3778 2440 3817 ea
2480 3767 2931 3834 cognosceretur
2952 3762 3079 3834 ipse
3106 3764 3201 3835 qui
3238 3765 3397 3819 fecit:
3428 3765 3621 3820 Invisi-

1984 3853 2119 3908 bilia
2132 3853 2285 3907 enim
2295 3852 2433 3922 ejus,
2449 3855 2745 3907 acreatura
2755 3852 2953 3906 mundi
2959 3894 2970 3913 ,
2990 3870 3089 3923 per
3100 3869 3163 3907 ea
3180 3869 3304 3924 qua?
3318 3856 3465 3924 facta
3476 3857 3622 3916 sunt,

1982 3944 2257 3997 intellecta
2276 3943 2698 4012 conspiciuntur
2720 3942 2892 4013 (Rom.
2916 3960 2953 4010 1,
2978 3944 3092 4013 20).
3118 3941 3277 3998 Unde
3300 3947 3629 4014 arguuntur

1984 4032 2043 4087 in
2075 4032 2222 4086 libro
2244 4030 2571 4102 Sapientiae,
2596 4031 2694 4101 qui
2718 4031 2782 4085 de
2806 4032 2877 4085 iis
2899 4046 3026 4102 quae
3048 4031 3305 4088 videntur
3334 4035 3491 4097 bona,
3514 4047 3628 4086 non

1980 4126 2276 4193 potuerunt
2292 4120 2433 4175 scire
2451 4137 2572 4175 eum
2597 4122 2692 4190 qui
2712 4124 2808 4186 est,
2831 4136 3001 4191 neque
3019 4122 3272 4192 operibus
3294 4121 3629 4176 attendentes

1984 4213 2325 4279 agnoverunt
2341 4208 2603 4279 artiﬁcem
2623 4225 2643 4270 ;
2664 4208 2755 4264 sed
2773 4218 2868 4263 aut
2888 4212 3095 4278 ignem,
3118 4214 3215 4265 aut
3233 4212 3508 4282 spiritum,
3533 4213 3631 4264 aut

1985 4302 2216 4355 citatum
2248 4315 2450 4368 aerem,
2483 4310 2577 4352 aut
2627 4315 2821 4367 gyrum
2853 4299 3157 4363 stellarum,
3191 4307 3286 4353 aut
3314 4299 3631 4353 violentiam

1986 4406 2279 4461 aquarum.
2310 4395 2406 4442 aut
2435 4388 2739 4442 luminaria
2767 4389 2911 4452 coeli,
2935 4396 3165 4443 rectores
3185 4388 3335 4442 orbis
3352 4389 3631 4442 terrarum

1988 4478 2121 4533 deos
2133 4480 2460 4547 putaverunt
2471 4493 2489 4529 :
2504 4492 2737 4547 quorum
2749 4476 2966 4547 quidem
2978 4478 3026 4545 si
3045 4478 3221 4547 specie
3238 4476 3492 4531 delectati
3515 4476 3635 4532 hmo

1989 4567 2111 4621 deos
2125 4568 2485 4636 putaverunt,
2499 4565 2681 4619 sciant
2694 4569 2897 4635 quanto
2912 4565 3427 4621 Dominatoreorum
3438 4566 3634 4620 melior

1986 4665 2087 4711 est.
2115 4654 2327 4726 Speciei
2346 4656 2493 4708 enim
2513 4658 2807 4723 generator
2828 4670 2891 4708 ea
2914 4655 3134 4709 creavit.
3169 4656 3272 4710 Aut
3300 4658 3350 4709 si
3380 4656 3639 4710 virtutem

1988 4752 2039 4799 et
2067 4745 2439 4815 Operationem
2472 4759 2660 4797 eorum
2691 4744 2885 4797 mirati
2911 4746 3060 4809 sunt,
3096 4745 3415 4813 intelligant
3460 4745 3527 4799 ab
3558 4744 3641 4797 his

1988 4842 2195 4905 quanto
2226 4834 2323 4904 qui
2351 4831 2467 4887 ha’c
2498 4833 2778 4886 constituit
2806 4834 3006 4903 [artior
3036 4836 3135 4888 est.
3169 4834 3208 4888 A
3258 4833 3638 4904 magnitudine

1988 4924 2134 4978 enim
2155 4923 2358 4993 speciei
2376 4924 2426 4975 et
2445 4923 2717 4978 creaturae
2735 4923 2983 4993 cognosci
2989 4923 3178 4977 biliter
3196 4928 3407 4993 poterat
3440 4922 3633 4975 horum

1994 5012 2215 5067 Creator
2233 5010 2413 5064 videri
2433 5010 2581 5081 (Sap.
2610 5028 2733 5075 xm,
2760 5012 2901 5083 1-2)-
2922 5016 3053 5067 Haec
3070 5012 3140 5065 de
3160 5011 3304 5064 libro
3323 5008 3629 5080 Sapientiae

1992 5104 2298 5172 propterea
2317 5099 2506 5170 posui,
2534 5115 2605 5154 ne
2632 5115 2723 5154 me
2742 5101 2996 5155 fidelium
3018 5099 3310 5171 quispiam
3345 5098 3558 5151 frustra
3579 5101 3636 5150 et

1990 5189 2242 5244 inaniter
2268 5188 2564 5244 existimet
2586 5189 2640 5242 in
2664 5194 2931 5243 creatura
2950 5188 3109 5260 prius
3124 5204 3223 5258 per
3239 5186 3524 5258 quasdam
3540 5185 3634 5239 sui

1992 5278 2220 5351 generis
2243 5277 2534 5333 trinitates
2557 5278 2809 5348 quodam
2838 5277 3007 5331 modo
3032 5275 3341 5348 gradatim,
3363 5274 3544 5329 donec
3563 5275 3633 5329 ad

1994 5372 2247 5424 mentem
2272 5366 2528 5423 hominis
2545 5364 2928 5437 pervenirem,
2948 5363 3634 5434 quaesisseindiciasum-

1993 5474 2099 5512 H133
2130 5456 2290 5512 illius
2318 5454 2640 5521 Trinitatis,
2685 5469 2861 5524 quam
2914 5453 3232 5523 quaerimus
3282 5470 3416 5509 cum
3448 5452 3635 5508 Deum

1995 5548 2332 5620 quaerimus.

2065 5634 2291 5693 CAPUT
2304 5633 2399 5689 ΙΙΙ.
2418 5664 2483 5673 -
2497 5631 2548 5686 4.
2566 5629 2826 5686 Omnium
2841 5630 3185 5703 superiorum
3219 5632 3260 5687 li
3266 5633 3487 5687 brorum
3509 5631 3633 5688 bre-

2060 5828 2077 5863 ί
2114 5826 2191 5877 Ita
2219 5824 2340 5875 Mss.
2372 5820 2509 5873 Editi
2532 5834 2674 5882 vero,
2701 5821 3029 5872 rememorati
3053 5820 3269 5889 fuimus.
