4130 6194
557 284 709 345 1059

551 416 814 471 viariam.
839 414 947 470 Sed
974 413 1249 485 quoniam
1276 414 1596 469 disserendi
1618 416 1670 467 et
1694 412 2076 469 ratiocinandi
2101 430 2196 468 ne-

552 505 794 561 cessitas
826 519 924 575 per
957 504 1398 574 quatuordecim
1432 502 1612 557 libros
1646 501 1832 557 multa
1858 520 1964 558 nos
2005 502 2196 558 dicere

549 593 852 663 compulit,
875 610 1000 663 quas
1018 597 1226 646 cuncta
1249 590 1426 647 simul
1442 590 1699 662 aspicere
1716 608 1829 645 non
1843 590 2199 656 valemus,ut

548 684 620 739 ad
641 683 696 737 id
722 683 878 754 quod
907 682 1344 752 apprehendere
1367 680 1661 747 volumus,
1683 697 1751 734 ea
1775 679 1944 735 celeri
1970 681 2195 752 cogita-

546 772 703 826 tione
727 771 1077 837 referamus;
1096 769 1299 823 faciam
1317 774 1602 841 quantum
1618 769 1864 824 Domino
1878 769 1948 823 ad
1964 770 2197 836 iuvante

548 864 810 932 potuero,
838 866 896 914 ut
920 859 1207 930 quidquid
1231 859 1287 912 in
1312 857 1561 929 singulis
1584 858 1982 913 voluminibus
2008 859 2078 913 ad
2103 876 2196 913 co-

545 950 865 1021 gnitionem
882 947 1274 1019 disputatione
1289 948 1426 1019 perd
1437 946 2193 1018 uxi,remotadisputatione

544 1038 793 1093 breviter
810 1053 1141 1108 congeram,
1160 1042 1217 1091 et
1234 1041 1515 1107 tanquam
1536 1036 1645 1090 sub
1663 1052 1779 1091 uno
1800 1036 2011 1090 mentis
2026 1052 2191 1107 aspe-

544 1131 661 1196 ctu,
687 1144 801 1181 non
825 1126 1324 1197 quemadmodum
1349 1141 1438 1179 res
1471 1141 1712 1195 quaaque
1744 1124 2053 1196 persuasit,
2089 1124 2187 1179 sed

544 1215 671 1286 ipsa
692 1232 818 1285 quae
842 1231 1121 1287 persuasa
1143 1219 1282 1269 sunt
1303 1229 1555 1285 ponam:
1592 1230 1663 1267 ne
1684 1216 1800 1267 tam
1826 1211 1997 1285 longe
2016 1213 2135 1268 sint
2157 1229 2189 1268 a

541 1304 1003 1376 praecedentibus
1033 1302 1471 1374 consequentia,
1513 1305 1576 1356 ut
1602 1300 1948 1356 oblivionem
1975 1318 2186 1373 praece-

542 1394 803 1448 dentium
821 1392 995 1447 faciat
1013 1392 1293 1463 inspectio
1308 1391 1825 1461 consequentium;
1852 1396 1952 1445 aut
1974 1396 2125 1446 certe
2139 1390 2188 1445 si

540 1482 756 1549 fecerit,
773 1482 883 1537 cito
899 1480 1083 1552 possit
1103 1481 1257 1551 quod
1281 1479 1555 1534 exciderit
1575 1478 1882 1550 relegendo
1906 1479 2182 1551 recolligi.

607 1573 659 1625 5.
687 1572 746 1625 In
773 1570 959 1642 primo
983 1568 1132 1623 libro
1150 1568 1471 1623 secundum
1493 1567 1823 1638 Scripturas
1842 1583 2044 1622 sacras
2062 1567 2188 1621 uni-

537 1666 627 1716 tas
650 1665 707 1715 et
728 1659 1029 1731 aequalitas
1053 1673 1296 1712 summa;
1322 1656 1480 1711 illius
1504 1655 1810 1711 Trinitatis
1829 1656 2181 1711 ostenditur.

536 1755 600 1805 In
625 1749 878 1805 secundo
902 1752 958 1802 et
981 1747 1151 1803 tertio
1192 1750 1248 1801 et
1286 1750 1513 1817 quarto,
1556 1746 1791 1801 eadem:
1816 1746 1915 1800 sed
1951 1745 2019 1800 de
2053 1745 2184 1801 Filii

536 1838 817 1894 missione
840 1842 895 1891 et
910 1836 1160 1908 Spiritus
1174 1834 1357 1889 sancti
1376 1833 1685 1906 diligenter
1701 1834 1941 1905 quaestio
1960 1839 2181 1907 pertra-

537 1932 689 1984 ctata
704 1930 819 1981 tres
837 1925 1014 1980 libros
1035 1924 1195 1991 fecit;
1216 1924 1801 1994 demonstratumque
1819 1928 1905 1978 est
1922 1940 2035 1977 non
2054 1923 2180 1979 ideo

538 2017 821 2072 minorem
844 2015 1107 2068 mittente
1129 2012 1222 2082 qui
1244 2012 1463 2067 missus
1480 2016 1589 2081 est,
1616 2010 1864 2083 quiaille
1885 2012 2065 2080 misit,
2088 2012 2181 2067 hic

536 2105 754 2161 missus
784 2109 891 2171 est,
927 2119 1058 2158 cum
1091 2101 1343 2157 Trinitas
1389 2118 1516 2172 quae
1567 2116 1669 2172 per
1717 2100 1914 2155 omnia
1944 2100 2180 2169 aequalis

532 2199 641 2258 est,
664 2192 881 2265 pariter
900 2207 1133 2261 quoque
1156 2190 1213 2244 in
1243 2207 1350 2244 sua
1374 2194 1582 2244 natura
1606 2189 1997 2244 immutabilis
2016 2189 2176 2244 etin-

532 2283 781 2339 visibilis
803 2288 860 2337 et
885 2282 1099 2352 ubique
1123 2296 1378 2349 praesens
1401 2278 1870 2350 inseparabiliter
1886 2283 2173 2349 operetur.

530 2373 593 2429 In
621 2372 846 2443 quinto,
874 2374 1109 2442 propter
1129 2385 1227 2423 eos
1250 2367 1464 2438 quibus
1491 2367 1619 2422 ideo
1642 2367 1868 2422 videtur
1888 2384 2001 2423 non
2022 2384 2175 2423 eain-

531 2463 663 2517 dem
688 2461 872 2515 Patris
890 2464 945 2513 et
969 2457 1093 2512 Filii
1110 2474 1235 2512 esse
1251 2456 1663 2523 substantiam,
1682 2456 2002 2526 quiaomne
2017 2457 2171 2527 quod

532 2552 602 2606 de
627 2555 735 2605 Deo
751 2548 984 2613 dicitur,
1001 2546 1322 2601 secundum
1338 2545 1727 2599 substantiam
1743 2544 1856 2598 diei
1874 2549 2174 2613 putant,et

528 2644 833 2713 propterea
853 2638 1090 2709 gignere
1112 2639 1168 2690 et
1188 2634 1371 2706 gigni,
1394 2634 1479 2689 vel
1502 2635 1762 2706 genitum
1790 2650 1917 2689 esse
1939 2644 1984 2689 el
2008 2633 2169 2706 inge-

528 2730 741 2792 nitum,
765 2726 1041 2799 quoniam
1069 2724 1297 2779 diversa
1318 2727 1472 2793 sunt,
1511 2723 1869 2779 contendunt
1893 2724 2169 2779 substan-

527 2820 637 2873 tias
669 2834 797 2873 esse
817 2815 1096 2879 diversas,
1122 2814 1562 2868 demonstratur
1585 2830 1697 2867 non
1725 2828 1896 2867 omne
1919 2813 2070 2883 quod
2098 2813 2169 2867 de

529 2909 639 2963 Deo
662 2904 876 2961 dicitur
893 2902 1215 2959 secundum
1236 2901 1627 2957 substantiam
1644 2901 1777 2968 dici,
1800 2901 1953 2956 sicut
1971 2918 2170 2958 secun-

526 2997 667 3051 dum
700 2993 1091 3049 substantiam
1123 2991 1338 3045 dicitur
1376 2991 1565 3045 bonus
1616 2994 1673 3045 et
1721 3007 1991 3062 magnus,
2024 2994 2080 3045 et
2118 2990 2169 3046 si

525 3084 665 3156 quid
698 3082 852 3137 aliud
887 3081 956 3136 ad
990 3098 1050 3135 se
1081 3079 1293 3133 dicitur
1319 3096 1332 3146 ;
1367 3079 1467 3133 sed
1493 3079 1603 3133 dici
1628 3078 1805 3133 etiam
1829 3078 2081 3149 relative,
2110 3078 2168 3134 id

524 3176 613 3227 est
643 3188 757 3225 non
787 3169 857 3224 ad
892 3185 973 3236 se,
1010 3169 1110 3223 sed
1143 3168 1213 3222 ad
1262 3166 1479 3238 aliquid
1531 3167 1685 3237 quod
1738 3166 1861 3237 ipse
1896 3184 2007 3222 non
2041 3171 2164 3235 est;

522 3261 675 3315 sicut
704 3260 870 3314 Pater
901 3257 971 3312 ad
1006 3255 1211 3310 Filium
1235 3255 1469 3320 dicitur,
1495 3254 1580 3309 vel
1607 3256 1887 3309 Dominus
1912 3256 1981 3310 ad
2007 3272 2167 3311 crea-

522 3354 717 3405 turam
752 3346 863 3403 sibi
895 3346 1279 3401 servientem:
1318 3343 1414 3399 ubi
1447 3344 1494 3399 si
1528 3343 1667 3416 quid
1703 3343 1956 3412 relative,
1991 3345 2046 3399 id
2081 3347 2168 3400 est

521 3438 591 3494 ad
625 3436 844 3509 aliquid
879 3436 1032 3508 quod
1068 3435 1192 3505 ipse
1223 3450 1335 3489 non
1369 3437 1476 3502 est,
1501 3433 1678 3487 etiam
1709 3448 1775 3487 ex
1797 3437 2057 3505 tempore
2080 3432 2165 3488 di-

520 3529 691 3594 citur,
726 3526 898 3582 sicuti
928 3531 1038 3589 est,
1074 3524 1323 3588 Domine,
1375 3522 1653 3593 refugium
1701 3525 1883 3592 factus
1928 3539 1984 3579 es
2010 3524 2165 3579 nobis

518 3617 693 3689 (Paul.
729 3632 952 3681 LXXXIX,
987 3612 1058 3684 1),
1083 3612 1225 3667 nihil
1248 3613 1296 3667 ei
1320 3612 1578 3666 accidere
1602 3629 1715 3683 quo
1748 3616 2026 3681 mutetur,
2062 3613 2161 3667 sed

518 3704 755 3759 omnino
784 3705 980 3775 ipsum
1011 3701 1070 3757 in
1104 3706 1313 3756 natura
1338 3700 1424 3756 vel
1457 3700 1708 3756 essentia
1740 3718 1848 3756 sua
1879 3701 2161 3756 immuta-

516 3794 693 3849 bilem
755 3807 1115 3865 permanere.
1177 3790 1240 3845 In
1303 3794 1485 3856 sexto,
1536 3791 1824 3858 quomodo
1862 3790 2054 3845 dictus
2086 3789 2164 3846 sit

517 3883 783 3937 Christus
817 3897 914 3935 ore
944 3878 1286 3951 apostolico,
1320 3878 1419 3933 Dei
1452 3877 1636 3932 virtus
1667 3882 1724 3932 et
1758 3878 1851 3933 Dei
1876 3879 2163 3950 sapientia

516 3971 561 4042 (Ι
594 3971 715 4026 Cor.
753 3987 794 4039 ι,
825 3970 940 4039 24),
974 3968 1057 4022 sic
1088 3967 1444 4038 disputatur,
1497 3971 1561 4021 ut
1608 3966 1909 4022 differatur
1956 3969 2159 4025 eadem

515 4058 759 4130 quaestio
791 4056 1129 4127 diligentius
1162 4056 1532 4110 retractanda
1560 4072 1571 4110 :
1624 4059 1822 4110 utrum
1856 4074 1889 4111 a
1928 4074 2042 4128 quo
2074 4061 2163 4113 est

512 4147 748 4219 genitus
778 4144 1068 4215 Christus,
1117 4159 1229 4198 non
1265 4143 1342 4196 sit
1373 4142 1496 4213 ipse
1529 4143 1869 4214 sapientia‘,
1903 4145 2001 4199 sed
2030 4150 2157 4201 tan-

513 4240 641 4292 tum
674 4233 972 4307 sapientiae
1005 4249 1123 4287 suae
1155 4236 1340 4303 pater,
1374 4247 1444 4285 an
1494 4231 1782 4302 sapientia
1811 4233 2157 4303 sapientiam

512 4324 799 4398 genuerit.
834 4323 943 4378 Sed
976 4320 1277 4392 quodlibet
1307 4319 1515 4374 horum
1549 4324 1720 4387 esset,
1754 4322 1928 4376 etiam
1960 4322 2017 4376 in
2052 4323 2160 4378 hoc

512 4413 661 4467 libro
692 4411 966 4483 apparuit
992 4408 1297 4465 Trinitatis
1314 4408 1633 4479 aequalitas,
1658 4414 1849 4464 etnon
1876 4409 2029 4466 Deus
2051 4413 2158 4466 tri-

512 4500 663 4572 plex,
697 4501 795 4554 sed
826 4500 1119 4554 Trinitas:
1156 4515 1258 4554 nec
1289 4498 1459 4571 quasi
1505 4497 1726 4570 aliquid
1754 4499 1999 4571 duplum
2031 4518 2159 4558 esse

512 4590 744 4645 Patrem
765 4593 819 4643 et
839 4588 1049 4643 Filium
1070 4588 1140 4642 ad
1160 4586 1439 4659 simplum
1460 4587 1741 4658 Spiritum
1757 4591 2158 4657 sanctum;ubi

513 4693 619 4733 nec
638 4677 747 4731 tria
764 4675 896 4748 plus
914 4675 1135 4747 aliquid
1153 4681 1290 4730 sunt
1309 4693 1484 4747 quam
1502 4694 1682 4732 unum
1699 4676 1929 4732 horum.
1950 4678 2155 4750 Dispu-

510 4772 701 4821 tatum
722 4769 809 4821 est
826 4764 998 4818 etiam
1015 4765 1307 4835 quomodo
1327 4764 1509 4835 possit
1527 4764 1768 4838 intelligi
1790 4767 1943 4838 quod
1965 4767 2044 4823 ait
2060 4769 2155 4823 Hi-

509 4855 695 4910 larius
712 4854 1019 4926 episcopus
1032 4853 1072 4908 ²;
1096 4855 1394 4909 ίΕιρνηίιίιδ
1418 4856 1477 4908 in
1500 4856 1681 4923 Patre,
1704 4857 1911 4925 species
1935 4857 1989 4910 in
2013 4859 2155 4913 Ima-

506 4946 657 5016 gine,
682 4960 815 4998 usus
837 4944 897 4997 in
916 4947 1162 5000 Munere.
1192 4942 1252 4996 In
1277 4942 1548 5011 septimo,
1570 4944 1814 5014 quaestio
1835 4961 1958 5015 qua:
1979 4946 2157 5002 dilata

510 5035 714 5102 fuerat,
740 5031 1082 5103 explicatur,
1100 5030 1180 5085 ita
1198 5034 1261 5085 ut
1282 5031 1428 5085 Deus
1447 5031 1545 5101 qui
1564 5031 1767 5103 genuit
1786 5032 2017 5105 Filium,
2039 5051 2153 5090 non

509 5122 701 5177 solum
726 5121 800 5175 sit
822 5123 990 5174 Pater
1011 5116 1241 5173 virtutis
1264 5123 1320 5173 et
1341 5118 1638 5189 sapientiae
1672 5136 1810 5187 suae,
1844 5122 1942 5176 sed
1976 5122 2154 5178 etiam

506 5210 632 5282 ipse
659 5210 841 5263 virtus
869 5214 1041 5279 atque
1065 5206 1352 5278 sapientia
1378 5225 1390 5275 ;
1415 5207 1499 5262 sic
1522 5213 1575 5262 et
1598 5207 1850 5278 Spiritus
1873 5215 2150 5267 sanctus:

508 5316 613 5354 nec
636 5305 827 5354 tamen
848 5295 1022 5353 simul
1043 5302 1161 5352 tres
1178 5296 1299 5352 sint
1315 5296 1559 5351 virtutes
1578 5300 1677 5350 aut
1697 5301 1812 5353 tres
1832 5298 2150 5370 sapientiae,

508 5388 607 5443 sed
626 5389 938 5442 unavirtus
954 5392 1011 5441 et
1025 5404 1140 5441 una
1153 5386 1457 5457 sapientia,
1477 5384 1632 5441 sicut
1646 5386 1954 5441 unusDeus
1967 5392 2024 5443 et
2038 5405 2155 5444 una

508 5476 880 5533 essentia.Dei
893 5476 999 5531 nde
1014 5474 1323 5547 quaesitum
1341 5476 1743 5546 est,quomodo
1757 5476 2026 5532 dicantur
2039 5495 2153 5534 una

575 5688 595 5757 ξ
625 5685 1069 5757 Quidamcodex,
1098 5688 1274 5757 eadem
1304 5703 1403 5739 non
1432 5690 1499 5739 sit
1529 5690 1635 5757 ipse
1661 5689 1935 5757 sapientia.

573 5749 596 5790 ι
624 5746 747 5801 Sole
776 5748 935 5799 editio
967 5750 1114 5811 μοι,
1134 5752 1393 5817 episcopus
1420 5746 1641 5808 saucius.

1663 281 1763 341 DE
1806 278 2256 353 'l‘lthITATE,
2306 281 2370 341 S.
2421 280 2849 344 AUGUSTINI

3748 293 3871 358 1060

2305 415 2579 482 essentia,
2605 419 2723 471 tres
2746 432 3027 486 personae,
3049 414 3190 470 vela
3208 416 3574 487 quibusdam‘
3590 422 3868 484 Grecisuna

2306 503 2583 568 essentia,
2599 508 2717 558 tres
2732 504 3075 559 substantias
3095 510 3165 558 :et
3186 504 3481 560 inventum
3495 508 3869 570 estelocutionis

2302 591 2647 646 necessitate
2662 592 2797 658 diei,
2816 591 3085 663 utaliquo
3103 609 3219 647 uno
3235 594 3464 649 nomine
3476 598 3868 671 enuntiarentur,

2299 696 2431 735 cum
2459 682 2738 751 quaeritur
2759 682 2900 752 quid
2924 686 3042 736 tres
3063 682 3202 750 sint,
3226 698 3371 752 quos
3391 688 3504 738 tres
3519 701 3635 739 esse
3649 690 3872 745 veraciter

2301 770 2667 836 conﬁtemur,
2693 770 2921 824 Patrem
2952 769 3194 839 scilicet,
3227 776 3285 825 et
3313 770 3537 841 Filium,
3566 777 3618 827 et
3641 774 3873 844 Spiritum

2298 863 2590 913 sanctum.
2616 863 2679 911 In
2701 863 2923 925 octavo,
2944 858 3165 913 ratione
3183 859 3357 913 etiam
3377 861 3872 935 redditaintelligen-

2300 946 2457 1002 tibus
2492 946 2713 1001 clarum
2741 953 2848 1018 est,
2884 946 2939 1001 in
2971 947 3308 1003 substantia
3327 949 3579 1004 veritatis
3601 967 3702 1005 non
3723 952 3871 1010 solum

2298 1035 2523 1090 Patrem
2549 1036 2692 1091 Filio
2712 1053 2823 1091 non
2849 1053 2976 1092 esse
2996 1038 3405 1108 majorem,sed
3426 1055 3525 1093 nec
3542 1038 3724 1094 ambos
3739 1042 3874 1097 simul

2296 1123 2516 1195 aliquid
2536 1126 2726 1195 majus
2748 1142 2875 1180 esse
2906 1141 3081 1196 quam
3113 1125 3304 1181 solum
3338 1126 3609 1198 Spiritum
3638 1134 3873 1199 sanctum,

2295 1216 2397 1267 aut
2428 1211 2720 1283 quoslibet
2749 1213 2899 1269 duos
2930 1213 2987 1268 in
3039 1214 3239 1269 eadem
3273 1214 3553 1270 Trinitate
3584 1217 3757 1287 majus
3781 1235 3877 1276 esse

2294 1300 2519 1373 aliquid
2550 1318 2727 1373 quam
2763 1319 2970 1367 unum,
3002 1306 3107 1357 aut
3150 1318 3355 1358 omnes
3385 1303 3559 1359 simul
3594 1309 3703 1360 tres
3729 1308 3876 1377 majus

2293 1389 2514 1461 aliquid
2547 1407 2673 1445 esse
2705 1407 2879 1462 quam
2913 1390 3194 1462 singulos.
3239 1391 3460 1448 Deinde
3510 1409 3606 1465 per
3633 1393 3877 1452 veritatem

2292 1495 2418 1550 qua:
2452 1478 2745 1534 intellecta
2776 1478 3155 1551 conspicitur,
3181 1484 3237 1535 et
3269 1496 3369 1551 per
3390 1481 3607 1536 bonum
3630 1498 3879 1539 summum

2292 1586 2325 1623 a
2356 1585 2467 1639 quo
2495 1573 2586 1624 est
2616 1585 2789 1624 omne
2836 1568 3078 1635 bonum,
3130 1574 3187 1624 et
3232 1586 3334 1640 per
3371 1569 3665 1639 justitiam
3694 1576 3882 1643 propter

2291 1674 2466 1728 quam
2500 1657 2768 1729 diligitur
2798 1658 3034 1713 animus
3056 1658 3258 1729 justus
3280 1658 3351 1713 ab
3376 1658 3572 1714 animo
3597 1660 3751 1714 etiam
3775 1678 3883 1716 non-

2290 1746 2427 1801 dum
2456 1747 2640 1817 justo,
2676 1753 2742 1801 ut
2773 1752 2982 1802 natura
3012 1764 3126 1801 non
3162 1746 3354 1803 solum
3403 1748 3782 1819 incorporalis,
3811 1767 3884 1806 ve-

2287 1852 2417 1889 rum
2442 1836 2615 1889 etiam
2639 1834 3135 1915 incommutabilis
3160 1836 3314 1907 quod
3340 1840 3429 1891 est
3452 1837 3623 1903 Deus,
3644 1843 3884 1909 quantum

2286 1923 2409 1979 fieri
2443 1928 2652 1995 potest,
2684 1922 3108 1996 intelligeretur
3136 1918 3416 1980 admonui
3445 1942 3458 1979 :
3483 1930 3539 1981 et
3560 1943 3656 1997 per
3674 1926 3887 1982 Charita-

2284 2018 2424 2079 tem,
2451 2030 2576 2083 quae
2603 2012 2657 2067 in
2686 2012 3002 2083 Scripturis
3026 2012 3246 2068 sanctis
3270 2013 3421 2069 Deus
3442 2014 3596 2069 dicta
3611 2015 3888 2085 est(IJoan.

2284 2119 2361 2169 IV,
2398 2104 2507 2167 16),
2542 2119 2644 2173 per
2672 2118 2849 2172 quam
2881 2102 3057 2173 cmpit
3103 2106 3423 2174 utcumque
3474 2104 3645 2159 etiam
3673 2104 3887 2159 Trinitas

2283 2190 2743 2262 intelligentibus
2774 2207 3073 2261 apparere,
3102 2189 3253 2245 sicut
3280 2195 3421 2245 sunt
3446 2208 3669 2259 amans,
3691 2198 3741 2247 et
3760 2193 3887 2263 quod

2282 2284 2532 2348 amatur,
2564 2284 2621 2334 et
2651 2295 2829 2333 amor.
2867 2278 2925 2332 ln
2979 2295 3151 2350 nono,
3194 2279 3265 2334 ad
3288 2279 3604 2351 imaginem
3632 2280 3740 2349 Dei,
3764 2282 3888 2351 quod

2278 2373 2367 2423 est
2397 2368 2570 2422 homo
2602 2367 2927 2423 secundum
2962 2372 3238 2434 mentem,
3273 2369 3539 2440 pervenit
3568 2369 3885 2442 disputatio:

2276 2462 2333 2513 et
2364 2456 2421 2511 in
2454 2472 2520 2511 ea
2551 2456 2819 2528 quzedam
2842 2456 3077 2512 trinitas
3100 2456 3411 2525 invenitur,
3438 2457 3497 2512 id
3524 2462 3629 2525 est,
3655 2475 3821 2525 mens,
3843 2462 3887 2513 et

2276 2545 2483 2601 notitia
2512 2564 2628 2617 qua
2658 2562 2719 2601 se
2751 2544 2927 2612 novit,
2962 2550 3019 2600 et
3057 2562 3221 2600 amor
3264 2562 3377 2617 quo
3427 2563 3492 2602 se
3540 2546 3887 2617 notitiamque

2274 2653 2441 2691 suam
2475 2635 2704 2706 diligit;
2736 2639 2792 2689 et
2823 2634 2940 2689 hac
2970 2634 3084 2689 tria
3113 2635 3359 2705 aequalia
3379 2636 3536 2692 inter
3558 2653 3637 2703 se,
3665 2642 3717 2691 et
3739 2637 3882 2691 unius

2272 2726 2661 2781 ostenduntur
2690 2741 2815 2779 esse
2846 2724 3135 2779 assentire.
3171 2724 3232 2779 In
3268 2724 3498 2780 decimo
3528 2725 3635 2780 hoc
3653 2726 3795 2781 idem
3814 2726 3883 2780 di-

2274 2813 2548 2886 ligentius
2567 2813 2956 2884 subtiliusque
2974 2817 3286 2868 tractatum
3307 2817 3415 2880 est,
3432 2820 3612 2886 atque
3630 2816 3696 2870 ad
3716 2815 3767 2869 id
3787 2830 3885 2885 per-

2272 2904 2535 2971 ductum,
2570 2906 2634 2956 ut
2663 2902 3021 2957 inveniretur
3050 2901 3107 2955 in
3134 2906 3325 2957 mente
3347 2904 3671 2959 evidentior
3691 2904 3887 2959 trinitas

2271 2993 2419 3062 ejus,
2453 2991 2511 3045 in
2544 2990 2827 3045 memoria
2856 2989 3077 3045 scilicet
3119 2994 3175 3044 et
3212 2989 3607 3061 intelligentia
3634 2996 3687 3047 et
3716 2992 3889 3048 volun-

2271 3084 2406 3136 tate.
2442 3079 2552 3134 Sed
2586 3078 2861 3149 quoniam
2893 3082 2949 3133 et
3008 3078 3117 3133 hoc
3177 3084 3548 3152 compertum
3608 3088 3711 3148 est,
3757 3079 3889 3151 quod

2272 3184 2439 3224 mens
2460 3183 2763 3237 nunquam
2789 3182 2917 3221 esse
2940 3166 3020 3221 ita
3040 3168 3315 3238 potuerit,
3342 3173 3405 3222 ut
3439 3186 3559 3224 non
3593 3169 3681 3225 sui
3712 3168 3887 3224 memi-

2271 3257 2471 3326 nisset,
2498 3273 2610 3311 non
2631 3272 2690 3311 se
2715 3254 3085 3327 intelligeret,
3109 3260 3165 3310 et
3184 3255 3476 3330 diligeret,
3503 3259 3765 3331 quamvis
3792 3273 3887 3312 non

2269 3363 2500 3419 semper
2521 3361 2581 3400 se
2604 3344 2903 3415 cogitaret,
2930 3360 3063 3399 cum
3087 3349 3279 3399 autem
3309 3346 3615 3417 cogitaret,
3646 3363 3755 3402 non
3782 3362 3836 3401 se
3860 3363 3887 3401 a

2268 3433 2667 3507 corporalibus
2701 3433 2875 3488 rebus
2908 3433 3110 3488 eadem
3144 3433 3498 3505 cogitatione
3531 3435 3885 3501 discerneret;

2266 3524 2446 3580 dilata
2464 3528 2552 3579 est
2574 3524 2644 3578 de
2663 3522 2965 3589 Trinitate,
2991 3522 3160 3592 cujus
3191 3522 3312 3577 haec
3345 3523 3545 3595 imago
3576 3528 3683 3590 est,
3713 3523 3887 3594 dispu-

2264 3614 2426 3683 tatio,
2452 3618 2515 3668 ut
2534 3613 2593 3667 in
2619 3612 2762 3683 ipsis
2783 3610 2958 3665 etiam
2978 3611 3379 3682 corporalibus
3397 3612 3544 3667 visis
3562 3612 3887 3668 inveniretur

2263 3702 2512 3770 trinilas,
2528 3704 2582 3755 et
2600 3698 2935 3755 distinctius
2950 3699 3007 3753 in
3020 3698 3332 3756 ealectoris
3344 3700 3886 3756 exercereturinten-

2265 3792 2367 3847 tio.
2385 3792 2446 3845 In
2462 3789 2769 3843 undecimo
2782 3804 2919 3860 ergo
2932 3786 3151 3842 electus
3170 3792 3262 3842 est
3278 3805 3490 3844 sensus
3514 3789 3825 3854 oculorum,
3838 3787 3886 3840 in

2265 3897 2378 3952 quo
2396 3880 2452 3933 in
2474 3878 2627 3949 quod
2648 3877 2948 3931 inventum
2964 3880 3138 3942 esset,
3155 3877 3402 3932 etiamin
3419 3878 3654 3934 caeteris
3666 3884 3888 3950 quatuor

2263 3968 2538 4024 sensibus
2562 3965 2821 4036 corporis
2841 3970 2899 4019 et
2920 3981 3034 4019 non
3057 3964 3278 4019 dictum
3305 3972 3507 4037 posset
3524 3966 3760 4039 agnosci
3783 3982 3793 4020 :
3815 3969 3888 4019 at-

2264 4074 2375 4129 que
2406 4056 2486 4111 ita
2506 4054 2809 4111 exterioris
2831 4052 3091 4109 hominis
3116 4054 3369 4123 trinitas,
3394 4056 3591 4125 primo
3615 4056 3674 4110 in
3698 4056 3765 4110 iis
3785 4067 3887 4126 qua

2264 4150 2584 4205 cernuntur
2606 4143 2984 4209 extrinsecus,
3006 4160 3073 4197 ex
3090 4159 3328 4214 corpore
3345 4144 3575 4201 scilicet
3592 4146 3747 4217 quod
3766 4145 3892 4199 vide-

2262 4242 2379 4304 tur,
2401 4241 2456 4290 et
2478 4234 2662 4289 forma
2684 4249 2811 4303 quae
2833 4232 2968 4286 inde
2993 4232 3048 4286 in
3075 4232 3197 4287 acie
3220 4233 3513 4289 cernentis
3536 4233 3887 4305 imprimitur,

2261 4330 2317 4381 et
2339 4329 2655 4394 utrumque
2680 4321 3009 4393 copulantis
3027 4320 3349 4377 intentione
3367 4321 3715 4387 voluntatis,
3736 4336 3892 4393 appa-

2261 4418 2398 4470 ruit.
2416 4413 2526 4469 Sed
2542 4412 2663 4465 Ι]ωο
2680 4410 2793 4465 tria
2811 4427 2923 4465 non
2943 4410 3094 4465 inter
3112 4427 3173 4466 se
3187 4410 3454 4483 aequalia,
3473 4429 3582 4467 nec
3602 4413 3890 4467 uniusesse

2261 4501 2602 4559 substantiae
2625 4502 2982 4554 claruerunt.
3014 4499 3228 4555 Deinde
3252 4499 3308 4553 in
3334 4500 3460 4572 ipso
3485 4501 3717 4567 animo,
3750 4500 3815 4555 ab
3835 4497 3891 4552 iis

2260 4609 2388 4664 qua:
2410 4590 2769 4646 extrinsecus
2794 4604 2968 4642 sensa
2989 4593 3128 4642 sunt
3148 4587 3306 4642 velut
3321 4588 3659 4644 introducta
3684 4589 3891 4643 inventa

2259 4686 2348 4738 est
2369 4680 2550 4736 altera
2572 4676 2824 4744 trinitas,
2849 4676 2947 4730 ubi
2975 4681 3322 4748 apparerent
3359 4677 3567 4733 eadem
3605 4677 3719 4732 tria
3740 4675 3893 4731 unius

2260 4787 2388 4826 esse
2402 4766 2764 4834 substantias,
2784 4765 3126 4836 imaginatio
3141 4766 3397 4837 corporis
3410 4783 3537 4837 quae
3556 4767 3615 4821 in
3632 4764 3894 4821 memoria

2258 4865 2367 4927 est,
2390 4864 2447 4914 et
2467 4859 2601 4912 inde
2624 4855 2957 4910 informatio
2980 4871 3112 4909 cum
3140 4856 3211 4911 ad
3234 4872 3361 4911 eam
3381 4856 3743 4911 convertitur
3758 4853 3894 4910 acies

2258 4946 2586 5020 cogitantis,
2602 4948 2987 5014 etutrumque
3002 4945 3127 5015 conj
3140 4960 3361 5016 ungens
3378 4945 3626 4999 intentio
3644 4944 3893 5000 volunta-

2257 5039 2353 5094 tis.
2373 5037 2483 5091 Sed
2502 5035 2629 5088 ideo
2654 5033 3009 5088 istatrinitas
3025 5033 3095 5087 ad
3119 5032 3460 5088 exteriorem
3485 5033 3789 5088 hominem
3818 5046 3897 5086 re-

2258 5130 2423 5199 perta
2439 5128 2528 5179 est
2545 5122 2855 5193 pertinere,
2875 5120 3011 5191 quia
3029 5121 3100 5176 de
3125 5122 3466 5192 corporibus
3482 5122 3653 5177 illata
3670 5130 3757 5177 est
3782 5136 3894 5191 quas

2258 5215 2591 5270 sentiuntur
2621 5211 3008 5267 extrinsecus.
3044 5212 3105 5265 In
3142 5211 3486 5267 duodecimo
3518 5208 3897 5266 discernenda

2256 5304 2379 5358 visa
2410 5306 2498 5356 est
2529 5298 2815 5371 sapientia
2840 5299 2912 5353 ab
2944 5299 3211 5368 scientia,
3242 5305 3301 5355 et
3332 5300 3392 5355 in
3423 5317 3490 5356 ea
3520 5317 3654 5371 quae
3678 5296 3896 5372 preprie

2256 5389 2499 5450 scientia
2532 5391 2927 5459 nuncupatur,
2964 5386 3103 5459 quia
3134 5388 3372 5444 inferior
3402 5394 3508 5459 est,
3543 5388 3713 5460 prius
3745 5402 3894 5459 qua:-

2256 5481 2387 5535 dam
2406 5479 2496 5534 sui
2513 5475 2741 5549 generis
2763 5476 2997 5531 trinitas
3020 5476 3395 5548 inquirenda:
3421 5476 3630 5549 quaelic
3649 5482 3705 5531 et
3726 5476 3795 5532 ad
3812 5476 3896 5530 in-

2254 5569 2529 5626 teriorem
2575 5564 2872 5620 hominem
2899 5564 3026 5634 jam
3057 5565 3367 5636 pertineat,
3404 5565 3672 5621 nondum
3706 5572 3891 5621 tamen

2252 5658 2446 5729 imago
2476 5655 2577 5712 Dei
2609 5652 2696 5711 vel
2727 5652 3078 5726 appellanda
3122 5654 3200 5711 sit
3228 5654 3314 5712 vel
3333 5654 3621 5730 putanda.
3683 5658 3751 5712 Et
3787 5652 3889 5713 hoc

2322 5758 2341 5794 ι
2364 5757 2425 5810 In
2454 5755 2601 5806 Mss”
2631 5751 2726 5816 vel,
2761 5754 2815 5803 ut
2848 5764 2879 5801 a
2902 5750 3225 5820 quibusdam.
