4130 6194
264 328 412 391 1061

261 464 458 537 agitur
493 461 555 517 in
592 459 762 518 tertio
786 461 1010 517 decimo
1040 458 1185 515 libro
1217 475 1319 532 per
1339 457 1901 515 commendationem

261 552 396 609 ﬁdei
418 551 774 607 Christiana}.
795 551 857 606 In
886 557 1091 622 quarto
1111 549 1334 605 decimo
1361 554 1553 604 autem
1576 548 1646 604 de
1671 546 1901 617 sapien-

262 642 343 698 tia
370 641 628 697 hominis
660 656 814 711 vera,
839 639 895 695 id
927 644 1038 709 est,
1078 640 1168 694 Dei
1192 656 1430 695 munere
1454 638 1510 692 in
1543 636 1908 708 ejusipsius‘

261 731 363 788 Dei
388 729 829 803 participatione
850 730 1085 796 donata,
1120 745 1247 799 qua
1275 728 1344 782 ab
1369 727 1614 783 scientia
1635 725 1915 781 distincta

263 828 370 887 est,
395 820 728 887 disputatur
749 837 760 873 :
778 822 834 873 et
858 834 922 872 eo
947 818 1206 889 pervenit
1228 816 1570 887 disputatio,
1594 819 1659 870 ut
1679 815 1914 869 trinitas

265 913 542 981 appareat
567 908 624 962 in
646 906 904 978 imagine
935 906 1060 973 Dei,
1084 907 1238 977 quod
1260 910 1347 960 est
1385 905 1560 960 homo
1592 905 1913 959 secundum

266 1003 546 1062 mentem,
567 1013 691 1068 qum
718 1002 1031 1051 renovatur
1055 994 1113 1049 in
1139 994 1434 1066 agnitione
1471 992 1571 1049 Dei
1593 993 1917 1048 secundum

264 1088 587 1159 imaginem
626 1086 755 1157 ejus
777 1084 878 1156 qui
907 1084 1124 1140 creavit
1147 1083 1444 1139 hominem
1470 1082 1696 1153 (Colon.
1722 1098 1804 1151 III,
1830 1080 1919 1153 10)

266 1176 340 1231 ad
364 1173 685 1246 imaginem
708 1190 878 1229 suam
898 1171 1048 1244 (Gen.
1070 1190 1111 1240 ι,
1132 1171 1243 1243 27),
1258 1171 1408 1227 etsic
1434 1169 1676 1242 percipit
1692 1167 1921 1241 sapien-

266 1264 412 1320 tiam
437 1262 535 1319 uhi
562 1261 997 1333 comtemplatio
1023 1268 1108 1318 est
1131 1266 1503 1316 aeternorum.

341 1352 572 1409 CAPUT
595 1353 687 1407 IV.
718 1384 782 1393 —
803 1352 857 1406 6.
884 1351 1033 1424 Quid
1069 1352 1329 1405 universa
1366 1358 1566 1404 natura
1594 1364 1692 1402 nos
1728 1347 1795 1402 de
1815 1347 1923 1402 Deo

267 1442 469 1499 doceat.
500 1441 630 1496 Jam
653 1457 789 1512 ergo
814 1441 871 1495 in
904 1439 1049 1512 ipsis
1077 1439 1251 1495 rebus
1274 1437 1525 1504 aeternis,
1543 1433 1923 1507 incorporali-

268 1532 382 1587 hus
407 1534 463 1585 et
484 1527 1087 1597 incommutabilihus,
1126 1527 1187 1582 in
1228 1543 1476 1599 quarum
1512 1526 1765 1598 perfecta
1787 1540 1922 1578 con-

269 1618 652 1689 templatione
695 1618 865 1675 nobis
913 1619 1255 1689 heata,qua3
1307 1618 1540 1672 nonnisi
1581 1621 1795 1671 aeterna
1815 1619 1924 1678 est,

268 1711 391 1765 vita
421 1708 805 1781 promittitur,
830 1708 1175 1763 Trinitatem
1200 1725 1328 1779 quae
1360 1707 1512 1763 Deus
1543 1710 1630 1761 est
1660 1704 1926 1775 inquira-

271 1816 427 1855 mus.
478 1798 677 1869 Neque
720 1798 876 1852 enim
932 1797 1263 1852 divinorum
1316 1796 1621 1851 Librorum
1671 1798 1929 1848 tantum-

271 1880 446 1935 modo
505 1878 822 1934 auctoritas
859 1894 989 1933 esse
1030 1878 1215 1933 Deum
1259 1876 1559 1949 praedicat,
1591 1876 1691 1931 sed
1735 1873 1925 1929 omnis

271 1984 400 2039 quae
438 1984 543 2023 nos
574 1968 935 2037 circumstat,
970 1966 1041 2021 ad
1086 1983 1261 2037 quam
1303 1982 1413 2022 nos
1452 1965 1627 2021 etiam
1669 1965 1923 2037 pertine-

273 2074 431 2124 mus,
453 2057 727 2112 universa
748 2056 878 2128 ipsa
898 2070 1093 2111 rerum
1114 2059 1324 2111 natura
1352 2054 1693 2126 proclamat,
1713 2053 1928 2109 habere

272 2163 335 2202 se
369 2144 925 2218 praestantissimum
968 2143 1359 2212 Conditorem,
1403 2144 1501 2215 qui
1554 2143 1724 2199 nobis
1763 2160 1927 2197 men-

270 2240 389 2291 tem
420 2233 823 2305 rationemque
844 2233 1170 2289 naturalem
1205 2233 1385 2298 dedit,
1401 2249 1519 2305 qua
1538 2232 1791 2287 viventia
1812 2248 1927 2286 non

271 2323 623 2391 viventibus,
650 2339 826 2378 sensu
860 2322 1104 2393 praedita
1136 2338 1250 2376 non
1273 2321 1678 2391 sentientibus,
1714 2319 1927 2376 intelli-

278 2412 479 2484 gentia
510 2428 624 2467 non
652 2411 1139 2483 intelligentibus,
1175 2411 1531 2467 immortalia
1559 2410 1927 2482 mortalibus,

272 2501 698 2573 impotentibus
730 2500 1004 2572 potentia,
1039 2499 1273 2571 injustis
1308 2501 1494 2570 justa,
1528 2499 1793 2572 speciosa
1830 2500 1929 2555 de-

273 2590 586 2657 formibus,
619 2590 772 2645 bona
803 2588 994 2660 malis,
1030 2588 1496 2661 incorruptibilia
1532 2587 1930 2659 corruptibili-

277 2682 412 2753 bus,
445 2677 839 2734 immutabilia
884 2677 1290 2745 mutabilibus,
1325 2676 1641 2732 invisibilia
1686 2675 1929 2753 visibili:

276 2750 412 2836 bus,
448 2765 834 2839 incorporalia
864 2766 1285 2838 corporalibus,
1315 2767 1488 2821 beata
1518 2765 1748 2821 miseris
1782 2749 1932 2837 prae1

286 2857 527 2912 ferenda
556 2857 883 2911 videamus.
904 2858 979 2910 Ac
1000 2872 1101 2927 per
1120 2855 1229 2910 hoc
1253 2855 1525 2927 quoniam
1554 2856 1729 2910 rebus
1760 2854 1933 2910 Crea-

280 2946 361 3001 tis
382 2945 707 3001 Creatorem
732 2945 858 3001 sine
892 2944 1257 3000 dubitatione
1286 2944 1934 3015 praaponimus,oportet

280 3038 348 3089 ut
378 3050 513 3089 eum
544 3038 600 3088 et
628 3050 855 3089 summe
900 3032 1107 3101 vivere,
1141 3038 1196 3088 et
1237 3038 1448 3088 cuncta
1495 3033 1710 3089 sentire
1759 3038 1935 3104 atque

280 3122 605 3194 intelligere
621 3148 635 3191 ;
651 3126 707 3179 et
728 3121 897 3188 mori,
921 3122 1578 3194 corrumpi,mutarique
1601 3139 1716 3177 non
1741 3138 1932 3194 posse;

282 3228 389 3268 nec
420 3228 629 3283 corpus
662 3227 810 3278 esse,
844 3211 944 3266 sed
991 3210 1266 3282 spiritum
1299 3211 1563 3266 omnium
1604 3210 1935 3282 potentissi-

283 3317 472 3366 mum,
497 3299 920 3371 justissimum,
959 3300 1430 3371 speciossimum,
1455 3300 1764 3372 optimum,
1801 3300 1934 3357 hea-

284 3389 477 3445 tissim
490 3407 519 3443 u
532 3405 585 3443 m
617 3389 924 3445 fateamur.

364 3477 597 3535 CAPUT
626 3477 692 3533 V.
717 3509 787 3519 —-
807 3479 860 3532 7.
888 3479 1061 3547 Quam
1089 3477 1322 3550 difﬁcile
1339 3478 1713 3536 demonstrare
1732 3482 1942 3537 ratione

282 3568 543 3624 naturali
573 3568 916 3622 Trinitatem.
966 3569 1073 3623 Sed
1107 3568 1230 3623 haec
1286 3569 1483 3624 omnia
1533 3587 1659 3641 qua:
1713 3570 1851 3636 dixi,
1884 3574 1941 3626 et

284 3672 673 3729 quaecumque
694 3656 808 3711 alia
837 3656 1015 3711 simili
1050 3672 1209 3713 more
1238 3656 1547 3713 locutionis
1570 3659 1839 3715 humanae
1860 3659 1943 3714 di-

286 3761 401 3817 gne
423 3745 495 3800 de
515 3749 628 3800 Deo
660 3743 776 3801 diei
807 3744 1092 3810 videntur,
1127 3750 1182 3801 et
1210 3746 1491 3802 universa:
1518 3747 1789 3803 Trinitati
1813 3765 1939 3819 quae

290 3837 378 3889 est
407 3850 563 3889 unus
598 3835 767 3902 Deus,
802 3838 857 3889 et
888 3835 1153 3906 personis
1183 3834 1435 3905 singulis
1482 3835 1540 3890 in
1592 3837 1789 3892 eadem
1820 3837 1944 3893 Tri-

292 3924 475 3979 nitate
505 3923 874 3987 conveniunt,
904 3925 1045 3991 Quis
1064 3924 1220 3981 enim
1243 3924 1328 3979 vel
1354 3942 1534 3980 unum
1568 3926 1942 3999 Deum,quod

292 4018 384 4068 est
416 4012 546 4084 ipsa
575 4012 853 4081 Trinitas,
884 4012 969 4067 vel
1002 4013 1256 4080 Patrem,
1288 4012 1373 4068 vel
1413 4012 1647 4084 Filium,
1677 4015 1764 4069 vel
1813 4017 1944 4088 Spi-

291 4102 472 4158 ritum
506 4106 805 4171 sanctum;
857 4103 1065 4158 audeat
1109 4103 1319 4166 dicere,
1353 4108 1452 4158 aut
1488 4121 1602 4159 non
1632 4104 1942 4179 viventem,

293 4194 397 4245 aut
428 4189 571 4245 nihil
606 4190 957 4247 sentientem
987 4189 1075 4245 vel
1122 4189 1566 4263 intelligentem,
1620 4197 1722 4248 aut
1771 4194 1829 4249 in
1879 4211 1947 4249 ea

290 4283 505 4334 natura
534 4296 649 4351 qua
681 4280 828 4335 inter
866 4296 928 4335 se
977 4279 1368 4352 praedicantur
1417 4281 1685 4352 aequales,
1740 4300 1946 4356 quem-

295 4383 475 4438 quam
508 4383 636 4423 esse
656 4384 846 4424 eorem
871 4368 1176 4424 mortalem
1202 4369 1322 4423 sive
1352 4386 1517 4424 eorru
1528 4371 1666 4441 ptihi
1677 4370 1802 4441 lem,
1828 4371 1948 4428 sive

297 4455 664 4527 mutabilem,
698 4457 816 4512 sive
838 4473 1214 4529 corporeum;
1249 4463 1350 4512 aut
1388 4458 1694 4530 quisquam
1736 4460 1816 4515 ibi
1848 4476 1947 4516 ne-

296 4548 395 4614 get
424 4544 678 4617 aliquem
709 4547 1557 4617 potentissimum,justissum,
1586 4550 1948 4619 speciosissi-

298 4650 486 4704 mum,
505 4634 1253 4706 Optimum,beatissimum?
1275 4636 1332 4690 Si
1352 4652 1489 4707 ergo
1512 4636 1630 4691 haec
1652 4642 1827 4709 atque
1848 4638 1953 4693 hu-

290 4722 558 4793 jusmodi
589 4724 811 4790 omnia,
846 4729 901 4780 et
934 4724 1061 4795 ipsa
1091 4724 1370 4791 Trinitas,
1403 4728 1459 4779 et
1486 4725 1540 4780 in
1575 4743 1641 4780 ea
1673 4726 1785 4781 dici
1818 4744 1950 4798 pos-

299 4815 478 4875 sunt,
511 4811 606 4866 ubi
643 4816 744 4867 aut
773 4813 1062 4884 quomodo
1092 4813 1347 4868 Trinitas
1393 4814 1737 4885 apparebit?
1782 4816 1952 4871 Redi-

299 4916 512 4972 gamus
544 4900 741 4972 itaque
773 4901 934 4973 prius
966 4902 1088 4957 haec
1120 4902 1373 4974 plurima
1404 4904 1476 4957 ad
1510 4902 1762 4973 aliquam
1810 4922 1952 4977 pau-

300 4989 558 5044 citatem.
593 4991 728 5055 Quae
765 4990 879 5045 vita
912 4991 1065 5045 enim
1098 4992 1314 5047 dicitur
1343 4991 1397 5046 in
1433 4991 1569 5055 Deo,
1604 4993 1728 5064 ipsa
1757 5010 1953 5049 essen-

300 5078 384 5132 tia
414 5078 542 5147 ejus
594 5084 767 5149 atque
822 5084 1049 5135 natura.
1084 5080 1205 5135 Non
1241 5081 1436 5152 itaque
1477 5086 1626 5137 Deus
1672 5082 1810 5137 vivit
1842 5083 1955 5138 nisi

299 5165 423 5222 vita
453 5168 606 5237 quod
639 5168 765 5238 ipse
798 5168 905 5223 sibi
938 5173 1045 5224 est.
1091 5170 1220 5224 Haec
1266 5176 1458 5225 autem
1506 5172 1625 5226 vita
1676 5188 1789 5226 non
1820 5171 1955 5228 talis

301 5261 394 5311 est
426 5255 619 5326 qualis
654 5256 805 5312 inest
835 5258 1049 5326 arbori,
1083 5259 1181 5312 ubi
1233 5259 1432 5314 nullus
1485 5264 1573 5314 est
1605 5260 1954 5328 intellectus,

306 5342 512 5399 nullus
528 5349 616 5399 est
639 5346 989 5401 sensus.Nec
1019 5345 1153 5400 talis
1168 5346 1357 5417 qualis
1380 5347 1530 5401 inest
1548 5350 1735 5418 pecori
1753 5365 1765 5403 :
1784 5349 1958 5406 habet

301 5431 460 5488 enim
485 5432 602 5487 vita
626 5434 848 5505 pecoris
862 5450 1101 5490 sensum
1118 5434 1780 5507 quinquepartitum,sed
1797 5439 1960 5495 intel-

299 5519 521 5577 lectum
540 5522 715 5578 habet
734 5521 959 5581 nullum
979 5540 990 5579 :
1010 5522 1181 5579 atilla
1196 5524 1310 5579 vita
1330 5540 1456 5596 quae
1473 5524 1624 5581 Deus
1648 5531 1756 5594 est,
1778 5529 1960 5586 sentit

367 5733 655 5813 *_SiciMss.
686 5737 862 5813 Atnlir.
889 5740 1121 5813 let‘Lovq
1140 5737 1199 5787 id
1224 5739 1297 5813 es}
1327 5737 1391 5813 de
1420 5754 1627 5813 munere
1656 5742 1768 5813 eius
1798 5744 1850 5797 in
1882 5745 1958 5813 ip-

300 5796 431 5861 dw,
453 5801 552 5850 etc.
577 5801 713 5865 Am.,
745 5801 806 5851 id
827 5804 899 5853 est
928 5802 990 5853 de
1018 5796 1226 5853 munere
1252 5802 1307 5853 in
1338 5802 1451 5868 ejus
1476 5803 1649 5869 ἱρείας.
1678 5796 1784 5859 ὲιθ.

1448 323 1680 385 LIBER
1723 320 2063 394 QUINTUS
2111 318 2484 383 DECIMUS.

3517 319 3672 381 1063

2013 458 2185 526 atque
2215 455 2488 525 intelligit
2509 455 2743 523 omnia;
2778 458 2836 511 et
2866 455 3042 511 sentit
3073 458 3286 527 mente,
3320 473 3436 513 non
3469 473 3673 528 corpo.

2023 561 2102 611 re,
2138 544 2274 615 quia
2300 546 2543 617 spiritus
2575 550 2663 600 est
2694 546 2845 600 Deus
2869 546 3045 617 (Joan.
3072 564 3149 612 iv,
3173 546 3283 616 24).
3318 546 3441 601 Non
3476 552 3673 601 autem

2020 633 2171 688 sicut
2192 634 2467 689 animalia
2491 652 2616 705 qua
2650 634 2869 689 habent
2892 651 3158 706 corpora,
3192 652 3294 706 per
3316 652 3525 705 corpus
3550 652 3677 690 sen-

2020 722 2092 777 tit
2122 722 2311 790 Deus;
2346 740 2459 778 non
2492 724 2646 778 enim
2674 740 2741 779 ex
2788 724 2986 778 anima
3024 727 3254 779 constat
3303 729 3358 778 et
3396 740 3673 795 corpore:

2022 828 2086 867 ac
2118 829 2218 883 per
2243 812 2349 867 hoc
2380 812 2630 883 simplex
2652 811 2751 867 illa
2781 817 2989 868 natura
3018 813 3456 886 sicutintelligit
3479 814 3679 881 sentit,

2025 902 2179 957 sicut
2205 902 2712 973 sentitintelligit;
2756 902 3027 973 idemque
3049 919 3258 957 sensus
3290 902 3388 972 qui
3423 902 3679 959 intellec-

2024 995 2120 1045 tus
2151 996 2239 1045 est
2271 989 2373 1047 illi.
2408 991 2520 1045 Nec
2562 991 2641 1045 ita
2673 994 2737 1045 ut
2768 990 3084 1063 aliquando
3117 1008 3243 1047 esse
3291 992 3536 1047 desistat
3579 995 3682 1047 aut

2025 1079 2298 1151 cmperit:
2336 1078 2687 1135 immortalis
2718 1087 2805 1135 est
2834 1082 3010 1135 enim.
3047 1081 3160 1136 Nec
3206 1081 3423 1136 frustra
3467 1082 3537 1136 de
3579 1079 3678 1137 illo

2027 1169 2250 1224 dictum
2269 1172 2356 1224 est
2370 1170 2524 1239 quod
2545 1167 2706 1224 solus
2726 1168 2937 1224 habeat
2954 1169 3453 1226 immortalitatem
3473 1171 3515 1241 (Ι
3539 1172 3673 1226 Tim.

2026 1275 2103 1321 v1,
2131 1258 2220 1325 16)
2252 1274 2265 1312 :
2294 1274 2427 1312 nam
2462 1257 2872 1313 immortalitas
2903 1258 3032 1328 ejus
3078 1274 3210 1314 vere
3254 1259 3672 1315 immortalitas

2029 1350 2117 1402 est
2139 1347 2195 1400 in
2226 1348 2395 1418 cujus
2420 1353 2630 1401 natura
2661 1346 2824 1402 nulla
2868 1351 2957 1402 est
3000 1349 3398 1405 commutatio.
3430 1350 3564 1420 Ipsa
3593 1353 3683 1405 est

2029 1435 2204 1490 etiam
2233 1451 2368 1490 vera
2397 1435 2689 1490 aeternitas
2713 1451 2829 1505 qua
2856 1435 3348 1492 estimmutabilis
3374 1438 3682 1508 Deus,sine

2030 1523 2215 1583 initio.
2259 1523 2385 1579 sine
2425 1524 2574 1591 fine;
2629 1528 3056 1595 consequenter
3103 1530 3158 1579 et
3199 1526 3681 1597 incorruptibilis.

2031 1612 2155 1668 Una
2185 1629 2320 1686 ergo
2353 1614 2673 1683 eademque
2706 1629 2796 1668 res
2826 1612 3059 1683 dicitur,
3104 1615 3226 1669 sive
3266 1616 3492 1670 diealur
3520 1620 3683 1671 aeter-

2033 1718 2145 1755 nus
2179 1706 2348 1771 Deus,
2384 1701 2503 1756 sive
2534 1700 2908 1768 immortalis,
2929 1702 3683 1773 siveincorruptibilis,sive

2032 1790 2421 1845 immutabilis
2447 1791 2733 1860 :itemque
2754 1807 2886 1845 cum
2911 1791 3142 1858 dicitur,
3176 1792 3392 1858 vivens,
3424 1798 3480 1847 et
3512 1793 3682 1848 intel-

2032 1880 2241 1951 ligens,
2274 1879 2428 1950 quod
2464 1883 2553 1933 est
2584 1878 2789 1950 utique
2820 1879 3075 1949 sapiens,
3119 1879 3225 1934 hoc
3257 1879 3410 1935 idem
3445 1880 3680 1937 dicitur.

2033 1968 2157 2024 Non
2181 1968 2334 2023 enim
2360 1966 2617 2039 percepit
2659 1966 3005 2038 sapientiam
3039 1984 3153 2038 qua
3195 1973 3349 2023 esset
3380 1970 3615 2041 sapiens
3642 1973 3683 2041 ί,

2034 2059 2132 2115 sed
2159 2058 2282 2129 ipse
2304 2056 2589 2129 sapientia
2610 2060 2716 2111 est.
2745 2057 2811 2111 Et
2842 2056 2961 2110 haec
2995 2057 3134 2123 vita,
3156 2057 3478 2129 eademque
3499 2059 3684 2115 virtus

2034 2146 2152 2203 sive
2177 2146 2452 2217 potentia,
2474 2146 2793 2216 eademque
2816 2145 3061 2216 species,
3090 2163 3204 2216 qua
3237 2150 3463 2219 potens,
3507 2154 3685 2220 atque

2034 2236 2335 2307 speciosus
2351 2235 2579 2290 dicitur.
2598 2236 2741 2299 Quid
2767 2235 2921 2289 enim
2950 2235 3241 2305 potentius
3263 2239 3319 2290 et
3358 2237 3683 2307 speciosius

2035 2324 2476 2396 sapientia,qum
2500 2323 2734 2395 attingit
2751 2341 2782 2379 a
2801 2324 2915 2378 line
2933 2340 3114 2394 usque
3137 2324 3208 2378 ad
3232 2326 3407 2379 ﬁnem
3437 2326 3682 2397 fortiter,

2036 2418 2093 2470 et
2124 2413 2385 2485 disponit
2405 2414 2602 2467 omnia
2647 2413 2902 2467 suaviter
2949 2412 3099 2484 (Sap.
3134 2429 3254 2477 vm,
3308 2413 3407 2485 1)?
3448 2414 3683 2471 Bonitas

2036 2503 2211 2558 etiam
2235 2506 2407 2572 atque
2424 2501 2970 2573 justitia,numquid
2995 2501 3145 2556 inter
3166 2519 3227 2557 se
3250 2501 3309 2556 in
3327 2506 3537 2558 natura
3559 2503 3682 2572 Dei,

2037 2592 2401 2661 sicutinejus
2422 2590 2695 2662 operibus
2718 2590 2957 2661 distant,
2985 2595 3265 2662 tanquam
3291 2592 3417 2647 duae
3448 2592 3686 2648 diversas

2038 2678 2489 2751 sintqualitates
2516 2679 2640 2746 Dei;
2676 2695 2810 2746 una,
2837 2680 3089 2746 bonitas;
3115 2678 3539 2751 alia,justitia?
3561 2682 3686 2737 Non

2039 2769 2237 2840 utique
2261 2786 2273 2825 ξ
2294 2767 2395 2823 sed
2420 2768 2814 2837 qutejustitia,
2840 2768 2967 2839 ipsa
3002 2768 3260 2836 bonitas;
3286 2774 3343 2825 et
3373 2787 3499 2840 quae
3524 2770 3688 2826 boni-

2037 2861 2150 2926 tas,
2176 2857 2304 2929 ipsa
2320 2856 2641 2911 beatitudo.
2684 2856 3071 2927 lncorporalis
3093 2859 3285 2912 autem
3313 2857 3399 2913 vel
3420 2859 3689 2931 incorpo-

2039 2963 2172 3001 reus
2202 2946 2333 3000 ideo
2361 2944 2574 2999 dicitur
2603 2945 2776 3012 Deus,
2812 2949 2876 2998 ut
2904 2945 3146 3016 spiritus
3178 2946 3447 3003 credatur
3477 2948 3563 3003 vel
3595 2950 3689 3004 in-

2038 3034 2335 3107 telligatur
2356 3050 2504 3099 esse,
2538 3050 2655 3089 non
2678 3050 2909 3105 corpus.

2109 3126 2160 3179 8.
2188 3124 2431 3179 Proinde
2464 3124 2513 3178 si
2536 3123 2824 3187 dicamus,
2866 3127 3161 3191 1Eternus,
3199 3124 3571 3196 immortalis,
3604 3126 3694 3181 in-

2040 3211 2457 3284 corruptibilis,
2490 3210 2898 3281 immutabilis,
2939 3210 3121 3281 vivus,
3169 3213 3425 3285 sapiens,
3466 3220 3696 3287 potens.

2044 3301 2610 3375 speciosus,justus,
2655 3301 2865 3372 bonus,
2909 3302 3138 3369 beatus,
3172 3302 3451 3374 spiritus;
3486 3304 3697 3362 horum

2048 3392 2313 3448 omnium
2379 3390 2765 3445 novissimum
2810 3391 2960 3460 quod
3010 3392 3181 3462 posui
3217 3394 3386 3463 quasi
3437 3397 3698 3449 tantum-

2047 3482 2214 3537 modo
2244 3480 2474 3535 videtur
2504 3478 2835 3549 signiﬁcare
2881 3478 3295 3551 substantiam,
3330 3486 3535 3538 castera
3563 3499 3698 3538 vero

2046 3571 2222 3640 hujus
2253 3567 2590 3625 substantiae
2622 3567 2970 3638 qualitates:
3002 3570 3100 3623 sed
3137 3586 3251 3623 non
3284 3570 3366 3624 ita
3392 3575 3483 3625 est
3512 3571 3570 3625 in
3600 3570 3701 3627 illa

2046 3657 2325 3713 ineffabili
2378 3655 2751 3727 simplicique
2795 3660 3021 3711 natura.
3057 3656 3351 3728 Quidquid
3400 3659 3557 3714 enim
3608 3677 3698 3715 se-

2047 3747 2307 3803 cundum
2361 3744 2671 3817 qualitates
2714 3744 2831 3800 illic
2891 3744 3003 3800 diei
3062 3746 3312 3815 videtur,
3373 3748 3699 3803 secundum

2048 3835 2443 3893 substantiam
2473 3833 2561 3889 vel
2582 3834 2893 3889 essentiam
2927 3839 3015 3889 est
3045 3834 3513 3907 intelligendum.
3536 3838 3703 3892 Absit

2055 3925 2211 3982 enim
2262 3929 2325 3979 ut
2373 3923 2615 3996 spiritus
2656 3924 2979 3978 secundum
3032 3924 3421 3980 substantiam
3475 3925 3704 3981 dicatur

2054 4020 2222 4081 Deus,
2242 4018 2298 4069 et
2316 4014 2506 4068 bonus
2529 4012 2849 4067 secundum
2867 4012 3209 4082 qualitatem
3230 4031 3242 4068 :
3260 4014 3359 4069 sed
3386 4017 3706 4086 utrumque

2052 4103 2381 4160 secundum
2415 4101 2829 4157 substantiam.
2847 4101 2941 4155 Sic
2960 4103 3375 4157 omniacactera
3406 4120 3531 4175 quis
3552 4120 3708 4159 com-

2052 4192 2535 4259 memoravimus,
2570 4193 2722 4245 unde
2753 4190 2809 4243 in
2863 4190 3263 4261 superioribus
3300 4191 3467 4247 libris
3521 4194 3707 4247 multa

2046 4285 2169 4354 jam
2196 4281 2476 4335 diximus.
2508 4285 2581 4335 De
2607 4286 2856 4351 quatuor
2889 4278 3067 4350 igitur
3089 4278 3294 4350 primis
3326 4282 3641 4350 quaamodo
3672 4298 3707 4336 a

2055 4371 2225 4426 nobis
2255 4374 2599 4424 enumerata
2630 4373 2802 4438 atque
2825 4368 3050 4438 digesta
3074 4372 3233 4433 sunt,
3256 4367 3310 4422 id
3329 4372 3703 4439 estaeternus,

2054 4458 2428 4523 immortalis,
2453 4455 2932 4527 incorruptibilis,
2958 4455 3367 4526 immutabilis,
3394 4474 3576 4512 unum
3601 4457 3706 4512 ali-

2057 4548 2195 4620 quid
2221 4547 2528 4619 eligamus;
2564 4545 2703 4617 quia
2735 4561 2911 4599 unum
2951 4547 3198 4614 quatuor
3218 4544 3325 4600 ista
3349 4544 3706 4617 significant,

2056 4637 2207 4691 sicut
2229 4636 2355 4705 jam
2387 4634 2657 4699 disserui;
2690 4648 2760 4687 ne
2784 4648 2884 4704 per
2907 4632 3092 4686 multa
3112 4631 3480 4689 distendatur
3509 4635 3707 4690 inten-

2057 4726 2162 4790 tio,
2199 4729 2256 4779 et
2288 4723 2428 4778 illud
2463 4724 2655 4795 potius
2685 4722 2837 4793 quod
2864 4720 3121 4792 positum
3160 4726 3248 4777 est
3288 4722 3471 4794 prius,
3506 4724 3562 4778 id
3598 4729 3707 4791 est,

2058 4818 2329 4869 aeternus.
2368 4813 2485 4867 Hoc
2510 4812 2791 4866 faciamus
2814 4815 2868 4865 et
2891 4811 2959 4865 de
2984 4816 3235 4882 quatuor
3256 4812 3553 4877 secundis,
3578 4828 3706 4882 qua)

2060 4907 2219 4971 sunt,
2246 4902 2427 4969 vivus,
2450 4900 2704 4972 sapiens,
2740 4906 2966 4972 potens,
2995 4901 3314 4971 speciosus.
3345 4901 3409 4954 Et
3431 4901 3708 4971 quoniam

2060 4992 2175 5046 vita
2193 4988 2812 5062 qualiscumqueinest
2832 4993 2887 5044 et
2924 4989 3137 5061 pecori,
3166 4990 3255 5043 cui
3281 4988 3570 5059 sapientia
3593 5005 3708 5042 non

2061 5082 2235 5147 inest;
2268 5081 2381 5133 duo
2408 5096 2543 5135 vero
2572 5078 2707 5145 ista,
2739 5078 3028 5150 sapientia
3061 5077 3279 5132 scilicet
3301 5082 3470 5147 atque
3507 5081 3709 5148 poten-

2060 5168 2164 5235 tia,
2188 5169 2270 5224 ita
2296 5172 2434 5223 sunt
2455 5168 2606 5222 inter
2626 5183 2687 5221 se
2714 5168 2771 5222 in
2795 5167 3032 5222 homine
3055 5169 3479 5237 comparata,ut
3510 5171 3715 5220 sancta

2062 5257 2363 5329 Scriptura
2393 5256 2629 5325 diceret,
2664 5258 2850 5311 Melior
2869 5259 2948 5311 est
2979 5255 3194 5325 sapiens
3224 5270 3395 5324 quam
3422 5255 3583 5324 fortis
3611 5254 3711 5326 (Id.

2060 5363 2139 5414 v1,
2184 5345 2863 5418 );speciosaporroetiam
2883 5342 3248 5413 corporadici
3292 5341 3713 5399 solent:unum

2063 5452 2131 5492 ex
2163 5435 2256 5491 his
2300 5435 2587 5507 quatuor2
2620 5433 2771 5505 quod
2819 5432 3116 5504 eligimus,
3151 5431 3387 5504 sapiens
3427 5430 3710 5503 eligatur:

2128 5684 2146 5720 ί
2178 5680 2265 5732 Sic
2291 5681 2416 5730 Mss.
2452 5679 2519 5743 At
2547 5677 2691 5743 editi,
2730 5674 2845 5727 Non
2869 5676 3005 5726 enim
3025 5675 3243 5741 percipit
3271 5676 3578 5741 sapim‘iam
3608 5691 3710 5743 qua

2062 5743 2276 5812 ﬁtjyel,
2305 5755 2406 5809 qua
2430 5741 2516 5812 sit)
2546 5739 2765 5812 sapiens.

2128 5801 2329 5871 8L0co,’
2349 5801 2586 5873 quatuor,
2604 5801 2743 5857 forte
2772 5801 3075 5870 legendum,
3105 5801 3404 5872 (qualibus.
