4130 6194
525 277 679 340 1063

523 411 791 483 quamvis
811 410 933 465 haec
954 412 1206 482 quatuor
1230 409 1287 465 in
1307 410 1424 465 Deo
1447 428 1561 465 non
1578 410 2170 481 inaequalia‘dicenda

520 503 638 557 sint
664 519 676 570 ;
712 500 948 555 nomina
986 500 1142 554 enim
1173 504 1441 570 quatuor,
1472 516 1561 555 res
1590 504 1782 555 autem
1816 516 1935 553 una
1956 502 2061 554 est.
2087 498 2166 552 De

520 591 708 646 tertiis
726 606 857 644 vero
882 588 1104 643 ultimis
1122 593 1392 658 quatuor,
1429 588 1696 658 quamvis
1714 588 1773 642 in
1789 588 1903 643 Deo
1926 587 2080 642 idem
2100 586 2179 641 sit

514 683 746 752 justum
788 694 914 734 esse
951 677 1104 748 quod
1147 677 1389 743 bonum,
1416 678 1570 748 quod
1616 679 1871 747 beatum,
1904 676 2177 747 idemque

521 768 792 841 spiritum
818 782 945 822 esse
972 766 1376 837 quodjustum
1410 771 1465 820 et
1498 767 1714 821 bonum
1740 766 1975 821 beatum
1998 781 2124 820 esse
2159 780 2173 820 :

521 864 716 914 tamen
752 855 889 927 quia
912 856 968 910 in
1021 854 1358 909 hominibus
1388 859 1579 926 potest
1615 871 1743 910 esse
1785 854 2026 926 spiritus
2060 870 2175 909 non

521 948 946 1017 beatus,potest
967 943 1241 1014 etjustus
1262 947 1317 998 et
1335 943 1524 998 bonus
1548 944 1807 998 nondum
1832 944 2054 1009 beatus;
2072 952 2179 1012 qui

518 1053 652 1095 vero
688 1037 895 1091 beatus
926 1037 1034 1093 est.
1060 1032 1317 1104 perfecto
1350 1032 1625 1103 etjustus
1672 1036 1727 1087 et
1766 1032 1956 1087 bonus
1979 1036 2033 1086 et
2054 1031 2173 1103 spi-

517 1129 669 1183 ritus
691 1129 779 1182 est
803 1141 815 1180 :
846 1123 953 1179 hoc
978 1123 1171 1193 potius
1194 1121 1481 1194 eligamus
1523 1122 1677 1193 quod
1704 1137 1808 1176 nec
1831 1121 1888 1176 in
1916 1120 2170 1176 homini-

514 1216 628 1272 bus
650 1230 778 1271 esse
801 1211 927 1268 sine
951 1210 1278 1281 illisztribus
1312 1214 1520 1281 potest,
1547 1211 1698 1281 quod
1716 1214 1804 1265 est
1836 1211 2059 1266 beatus.

585 1302 813 1361 CAPUT
857 1302 947 1358 VI.
982 1332 1049 1342 --
1079 1300 1132 1355 9.
1166 1299 1444 1370 Quomodo
1468 1302 1522 1355 in
1566 1302 1682 1372 ipsa
1703 1300 2051 1371 simplicitate
2072 1300 2171 1355 Dei

512 1396 585 1450 sit
608 1395 864 1449 Trinitas.
898 1399 987 1445 Αη
1014 1393 1066 1446 et
1095 1388 1361 1461 quomodo
1380 1406 1450 1445 ea:
1476 1392 1799 1444 monstratis
1818 1390 2166 1445 trinitatibus

512 1487 573 1540 in
589 1485 808 1539 homine
830 1480 1149 1537 ostendatur
1169 1480 1412 1536 Trinitas
1444 1480 1563 1535 Dei.
1596 1478 1745 1532 Num
1770 1478 1948 1550 igitur
1964 1480 1985 1513 2
2027 1495 2163 1534 cum

511 1573 785 1638 dicimus,
808 1575 1088 1633 Eternus,
1106 1568 1358 1639 sapiens,
1374 1568 1599 1635 beatus,
1616 1567 1734 1621 haec
1749 1570 1857 1622 tria
1879 1571 2012 1622 sunt
2035 1568 2167 1623 Tri—

511 1663 687 1730 nitas,
715 1677 841 1732 quae
865 1657 1195 1729 appellatur
1214 1656 1409 1711 Deus?
1428 1656 1790 1727 I‘tedigimus3
1808 1657 2041 1728 quidem
2063 1657 2163 1713 illa

512 1749 820 1805 duodecim
848 1748 906 1801 in
938 1747 1107 1801 istam
1133 1745 1482 1816 paucitatem
1510 1746 1685 1800 trium
1718 1761 1730 1800 :
1757 1747 1855 1801 sed
1894 1762 1959 1801 eo
1987 1747 2158 1803 modo

506 1838 749 1893 forsitan
766 1852 1080 1908 possumus
1106 1835 1225 1889 haec
1243 1834 1354 1888 tria
1372 1835 1427 1888 in
1453 1851 1634 1888 unum
1659 1835 1896 1906 aliquod
1926 1836 2155 1892 horum.

506 1926 653 1982 Nam
681 1926 729 1982 si
756 1942 871 1980 una
892 1924 1090 1979 eadem
1124 1940 1215 1978 res
1238 1923 1293 1977 in
1320 1922 1418 1978 Dei
1448 1928 1655 1979 natura
1693 1928 1883 1995 potest
1923 1942 2048 1981 esse
2072 1942 2160 1981 sa-

508 2015 729 2087 pientia
767 2019 822 2070 et
854 2014 1134 2086 potentia,
1169 2019 1267 2067 aut
1290 2013 1405 2067 vita
1445 2016 1500 2067 et
1531 2012 1851 2085 sapientia;
1907 2030 2012 2069 cur
2042 2031 2155 2069 non

508 2121 625 2159 una
642 2105 959 2174 eademque
973 2119 1063 2157 res
1085 2118 1212 2157 esse
1239 2103 1421 2174 possit
1440 2101 1500 2156 in
1516 2102 1613 2158 Dei
1637 2107 1844 2157 natura
1866 2104 2158 2159 aeternitas

506 2198 562 2249 et
603 2193 908 2264 sapientia,
927 2196 1027 2245 aut
1048 2191 1344 2246 beatitudo
1368 2195 1423 2245 et
1444 2190 1776 2262 sapientia?
1813 2196 1891 2245 Ac
1918 2209 2016 2262 per
2048 2192 2156 2249 hoc

506 2282 659 2338 sicut
676 2281 822 2337 nihil
846 2280 1124 2335 intererat
1148 2283 1347 2334 utrum
1362 2278 1462 2334 illa
1484 2280 1893 2346 duodecim,an
1910 2280 2024 2335 ista
2044 2281 2156 2337 tria

508 2372 858 2435 diceremus,
909 2369 1143 2440 quando
1177 2367 1275 2423 illa
1309 2367 1493 2423 multa
1522 2368 1581 2422 in
1615 2367 1789 2422 istam
1822 2368 2156 2441 redegimus

508 2458 975 2532 paucitatem;ita
992 2456 1395 2512 nihilinterest
1419 2461 1613 2510 utrum
1630 2456 1867 2511 triaista
1891 2457 2154 2513 dicamus

506 2566 579 2603 an
603 2548 747 2603 illud
777 2563 960 2602 unum
1004 2546 1060 2600 in
1102 2546 1270 2616 cujus
1297 2544 1763 2615 singularitatem
1798 2547 1910 2601 duo
1951 2553 2155 2603 caetera

504 2637 777 2693 similiter
815 2635 995 2707 redigi
1031 2651 1201 2706 posse
1236 2633 1749 2689 monstravimus‘.
1785 2636 1925 2701 Quis
1957 2637 2153 2708 itaque

504 2725 841 2798 disputandi
864 2725 1094 2789 modus,
1117 2739 1383 2795 quaenam
1406 2724 1641 2779 tandem
1672 2725 1759 2779 vis
1790 2724 2154 2797 intelligendi

506 2819 680 2884 atque
715 2814 991 2885 potentia,
1028 2830 1155 2883 quae
1201 2811 1473 2867 vivacitas
1518 2812 1781 2880 rationis,
1823 2830 1950 2885 quae
2001 2814 2152 2871 acies

502 2902 869 2975 cogitationis
891 2903 1176 2967 ostendet,
1195 2905 1259 2956 ut
1286 2900 1401 2955 alia
1422 2903 1545 2971 jam
1577 2902 1941 2967 taceam,hoc
1966 2921 2150 2960 unum

502 2994 659 3065 quod
684 2992 971 3064 sapientia
992 2992 1206 3046 dicitur
1231 2996 1398 3056 Deus,
1428 2992 1720 3061 quomodo
1745 2992 1822 3047 sit
1844 2993 2099 3049 Trinitas
2124 2994 2153 3049 ?

502 3083 701 3153 Neque
742 3080 899 3135 enim
932 3080 1084 3135 sicut
1132 3096 1237 3133 nos
1279 3080 1347 3134 de
1378 3078 1475 3134 illo
1508 3080 1863 3150 percipimus
1912 3082 2149 3153 sapien.

502 3169 759 3235 tiam,ita
780 3169 933 3223 Deus
964 3168 1032 3222 de
1054 3166 1249 3238 aliquo
1273 3184 1285 3221 :
1308 3167 1406 3221 sed
1437 3184 1543 3222 sua
1564 3172 1649 3223 est
1681 3168 1802 3239 ipse
1828 3170 2145 3241 sapientia;

502 3258 641 3331 quia
664 3274 778 3312 non
807 3260 895 3312 est
923 3255 1079 3310 aliud
1106 3254 1389 3325 sapientia
1411 3256 1557 3325 ejus,
1583 3255 1742 3311 aliud
1772 3259 2147 3327 essentia,cui

496 3347 607 3404 hoc
640 3349 729 3401 est
757 3362 885 3400 esse
917 3348 1067 3416 quod
1092 3344 1411 3415 sapientem
1444 3358 1589 3399 esse.
1634 3344 1857 3400 Dicitur
1904 3348 2140 3418 quidem

495 3436 555 3490 in
580 3433 892 3503 Scripturis
916 3433 1137 3489 sanctis
1159 3432 1426 3487 Christus
1453 3432 1547 3487 Dei
1579 3432 1784 3502 virtus,
1817 3441 1873 3489 et
1911 3435 2008 3491 Dei
2045 3454 2140 3492 sa-

492 3524 711 3597 pientia
741 3524 787 3595 (Ι
822 3523 940 3578 Cor.
976 3540 1014 3589 ι,
1051 3521 1143 3593 24)
1177 3538 1188 3577 :
1225 3522 1324 3576 sed
1348 3522 1842 3592 quemadmodum
1867 3523 1943 3578 sit
1972 3524 2133 3581 intel-

493 3612 820 3686 ligendum,
855 3628 926 3666 ne
956 3615 1184 3666 Patrem
1211 3610 1389 3665 Filius
1422 3610 1683 3666 videatur
1706 3612 1890 3667 facere
1908 3614 2137 3686 sapien-

489 3707 631 3773 tem,
667 3702 725 3756 in
759 3701 908 3757 libro
940 3700 1190 3772 septimo
1226 3699 1584 3771 disputatum
1606 3704 1693 3755 est
1715 3700 1866 3773 (Cap.
1896 3704 2049 3774 1-3);
2082 3709 2139 3760 et

489 3792 558 3846 ad
593 3791 700 3846 hoc
732 3790 878 3845 ratio
911 3789 1191 3861 pervenit,
1226 3794 1288 3842 ut
1320 3788 1401 3844 sic
1437 3788 1512 3843 sit
1544 3789 1725 3843 Filius
1749 3791 2035 3861 sapientia
2066 3795 2137 3848 de

491 3880 799 3952 sapientia,
829 3878 1325 3950 quemadmodum
1380 3878 1575 3933 lumen
1609 3879 1678 3932 de
1709 3878 1951 3946 lumine,
1990 3886 2136 3937 Deus

486 3969 557 4022 de
588 3968 723 4023 Deo.
757 3967 871 4023 Nec
902 3967 1055 4022 aliud
1092 3968 1392 4038 potuimus
1416 3966 1671 4023 invenire
1702 3968 1983 4039 Spiritum
2008 3988 2140 4026 san-

486 4060 681 4124 ctum,
734 4056 846 4110 nisi
898 4060 954 4110 et
987 4056 1179 4126 ipsum
1229 4072 1357 4110 esse
1414 4056 1797 4127 sapientiam,
1854 4063 1911 4112 et
1961 4058 2137 4115 simul

487 4162 692 4201 omnes
724 4158 902 4200 unam
938 4144 1307 4216 sapientiam,
1341 4143 1491 4199 sicut
1523 4161 1707 4199 unum
1727 4146 1933 4214 Deum,
1958 4166 2134 4206 unam

485 4234 826 4290 essentiam.
871 4233 1030 4288 Hanc
1061 4250 1196 4305 ergo
1241 4232 1588 4304 sapientiam
1622 4235 1774 4304 quod
1824 4240 1912 4291 est
1959 4237 2134 4309 Deus,

484 4325 779 4396 quomodo
804 4322 1192 4394 intelligimus
1233 4337 1360 4378 esse
1391 4323 1774 4378 Trinitatem?
1820 4325 1942 4381 Non
1996 4327 2133 4395 dixi,

481 4413 784 4478 Quomodo
815 4411 1153 4467 credimus?
1187 4427 1322 4466 nam
1356 4410 1465 4466 hoc
1497 4412 1648 4467 inter
1666 4412 1866 4469 ﬁdeles
1894 4432 2008 4471 non
2042 4417 2138 4472 de-

480 4501 578 4555 bet
608 4501 819 4555 habere
869 4501 1291 4571 quaestionem:
1327 4500 1427 4555 sed
1462 4500 1509 4555 si
1560 4500 1755 4572 aliquo
1806 4505 1977 4559 modo
2037 4522 2138 4577 per

477 4587 927 4661 intelligentiam
952 4606 1269 4661 possumus
1290 4588 1483 4645 videre
1505 4591 1659 4662 quod
1682 4591 2136 4665 credimus,quis

481 4677 593 4732 iste
614 4677 723 4732 erit
747 4678 956 4732 modus
976 4678 1004 4732 ?

552 4768 637 4821 10.
654 4765 710 4820 Si
736 4766 891 4822 enim
914 4766 1240 4823 recolamus
1265 4767 1360 4825 ubi
1389 4768 1922 4827 nostrointellectui
1948 4788 2133 4845 coepe-

480 4856 556 4912 rit
577 4856 636 4911 in
661 4854 752 4910 his
776 4854 943 4911 libris
964 4856 1217 4911 Trinitas
1250 4873 1548 4929 apparere,
1573 4864 1814 4915 octavus
1857 4864 2130 4919 occurrit.

482 4944 562 5001 Ibi
581 4943 817 5016 quippe,
842 4949 905 4999 ut
927 4945 1250 5017 potuimus,
1270 4946 1628 5017 disputando
1654 4948 1872 5020 erigere
1894 4952 2138 5006 tantavi-

481 5050 618 5089 mus
673 5035 890 5089 mentis
932 5034 1317 5089 intentionem
1363 5036 1435 5089 ad
1485 5034 1923 5109 intelligendam
1967 5040 2131 5100 illam

482 5122 1032 5195 praestantissimam
1066 5122 1613 5194 immutabilemque
1645 5130 1938 5199 naturam,
1974 5132 2130 5201 quod

484 5216 685 5267 nostra
702 5228 867 5268 mens
891 5230 1004 5267 non
1022 5214 1319 5276 est.Quam
1344 5216 1539 5266 tamen
1563 5211 1645 5267 sic
1667 5212 2134 5286 intuebamur,ut

484 5316 589 5356 nec
610 5300 780 5374 longe
802 5319 836 5357 a
861 5302 1026 5357 nobis
1042 5307 1216 5372 esset,
1240 5304 1297 5356 et
1326 5318 1504 5373 supra
1530 5317 1636 5357 nos
1661 5307 1957 5370 esset,non
1984 5306 2130 5377 loco,

548 5495 565 5528 ¹
603 5494 784 5568 Plures
812 5498 952 5568 1315s.,
984 5511 1085 5568 non
1117 5497 1355 5568 aequalia.
1388 5496 1593 5568 Melius,
1641 5498 1711 5568 si”
1740 5503 1922 5550 tamen
1969 5517 2130 5568 supra

482 5568 613 5625 pr9,_
631 5558 763 5625 quod
789 5560 1038 5625 eligimus,
1070 5558 1366 5625 legendum
1392 5561 1475 5619 sit,
1499 5559 1799 5625 aequalibus.

546 5618 569 5686 ξ
596 5618 655 5686 [Π
684 5618 1100 5686 Μεεη-Ἀξεᾱίιὶ,
1126 5618 1269 5671 nunc
1295 5618 1473 5686 igitur,

546 5679 569 5748 ξ
596 5679 678 5748 Er.
710 5680 874 5748 Lugd.
898 5683 1026 5732 Ven.
1058 5679 1205 5741 Lov.,
1231 5679 1539 5748 redegimus.
1698 5686 1768 5740 M.

544 5742 567 5782 ﬁ
594 5739 775 5793 Plures
791 5739 942 5795 Mss"
978 5739 1390 5800 memoravimus.

1606 278 1712 338 DE
1755 276 2208 351 TRINITATE,
2258 277 2325 339 S.
2369 275 2801 341 AUGUSTINI

3720 282 3839 345 1064

2280 411 2378 465 sed
2402 411 2529 482 ipsa
2551 410 2641 465 sui
2665 409 2977 467 venerabili
3000 408 3386 482 mirabiliquaa
3401 413 3847 483 prastantiaitaut

2284 500 2440 571 apud
2464 517 2569 554 nos
2591 517 2718 556 esse
2739 518 2844 555 suo
2873 499 3670 571 praesentiluminevideretur.
3686 506 3738 557 In
3758 521 3847 575 qua

2275 591 2473 643 tamen
2506 588 2674 644 nobis
2704 588 2895 643 adhuc
2928 587 3087 643 nulla
3118 588 3372 643 Trinitas
3405 591 3708 659 apparebat,
3744 592 3851 665 quia

2278 693 2392 732 non
2426 678 2495 732 ad
2519 694 2647 733 eam
2680 678 3049 749 quaerendam
3068 678 3122 731 in
3149 676 3368 748 fulgore
3391 676 3486 733 illo
3510 678 3712 733 ﬁrmam
3725 698 3849 735 men-

2278 764 2353 819 tis
2384 765 2565 821 aciem
2590 767 2968 822 tenebamus1
2998 782 3011 820 :
3041 771 3270 821 tantum
3318 765 3455 838 quia
3498 783 3603 821 non
3648 772 3753 823 erat
3774 769 3851 823 ali-

2278 870 2394 925 qua
2425 854 2628 922 moles,
2663 855 2761 910 ubi
2792 854 2948 911 credi
2981 858 3270 927 oporteret
3300 854 3734 927 magnitudinem
3751 857 3854 912 duo-

2278 958 2409 997 rum
2431 943 2517 999 vel
2551 944 2727 999 trium
2763 942 2898 1015 plus
2928 959 3055 999 esse
3086 960 3263 1014 quam
3298 943 3493 1010 unius,
3535 944 3852 1000 cernebamus

2278 1036 2617 1104 utcumque.
2651 1033 2761 1088 Sed
2797 1031 2896 1087 ubi
2926 1036 3160 1087 ventum
3191 1036 3281 1087 est
3308 1032 3379 1087 ad
3411 1030 3853 1104 cbaritatem,que

2276 1120 2335 1176 in
2366 1126 2570 1177 sancta
2600 1121 2898 1193 Scriptura
2936 1121 3091 1176 Deus
3123 1120 3279 1176 dicta
3302 1124 3389 1176 est
3424 1121 3468 1191 (Ι
3507 1122 3653 1176 Joan.
3682 1138 3747 1183 1v,
3774 1122 3853 1193 16),

2274 1209 2454 1265 eluxit
2471 1209 2778 1282 paululum
2809 1209 3085 1276 Trinitas,
3119 1208 3177 1264 id
3226 1213 3334 1274 est,
3380 1224 3605 1274 amans,
3649 1212 3700 1264 et
3739 1211 3854 1280 quod

2273 1302 2524 1367 amatur,
2557 1303 2615 1353 et
2645 1315 2827 1354 amor.
2856 1298 2969 1354 Sed
3005 1297 3145 1370 quia
3170 1297 3271 1353 lux
3302 1297 3397 1353 illa
3430 1296 3725 1353 inell‘abilis
3757 1315 3856 1353 nos-

2270 1391 2425 1444 trum
2474 1388 2879 1445 reverberabat
2911 1389 3207 1458 obtutum,
3238 1392 3297 1442 et
3335 1388 3387 1443 ei
3440 1386 3689 1442 nondum
3730 1402 3860 1457 posse

2270 1476 2657 1549 obtemperari
2689 1481 2899 1533 nostra:
2926 1476 3142 1532 mentis
3171 1476 3426 1545 quodam
3461 1475 3627 1531 modo
3673 1476 3862 1530 convin-

2267 1565 2509 1621 cebatur
2535 1566 2865 1633 infirmitas,
2890 1567 2960 1621 ad
2993 1565 3179 1636 ipsius
3211 1568 3424 1621 nostrae
3456 1564 3661 1619 mentis
3698 1580 3863 1620 secun-

2267 1655 2406 1709 dum
2439 1671 2613 1726 quam
2648 1655 2836 1710 factus
2864 1660 2954 1711 est
2982 1654 3157 1710 homo
3190 1654 3258 1708 ad
3292 1654 3603 1725 imaginem
3634 1652 3722 1707 Dei
3742 1652 3863 1721 (Gen.

2267 1761 2304 1811 ι,
2340 1747 2449 1815 ‘27),
2501 1748 2661 1800 velut
2700 1745 3135 1800 familiariorem
3190 1745 3727 1815 considerationem,
3762 1744 3864 1799 reﬁ-

2264 1832 2479 1889 cienda:
2510 1834 2831 1890 laborantis
2864 1834 3204 1889 intentionis
3251 1850 3450 1902 causa,
3486 1835 3631 1889 inter
3656 1838 3866 1904 ereptum

2264 1923 2730 1995 dispositumque
2744 1923 3076 1979 reﬂeximus
3097 1927 3184 1979 :et
3206 1924 3341 1978 inde
3367 1923 3430 1977 in
3457 1922 3868 1993 creatura,quod

2261 2029 2368 2067 nos
2394 2028 2621 2079 sumus,
2653 2011 3049 2067 utinvisibilia
3064 2012 3187 2078 Dei,
3221 2028 3325 2084 per
3345 2028 3559 2084 eaquae
3580 2013 3717 2067 facta
3736 2017 3872 2068 sunt.

2261 2103 2595 2173 conspicere
2624 2100 2919 2156 intellecta
2941 2118 3249 2172 possemus
3282 2101 3458 2172 (Rom.
3485 2118 3524 2168 ι,
3553 2102 3661 2172 20),
3691 2100 3866 2155 immo-

2259 2190 2367 2246 rati
2390 2207 2596 2246 sumus
2620 2208 2651 2243 a
2702 2207 2855 2245 nono
2909 2206 3096 2261 usque
3117 2190 3189 2246 ad
3214 2195 3493 2261 quartum
3515 2190 3790 2245 decimum
3816 2189 3870 2243 li-

2258 2281 2452 2335 brum.
2479 2280 2543 2334 Et
2565 2296 2696 2335 ecce
2706 2281 2829 2350 jam
2853 2284 3140 2350 quantum
3167 2295 3403 2334 necesse
3429 2278 3733 2346 fuerat,aut
3753 2278 3869 2333 forte

2257 2368 2390 2441 plus
2418 2386 2594 2441 quam
2625 2385 2857 2424 necesse
2893 2369 3099 2435 fuerat,
3127 2368 3441 2424 exercitata
3462 2367 3522 2423 in
3546 2367 3875 2423 inferioribus

2258 2457 2665 2530 intelligentia,
2694 2458 2764 2512 ad
2786 2474 3082 2512 summam
3096 2456 3443 2512 Trinitatem
3468 2473 3595 2527 quae
3618 2457 3759 2512 Deus
3778 2461 3864 2522 est,

2258 2547 2729 2619 conspiciendam
2754 2563 2859 2601 nos
2895 2546 3116 2618 erigere
3154 2545 3448 2614 volumus,
3490 2562 3595 2602 nec
3616 2545 3867 2601 valemus.

2256 2638 2407 2693 Num
2430 2637 2586 2692 enim
2610 2637 2761 2692 sicut
2778 2635 3135 2691 certissimas
3152 2635 3421 2691 videmus
3452 2635 3758 2705 trinitates,
3780 2634 3874 2690 sive

2256 2744 2383 2798 quae
2400 2726 2722 2781 forinsecus
2737 2725 2806 2780 de
2830 2725 3006 2780 rebus
3020 2724 3424 2795 corporalibus
3451 2724 3738 2794 fiunt,sive
3765 2740 3871 2779 cum

2256 2817 2473 2887 eaipsa
2493 2832 2619 2887 qua:
2645 2814 2968 2869 forinsecus
3006 2829 3178 2868 sensa
3216 2818 3358 2868 sunt
3387 2815 3749 2885 cogitantur;
3780 2814 3874 2869 sive

2255 2922 2386 2960 cum
2422 2904 2523 2958 illa
2559 2921 2686 2975 quae
2720 2903 2991 2958 oriuntur
3024 2902 3081 2956 in
3116 2902 3334 2966 animo,
3375 2919 3482 2957 nec
3516 2903 3791 2974 pertinent
3817 2900 3874 2956 ad

2253 2994 2513 3066 corporis
2531 3009 2763 3059 sensus,
2785 2992 2937 3046 sicut
2962 2991 3123 3057 ﬁdes,
3154 2990 3308 3046 sicut
3332 2990 3582 3047 virtutes
3619 3008 3739 3062 quae
3760 2996 3876 3047 sunt

2251 3088 2407 3139 artes
2428 3082 2663 3154 agendae
2686 3080 2834 3151 vitae,
2886 3079 3198 3134 manifesta
3230 3080 3458 3136 ratione
3502 3086 3807 3136 cernuntur
3830 3084 3877 3136 et

2250 3172 2471 3229 scentia
2502 3171 2908 3236 continentur;
2936 3168 3056 3224 sive
3088 3186 3218 3224 cum
3252 3186 3417 3225 :nens
3443 3170 3575 3242 ipsa
3598 3188 3707 3242 qua
3737 3170 3876 3225 novi-

2249 3279 2383 3317 mus
2404 3259 2689 3333 quidquid
2726 3275 2897 3314 nosse
2920 3275 3026 3313 nos
3050 3256 3326 3313 veraciter
3363 3258 3643 3328 dicimus,
3664 3258 3768 3313 sibi
3795 3274 3872 3313 eoo

2244 3352 2406 3423 gnita
2427 3354 2536 3421 est,
2564 3348 2651 3403 vel
2671 3365 2731 3405 se
2757 3347 2990 3419 cogitat,
3033 3347 3151 3403 sive
3176 3363 3309 3402 cum
3333 3348 3563 3419 aliquid
3598 3348 3745 3420 quod
3766 3348 3874 3419 ipsa

2243 3444 2471 3496 nonest
2499 3442 2781 3493 aeternum
2824 3441 2999 3508 atque
3040 3435 3532 3493 incommutabile
3576 3437 3868 3508 conspicit:

2242 3546 2383 3585 num
2415 3544 2549 3601 ergo
2572 3528 2725 3583 sicut
2755 3526 2812 3580 in
2845 3524 2935 3580 his
2957 3525 3230 3581 omnibus
3253 3526 3623 3589 certissimos
3636 3527 3871 3581 videmus

2237 3619 2551 3683 trinitates,
2569 3616 2707 3688 quia
2729 3615 2786 3670 in
2811 3614 2978 3670 nobis
3002 3615 3150 3669 fiunt
3177 3614 3265 3671 vel
3298 3614 3358 3669 in
3382 3616 3557 3671 nobis
3579 3620 3734 3682 sunt,
3755 3629 3869 3669 cum

2240 3708 2355 3763 ista
2377 3705 2774 3770 meminimus,
2816 3702 3476 3775 aspicimus,volumus,
3510 3704 3594 3759 ita
3629 3704 3870 3759 videmus

2239 3797 2416 3853 etiam
2463 3794 2808 3850 Trinitatem
2852 3792 3060 3863 Deum,
3102 3791 3241 3863 quia
3277 3797 3333 3847 et
3372 3792 3491 3847 illic
3524 3792 3871 3864 intelligendo

2241 3885 2935 3958 conspicimustanquam
2955 3881 3263 3947 dicentem,
3296 3886 3353 3935 et
3385 3882 3635 3937 verbum
3660 3883 3797 3953 ejus,
3824 3878 3871 3933 id

2238 3980 2350 4040 est,
2374 3975 2599 4029 Patrem
2620 3976 2677 4026 et
2699 3970 3093 4043 Filiumatque
3114 3971 3249 4025 inde
3273 3972 3684 4042 procedentem
3708 3968 3873 4025 chari-

2238 4068 2416 4119 tatem
2461 4062 2691 4133 utrique
2740 4075 3134 4125 communem,
3167 4058 3391 4114 scilicet
3439 4059 3725 4131 Spiritum
3759 4073 3871 4113 san-

2240 4156 2440 4208 ctum?
2462 4152 2548 4205 An
2580 4149 2871 4204 trinitates
2916 4149 3062 4203 istas
3081 4149 3150 4203 ad
3180 4165 3390 4203 sensus
3427 4155 3666 4205 nostros
3706 4147 3784 4203 vel
3812 4144 3869 4200 ad

2239 4242 2498 4296 animum
2521 4238 2879 4310 pertinentes
2894 4238 3158 4292 videmus
3171 4236 3367 4308 potius
3381 4253 3567 4307 quam
3584 4236 3873 4299 credimus,

2239 4329 2423 4384 Deum
2453 4344 2583 4383 vero
2616 4342 2742 4382 esse
2762 4326 2797 4380 '1
2814 4325 3106 4381 rinitatem
3130 4326 3425 4381 credimus
3472 4327 3676 4398 potius
3719 4338 3873 4397 quam

2236 4416 2703 4481 videmusE’Quod
2728 4415 2776 4471 si
2791 4415 2871 4470 ita
2892 4415 3263 4487 est,profecto
3284 4419 3387 4470 aut
3406 4414 3871 4483 invisibiliaejus,

2239 4523 2342 4579 per
2362 4522 2429 4561 ea
2449 4521 2575 4576 quae
2601 4504 2752 4559 facta
2773 4520 2931 4572 sunt,
2958 4502 3119 4558 nulla
3138 4502 3433 4559 intellecta
3455 4504 3869 4575 conspicimus;

2239 4600 2342 4652 aut
2382 4597 2432 4651 si
2472 4594 2591 4650 ulla
2638 4592 3054 4664 conspicimus;
3099 4609 3211 4648 non
3248 4593 3307 4648 in
3357 4592 3442 4649 eis
3491 4592 3873 4665 conspicimus

2238 4684 2609 4759 Trinitatem,
2634 4686 2690 4737 et
2719 4672 2940 4738 estillic
2960 4683 3113 4753 quod
3140 4682 3598 4753 conspiciamus,
3626 4686 3716 4737 est
3738 4678 3873 4752 quod

2238 4773 2410 4830 etiam
2437 4790 2552 4828 non
2595 4776 2972 4843 conspectum
2996 4771 3230 4827 credere
3275 4771 3619 4827 debeamus.
3652 4766 3873 4838 Conspi-

2238 4878 2365 4919 cere
2396 4869 2587 4917 autem
2611 4876 2717 4915 nos
2748 4859 3115 4915 immutabile
3163 4860 3402 4927 bonum,
3444 4860 3603 4930 quod
3638 4875 3742 4914 nos
3773 4871 3873 4911 non

2236 4968 2468 5016 sumus,
2493 4950 2638 5005 liber
2668 4954 2909 5004 octavus
2939 4949 3215 5017 ostendit;
3247 4953 3304 5003 et
3334 4947 3874 5019 quartusdecimus,

2234 5058 2369 5098 cum
2402 5042 2471 5096 de
2502 5039 2791 5110 sapientia
2809 5055 2935 5110 qua:
2960 5037 3184 5093 homini
3228 5055 3295 5093 ex
3324 5043 3435 5094 Deo
3484 5041 3575 5092 est
3623 5037 3875 5108 loquere-

2236 5148 2388 5196 mur,
2433 5129 2758 5184 admonuit.
2808 5128 2923 5182 Cur
2971 5127 3169 5198 itaque
3214 5128 3293 5183 ibi
3343 5144 3458 5183 non
3506 5126 3874 5199 agnoscimus

2231 5216 2621 5274 Trinitatem?
2668 5219 2752 5271 An
2784 5216 2905 5271 haec
2952 5216 3243 5288 sapientia
3291 5232 3417 5287 quae
3456 5220 3612 5270 Deus
3646 5214 3874 5275 dicitur,

2234 5324 2349 5363 non
2381 5322 2441 5361 se
2473 5305 2769 5377 intelligit,
2805 5321 2919 5360 non
2954 5322 3013 5361 se
3044 5304 3282 5377 diligit?
3325 5305 3465 5370 Quis
3494 5304 3605 5358 hoc
3637 5298 3873 5357 dixerit?

2234 5400 2351 5451 Aut
2403 5395 2535 5467 quis
2591 5399 2683 5449 est
2734 5394 2834 5465 qui
2884 5411 2998 5448 non
3051 5394 3258 5461 videat,
3297 5394 3399 5449 ubi
3446 5390 3607 5447 nulla
3636 5388 3875 5445 scientia

2232 5490 2341 5554 est,
2366 5484 2527 5541 nullo
2559 5483 2732 5539 modo
2755 5498 2882 5539 esse
2913 5482 3262 5555 sapientiam
3285 5482 3312 5537 ‘I
3354 5487 3468 5537 Aut
3506 5496 3640 5535 vero
3677 5483 3875 5551 putan-

2232 5578 2373 5633 dum
2406 5578 2513 5643 est,
2547 5572 2893 5644 sapientiam
2952 5589 3079 5645 quae
3129 5577 3277 5627 Deus
3336 5576 3445 5639 est,
3477 5570 3626 5625 scire
3656 5566 3768 5624 alia
3818 5567 3871 5621 et

2233 5662 2457 5723 nescire
2488 5677 2549 5719 se
2578 5660 2791 5734 ipsam,
2834 5658 2921 5715 vel
2971 5657 3217 5733 diligere
3247 5658 3364 5718 alia
3409 5673 3513 5718 nec
3541 5653 3786 5733 diligere
3813 5666 3871 5713 se

2295 5756 2314 5794 ί
2346 5752 2559 5822 Aliquot
2586 5749 2728 5813 Mss.,
2761 5747 3109 5803 tendebamus.
