4100 6190
255 416 410 479 1069
820 436 825 441 ·
1464 409 1586 471 LIB
1599 412 1687 470 ER
1740 411 1894 482 QUll

2004 412 2083 471 JS
2134 411 2499 474 DECIMUS.
3508 406 3662 468 1070

247 552 565 625 vigilemus,
598 553 651 606 et
684 549 858 605 sobrii
887 548 1078 604 simus.
1110 550 1252 603 Nam
1286 548 1381 619 qui
1421 548 1726 617 dormiunt,
1751 555 1904 601 nocte

249 640 563 708 dormiunt;
595 649 645 697 et
676 640 773 711 qui
804 635 1488 704 inebreantur,nocteebrii
1510 640 1642 690 sunt
1665 650 1903 690 :nosau-

247 732 363 785 tem
392 733 487 802 qui
518 729 630 784 dici
654 744 843 783 sumus
872 726 1045 783 sobrii
1075 728 1253 781 simus
1281 725 1480 797 (Thess.
1514 741 1568 792 v,
1595 725 1716 793 6-8)
1740 722 1768 777 ?
1793 722 1904 778 Sed

248 819 370 874 haec
402 817 677 891 allegoria
707 834 829 872 non
862 820 949 871 est
982 815 1250 886 aenigma.
1285 815 1432 869 Nam
1483 812 1595 869 nisi
1651 811 1900 867 multum

249 907 437 964 tardis
469 908 580 963 iste
601 923 810 962 sensus
836 904 895 960 in
923 908 1199 976 promptu
1224 907 1331 959 est.
1372 902 1643 974 [Enigma
1682 904 1771 957 est
1800 917 1902 955 au-

253 1004 399 1063 tem,
432 1000 497 1051 ut
528 994 779 1051 breviter
810 993 1112 1065 explicem,
1147 993 1397 1048 obscura
1428 990 1701 1062 allegoria
1731 988 1903 1045 sicuti

251 1090 361 1153 est,
392 1086 763 1156 Sanguisuga?
791 1087 951 1138 erant
972 1089 1087 1137 tres
1118 1083 1258 1151 ﬁliae
1281 1082 1296 1115 ί
1317 1082 1502 1152 (Prov.
1535 1097 1668 1147 xxx,
1692 1079 1816 1149 15);
1848 1081 1905 1133 et

253 1190 639 1247 quaecumque
674 1171 913 1229 similia.
945 1171 1055 1226 Sed
1091 1170 1187 1226 ubi
1221 1169 1557 1242 allegoriam
1577 1167 1905 1224 nominavit

248 1263 588 1336 Apostolus,
623 1280 738 1318 non
772 1262 832 1317 in
861 1260 1052 1316 verbis
1082 1276 1211 1315 eam
1243 1259 1475 1330 reperit,
1510 1257 1610 1313 sed
1642 1257 1699 1311 in
1730 1257 1899 1326 facto,

248 1370 385 1408 cum
420 1369 450 1408 e
482 1352 717 1407 duobus
747 1350 885 1405 ﬁliis
915 1348 1180 1417 Abrahae,
1208 1364 1320 1403 uno
1352 1348 1421 1402 de
1453 1344 1686 1416 ancilla,
1720 1343 1899 1400 altero

246 1443 314 1497 de
345 1441 550 1511 libera,
585 1441 741 1512 quod
770 1456 884 1494 non
920 1437 1168 1505 dictum,
1198 1436 1295 1491 sed
1327 1434 1502 1491 etiam
1530 1436 1746 1489 factum
1768 1432 1897 1501 fuit,

247 1531 362 1586 duo
394 1531 778 1586 Testamenta
804 1525 1183 1599 intelligenda
1216 1523 1559 1579 monstravit
1584 1542 1596 1590 ;
1624 1523 1777 1595 quod
1796 1538 1898 1577 an-

240 1626 486 1691 tequam
523 1621 856 1691 exponeret,
891 1615 1210 1671 obscurum
1237 1613 1344 1669 fuit
1363 1612 1605 1686 proinde
1622 1609 1900 1683 allegoria

241 1708 401 1775 talis,
435 1708 588 1778 quod
624 1710 714 1763 est
745 1703 1014 1778 generale
1047 1720 1283 1773 nomen,
1316 1706 1516 1775 posset
1562 1699 1893 1773 specialiter

245 1799 496 1867 aenigma
528 1794 842 1851 nominari.

320 1887 408 1941 16.
442 1885 553 1940 Sed
586 1885 724 1957 quia
756 1900 869 1939 non
909 1881 1015 1938 soli
1049 1881 1147 1953 qui
1179 1897 1277 1937 eas
1325 1879 1554 1935 litteras
1604 1878 1894 1949 nesciunt,

247 1976 465 2046 quibus
489 1974 797 2029 discuntur
810 1973 1259 2044 tropi,qua3runt
1277 1968 1413 2041 quid
1428 1966 1893 2038 dixeritAposto-

242 2064 362 2130 lus,
386 2079 543 2120 nunc
564 2061 622 2117 in
651 2062 959 2134 aenigmate
984 2076 1087 2115 nos
1112 2058 1334 2125 videre;
1360 2073 1561 2113 verum
1587 2056 1759 2111 etiam
1795 2055 1893 2127 qui

245 2153 462 2219 sciunt,
495 2156 689 2207 tamen
717 2150 871 2222 quod
898 2148 972 2204 sit
1004 2148 1143 2203 illud
1173 2146 1422 2218 aenigma
1442 2145 1536 2201 ubi
1558 2162 1712 2200 nunc
1734 2145 1893 2198 vide-

245 2259 404 2311 mus,
435 2258 607 2296 nosse
633 2239 997 2294 desiderant:
1031 2254 1098 2292 ex
1130 2238 1376 2306 utroque
1406 2234 1752 2289 invenienda
1777 2249 1893 2288 una

240 2335 335 2386 est
364 2328 682 2393 sententia;
717 2330 773 2381 et
804 2343 870 2382 ex
900 2325 999 2380 illo
1029 2323 1251 2379 scilicet
1291 2322 1447 2394 quod
1480 2322 1578 2392 ait,
1644 2320 1890 2378 Videmus

238 2418 782 2491 nuncperspecutum
804 2436 823 2483 ,-
845 2419 901 2470 et
915 2432 982 2470 ex
995 2414 1107 2469 isto
1135 2414 1288 2485 quod
1311 2410 1559 2482 addit,in
1573 2412 1887 2483 zrnigmate.

240 2511 366 2566 Una
395 2514 485 2565 est
515 2507 670 2563 enim
702 2521 833 2560 cum
850 2507 971 2558 tota
992 2502 1075 2558 sic
1093 2501 1327 2566 dicitur,
1354 2499 1607 2556 Videmus
1624 2517 1773 2555 nunc
1790 2517 1891 2572 per

235 2599 522 2671 speculum
552 2597 611 2651 in
626 2596 945 2666 aenigmate.
967 2591 1237 2659 Proinde,
1259 2594 1544 2662 quantum
1574 2589 1888 2645 mihivide-

236 2694 355 2755 tur,
389 2686 541 2742 sicut
570 2685 807 2740 nomine
825 2680 1045 2752 speculi
1064 2679 1379 2752 imaginem
1399 2678 1579 2733 voluit
1604 2677 1882 2750 intelligi;

236 2778 319 2832 ita
331 2775 566 2831 nomine
583 2770 909 2844 zenigmatis
924 2768 1189 2841 quamvis
1208 2766 1883 2833 similitudinem,tamen

236 2866 635 2933 obscuram,et
649 2861 716 2915 ad
736 2858 1095 2932 perspiciend
1108 2875 1204 2912 um
1219 2856 1687 2911 difﬁcilem.Cum
1706 2855 1885 2927 igitur

232 2954 463 3029 speculi
494 2958 550 3010 et
573 2948 899 3023 aanigmatis
928 2948 1161 3003 nomine
1193 2962 1578 3018 quaecumque
1606 2944 1882 3001 similitu-

233 3046 407 3100 dines
440 3044 510 3099 ab
541 3038 812 3113 Apostolo
843 3036 1178 3109 signiﬁcata:
1210 3033 1452 3106 intelligi
1481 3034 1726 3106 possint,
1753 3051 1879 3106 quas

232 3131 689 3191 accommodatae
713 3132 852 3183 sunt
867 3126 936 3183 ad
955 3125 1400 3197 intelligendum
1416 3123 1690 3194 Deum,eo
1707 3124 1879 3180 modo

232 3240 353 3294 quo
378 3224 597 3294 potest;
618 3216 762 3273 nihil
787 3221 981 3271 tamen
1005 3219 1092 3270 est
1114 3212 1612 3268 accommodatius
1628 3230 1804 3284 quam
1820 3212 1877 3268 id

229 3311 385 3384 quod
420 3311 613 3381 imago
645 3307 773 3379 ejus
806 3322 921 3360 non
952 3304 1172 3359 frustra
1205 3301 1437 3357 dicitur.
1469 3306 1652 3357 Nemo
1680 3302 1881 3374 itaque

230 3401 482 3456 miretur
504 3398 679 3454 etiam
706 3398 762 3450 in
780 3394 890 3449 isto
905 3393 1076 3448 modo
1097 3391 1332 3447 videndi
1348 3391 1448 3463 qui
1468 3407 1780 3447 concessus
1795 3396 1884 3447 est

226 3489 372 3546 huic
386 3488 644 3557 vitm,pcr
657 3482 957 3556 speculum
977 3480 1196 3537 scilicet
1214 3480 1269 3535 in
1284 3479 1882 3551 tenigmatedaborare

226 3595 341 3634 nos
358 3582 422 3632 ut
439 3574 986 3648 quomodocumque
998 3568 1546 3625 videamus.Nomen
1561 3568 1777 3641 quippe
1789 3568 1885 3623 hic

231 3684 353 3723 non
379 3668 612 3721 sonaret
633 3659 981 3734 aenigmatis,
1002 3659 1047 3714 si
1071 3662 1223 3714 esset
1249 3656 1492 3712 facilitas
1510 3656 1770 3712 visionis.
1816 3657 1886 3712 Et

229 3756 346 3812 hoc
368 3758 459 3810 est
478 3751 760 3825 grandius
785 3748 1054 3820 aenigma,
1069 3752 1263 3802 utnon
1277 3745 1580 3801 videamus
1596 3746 1747 3816 quod
1770 3762 1885 3801 non

228 3843 434 3901 videre
456 3858 566 3897 non
593 3835 1076 3911 possumus.Quis
1098 3835 1253 3891 enim
1274 3851 1389 3890 non
1414 3834 1570 3889 videt
1589 3833 1890 3906 cogitatio-

235 3949 374 3988 nem
411 3928 627 3985 suam‘?
657 3933 713 3982 et
745 3925 878 3998 quis
907 3925 1063 3979 videt
1094 3922 1505 3995 cogitationem
1538 3940 1730 3990 suam,
1772 3941 1887 3979 non

235 4019 428 4076 oculis
452 4016 782 4073 carnalibus
798 4015 946 4085 dico,
970 4014 1069 4069 sed
1090 4013 1216 4083 ipso
1241 4011 1512 4067 interiore
1532 4015 1845 4083 conspectu
1864 4011 1891 4065 ‘t

234 4108 381 4175 Quis
413 4124 530 4162 non
549 4122 678 4161 eam
708 4104 881 4174 videt,
907 4107 962 4157 et
983 4102 1117 4173 quis
1139 4116 1265 4155 eam
1300 4100 1492 4155 videt?
1514 4101 1891 4172 Quandoqui-

236 4198 375 4253 dem
407 4194 681 4267 cogitatio
715 4192 858 4248 visio
890 4195 981 4246 est
1012 4189 1190 4246 animi
1225 4188 1514 4260 quaedam,
1548 4189 1668 4244 sive
1694 4189 1894 4245 adsint

232 4303 305 4342 ea
337 4303 467 4357 quae
499 4284 684 4339 oculis
717 4297 946 4354 quoque
976 4277 1375 4351 corporalibus
1430 4277 1758 4342 videantur,
1805 4278 1894 4334 vel

233 4374 468 4430 caeteris
483 4372 820 4428 sentiantur
832 4367 1253 4433 sensibus,sive
1276 4383 1388 4422 non
1403 4366 1682 4434 adsint,ct
1692 4384 1895 4423 eorum

230 4462 669 4522 similitudines
682 4459 1034 4531 cogitatione
1048 4455 1513 4513 cernanturzsive
1531 4455 1673 4510 nihil
1694 4472 1895 4511 eorum

230 4554 341 4609 sed
376 4568 446 4608 ea
470 4551 799 4623 cogitentur
830 4564 956 4620 quae
990 4562 1096 4602 nec
1127 4544 1449 4617 corporalia
1468 4549 1625 4610 sunt,
1648 4562 1751 4600 nec
1772 4562 1898 4600 cor-

232 4640 540 4714 poralium
563 4636 1003 4705 similitudines,
1037 4635 1188 4690 sicut
1216 4633 1461 4689 virtutes
1485 4639 1541 4689 et
1562 4633 1722 4701 vitia,
1748 4634 1902 4689 sicut

229 4732 373 4802 ipsa
403 4728 658 4799 denique
691 4725 966 4799 cogitatio
997 4723 1320 4795 cogitatur;
1356 4722 1475 4777 sive
1506 4722 1606 4777 illa
1639 4740 1767 4794 quae
1799 4739 1902 4794 per

228 4811 1323 4890 disciplinastradunturliberalesque
1337 4811 1664 4876 doctrinas;
1692 4811 1808 4866 sive
1828 4810 1903 4866 is-

228 4916 446 4965 torum
474 4904 738 4961 omnium
771 4921 957 4959 causae
990 4901 1319 4974 superiores
1352 4905 1525 4970 atque
1558 4900 1810 4954 rationes
1842 4899 1901 4955 in

224 5003 463 5053 natura
492 4992 848 5049 immutabili
881 4992 1244 5063 cogitentur:
1277 4988 1399 5044 sive
1435 4987 1610 5043 etiam
1647 4987 1799 5041 mala
1848 4991 1905 5043 et

222 5104 425 5153 vana,
461 5102 528 5140 ac
589 5083 735 5139 falsa
792 5082 1136 5153 cogitemus,
1195 5077 1284 5133 vel
1343 5094 1457 5133 non
1510 5076 1906 5133 consentiente

221 5192 455 5242 sensu,
488 5172 578 5227 vel
608 5175 838 5227 errante
870 5185 1183 5225 consensu.

323 5261 561 5320 CAPUT
593 5261 654 5316 X.
678 5292 746 5300 —
768 5259 855 5314 47.
879 5259 952 5314 De
984 5257 1139 5313 verbo
1168 5258 1368 5312 mentis
1400 5257 1478 5323 in,
1513 5271 1616 5327 quo
1641 5259 1908 5328 tanquam

215 5351 476 5427 speculo
506 5359 559 5405 et
581 5353 886 5422 aenigmate
914 5346 1158 5401 videmus
1192 5345 1420 5400 Verbum
1455 5347 1573 5399 Dei.
1607 5344 1715 5399 Sed
1751 5360 1908 5400 nunc

215 5446 326 5503 de
344 5442 420 5497 iis
445 5440 760 5511 loquamur
784 5454 911 5510 quae
935 5439 1069 5491 nota
1087 5434 1431 5507 cogitamus,
1451 5437 1509 5487 et
1542 5432 1828 5488 habemus
1850 5434 1910 5489 in

215 5530 474 5594 notitia
494 5528 667 5585 etiam
692 5527 741 5583 si
764 5544 880 5583 non
896 5525 1241 5598 cogitemus,
1266 5523 1386 5578 sive
1410 5521 1479 5577 ad
1504 5522 1910 5594 contemplati-

207 5636 389 5684 vam
405 5618 715 5675 scientiam
730 5609 1504 5691 pertineant,quamproprie
1517 5609 1908 5681 sapientiam”,

309 5747 334 5781 1
376 5742 607 5802 Quidam
635 5741 864 5801 codices,
896 5740 1013 5804 du;
1034 5737 1181 5804 ﬁliae.

306 5809 343 5848 ε
364 5798 427 5860 In
459 5806 669 5859 excusis
696 5798 935 5856 additum
962 5798 1050 5852 hic
1078 5804 1209 5865 erat,
1242 5798 1476 5851 dicimus.

2017 544 2136 599 sive
2158 546 2228 600 ad
2253 548 2706 618 activam,quam
2729 546 2960 619 proprie
2978 546 3286 603 scientiam
3315 561 3662 616 nuncupau-

2015 633 2148 687 dam
2172 650 2298 690 esse
2323 634 2791 692 disserui.Simul
2813 637 2970 692 enim
2994 641 3311 707 utrumque
3334 633 3546 690 mentis
3568 639 3658 689 est

2015 720 2212 790 unius,
2238 727 2293 778 et
2313 723 2505 796 imago
2528 725 2627 779 Dei
2656 743 2789 781 una.
2820 725 2964 780 Cum
2986 742 3118 781 vero
3140 726 3208 781 de
3243 724 3515 780 inferiore
3546 722 3661 779 dis-

2015 809 2256 866 tinctius
2289 816 2345 867 et
2376 828 2641 868 seorsum
2675 813 2889 887 agitur,
2923 819 3064 870 tunc
3096 831 3212 870 non
3259 818 3348 870 est
3395 813 3655 869 vocanda

2015 898 2209 970 imago
2230 899 2616 971 Dei,quamvis
2639 906 2695 957 et
2710 906 2845 958 tunc
2868 902 2924 957 in
2949 920 3015 959 ea
3037 902 3319 959 nonnulla
3334 904 3661 975 reperiatur

2015 987 2337 1043 similitudo
2360 988 2518 1045 illius
2536 990 2873 1059 Trinitatis;
2900 992 3054 1063 quod
3073 992 3129 1047 in
3144 992 3310 1048 tertio
3324 992 3547 1047 decimo
3569 1008 3657 1047 vo-

2012 1075 2235 1132 lumine
2265 1078 2631 1135 ostendimus
2680 1079 2833 1152 (Cap.
2884 1082 2934 1149 1,
2967 1081 3081 1151 20).
3114 1081 3280 1136 Nunc
3313 1097 3448 1153 ergo
3479 1080 3659 1136 simul

2011 1166 2081 1221 de
2101 1166 2373 1223 universa
2394 1167 2639 1224 scientia
2656 1168 2913 1225 hominis
2934 1169 3255 1243 loquimur,
3278 1170 3335 1225 in
3354 1186 3469 1242 qua
3488 1168 3658 1225 nobis

2012 1260 2149 1311 nota
2179 1260 2316 1311 sunt
2345 1272 2727 1328 quaecumque
2758 1262 2897 1314 sunt
2926 1263 3101 1315 nota:
3137 1275 3263 1331 quae
3282 1258 3485 1331 utique
3520 1273 3660 1315 vera

2009 1348 2170 1414 sunt,
2202 1344 2461 1417 alioquin
2496 1350 2634 1401 nota
2666 1363 2780 1402 non
2812 1353 3024 1404 essent.
3070 1348 3252 1404 Nemo
3298 1348 3454 1405 enim
3509 1348 3658 1404 falsa

2010 1433 2188 1502 novit,
2214 1434 2324 1490 nisi
2349 1450 2483 1489 cum
2509 1435 2794 1492 falsaesse
2812 1437 2999 1492 novit:
3027 1437 3182 1509 quod
3196 1436 3245 1493 si
3269 1437 3653 1508 novit,verum

2009 1522 2203 1591 novit;
2237 1539 2437 1579 verum
2472 1528 2561 1579 est
2591 1523 2746 1578 enim
2781 1525 2935 1597 quod
2970 1524 3069 1580 illa
3099 1524 3245 1582 falsa
3274 1526 3413 1583 sint.
3446 1527 3526 1583 De
3557 1525 3650 1582 his

2010 1627 2144 1682 ergo
2177 1628 2332 1666 nunc
2365 1611 2710 1668 disserimus
2743 1629 2870 1685 quae
2904 1618 3038 1669 nota
3065 1614 3414 1686 cogitamus.
3442 1620 3497 1672 et
3518 1620 3656 1671 nota

2007 1704 2146 1754 sunt
2168 1699 2334 1756 nobis
2357 1701 2530 1756 etiam
2551 1702 2600 1756 si
2625 1719 2735 1756 non
2761 1703 3136 1774 cogitentura
3154 1704 3341 1759 nobis.
3367 1704 3475 1759 Sed
3501 1708 3655 1760 certe

2007 1788 2055 1844 si
2085 1806 2151 1844 ea
2184 1789 2372 1845 dicere
2403 1789 2673 1861 velimus,
2707 1790 2821 1846 nisi
2856 1791 3107 1863 cogitata
3147 1809 3261 1848 non
3308 1809 3647 1863 possumus.

2001 1876 2146 1933 Nam
2163 1878 2455 1934 etsiverba
2471 1894 2582 1934 non
2609 1884 2841 1950 sonent,
2866 1880 2925 1934 in
2960 1881 3130 1936 corde
3155 1898 3261 1937 suo
3276 1882 3416 1937 dicit
3450 1883 3650 1954 utique

2004 1966 2101 2037 qui
2122 1966 2679 2038 cogitat.Undeillud
2697 1972 2785 2023 est
2803 1968 2859 2023 in
2877 1968 3022 2024 libro
3038 1970 3652 2042 Sapientiaa:Dixerunt

2004 2056 2155 2127 apud
2184 2071 2241 2110 se
2268 2057 2563 2127 cogitantes
2592 2072 2701 2113 non
2747 2065 2890 2113 recte
2936 2057 3088 2131 (Sap.
3142 2076 3203 2131 ιι,
3255 2060 3327 2132 1).
3372 2060 3653 2133 Exposuit

2001 2144 2155 2199 enim
2182 2144 2320 2215 quid
2352 2145 2448 2212 sit,
2473 2146 2747 2200 Dixerunt
2769 2146 2921 2217 apud
2938 2163 3015 2217 se,
3037 2164 3168 2203 cum
3201 2149 3449 2219 addidit,
3494 2166 3647 2222 cogi-

2000 2238 2201 2288 tantes.
2238 2233 2382 2288 Huic
2414 2232 2606 2289 simile
2635 2234 2812 2290 estin
2855 2235 3183 2309 Evangelio,
3229 2237 3380 2308 quod
3411 2240 3649 2309 quidam

1998 2322 2210 2377 Scriba:
2234 2338 2368 2377 cum
2393 2322 2699 2378 audissent
2729 2340 2764 2378 a
2792 2323 3038 2381 Domino
3056 2324 3276 2381 dictum
3301 2326 3642 2400 paralytico,

1999 2410 2238 2481 Con/ide,
2270 2411 2375 2481 ﬁli,
2411 2414 2778 2467 remittuntur
2811 2412 2913 2469 tibi
2958 2422 3181 2485 peccata
3222 2420 3345 2472 tua:
3382 2416 3646 2473 dixerunt

1996 2500 2139 2554 intra
2161 2516 2239 2565 se,
2264 2501 2360 2554 Hic
2381 2500 2736 2572 blasphemat.
2763 2501 2908 2566 Quid
2933 2507 3021 2558 est
3050 2502 3228 2574 enim,
3255 2504 3521 2560 dixerunt
3562 2507 3646 2562 in-

1995 2591 2081 2643 tra
2102 2604 2176 2654 se,
2202 2588 2314 2645 nisi
2347 2589 2703 2661 cogitando?
2751 2590 3011 2663 Denique
3060 2592 3344 2664 sequitur,
3396 2596 3460 2649 Et
3509 2613 3632 2651 cum

1992 2676 2214 2733 vidisset
2231 2678 2383 2733 Iesus
2410 2679 2765 2747 cogitationes
2784 2697 2998 2748 eorum,
3021 2681 3166 2737 dixit
3178 2700 3197 2736 :
3246 2684 3444 2755 thuid
3491 2686 3637 2756 cogi-

1992 2768 2121 2821 tatis
2143 2770 2289 2821 mata
2314 2768 2372 2821 in
2414 2767 2672 2823 cordibus
2698 2772 2893 2824 vestris
2942 2771 3152 2839 (Matth.
3204 2789 3279 2841 1x,
3326 2772 3496 2845 2-4)?
3545 2774 3639 2829 Sic

1991 2855 2315 2911 Matthteus.
2339 2856 2521 2911 Lucas
2543 2861 2735 2913 autem
2757 2858 2864 2914 hoc
2886 2857 3039 2914 idem
3066 2860 3145 2915 ita
3176 2866 3402 2918 narrat:
3450 2865 3635 2934 Crepe-

1987 2947 2375 3015 runtcogitare
2390 2945 2597 3001 Scriba
2617 2955 2667 3001 et
2687 2945 2987 3006 Phariszi.
3010 2949 3276 3006 dicentes:
3298 2951 3430 3018 Quis
3444 2958 3522 3006 est
3544 2954 3633 3009 hic

1986 3039 2083 3111 qui
2098 3036 2346 3108 loquitur
2360 3034 2755 3105 blasphemias?
2777 3036 2908 3104 Quis
2925 3040 3097 3108 potest
3115 3038 3392 3095 dimittere
3408 3046 3632 3112 peccata

1984 3128 2104 3183 nisi
2130 3126 2275 3182 solus
2294 3129 2438 3180 Deus
2453 3126 2476 3178 Ρ
2490 3125 2554 3181 Ut
2580 3127 2827 3195 cognovit
2840 3134 3023 3181 autem
3049 3129 3410 3198 cogitationes
3435 3150 3626 3191 eorum

1982 3220 2162 3286 Iesus,
2194 3213 2521 3286 respondens
2566 3213 2708 3269 dixit
2749 3213 2821 3269 ad
2867 3215 3029 3271 illos:
3080 3217 3222 3286 Quid
3266 3223 3529 3294 cogitatis
3569 3226 3631 3281 in

1985 3305 2239 3362 cordibus
2260 3304 2458 3358 vestris
2489 3303 2638 3375 (ch.
2666 3320 2718 3374 v,
2740 3304 2832 3371 21,
2872 3303 3004 3374 22)?
3040 3305 3218 3372 Quale
3265 3315 3354 3365 est
3390 3311 3447 3367 in
3480 3312 3631 3371 libro

1987 3393 2313 3466 Sapientiae,
2338 3394 2949 3461 Dixeruntcogitantes;
2968 3395 3082 3450 tale
3105 3395 3200 3451 hic
3224 3401 3331 3463 est,
3354 3402 3635 3471 Cogitque-

1990 3490 2119 3538 runt
2146 3483 2402 3538 dicentes.
2429 3482 2498 3536 Et
2514 3480 2632 3536 illic
2654 3481 2809 3536 enim
2832 3485 2889 3537 et
2910 3481 3005 3536 hic
3026 3485 3377 3553 ostenditur,
3396 3486 3551 3545 intra
3573 3505 3637 3547 se

1991 3571 2245 3644 atquein
2273 3570 2446 3625 corde
2467 3586 2573 3624 suo
2607 3569 2818 3636 dicere,
2852 3570 2907 3625 id
2940 3575 3048 3636 est,
3082 3571 3389 3644 cogitando
3423 3576 3635 3635 dicere.

1992 3661 2274 3716 Dixerunt
2294 3656 2509 3729 quippe
2540 3658 2696 3714 intra
2725 3674 2807 3729 sc,
2841 3662 2897 3713 et
2927 3658 3147 3715 dictum
3199 3666 3289 3717 est
3342 3663 3449 3733 eis,
3498 3666 3641 3734 Quid

1991 3747 2290 3821 cogitatis?
2313 3748 2381 3801 Et
2413 3746 2482 3803 de
2540 3746 2640 3801 illo
2697 3746 2873 3802 divite
2932 3748 3104 3820 cujus
3154 3750 3364 3808 uberes
3412 3753 3638 3812 fructus

1994 3854 2131 3910 ager
2156 3834 2371 3905 attulit,
2402 3835 2484 3891 ait
2515 3835 2640 3907 ipse
2673 3836 2974 3907 Dominus,
3011 3839 3072 3893 Et
3098 3841 3373 3909 cogitabat
3397 3843 3547 3898 intra
3562 3859 3636 3912 se,

1994 3926 2181 3983 dicens
2203 3925 2303 3998 (Id.
2338 3942 2440 3992 x11,
2476 3924 2584 3996 17).

2069 4016 2154 4071 18.
2188 4014 2462 4078 Quaedam
2513 4029 2649 4085 ergo
2698 4013 3078 4085 cogitationes
3129 4015 3451 4076 locutiones
3499 4025 3641 4078 sunt

1998 4104 2209 4173 cordis,
2246 4102 2345 4158 ubi
2385 4106 2441 4157 et
2468 4119 2532 4158 os
2562 4118 2689 4157 esse
2720 4101 3006 4159 Dominus
3037 4107 3310 4175 ostendit,
3344 4125 3478 4164 cum
3528 4110 3635 4167 ait:

1997 4194 2111 4251 Non
2142 4191 2282 4263 quod
2312 4192 2494 4247 intrat
2509 4193 2569 4245 in
2588 4206 2645 4245 os
2674 4192 2994 4263 coinquinat
3015 4192 3297 4250 hominem
3315 4213 3337 4258 ;
3378 4198 3468 4254 sed
3495 4200 3645 4270 quod

1994 4283 2238 4355 procedit
2249 4298 2319 4337 ea:
2338 4280 2557 4351 ore,hoc
2575 4282 3339 4353 coinquinathominem.Una
3352 4288 3643 4343 sententia

2002 4373 2117 4427 duo
2144 4370 2407 4440 quaedam
2431 4368 2688 4425 hominis
2707 4386 2808 4424 ora
2825 4368 3161 4442 complexus
3179 4377 3285 4441 est,
3313 4390 3494 4429 unum
3518 4392 3644 4431 cor-

2004 4458 2435 4533 poris,alterum
2461 4457 2823 4514 cordis.Nam
2850 4460 3052 4529 utique
3074 4460 3229 4516 unde
3251 4460 3647 4519 illihominem

2006 4552 2355 4622 putaverant
2384 4547 2703 4617 inquinari,
2738 4546 2795 4601 in
2842 4563 2904 4602 os
2938 4546 3116 4603 intrat
3162 4549 3461 4621 corporis:
3496 4554 3652 4610 unde

2006 4644 2200 4694 autem
2228 4636 2513 4691 Dominus
2535 4634 2680 4689 dixit
2700 4634 2997 4708 inquinari
3019 4636 3341 4706 hominem,
3368 4641 3436 4695 de
3460 4643 3653 4699 cordis

2007 4741 2104 4779 ore
2123 4722 2402 4795 procedit.
2431 4722 2515 4776 Ita
2538 4720 2751 4793 quippe
2774 4723 3043 4793 exposuit
3064 4723 3190 4796 ipse
3220 4728 3373 4797 quod
3407 4728 3652 4784 dixerat.

2007 4812 2152 4867 Nam
2186 4810 2359 4883 paulo
2384 4812 2514 4880 post
2534 4809 2604 4865 de
2636 4810 2743 4864 hac
2775 4826 2837 4864 re
2865 4810 3171 4883 discipulis
3203 4814 3367 4871 suis:
3402 4816 3658 4874 Adhucet

2012 4918 2119 4968 vos,
2153 4898 2365 4970 inquit,
2386 4900 2506 4953 sine
2526 4899 2807 4953 intellectu
2824 4901 2994 4955 estis?
3022 4901 3136 4956 Non
3170 4903 3481 4972 intelligitis
3526 4922 3657 4976 quia

2009 5005 2167 5046 omne
2187 4987 2325 5059 quod
2343 4989 2403 5042 in
2425 5003 2483 5043 os
2508 4988 2700 5053 intrat,
2726 4988 2785 5042 in
2811 4990 3052 5044 ventrem
3072 4990 3295 5059 vadit,et
3310 4993 3367 5045 in
3390 5008 3660 5048 secessum

2010 5079 2315 5134 emittitur?
2357 5075 2458 5131 Hic
2507 5081 2662 5131 certe
2721 5077 3091 5148 apertissime
3131 5079 3547 5135 demonstravit
3594 5097 3660 5138 os

2015 5164 2375 5238 corporis.At
2398 5164 2453 5220 in
2479 5165 2714 5235 ecquod
2739 5166 3006 5236 sequitur
3025 5182 3087 5221 os
3107 5167 3298 5223 cordis
3320 5171 3657 5226 ostendens.

2020 5257 2147 5324 Quae
2172 5263 2373 5319 autem,
2396 5255 2607 5326 inquit,
2631 5255 2931 5326 procedunt
2950 5254 3015 5309 de
3034 5270 3143 5321 ore,
3167 5255 3231 5311 de
3256 5255 3415 5312 corde
3436 5265 3659 5329 exeunt,

2016 5353 2069 5400 et
2089 5361 2151 5399 ea
2172 5344 2528 5414 coinquinant
2548 5344 2935 5400 hominem.De
2945 5343 3111 5398 corde
3129 5345 3274 5399 enim
3294 5351 3494 5401 exeunt
3522 5347 3667 5417 cogi-

2016 5435 2253 5490 tationes
2281 5432 2455 5490 malae
2487 5434 2692 5505 (Matth.
2717 5450 2812 5499 xv,
2854 5433 3055 5503 10-20),
3099 5436 3208 5488 etc.
3256 5434 3403 5500 Quid
3432 5434 3537 5491 hac
3569 5452 3664 5493 ex-

2018 5520 2617 5595 positionelucidius?
2636 5521 2749 5575 Nec
2773 5525 2966 5575 tamen
2988 5521 3125 5592 quia
3148 5521 3399 5578 dicimus
3431 5522 3672 5585 locutio-

2017 5627 2121 5666 nes
2152 5610 2345 5666 cordis
2375 5625 2501 5666 esse
2530 5607 2935 5681 cogitationes,
2968 5608 3099 5666 ideo
3131 5627 3246 5666 non
3297 5615 3437 5669 sunt
3487 5614 3671 5673 etiam

2016 5700 2274 5757 visiones
2298 5703 2504 5754 exortae
2531 5697 2600 5753 de
2626 5696 2846 5753 notitiae
2879 5696 3223 5768 visionibus,
3254 5702 3489 5772 quando
3524 5720 3670 5762 veras

2022 5792 2179 5847 sunt.
2208 5786 2369 5848 Foris
2394 5786 2549 5846 enim
2572 5803 2705 5845 cum
2727 5803 2830 5863 per
2851 5803 3063 5863 corpus
3083 5786 3205 5847 haec
3229 5788 3563 5863 tiunt,aliud
3587 5798 3677 5855 est
