  <div class='ocr_page' id='page_1' title='image "/cluster/home/n/w/nwhite01/storage/ocr_20150623/42/hvd.32044096580642/541.png"; bbox 0 0 4130 6194; ppageno 0'>
   <div class='ocr_carea' id='block_1_1' title="bbox 529 328 679 386">
    <p class='ocr_par' dir='ltr' id='par_1_1' title="bbox 529 328 679 386">
     <span class='ocr_line' id='line_1_1' title="bbox 529 328 679 386; baseline 0 -1"><span class='ocrx_word' id='word_1_1' title='bbox 529 328 679 386; x_wconf 80' lang='grc'>1071</span> 
     </span>
    </p>
   </div>
   <div class='ocr_carea' id='block_1_2' title="bbox 526 457 2178 529">
    <p class='ocr_par' dir='ltr' id='par_1_2' title="bbox 526 457 2178 529">
     <span class='ocr_line' id='line_1_2' title="bbox 526 457 2178 529; baseline -0.003 -15"><span class='ocrx_word' id='word_1_2' title='bbox 526 458 762 526; x_wconf 88' lang='lat' dir='ltr'><strong>locutio,</strong></span> <span class='ocrx_word' id='word_1_3' title='bbox 796 458 952 514; x_wconf 80' lang='lat' dir='ltr'><strong>aliud</strong></span> <span class='ocrx_word' id='word_1_4' title='bbox 985 459 1169 515; x_wconf 80' lang='lat' dir='ltr'><strong>visio:</strong></span> <span class='ocrx_word' id='word_1_5' title='bbox 1205 459 1362 514; x_wconf 75' lang='lat' dir='ltr'><strong>intus</strong></span> <span class='ocrx_word' id='word_1_6' title='bbox 1402 465 1599 514; x_wconf 82' lang='lat' dir='ltr'><strong>autem</strong></span> <span class='ocrx_word' id='word_1_7' title='bbox 1631 475 1765 512; x_wconf 86' lang='lat' dir='ltr'><strong>cum</strong></span> <span class='ocrx_word' id='word_1_8' title='bbox 1824 457 2178 529; x_wconf 61' lang='lat' dir='ltr'><strong>cogitainus,</strong></span> 
     </span>
    </p>
   </div>
   <div class='ocr_carea' id='block_1_3' title="bbox 531 545 2178 618">
    <p class='ocr_par' dir='ltr' id='par_1_3' title="bbox 531 545 2178 618">
     <span class='ocr_line' id='line_1_3' title="bbox 531 545 2178 618; baseline -0.002 -17"><span class='ocrx_word' id='word_1_9' title='bbox 531 551 848 618; x_wconf 90' lang='lat' dir='ltr'><strong>utrumque</strong></span> <span class='ocrx_word' id='word_1_10' title='bbox 871 564 1051 603; x_wconf 88' lang='lat' dir='ltr'><strong>unum</strong></span> <span class='ocrx_word' id='word_1_11' title='bbox 1067 552 1174 603; x_wconf 84' lang='lat' dir='ltr'><strong>est.</strong></span> <span class='ocrx_word' id='word_1_12' title='bbox 1209 545 1602 603; x_wconf 90' lang='lat' dir='ltr'><strong>Sicutauditio</strong></span> <span class='ocrx_word' id='word_1_13' title='bbox 1617 545 1832 602; x_wconf 87' lang='lat' dir='ltr'><strong>etvisio</strong></span> <span class='ocrx_word' id='word_1_14' title='bbox 1856 545 1998 615; x_wconf 70' lang='lat' dir='ltr'><strong>[duo</strong></span> <span class='ocrx_word' id='word_1_15' title='bbox 2021 561 2178 616; x_wconf 74' lang='lat' dir='ltr'><strong>quoe-</strong></span> 
     </span>
    </p>
   </div>
   <div class='ocr_carea' id='block_1_4' title="bbox 533 633 2177 706">
    <p class='ocr_par' dir='ltr' id='par_1_4' title="bbox 533 633 2177 706">
     <span class='ocr_line' id='line_1_4' title="bbox 533 633 2177 706; baseline -0.001 -16"><span class='ocrx_word' id='word_1_16' title='bbox 533 637 665 691; x_wconf 90' lang='lat' dir='ltr'><strong>dam</strong></span> <span class='ocrx_word' id='word_1_17' title='bbox 691 641 830 692; x_wconf 89' lang='lat' dir='ltr'><strong>sunt</strong></span> <span class='ocrx_word' id='word_1_18' title='bbox 856 636 1005 691; x_wconf 90' lang='lat' dir='ltr'><strong>inter</strong></span> <span class='ocrx_word' id='word_1_19' title='bbox 1030 653 1090 692; x_wconf 91' lang='lat' dir='ltr'><strong>se</strong></span> <span class='ocrx_word' id='word_1_20' title='bbox 1109 636 1383 692; x_wconf 87' lang='lat' dir='ltr'><strong>distantia</strong></span> <span class='ocrx_word' id='word_1_21' title='bbox 1407 637 1464 691; x_wconf 92' lang='lat' dir='ltr'><strong>in</strong></span> <span class='ocrx_word' id='word_1_22' title='bbox 1490 636 1764 691; x_wconf 89' lang='lat' dir='ltr'><strong>sensibus</strong></span> <span class='ocrx_word' id='word_1_23' title='bbox 1806 634 2086 706; x_wconf 82' lang='lat' dir='ltr'><strong>corporis,</strong></span> <span class='ocrx_word' id='word_1_24' title='bbox 2119 633 2177 688; x_wconf 90' lang='lat' dir='ltr'><strong>in</strong></span> 
     </span>
    </p>
   </div>
   <div class='ocr_carea' id='block_1_5' title="bbox 535 723 2179 796">
    <p class='ocr_par' dir='ltr' id='par_1_5' title="bbox 535 723 2179 796">
     <span class='ocr_line' id='line_1_5' title="bbox 535 723 2179 796; baseline -0.001 -17"><span class='ocrx_word' id='word_1_25' title='bbox 535 724 730 779; x_wconf 89' lang='lat' dir='ltr'><strong>animo</strong></span> <span class='ocrx_word' id='word_1_26' title='bbox 749 730 939 779; x_wconf 89' lang='lat' dir='ltr'><strong>autem</strong></span> <span class='ocrx_word' id='word_1_27' title='bbox 966 743 1078 780; x_wconf 89' lang='lat' dir='ltr'><strong>non</strong></span> <span class='ocrx_word' id='word_1_28' title='bbox 1103 731 1191 780; x_wconf 88' lang='lat' dir='ltr'><strong>est</strong></span> <span class='ocrx_word' id='word_1_29' title='bbox 1215 725 1372 780; x_wconf 87' lang='lat' dir='ltr'><strong>aliud</strong></span> <span class='ocrx_word' id='word_1_30' title='bbox 1400 730 1572 796; x_wconf 89' lang='lat' dir='ltr'><strong>atque</strong></span> <span class='ocrx_word' id='word_1_31' title='bbox 1595 724 1751 779; x_wconf 80' lang='lat' dir='ltr'><strong>aliud</strong></span> <span class='ocrx_word' id='word_1_32' title='bbox 1777 723 1967 778; x_wconf 87' lang='lat' dir='ltr'><strong>videre</strong></span> <span class='ocrx_word' id='word_1_33' title='bbox 1986 728 2040 777; x_wconf 91' lang='lat' dir='ltr'><strong>et</strong></span> <span class='ocrx_word' id='word_1_34' title='bbox 2076 739 2179 778; x_wconf 90' lang='lat' dir='ltr'><strong>au-</strong></span> 
     </span>
    </p>
   </div>
   <div class='ocr_carea' id='block_1_6' title="bbox 539 811 2178 884">
    <p class='ocr_par' dir='ltr' id='par_1_6' title="bbox 539 811 2178 884">
     <span class='ocr_line' id='line_1_6' title="bbox 539 811 2178 884; baseline 0 -18"><span class='ocrx_word' id='word_1_35' title='bbox 539 811 688 866; x_wconf 90' lang='lat' dir='ltr'><strong>dire:</strong></span> <span class='ocrx_word' id='word_1_36' title='bbox 716 829 779 868; x_wconf 89' lang='lat' dir='ltr'><strong>ac</strong></span> <span class='ocrx_word' id='word_1_37' title='bbox 804 830 902 884; x_wconf 90' lang='lat' dir='ltr'><strong>per</strong></span> <span class='ocrx_word' id='word_1_38' title='bbox 923 813 1030 867; x_wconf 92' lang='lat' dir='ltr'><strong>hoc</strong></span> <span class='ocrx_word' id='word_1_39' title='bbox 1054 831 1185 867; x_wconf 89' lang='lat' dir='ltr'><strong>cum</strong></span> <span class='ocrx_word' id='word_1_40' title='bbox 1206 813 1420 869; x_wconf 85' lang='lat' dir='ltr'><strong>locutio</strong></span> <span class='ocrx_word' id='word_1_41' title='bbox 1447 813 1588 868; x_wconf 87' lang='lat' dir='ltr'><strong>foris</strong></span> <span class='ocrx_word' id='word_1_42' title='bbox 1614 829 1726 868; x_wconf 91' lang='lat' dir='ltr'><strong>non</strong></span> <span class='ocrx_word' id='word_1_43' title='bbox 1751 811 2035 880; x_wconf 90' lang='lat' dir='ltr'><strong>videatur,</strong></span> <span class='ocrx_word' id='word_1_44' title='bbox 2079 811 2178 866; x_wconf 90' lang='lat' dir='ltr'><strong>sed</strong></span> 
     </span>
    </p>
   </div>
   <div class='ocr_carea' id='block_1_7' title="bbox 540 899 2177 972">
    <p class='ocr_par' dir='ltr' id='par_1_7' title="bbox 540 899 2177 972">
     <span class='ocr_line' id='line_1_7' title="bbox 540 899 2177 972; baseline -0.002 -17"><span class='ocrx_word' id='word_1_45' title='bbox 540 899 734 972; x_wconf 81' lang='lat' dir='ltr'><strong>potius</strong></span> <span class='ocrx_word' id='word_1_46' title='bbox 749 900 1367 971; x_wconf 85' lang='lat' dir='ltr'><strong>audiatur,locutiones</strong></span> <span class='ocrx_word' id='word_1_47' title='bbox 1382 906 1578 958; x_wconf 87' lang='lat' dir='ltr'><strong>tamen</strong></span> <span class='ocrx_word' id='word_1_48' title='bbox 1601 901 1926 968; x_wconf 88' lang='lat' dir='ltr'><strong>interiores,</strong></span> <span class='ocrx_word' id='word_1_49' title='bbox 1950 900 2058 955; x_wconf 91' lang='lat' dir='ltr'><strong>hoc</strong></span> <span class='ocrx_word' id='word_1_50' title='bbox 2071 903 2177 967; x_wconf 92' lang='lat' dir='ltr'><strong>est,</strong></span> 
     </span>
    </p>
   </div>
   <div class='ocr_carea' id='block_1_8' title="bbox 541 988 2180 1059">
    <p class='ocr_par' dir='ltr' id='par_1_8' title="bbox 541 988 2180 1059">
     <span class='ocr_line' id='line_1_8' title="bbox 541 988 2180 1059; baseline -0.001 -16"><span class='ocrx_word' id='word_1_51' title='bbox 541 988 920 1058; x_wconf 79' lang='lat' dir='ltr'><strong>cogitationes</strong></span> <span class='ocrx_word' id='word_1_52' title='bbox 951 989 1104 1046; x_wconf 85' lang='lat' dir='ltr'><strong>visas</strong></span> <span class='ocrx_word' id='word_1_53' title='bbox 1127 990 1270 1045; x_wconf 80' lang='lat' dir='ltr'><strong>dixit</strong></span> <span class='ocrx_word' id='word_1_54' title='bbox 1300 1008 1331 1045; x_wconf 90' lang='lat' dir='ltr'><strong>a</strong></span> <span class='ocrx_word' id='word_1_55' title='bbox 1363 991 1608 1046; x_wconf 91' lang='lat' dir='ltr'><strong>Domino</strong></span> <span class='ocrx_word' id='word_1_56' title='bbox 1633 994 1899 1046; x_wconf 88' lang='lat' dir='ltr'><strong>sanctum</strong></span> <span class='ocrx_word' id='word_1_57' title='bbox 1924 989 2180 1059; x_wconf 87' lang='lat' dir='ltr'><strong>Evange—</strong></span> 
     </span>
    </p>
   </div>
   <div class='ocr_carea' id='block_1_9' title="bbox 539 1075 2185 1150">
    <p class='ocr_par' dir='ltr' id='par_1_9' title="bbox 539 1075 2185 1150">
     <span class='ocr_line' id='line_1_9' title="bbox 539 1075 2185 1150; baseline 0 -20"><span class='ocrx_word' id='word_1_58' title='bbox 539 1075 709 1144; x_wconf 89' lang='lat' dir='ltr'><strong>lium,</strong></span> <span class='ocrx_word' id='word_1_59' title='bbox 743 1094 858 1132; x_wconf 88' lang='lat' dir='ltr'><strong>non</strong></span> <span class='ocrx_word' id='word_1_60' title='bbox 892 1079 1158 1134; x_wconf 89' lang='lat' dir='ltr'><strong>auditas:</strong></span> <span class='ocrx_word' id='word_1_61' title='bbox 1196 1079 1480 1147; x_wconf 64' lang='lat' dir='ltr'><strong>Dixerunt,</strong></span> <span class='ocrx_word' id='word_1_62' title='bbox 1516 1077 1724 1150; x_wconf 84' lang='lat' dir='ltr'><strong>inquit,</strong></span> <span class='ocrx_word' id='word_1_63' title='bbox 1761 1079 1910 1134; x_wconf 85' lang='lat' dir='ltr'><strong>intra</strong></span> <span class='ocrx_word' id='word_1_64' title='bbox 1963 1094 2038 1145; x_wconf 90' lang='lat' dir='ltr'><strong>se,</strong></span> <span class='ocrx_word' id='word_1_65' title='bbox 2089 1077 2185 1130; x_wconf 90' lang='lat' dir='ltr'><strong>Hic</strong></span> 
     </span>
    </p>
   </div>
   <div class='ocr_carea' id='block_1_10' title="bbox 543 1166 2184 1238">
    <p class='ocr_par' dir='ltr' id='par_1_10' title="bbox 543 1166 2184 1238">
     <span class='ocr_line' id='line_1_10' title="bbox 543 1166 2184 1238; baseline -0.001 -18"><span class='ocrx_word' id='word_1_66' title='bbox 543 1166 908 1237; x_wconf 78' lang='lat' dir='ltr'><strong>blasphemat:</strong></span> <span class='ocrx_word' id='word_1_67' title='bbox 941 1167 1150 1222; x_wconf 90' lang='lat' dir='ltr'><strong>deinde</strong></span> <span class='ocrx_word' id='word_1_68' title='bbox 1181 1167 1516 1238; x_wconf 74' lang='lat' dir='ltr'><strong>subjunxit:</strong></span> <span class='ocrx_word' id='word_1_69' title='bbox 1552 1169 1615 1222; x_wconf 89' lang='lat' dir='ltr'><strong>Et</strong></span> <span class='ocrx_word' id='word_1_70' title='bbox 1637 1185 1760 1221; x_wconf 82' lang='lat' dir='ltr'><strong>cum</strong></span> <span class='ocrx_word' id='word_1_71' title='bbox 1787 1167 2005 1222; x_wconf 84' lang='lat' dir='ltr'><strong>vidisset</strong></span> <span class='ocrx_word' id='word_1_72' title='bbox 2029 1167 2184 1222; x_wconf 85' lang='lat' dir='ltr'><strong>Jesus</strong></span> 
     </span>
    </p>
   </div>
   <div class='ocr_carea' id='block_1_11' title="bbox 539 1253 2188 1328">
    <p class='ocr_par' dir='ltr' id='par_1_11' title="bbox 539 1253 2188 1328">
     <span class='ocr_line' id='line_1_11' title="bbox 539 1253 2188 1328; baseline 0 -19"><span class='ocrx_word' id='word_1_73' title='bbox 539 1254 892 1326; x_wconf 72' lang='lat' dir='ltr'><strong>cogitationes</strong></span> <span class='ocrx_word' id='word_1_74' title='bbox 923 1273 1128 1312; x_wconf 88' lang='lat' dir='ltr'><strong>eorum.</strong></span> <span class='ocrx_word' id='word_1_75' title='bbox 1165 1257 1319 1310; x_wconf 83' lang='lat' dir='ltr'><strong>Vidit</strong></span> <span class='ocrx_word' id='word_1_76' title='bbox 1349 1272 1485 1328; x_wconf 88' lang='lat' dir='ltr'><strong>ergo</strong></span> <span class='ocrx_word' id='word_1_77' title='bbox 1528 1274 1652 1327; x_wconf 65' lang='lat' dir='ltr'><strong>quae</strong></span> <span class='ocrx_word' id='word_1_78' title='bbox 1695 1256 1985 1312; x_wconf 82' lang='lat' dir='ltr'><strong>dixerunt.</strong></span> <span class='ocrx_word' id='word_1_79' title='bbox 2038 1253 2188 1311; x_wconf 83' lang='lat' dir='ltr'><strong>Vidit</strong></span> 
     </span>
    </p>
   </div>
   <div class='ocr_carea' id='block_1_12' title="bbox 539 1341 2184 1416">
    <p class='ocr_par' dir='ltr' id='par_1_12' title="bbox 539 1341 2184 1416">
     <span class='ocr_line' id='line_1_12' title="bbox 539 1341 2184 1416; baseline -0.001 -18"><span class='ocrx_word' id='word_1_80' title='bbox 539 1344 695 1398; x_wconf 91' lang='lat' dir='ltr'><strong>enim</strong></span> <span class='ocrx_word' id='word_1_81' title='bbox 728 1345 1076 1416; x_wconf 83' lang='lat' dir='ltr'><strong>cogitatione</strong></span> <span class='ocrx_word' id='word_1_82' title='bbox 1108 1362 1214 1400; x_wconf 89' lang='lat' dir='ltr'><strong>sua</strong></span> <span class='ocrx_word' id='word_1_83' title='bbox 1245 1344 1626 1415; x_wconf 79' lang='lat' dir='ltr'><strong>cogitationes</strong></span> <span class='ocrx_word' id='word_1_84' title='bbox 1658 1361 1881 1415; x_wconf 88' lang='lat' dir='ltr'><strong>eorum,</strong></span> <span class='ocrx_word' id='word_1_85' title='bbox 1916 1360 2063 1416; x_wconf 89' lang='lat' dir='ltr'><strong>quas</strong></span> <span class='ocrx_word' id='word_1_86' title='bbox 2102 1341 2184 1397; x_wconf 90' lang='lat' dir='ltr'>illi</span> 
     </span>
    </p>
   </div>
   <div class='ocr_carea' id='block_1_13' title="bbox 542 1431 1301 1504">
    <p class='ocr_par' dir='ltr' id='par_1_13' title="bbox 542 1431 1301 1504">
     <span class='ocr_line' id='line_1_13' title="bbox 542 1431 1301 1504; baseline -0.003 -16"><span class='ocrx_word' id='word_1_87' title='bbox 542 1431 650 1489; x_wconf 93' lang='lat' dir='ltr'><strong>soli</strong></span> <span class='ocrx_word' id='word_1_88' title='bbox 682 1449 744 1488; x_wconf 91' lang='lat' dir='ltr'><strong>se</strong></span> <span class='ocrx_word' id='word_1_89' title='bbox 775 1433 1060 1504; x_wconf 85' lang='lat' dir='ltr'><strong>putabant</strong></span> <span class='ocrx_word' id='word_1_90' title='bbox 1089 1432 1301 1489; x_wconf 85' lang='lat' dir='ltr'><strong>videre.</strong></span> 
     </span>
    </p>
   </div>
   <div class='ocr_carea' id='block_1_14' title="bbox 611 1520 2186 1594">
    <p class='ocr_par' dir='ltr' id='par_1_14' title="bbox 611 1520 2186 1594">
     <span class='ocr_line' id='line_1_14' title="bbox 611 1520 2186 1594; baseline 0.001 -20"><span class='ocrx_word' id='word_1_91' title='bbox 611 1521 700 1575; x_wconf 82' lang='grc'><strong>49.</strong></span> <span class='ocrx_word' id='word_1_92' title='bbox 727 1521 1003 1592; x_wconf 82' lang='lat' dir='ltr'><strong>Quisquis</strong></span> <span class='ocrx_word' id='word_1_93' title='bbox 1027 1520 1204 1594; x_wconf 82' lang='lat' dir='ltr'><strong>igitur</strong></span> <span class='ocrx_word' id='word_1_94' title='bbox 1226 1526 1418 1593; x_wconf 85' lang='lat' dir='ltr'><strong>potest</strong></span> <span class='ocrx_word' id='word_1_95' title='bbox 1441 1522 1763 1594; x_wconf 83' lang='lat' dir='ltr'><strong>intelligere</strong></span> <span class='ocrx_word' id='word_1_96' title='bbox 1784 1522 2046 1591; x_wconf 90' lang='lat' dir='ltr'><strong>verbum,</strong></span> <span class='ocrx_word' id='word_1_97' title='bbox 2073 1537 2186 1575; x_wconf 91' lang='lat' dir='ltr'><strong>non</strong></span> 
     </span>
    </p>
   </div>
   <div class='ocr_carea' id='block_1_15' title="bbox 544 1609 2187 1682">
    <p class='ocr_par' dir='ltr' id='par_1_15' title="bbox 544 1609 2187 1682">
     <span class='ocr_line' id='line_1_15' title="bbox 544 1609 2187 1682; baseline -0.001 -17"><span class='ocrx_word' id='word_1_98' title='bbox 544 1609 734 1666; x_wconf 90' lang='lat' dir='ltr'><strong>solum</strong></span> <span class='ocrx_word' id='word_1_99' title='bbox 754 1615 1067 1682; x_wconf 84' lang='lat' dir='ltr'><strong>antequam</strong></span> <span class='ocrx_word' id='word_1_100' title='bbox 1084 1615 1475 1681; x_wconf 85' lang='lat' dir='ltr'><strong>sonet,verum</strong></span> <span class='ocrx_word' id='word_1_101' title='bbox 1491 1611 1665 1667; x_wconf 90' lang='lat' dir='ltr'><strong>etiam</strong></span> <span class='ocrx_word' id='word_1_102' title='bbox 1681 1614 1998 1682; x_wconf 87' lang='lat' dir='ltr'><strong>antequam</strong></span> <span class='ocrx_word' id='word_1_103' title='bbox 2017 1625 2187 1666; x_wconf 86' lang='lat' dir='ltr'><strong>sono-</strong></span> 
     </span>
    </p>
   </div>
   <div class='ocr_carea' id='block_1_16' title="bbox 545 1697 2188 1771">
    <p class='ocr_par' dir='ltr' id='par_1_16' title="bbox 545 1697 2188 1771">
     <span class='ocr_line' id='line_1_16' title="bbox 545 1697 2188 1771; baseline -0.001 -17"><span class='ocrx_word' id='word_1_104' title='bbox 545 1716 675 1754; x_wconf 92' lang='lat' dir='ltr'><strong>rum</strong></span> <span class='ocrx_word' id='word_1_105' title='bbox 701 1699 828 1769; x_wconf 88' lang='lat' dir='ltr'><strong>ejus</strong></span> <span class='ocrx_word' id='word_1_106' title='bbox 852 1699 1140 1770; x_wconf 84' lang='lat' dir='ltr'><strong>imagines</strong></span> <span class='ocrx_word' id='word_1_107' title='bbox 1161 1699 1507 1771; x_wconf 87' lang='lat' dir='ltr'><strong>cogitatione</strong></span> <span class='ocrx_word' id='word_1_108' title='bbox 1537 1698 1876 1754; x_wconf 86' lang='lat' dir='ltr'><strong>volvantur:</strong></span> <span class='ocrx_word' id='word_1_109' title='bbox 1903 1699 2012 1755; x_wconf 90' lang='lat' dir='ltr'><strong>hoc</strong></span> <span class='ocrx_word' id='word_1_110' title='bbox 2032 1697 2188 1754; x_wconf 92' lang='lat' dir='ltr'><strong>enim</strong></span> 
     </span>
    </p>
   </div>
   <div class='ocr_carea' id='block_1_17' title="bbox 546 1785 2192 1860">
    <p class='ocr_par' dir='ltr' id='par_1_17' title="bbox 546 1785 2192 1860">
     <span class='ocr_line' id='line_1_17' title="bbox 546 1785 2192 1860; baseline -0.001 -16"><span class='ocrx_word' id='word_1_111' title='bbox 546 1791 635 1844; x_wconf 89' lang='lat' dir='ltr'><strong>est</strong></span> <span class='ocrx_word' id='word_1_112' title='bbox 657 1788 811 1859; x_wconf 89' lang='lat' dir='ltr'><strong>quod</strong></span> <span class='ocrx_word' id='word_1_113' title='bbox 835 1788 905 1842; x_wconf 91' lang='lat' dir='ltr'><strong>ad</strong></span> <span class='ocrx_word' id='word_1_114' title='bbox 932 1786 1150 1842; x_wconf 88' lang='lat' dir='ltr'><strong>nullam</strong></span> <span class='ocrx_word' id='word_1_115' title='bbox 1176 1788 1426 1859; x_wconf 79' lang='lat' dir='ltr'><strong>pertinet</strong></span> <span class='ocrx_word' id='word_1_116' title='bbox 1449 1785 1945 1860; x_wconf 90' lang='lat' dir='ltr'><strong>linguam,earum</strong></span> <span class='ocrx_word' id='word_1_117' title='bbox 1969 1787 2192 1843; x_wconf 85' lang='lat' dir='ltr'><strong>scilicet</strong></span> 
     </span>
    </p>
   </div>
   <div class='ocr_carea' id='block_1_18' title="bbox 548 1876 2192 1950">
    <p class='ocr_par' dir='ltr' id='par_1_18' title="bbox 548 1876 2192 1950">
     <span class='ocr_line' id='line_1_18' title="bbox 548 1876 2192 1950; baseline -0.001 -19"><span class='ocrx_word' id='word_1_118' title='bbox 548 1893 678 1948; x_wconf 73' lang='lat' dir='ltr'><strong>qua:</strong></span> <span class='ocrx_word' id='word_1_119' title='bbox 709 1876 922 1949; x_wconf 68' lang='lat' dir='ltr'><strong>linguae</strong></span> <span class='ocrx_word' id='word_1_120' title='bbox 953 1876 1318 1948; x_wconf 87' lang='lat' dir='ltr'><strong>appellantur</strong></span> <span class='ocrx_word' id='word_1_121' title='bbox 1360 1878 1646 1948; x_wconf 83' lang='lat' dir='ltr'><strong>gentium,</strong></span> <span class='ocrx_word' id='word_1_122' title='bbox 1701 1895 1951 1950; x_wconf 86' lang='lat' dir='ltr'><strong>quarum</strong></span> <span class='ocrx_word' id='word_1_123' title='bbox 1993 1880 2192 1932; x_wconf 89' lang='lat' dir='ltr'><strong>nostra</strong></span> 
     </span>
    </p>
   </div>
   <div class='ocr_carea' id='block_1_19' title="bbox 546 1963 2186 2040">
    <p class='ocr_par' dir='ltr' id='par_1_19' title="bbox 546 1963 2186 2040">
     <span class='ocr_line' id='line_1_19' title="bbox 546 1963 2186 2040; baseline 0 -20"><span class='ocrx_word' id='word_1_124' title='bbox 546 1963 727 2021; x_wconf 88' lang='lat' dir='ltr'><strong>latina</strong></span> <span class='ocrx_word' id='word_1_125' title='bbox 743 1972 827 2021; x_wconf 89' lang='lat' dir='ltr'><strong>ost</strong></span> <span class='ocrx_word' id='word_1_126' title='bbox 852 1981 863 2020; x_wconf 92' lang='lat'><strong>:</strong></span> <span class='ocrx_word' id='word_1_127' title='bbox 890 1965 1180 2036; x_wconf 84' lang='lat' dir='ltr'><strong>quisquis,</strong></span> <span class='ocrx_word' id='word_1_128' title='bbox 1203 1965 1467 2037; x_wconf 84' lang='lat' dir='ltr'><strong>inquam,</strong></span> <span class='ocrx_word' id='word_1_129' title='bbox 1492 1965 1599 2022; x_wconf 90' lang='lat' dir='ltr'><strong>hoc</strong></span> <span class='ocrx_word' id='word_1_130' title='bbox 1624 1966 1948 2040; x_wconf 81' lang='lat' dir='ltr'><strong>intelligere</strong></span> <span class='ocrx_word' id='word_1_131' title='bbox 1978 1969 2186 2039; x_wconf 87' lang='lat' dir='ltr'><strong>potest,</strong></span> 
     </span>
    </p>
   </div>
   <div class='ocr_carea' id='block_1_20' title="bbox 539 2053 2193 2127">
    <p class='ocr_par' dir='ltr' id='par_1_20' title="bbox 539 2053 2193 2127">
     <span class='ocr_line' id='line_1_20' title="bbox 539 2053 2193 2127; baseline 0 -19"><span class='ocrx_word' id='word_1_132' title='bbox 539 2054 661 2124; x_wconf 88' lang='lat' dir='ltr'><strong>jam</strong></span> <span class='ocrx_word' id='word_1_133' title='bbox 678 2057 867 2125; x_wconf 87' lang='lat' dir='ltr'><strong>potest</strong></span> <span class='ocrx_word' id='word_1_134' title='bbox 887 2054 1080 2110; x_wconf 88' lang='lat' dir='ltr'><strong>videre</strong></span> <span class='ocrx_word' id='word_1_135' title='bbox 1093 2071 1195 2126; x_wconf 92' lang='lat' dir='ltr'><strong>per</strong></span> <span class='ocrx_word' id='word_1_136' title='bbox 1215 2053 1322 2110; x_wconf 89' lang='lat' dir='ltr'><strong>hoc</strong></span> <span class='ocrx_word' id='word_1_137' title='bbox 1344 2055 1648 2127; x_wconf 86' lang='lat' dir='ltr'><strong>speculum</strong></span> <span class='ocrx_word' id='word_1_138' title='bbox 1664 2055 1910 2127; x_wconf 86' lang='lat' dir='ltr'><strong>atquein</strong></span> <span class='ocrx_word' id='word_1_139' title='bbox 1926 2055 2035 2111; x_wconf 92' lang='lat' dir='ltr'><strong>hoc</strong></span> <span class='ocrx_word' id='word_1_140' title='bbox 2060 2053 2193 2110; x_wconf 67' lang='lat' dir='ltr'><strong>uani-</strong></span> 
     </span>
    </p>
   </div>
   <div class='ocr_carea' id='block_1_21' title="bbox 545 2141 2189 2216">
    <p class='ocr_par' dir='ltr' id='par_1_21' title="bbox 545 2141 2189 2216">
     <span class='ocr_line' id='line_1_21' title="bbox 545 2141 2189 2216; baseline 0.001 -20"><span class='ocrx_word' id='word_1_141' title='bbox 545 2147 740 2215; x_wconf 90' lang='lat' dir='ltr'><strong>gmate</strong></span> <span class='ocrx_word' id='word_1_142' title='bbox 755 2141 1010 2214; x_wconf 87' lang='lat' dir='ltr'><strong>aliquam</strong></span> <span class='ocrx_word' id='word_1_143' title='bbox 1033 2143 1380 2200; x_wconf 88' lang='lat' dir='ltr'><strong>Verbiillius</strong></span> <span class='ocrx_word' id='word_1_144' title='bbox 1402 2144 1948 2210; x_wconf 87' lang='lat' dir='ltr'><strong>similitudincm,de</strong></span> <span class='ocrx_word' id='word_1_145' title='bbox 1970 2162 2085 2216; x_wconf 90' lang='lat' dir='ltr'><strong>quo</strong></span> <span class='ocrx_word' id='word_1_146' title='bbox 2101 2144 2189 2198; x_wconf 91' lang='lat' dir='ltr'><strong>di-</strong></span> 
     </span>
    </p>
   </div>
   <div class='ocr_carea' id='block_1_22' title="bbox 545 2233 2191 2304">
    <p class='ocr_par' dir='ltr' id='par_1_22' title="bbox 545 2233 2191 2304">
     <span class='ocr_line' id='line_1_22' title="bbox 545 2233 2191 2304; baseline -0.001 -16"><span class='ocrx_word' id='word_1_147' title='bbox 545 2235 702 2288; x_wconf 86' lang='lat' dir='ltr'><strong>ctum</strong></span> <span class='ocrx_word' id='word_1_148' title='bbox 736 2235 844 2300; x_wconf 89' lang='lat' dir='ltr'><strong>est,</strong></span> <span class='ocrx_word' id='word_1_149' title='bbox 877 2233 934 2286; x_wconf 89' lang='lat' dir='ltr'><strong>In</strong></span> <span class='ocrx_word' id='word_1_150' title='bbox 966 2234 1249 2304; x_wconf 83' lang='lat' dir='ltr'><strong>principio</strong></span> <span class='ocrx_word' id='word_1_151' title='bbox 1278 2238 1402 2289; x_wconf 88' lang='lat' dir='ltr'><strong>erat</strong></span> <span class='ocrx_word' id='word_1_152' title='bbox 1437 2234 1683 2303; x_wconf 88' lang='lat' dir='ltr'><strong>Verbum,</strong></span> <span class='ocrx_word' id='word_1_153' title='bbox 1714 2238 1763 2288; x_wconf 90' lang='lat' dir='ltr'><strong>el</strong></span> <span class='ocrx_word' id='word_1_154' title='bbox 1798 2233 2026 2290; x_wconf 88' lang='lat' dir='ltr'><strong>Verbum</strong></span> <span class='ocrx_word' id='word_1_155' title='bbox 2075 2240 2191 2288; x_wconf 89' lang='lat' dir='ltr'><strong>erat</strong></span> 
     </span>
    </p>
   </div>
   <div class='ocr_carea' id='block_1_23' title="bbox 543 2320 2191 2394">
    <p class='ocr_par' dir='ltr' id='par_1_23' title="bbox 543 2320 2191 2394">
     <span class='ocr_line' id='line_1_23' title="bbox 543 2320 2191 2394; baseline 0.001 -19"><span class='ocrx_word' id='word_1_156' title='bbox 543 2320 688 2392; x_wconf 86' lang='lat' dir='ltr'><strong>apud</strong></span> <span class='ocrx_word' id='word_1_157' title='bbox 713 2321 904 2389; x_wconf 87' lang='lat' dir='ltr'><strong>Deum,</strong></span> <span class='ocrx_word' id='word_1_158' title='bbox 931 2325 981 2377; x_wconf 88' lang='lat' dir='ltr'><strong>et</strong></span> <span class='ocrx_word' id='word_1_159' title='bbox 997 2322 1137 2377; x_wconf 89' lang='lat' dir='ltr'><strong>Deus</strong></span> <span class='ocrx_word' id='word_1_160' title='bbox 1157 2326 1274 2377; x_wconf 83' lang='lat' dir='ltr'><strong>erat</strong></span> <span class='ocrx_word' id='word_1_161' title='bbox 1303 2322 1538 2378; x_wconf 77' lang='lat' dir='ltr'><strong>Verbum</strong></span> <span class='ocrx_word' id='word_1_162' title='bbox 1562 2324 1738 2394; x_wconf 87' lang='lat' dir='ltr'><strong>(Joan.</strong></span> <span class='ocrx_word' id='word_1_163' title='bbox 1763 2340 1803 2394; x_wconf 94' lang='lat'><strong>1,</strong></span> <span class='ocrx_word' id='word_1_164' title='bbox 1823 2323 1896 2394; x_wconf 82' lang='lat' dir='ltr'><strong>l).</strong></span> <span class='ocrx_word' id='word_1_165' title='bbox 1943 2323 2191 2378; x_wconf 88' lang='lat' dir='ltr'><strong>Necesse</strong></span> 
     </span>
    </p>
   </div>
   <div class='ocr_carea' id='block_1_24' title="bbox 545 2409 2191 2483">
    <p class='ocr_par' dir='ltr' id='par_1_24' title="bbox 545 2409 2191 2483">
     <span class='ocr_line' id='line_1_24' title="bbox 545 2409 2191 2483; baseline 0.001 -19"><span class='ocrx_word' id='word_1_166' title='bbox 545 2413 635 2464; x_wconf 88' lang='lat' dir='ltr'><strong>est</strong></span> <span class='ocrx_word' id='word_1_167' title='bbox 655 2409 811 2466; x_wconf 88' lang='lat' dir='ltr'><strong>enim</strong></span> <span class='ocrx_word' id='word_1_168' title='bbox 833 2425 966 2464; x_wconf 91' lang='lat' dir='ltr'><strong>cum</strong></span> <span class='ocrx_word' id='word_1_169' title='bbox 992 2426 1190 2464; x_wconf 89' lang='lat' dir='ltr'><strong>verum</strong></span> <span class='ocrx_word' id='word_1_170' title='bbox 1219 2409 1538 2482; x_wconf 83' lang='lat' dir='ltr'><strong>loquimur,</strong></span> <span class='ocrx_word' id='word_1_171' title='bbox 1571 2411 1629 2466; x_wconf 92' lang='lat' dir='ltr'><strong>id</strong></span> <span class='ocrx_word' id='word_1_172' title='bbox 1662 2417 1769 2482; x_wconf 91' lang='lat' dir='ltr'><strong>est,</strong></span> <span class='ocrx_word' id='word_1_173' title='bbox 1796 2411 1951 2483; x_wconf 91' lang='lat' dir='ltr'><strong>quod</strong></span> <span class='ocrx_word' id='word_1_174' title='bbox 1971 2410 2191 2466; x_wconf 87' lang='lat' dir='ltr'><strong>scimus</strong></span> 
     </span>
    </p>
   </div>
   <div class='ocr_carea' id='block_1_25' title="bbox 547 2497 2189 2571">
    <p class='ocr_par' dir='ltr' id='par_1_25' title="bbox 547 2497 2189 2571">
     <span class='ocr_line' id='line_1_25' title="bbox 547 2497 2189 2571; baseline 0.001 -18"><span class='ocrx_word' id='word_1_175' title='bbox 547 2497 865 2570; x_wconf 87' lang='lat' dir='ltr'><strong>loquimur,</strong></span> <span class='ocrx_word' id='word_1_176' title='bbox 899 2515 967 2553; x_wconf 87' lang='lat' dir='ltr'><strong>ex</strong></span> <span class='ocrx_word' id='word_1_177' title='bbox 991 2498 1117 2570; x_wconf 91' lang='lat' dir='ltr'><strong>ipsa</strong></span> <span class='ocrx_word' id='word_1_178' title='bbox 1137 2498 1378 2554; x_wconf 89' lang='lat' dir='ltr'><strong>scientia</strong></span> <span class='ocrx_word' id='word_1_179' title='bbox 1396 2517 1571 2571; x_wconf 87' lang='lat' dir='ltr'><strong>quam</strong></span> <span class='ocrx_word' id='word_1_180' title='bbox 1589 2499 1871 2555; x_wconf 89' lang='lat' dir='ltr'><strong>memoria</strong></span> <span class='ocrx_word' id='word_1_181' title='bbox 1903 2505 2189 2567; x_wconf 88' lang='lat' dir='ltr'><strong>tenemus,</strong></span> 
     </span>
    </p>
   </div>
   <div class='ocr_carea' id='block_1_26' title="bbox 547 2588 2192 2659">
    <p class='ocr_par' dir='ltr' id='par_1_26' title="bbox 547 2588 2192 2659">
     <span class='ocr_line' id='line_1_26' title="bbox 547 2588 2192 2659; baseline 0.001 -17"><span class='ocrx_word' id='word_1_182' title='bbox 547 2590 824 2642; x_wconf 83' lang='lat' dir='ltr'><strong>nascatur</strong></span> <span class='ocrx_word' id='word_1_183' title='bbox 844 2588 1080 2642; x_wconf 87' lang='lat' dir='ltr'><strong>verbum</strong></span> <span class='ocrx_word' id='word_1_184' title='bbox 1106 2588 1256 2659; x_wconf 91' lang='lat' dir='ltr'><strong>quod</strong></span> <span class='ocrx_word' id='word_1_185' title='bbox 1282 2589 1569 2658; x_wconf 87' lang='lat' dir='ltr'><strong>ejusmodi</strong></span> <span class='ocrx_word' id='word_1_186' title='bbox 1592 2589 1668 2644; x_wconf 91' lang='lat' dir='ltr'><strong>sit</strong></span> <span class='ocrx_word' id='word_1_187' title='bbox 1702 2589 1961 2657; x_wconf 88' lang='lat' dir='ltr'><strong>omnino,</strong></span> <span class='ocrx_word' id='word_1_188' title='bbox 1995 2589 2192 2658; x_wconf 87' lang='lat' dir='ltr'><strong>cujus-</strong></span> 
     </span>
    </p>
   </div>
   <div class='ocr_carea' id='block_1_27' title="bbox 549 2675 2194 2749">
    <p class='ocr_par' dir='ltr' id='par_1_27' title="bbox 549 2675 2194 2749">
     <span class='ocr_line' id='line_1_27' title="bbox 549 2675 2194 2749; baseline 0.001 -19"><span class='ocrx_word' id='word_1_189' title='bbox 549 2676 707 2731; x_wconf 90' lang='lat' dir='ltr'><strong>modi</strong></span> <span class='ocrx_word' id='word_1_190' title='bbox 723 2675 921 2731; x_wconf 89' lang='lat' dir='ltr'><strong>estilla</strong></span> <span class='ocrx_word' id='word_1_191' title='bbox 934 2676 1261 2732; x_wconf 88' lang='lat' dir='ltr'><strong>scientiade</strong></span> <span class='ocrx_word' id='word_1_192' title='bbox 1275 2693 1389 2748; x_wconf 88' lang='lat' dir='ltr'><strong>qua</strong></span> <span class='ocrx_word' id='word_1_193' title='bbox 1403 2677 1682 2734; x_wconf 88' lang='lat' dir='ltr'><strong>nascitur.</strong></span> <span class='ocrx_word' id='word_1_194' title='bbox 1700 2678 1965 2733; x_wconf 82' lang='lat' dir='ltr'><strong>Formata</strong></span> <span class='ocrx_word' id='word_1_195' title='bbox 1977 2677 2194 2749; x_wconf 77' lang='lat' dir='ltr'><strong>quippe</strong></span> 
     </span>
    </p>
   </div>
   <div class='ocr_carea' id='block_1_28' title="bbox 551 2763 2192 2838">
    <p class='ocr_par' dir='ltr' id='par_1_28' title="bbox 551 2763 2192 2838">
     <span class='ocr_line' id='line_1_28' title="bbox 551 2763 2192 2838; baseline 0 -18"><span class='ocrx_word' id='word_1_196' title='bbox 551 2763 825 2836; x_wconf 85' lang='lat' dir='ltr'><strong>cogitatio</strong></span> <span class='ocrx_word' id='word_1_197' title='bbox 843 2765 914 2820; x_wconf 87' lang='lat' dir='ltr'><strong>ab</strong></span> <span class='ocrx_word' id='word_1_198' title='bbox 937 2782 1005 2820; x_wconf 90' lang='lat' dir='ltr'><strong>ea</strong></span> <span class='ocrx_word' id='word_1_199' title='bbox 1023 2782 1082 2821; x_wconf 91' lang='lat' dir='ltr'><strong>re</strong></span> <span class='ocrx_word' id='word_1_200' title='bbox 1105 2781 1280 2837; x_wconf 88' lang='lat' dir='ltr'><strong>quam</strong></span> <span class='ocrx_word' id='word_1_201' title='bbox 1309 2765 1550 2834; x_wconf 88' lang='lat' dir='ltr'><strong>scimus,</strong></span> <span class='ocrx_word' id='word_1_202' title='bbox 1573 2767 1816 2822; x_wconf 87' lang='lat' dir='ltr'><strong>verbum</strong></span> <span class='ocrx_word' id='word_1_203' title='bbox 1836 2772 1921 2822; x_wconf 86' lang='lat' dir='ltr'><strong>est</strong></span> <span class='ocrx_word' id='word_1_204' title='bbox 1945 2767 2098 2838; x_wconf 92' lang='lat' dir='ltr'><strong>quod</strong></span> <span class='ocrx_word' id='word_1_205' title='bbox 2133 2766 2192 2820; x_wconf 92' lang='lat' dir='ltr'><strong>in</strong></span> 
     </span>
    </p>
   </div>
   <div class='ocr_carea' id='block_1_29' title="bbox 549 2853 2190 2928">
    <p class='ocr_par' dir='ltr' id='par_1_29' title="bbox 549 2853 2190 2928">
     <span class='ocr_line' id='line_1_29' title="bbox 549 2853 2190 2928; baseline 0 -18"><span class='ocrx_word' id='word_1_206' title='bbox 549 2853 722 2910; x_wconf 89' lang='lat' dir='ltr'><strong>corde</strong></span> <span class='ocrx_word' id='word_1_207' title='bbox 743 2853 1200 2925; x_wconf 89' lang='lat' dir='ltr'><strong>dicimus:quod</strong></span> <span class='ocrx_word' id='word_1_208' title='bbox 1235 2871 1337 2910; x_wconf 89' lang='lat' dir='ltr'><strong>nec</strong></span> <span class='ocrx_word' id='word_1_209' title='bbox 1368 2872 1620 2928; x_wconf 64' lang='lat' dir='ltr'><strong>graecum</strong></span> <span class='ocrx_word' id='word_1_210' title='bbox 1654 2861 1760 2926; x_wconf 88' lang='lat' dir='ltr'><strong>est,</strong></span> <span class='ocrx_word' id='word_1_211' title='bbox 1792 2872 1893 2912; x_wconf 90' lang='lat' dir='ltr'><strong>nec</strong></span> <span class='ocrx_word' id='word_1_212' title='bbox 1917 2855 2190 2922; x_wconf 87' lang='lat' dir='ltr'><strong>latinum,</strong></span> 
     </span>
    </p>
   </div>
   <div class='ocr_carea' id='block_1_30' title="bbox 550 2941 2192 3016">
    <p class='ocr_par' dir='ltr' id='par_1_30' title="bbox 550 2941 2192 3016">
     <span class='ocr_line' id='line_1_30' title="bbox 550 2941 2192 3016; baseline -0.001 -18"><span class='ocrx_word' id='word_1_213' title='bbox 550 2958 655 2998; x_wconf 88' lang='lat' dir='ltr'><strong>nec</strong></span> <span class='ocrx_word' id='word_1_214' title='bbox 676 2941 888 3016; x_wconf 74' lang='lat' dir='ltr'><strong>linguae</strong></span> <span class='ocrx_word' id='word_1_215' title='bbox 911 2941 1163 3014; x_wconf 82' lang='lat' dir='ltr'><strong>alicujus</strong></span> <span class='ocrx_word' id='word_1_216' title='bbox 1186 2942 1461 3013; x_wconf 86' lang='lat' dir='ltr'><strong>alterius;</strong></span> <span class='ocrx_word' id='word_1_217' title='bbox 1497 2945 1598 3000; x_wconf 88' lang='lat' dir='ltr'><strong>sed</strong></span> <span class='ocrx_word' id='word_1_218' title='bbox 1621 2962 1754 3000; x_wconf 91' lang='lat' dir='ltr'><strong>cum</strong></span> <span class='ocrx_word' id='word_1_219' title='bbox 1771 2944 1830 2999; x_wconf 89' lang='lat' dir='ltr'><strong>id</strong></span> <span class='ocrx_word' id='word_1_220' title='bbox 1853 2961 2000 3016; x_wconf 85' lang='lat' dir='ltr'><strong>Opus</strong></span> <span class='ocrx_word' id='word_1_221' title='bbox 2022 2949 2112 3000; x_wconf 90' lang='lat' dir='ltr'><strong>est</strong></span> <span class='ocrx_word' id='word_1_222' title='bbox 2132 2944 2192 2998; x_wconf 90' lang='lat' dir='ltr'><strong>in</strong></span> 
     </span>
    </p>
   </div>
   <div class='ocr_carea' id='block_1_31' title="bbox 554 3031 2192 3105">
    <p class='ocr_par' dir='ltr' id='par_1_31' title="bbox 554 3031 2192 3105">
     <span class='ocr_line' id='line_1_31' title="bbox 554 3031 2192 3105; baseline 0.001 -18"><span class='ocrx_word' id='word_1_223' title='bbox 554 3047 756 3087; x_wconf 89' lang='lat' dir='ltr'><strong>eorum</strong></span> <span class='ocrx_word' id='word_1_224' title='bbox 788 3031 1006 3102; x_wconf 89' lang='lat' dir='ltr'><strong>quibus</strong></span> <span class='ocrx_word' id='word_1_225' title='bbox 1036 3031 1337 3103; x_wconf 90' lang='lat' dir='ltr'><strong>loquimur</strong></span> <span class='ocrx_word' id='word_1_226' title='bbox 1367 3034 1619 3105; x_wconf 83' lang='lat' dir='ltr'><strong>perferre</strong></span> <span class='ocrx_word' id='word_1_227' title='bbox 1640 3033 1931 3101; x_wconf 90' lang='lat' dir='ltr'><strong>notitiam,</strong></span> <span class='ocrx_word' id='word_1_228' title='bbox 1957 3033 2192 3105; x_wconf 89' lang='lat' dir='ltr'><strong>aliquod</strong></span> 
     </span>
    </p>
   </div>
   <div class='ocr_carea' id='block_1_32' title="bbox 552 3120 2193 3194">
    <p class='ocr_par' dir='ltr' id='par_1_32' title="bbox 552 3120 2193 3194">
     <span class='ocr_line' id='line_1_32' title="bbox 552 3120 2193 3194; baseline 0.002 -19"><span class='ocrx_word' id='word_1_229' title='bbox 552 3120 786 3191; x_wconf 86' lang='lat' dir='ltr'><strong>signum</strong></span> <span class='ocrx_word' id='word_1_230' title='bbox 822 3137 936 3190; x_wconf 92' lang='lat' dir='ltr'><strong>quo</strong></span> <span class='ocrx_word' id='word_1_231' title='bbox 968 3120 1334 3192; x_wconf 77' lang='lat' dir='ltr'><strong>signiﬁcetur</strong></span> <span class='ocrx_word' id='word_1_232' title='bbox 1365 3122 1708 3177; x_wconf 90' lang='lat' dir='ltr'><strong>assumitur.</strong></span> <span class='ocrx_word' id='word_1_233' title='bbox 1739 3123 1807 3176; x_wconf 82' lang='lat' dir='ltr'><strong>Et</strong></span> <span class='ocrx_word' id='word_1_234' title='bbox 1849 3121 2193 3194; x_wconf 88' lang='lat' dir='ltr'><strong>plerumque</strong></span> 
     </span>
    </p>
   </div>
   <div class='ocr_carea' id='block_1_33' title="bbox 553 3208 2193 3281">
    <p class='ocr_par' dir='ltr' id='par_1_33' title="bbox 553 3208 2193 3281">
     <span class='ocr_line' id='line_1_33' title="bbox 553 3208 2193 3281; baseline 0.001 -17"><span class='ocrx_word' id='word_1_235' title='bbox 553 3225 754 3276; x_wconf 79' lang='lat' dir='ltr'><strong>sonus,</strong></span> <span class='ocrx_word' id='word_1_236' title='bbox 771 3208 1086 3280; x_wconf 83' lang='lat' dir='ltr'><strong>aliquando</strong></span> <span class='ocrx_word' id='word_1_237' title='bbox 1105 3210 1278 3265; x_wconf 87' lang='lat' dir='ltr'><strong>etiam</strong></span> <span class='ocrx_word' id='word_1_238' title='bbox 1303 3210 1608 3281; x_wconf 89' lang='lat' dir='ltr'><strong>nutus,ille</strong></span> <span class='ocrx_word' id='word_1_239' title='bbox 1627 3211 1992 3276; x_wconf 86' lang='lat' dir='ltr'><strong>auribus,ille</strong></span> <span class='ocrx_word' id='word_1_240' title='bbox 2009 3211 2193 3267; x_wconf 90' lang='lat' dir='ltr'><strong>oculis</strong></span> 
     </span>
    </p>
   </div>
   <div class='ocr_carea' id='block_1_34' title="bbox 555 3296 2194 3372">
    <p class='ocr_par' dir='ltr' id='par_1_34' title="bbox 555 3296 2194 3372">
     <span class='ocr_line' id='line_1_34' title="bbox 555 3296 2194 3372; baseline 0.002 -20"><span class='ocrx_word' id='word_1_241' title='bbox 555 3296 882 3366; x_wconf 88' lang='lat' dir='ltr'><strong>exhibetur,</strong></span> <span class='ocrx_word' id='word_1_242' title='bbox 911 3302 975 3352; x_wconf 92' lang='lat' dir='ltr'><strong>ut</strong></span> <span class='ocrx_word' id='word_1_243' title='bbox 1005 3314 1106 3370; x_wconf 90' lang='lat' dir='ltr'><strong>per</strong></span> <span class='ocrx_word' id='word_1_244' title='bbox 1137 3297 1304 3370; x_wconf 84' lang='lat' dir='ltr'><strong>signa</strong></span> <span class='ocrx_word' id='word_1_245' title='bbox 1345 3299 1670 3370; x_wconf 87' lang='lat' dir='ltr'><strong>corporalia</strong></span> <span class='ocrx_word' id='word_1_246' title='bbox 1712 3300 1887 3356; x_wconf 87' lang='lat' dir='ltr'><strong>etiam</strong></span> <span class='ocrx_word' id='word_1_247' title='bbox 1936 3301 2194 3372; x_wconf 89' lang='lat' dir='ltr'><strong>corporis</strong></span> 
     </span>
    </p>
   </div>
   <div class='ocr_carea' id='block_1_35' title="bbox 555 3385 2195 3460">
    <p class='ocr_par' dir='ltr' id='par_1_35' title="bbox 555 3385 2195 3460">
     <span class='ocr_line' id='line_1_35' title="bbox 555 3385 2195 3460; baseline 0.002 -19"><span class='ocrx_word' id='word_1_248' title='bbox 555 3385 827 3441; x_wconf 87' lang='lat' dir='ltr'><strong>sensibus</strong></span> <span class='ocrx_word' id='word_1_249' title='bbox 857 3386 1097 3441; x_wconf 86' lang='lat' dir='ltr'><strong>verbum</strong></span> <span class='ocrx_word' id='word_1_250' title='bbox 1132 3388 1287 3458; x_wconf 91' lang='lat' dir='ltr'><strong>quod</strong></span> <span class='ocrx_word' id='word_1_251' title='bbox 1319 3392 1510 3443; x_wconf 89' lang='lat' dir='ltr'><strong>mente</strong></span> <span class='ocrx_word' id='word_1_252' title='bbox 1539 3388 1797 3460; x_wconf 86' lang='lat' dir='ltr'><strong>gerimus</strong></span> <span class='ocrx_word' id='word_1_253' title='bbox 1847 3388 2195 3446; x_wconf 86' lang='lat' dir='ltr'><strong>innotescat.</strong></span> 
     </span>
    </p>
   </div>
   <div class='ocr_carea' id='block_1_36' title="bbox 553 3473 2200 3548">
    <p class='ocr_par' dir='ltr' id='par_1_36' title="bbox 553 3473 2200 3548">
     <span class='ocr_line' id='line_1_36' title="bbox 553 3473 2200 3548; baseline 0.002 -18"><span class='ocrx_word' id='word_1_254' title='bbox 553 3474 701 3530; x_wconf 91' lang='lat' dir='ltr'><strong>Nam</strong></span> <span class='ocrx_word' id='word_1_255' title='bbox 724 3478 780 3530; x_wconf 92' lang='lat' dir='ltr'><strong>et</strong></span> <span class='ocrx_word' id='word_1_256' title='bbox 800 3473 1043 3530; x_wconf 89' lang='lat' dir='ltr'><strong>innuere</strong></span> <span class='ocrx_word' id='word_1_257' title='bbox 1063 3475 1202 3546; x_wconf 91' lang='lat' dir='ltr'><strong>quid</strong></span> <span class='ocrx_word' id='word_1_258' title='bbox 1226 3478 1333 3542; x_wconf 89' lang='lat' dir='ltr'><strong>est,</strong></span> <span class='ocrx_word' id='word_1_259' title='bbox 1354 3475 1466 3532; x_wconf 93' lang='lat' dir='ltr'><strong>nisi</strong></span> <span class='ocrx_word' id='word_1_260' title='bbox 1492 3477 1747 3548; x_wconf 90' lang='lat' dir='ltr'><strong>quodam</strong></span> <span class='ocrx_word' id='word_1_261' title='bbox 1767 3477 1938 3533; x_wconf 90' lang='lat' dir='ltr'><strong>modo</strong></span> <span class='ocrx_word' id='word_1_262' title='bbox 1962 3477 2200 3533; x_wconf 89' lang='lat' dir='ltr'><strong>visibili-</strong></span> 
     </span>
    </p>
   </div>
   <div class='ocr_carea' id='block_1_37' title="bbox 555 3562 2200 3638">
    <p class='ocr_par' dir='ltr' id='par_1_37' title="bbox 555 3562 2200 3638">
     <span class='ocr_line' id='line_1_37' title="bbox 555 3562 2200 3638; baseline 0.003 -20"><span class='ocrx_word' id='word_1_263' title='bbox 555 3568 645 3619; x_wconf 89' lang='lat' dir='ltr'><strong>ter</strong></span> <span class='ocrx_word' id='word_1_264' title='bbox 665 3563 855 3619; x_wconf 87' lang='lat' dir='ltr'><strong>dicere</strong></span> <span class='ocrx_word' id='word_1_265' title='bbox 875 3562 1017 3619; x_wconf 82' lang='lat' dir='ltr'><strong>?Est</strong></span> <span class='ocrx_word' id='word_1_266' title='bbox 1037 3563 1095 3618; x_wconf 91' lang='lat' dir='ltr'><strong>in</strong></span> <span class='ocrx_word' id='word_1_267' title='bbox 1120 3565 1438 3636; x_wconf 84' lang='lat' dir='ltr'><strong>Scripturis</strong></span> <span class='ocrx_word' id='word_1_268' title='bbox 1456 3566 1676 3621; x_wconf 88' lang='lat' dir='ltr'><strong>sanctis</strong></span> <span class='ocrx_word' id='word_1_269' title='bbox 1689 3565 1870 3638; x_wconf 88' lang='lat' dir='ltr'><strong>hujus</strong></span> <span class='ocrx_word' id='word_1_270' title='bbox 1895 3568 2200 3623; x_wconf 65' lang='lat' dir='ltr'><strong>sententiae</strong></span> 
     </span>
    </p>
   </div>
   <div class='ocr_carea' id='block_1_38' title="bbox 557 3651 2200 3726">
    <p class='ocr_par' dir='ltr' id='par_1_38' title="bbox 557 3651 2200 3726">
     <span class='ocr_line' id='line_1_38' title="bbox 557 3651 2200 3726; baseline 0.001 -18"><span class='ocrx_word' id='word_1_271' title='bbox 557 3651 962 3708; x_wconf 88' lang='lat' dir='ltr'><strong>testimonium</strong></span> <span class='ocrx_word' id='word_1_272' title='bbox 989 3670 1144 3721; x_wconf 91' lang='lat' dir='ltr'><strong>;nam</strong></span> <span class='ocrx_word' id='word_1_273' title='bbox 1169 3653 1224 3707; x_wconf 90' lang='lat' dir='ltr'><strong>in</strong></span> <span class='ocrx_word' id='word_1_274' title='bbox 1251 3653 1556 3726; x_wconf 82' lang='lat' dir='ltr'><strong>Evangelio</strong></span> <span class='ocrx_word' id='word_1_275' title='bbox 1573 3655 2200 3711; x_wconf 84' lang='lat' dir='ltr'><strong>secundumJoanncm</strong></span> 
     </span>
    </p>
   </div>
   <div class='ocr_carea' id='block_1_39' title="bbox 558 3740 2203 3815">
    <p class='ocr_par' dir='ltr' id='par_1_39' title="bbox 558 3740 2203 3815">
     <span class='ocr_line' id='line_1_39' title="bbox 558 3740 2203 3815; baseline 0.002 -19"><span class='ocrx_word' id='word_1_276' title='bbox 558 3741 641 3796; x_wconf 88' lang='lat' dir='ltr'><strong>ita</strong></span> <span class='ocrx_word' id='word_1_277' title='bbox 657 3740 896 3813; x_wconf 89' lang='lat' dir='ltr'><strong>legitur:</strong></span> <span class='ocrx_word' id='word_1_278' title='bbox 921 3746 1113 3809; x_wconf 77' lang='lat' dir='ltr'><strong>Amen,</strong></span> <span class='ocrx_word' id='word_1_279' title='bbox 1136 3759 1294 3798; x_wconf 84' lang='lat' dir='ltr'><strong>amen</strong></span> <span class='ocrx_word' id='word_1_280' title='bbox 1314 3742 1432 3798; x_wconf 88' lang='lat' dir='ltr'><strong>dico</strong></span> <span class='ocrx_word' id='word_1_281' title='bbox 1453 3744 1625 3810; x_wconf 80' lang='lat' dir='ltr'><strong>vobis,</strong></span> <span class='ocrx_word' id='word_1_282' title='bbox 1649 3745 1780 3815; x_wconf 87' lang='lat' dir='ltr'><strong>quia</strong></span> <span class='ocrx_word' id='word_1_283' title='bbox 1802 3762 1945 3799; x_wconf 82' lang='lat' dir='ltr'><strong>unus</strong></span> <span class='ocrx_word' id='word_1_284' title='bbox 1963 3763 2034 3800; x_wconf 78' lang='lat' dir='ltr'><strong>ea:</strong></span> <span class='ocrx_word' id='word_1_285' title='bbox 2054 3745 2203 3800; x_wconf 90' lang='lat' dir='ltr'><strong>vobis</strong></span> 
     </span>
    </p>
   </div>
   <div class='ocr_carea' id='block_1_40' title="bbox 563 3830 2202 3905">
    <p class='ocr_par' dir='ltr' id='par_1_40' title="bbox 563 3830 2202 3905">
     <span class='ocr_line' id='line_1_40' title="bbox 563 3830 2202 3905; baseline 0.004 -21"><span class='ocrx_word' id='word_1_286' title='bbox 563 3830 737 3903; x_wconf 73' lang='lat' dir='ltr'><strong>tradet</strong></span> <span class='ocrx_word' id='word_1_287' title='bbox 757 3846 860 3887; x_wconf 87' lang='lat' dir='ltr'><strong>me.</strong></span> <span class='ocrx_word' id='word_1_288' title='bbox 878 3832 1223 3902; x_wconf 85' lang='lat' dir='ltr'><strong>Aspiciebant</strong></span> <span class='ocrx_word' id='word_1_289' title='bbox 1244 3847 1368 3902; x_wconf 87' lang='lat' dir='ltr'><strong>ergo</strong></span> <span class='ocrx_word' id='word_1_290' title='bbox 1385 3832 1454 3887; x_wconf 89' lang='lat' dir='ltr'><strong>ad</strong></span> <span class='ocrx_word' id='word_1_291' title='bbox 1473 3834 1702 3888; x_wconf 84' lang='lat' dir='ltr'><strong>invicem</strong></span> <span class='ocrx_word' id='word_1_292' title='bbox 1723 3832 2012 3905; x_wconf 80' lang='lat' dir='ltr'><strong>discipuli,</strong></span> <span class='ocrx_word' id='word_1_293' title='bbox 2036 3833 2202 3890; x_wconf 63' lang='lat' dir='ltr'><strong>tunsi-</strong></span> 
     </span>
    </p>
   </div>
   <div class='ocr_carea' id='block_1_41' title="bbox 561 3919 2202 3994">
    <p class='ocr_par' dir='ltr' id='par_1_41' title="bbox 561 3919 2202 3994">
     <span class='ocr_line' id='line_1_41' title="bbox 561 3919 2202 3994; baseline 0.001 -18"><span class='ocrx_word' id='word_1_294' title='bbox 561 3924 742 3976; x_wconf 84' lang='lat' dir='ltr'><strong>tanles</strong></span> <span class='ocrx_word' id='word_1_295' title='bbox 771 3919 835 3976; x_wconf 83' lang='lat' dir='ltr'><strong>de</strong></span> <span class='ocrx_word' id='word_1_296' title='bbox 865 3935 967 3991; x_wconf 90' lang='lat' dir='ltr'><strong>quo</strong></span> <span class='ocrx_word' id='word_1_297' title='bbox 997 3920 1217 3976; x_wconf 78' lang='lat' dir='ltr'><strong>diceret.</strong></span> <span class='ocrx_word' id='word_1_298' title='bbox 1243 3921 1374 3976; x_wconf 87' lang='lat' dir='ltr'><strong>Erat</strong></span> <span class='ocrx_word' id='word_1_299' title='bbox 1398 3937 1522 3992; x_wconf 87' lang='lat' dir='ltr'><strong>ergo</strong></span> <span class='ocrx_word' id='word_1_300' title='bbox 1540 3937 1682 3976; x_wconf 87' lang='lat' dir='ltr'><strong>unus</strong></span> <span class='ocrx_word' id='word_1_301' title='bbox 1704 3921 2202 3994; x_wconf 76' lang='lat' dir='ltr'><strong>exdisciputiseius</strong></span> 
     </span>
    </p>
   </div>
   <div class='ocr_carea' id='block_1_42' title="bbox 555 4009 2202 4080">
    <p class='ocr_par' dir='ltr' id='par_1_42' title="bbox 555 4009 2202 4080">
     <span class='ocr_line' id='line_1_42' title="bbox 555 4009 2202 4080; baseline 0.001 -16"><span class='ocrx_word' id='word_1_302' title='bbox 555 4009 878 4064; x_wconf 79' lang='lat' dir='ltr'><strong>recumbens</strong></span> <span class='ocrx_word' id='word_1_303' title='bbox 909 4011 968 4064; x_wconf 86' lang='lat' dir='ltr'><strong>in</strong></span> <span class='ocrx_word' id='word_1_304' title='bbox 997 4010 1125 4064; x_wconf 87' lang='lat' dir='ltr'><strong>sinu</strong></span> <span class='ocrx_word' id='word_1_305' title='bbox 1149 4011 1294 4076; x_wconf 73' lang='lat' dir='ltr'><strong>Iesu,</strong></span> <span class='ocrx_word' id='word_1_306' title='bbox 1325 4026 1482 4080; x_wconf 86' lang='lat' dir='ltr'><strong>quem</strong></span> <span class='ocrx_word' id='word_1_307' title='bbox 1511 4010 1781 4078; x_wconf 82' lang='lat' dir='ltr'><strong>diligebat</strong></span> <span class='ocrx_word' id='word_1_308' title='bbox 1802 4013 1955 4067; x_wconf 87' lang='lat' dir='ltr'><strong>Jesus</strong></span> <span class='ocrx_word' id='word_1_309' title='bbox 1977 4031 1994 4065; x_wconf 91' lang='lat'><strong>:</strong></span> <span class='ocrx_word' id='word_1_310' title='bbox 2016 4013 2202 4065; x_wconf 76' lang='lat' dir='ltr'><strong>innuit</strong></span> 
     </span>
    </p>
   </div>
   <div class='ocr_carea' id='block_1_43' title="bbox 554 4097 2197 4170">
    <p class='ocr_par' dir='ltr' id='par_1_43' title="bbox 554 4097 2197 4170">
     <span class='ocr_line' id='line_1_43' title="bbox 554 4097 2197 4170; baseline 0.001 -18"><span class='ocrx_word' id='word_1_311' title='bbox 554 4113 681 4168; x_wconf 84' lang='lat' dir='ltr'><strong>ergo</strong></span> <span class='ocrx_word' id='word_1_312' title='bbox 711 4097 841 4152; x_wconf 76' lang='lat' dir='ltr'><strong>huic</strong></span> <span class='ocrx_word' id='word_1_313' title='bbox 866 4100 1057 4154; x_wconf 86' lang='lat' dir='ltr'><strong>Simon</strong></span> <span class='ocrx_word' id='word_1_314' title='bbox 1088 4102 1279 4152; x_wconf 81' lang='lat' dir='ltr'><strong>Petrus</strong></span> <span class='ocrx_word' id='word_1_315' title='bbox 1309 4102 1358 4151; x_wconf 79' lang='lat' dir='ltr'><strong>et</strong></span> <span class='ocrx_word' id='word_1_316' title='bbox 1390 4099 1522 4152; x_wconf 65' lang='lat' dir='ltr'><strong>dicit</strong></span> <span class='ocrx_word' id='word_1_317' title='bbox 1551 4101 1620 4164; x_wconf 90' lang='lat' dir='ltr'><strong>ei,</strong></span> <span class='ocrx_word' id='word_1_318' title='bbox 1677 4100 1806 4166; x_wconf 84' lang='lat' dir='ltr'><strong>Quis</strong></span> <span class='ocrx_word' id='word_1_319' title='bbox 1853 4109 1933 4154; x_wconf 82' lang='lat' dir='ltr'><strong>est</strong></span> <span class='ocrx_word' id='word_1_320' title='bbox 1979 4099 2044 4154; x_wconf 82' lang='lat' dir='ltr'><strong>de</strong></span> <span class='ocrx_word' id='word_1_321' title='bbox 2091 4117 2197 4170; x_wconf 87' lang='lat' dir='ltr'><strong>quo</strong></span> 
     </span>
    </p>
   </div>
   <div class='ocr_carea' id='block_1_44' title="bbox 553 4186 2196 4260">
    <p class='ocr_par' dir='ltr' id='par_1_44' title="bbox 553 4186 2196 4260">
     <span class='ocr_line' id='line_1_44' title="bbox 553 4186 2196 4260; baseline 0.002 -19"><span class='ocrx_word' id='word_1_322' title='bbox 553 4187 685 4242; x_wconf 83' lang='lat' dir='ltr'><strong>dicit</strong></span> <span class='ocrx_word' id='word_1_323' title='bbox 704 4186 803 4259; x_wconf 88' lang='lat' dir='ltr'><strong>(Id.</strong></span> <span class='ocrx_word' id='word_1_324' title='bbox 828 4204 952 4254; x_wconf 75' lang='grc' dir='ltr'>χιιι,</span> <span class='ocrx_word' id='word_1_325' title='bbox 973 4187 1164 4256; x_wconf 81' lang='grc'><strong>21·24)</strong></span> <span class='ocrx_word' id='word_1_326' title='bbox 1186 4186 1212 4240; x_wconf 86' lang='lat'><strong>?</strong></span> <span class='ocrx_word' id='word_1_327' title='bbox 1247 4187 1388 4241; x_wconf 83' lang='lat' dir='ltr'><strong>Ecce</strong></span> <span class='ocrx_word' id='word_1_328' title='bbox 1417 4187 1709 4243; x_wconf 89' lang='lat' dir='ltr'><strong>innuendo</strong></span> <span class='ocrx_word' id='word_1_329' title='bbox 1739 4187 1901 4258; x_wconf 78' lang='lat' dir='ltr'><strong>dixit,</strong></span> <span class='ocrx_word' id='word_1_330' title='bbox 1928 4189 2079 4260; x_wconf 90' lang='lat' dir='ltr'><strong>quod</strong></span> <span class='ocrx_word' id='word_1_331' title='bbox 2103 4206 2196 4244; x_wconf 74' lang='lat' dir='ltr'><strong>so~</strong></span> 
     </span>
    </p>
   </div>
   <div class='ocr_carea' id='block_1_45' title="bbox 551 4275 2195 4348">
    <p class='ocr_par' dir='ltr' id='par_1_45' title="bbox 551 4275 2195 4348">
     <span class='ocr_line' id='line_1_45' title="bbox 551 4275 2195 4348; baseline 0 -16"><span class='ocrx_word' id='word_1_332' title='bbox 551 4276 745 4332; x_wconf 86' lang='lat' dir='ltr'><strong>nando</strong></span> <span class='ocrx_word' id='word_1_333' title='bbox 776 4275 965 4332; x_wconf 87' lang='lat' dir='ltr'><strong>dicere</strong></span> <span class='ocrx_word' id='word_1_334' title='bbox 995 4293 1108 4331; x_wconf 90' lang='lat' dir='ltr'><strong>non</strong></span> <span class='ocrx_word' id='word_1_335' title='bbox 1142 4275 1410 4330; x_wconf 88' lang='lat' dir='ltr'><strong>audebat.</strong></span> <span class='ocrx_word' id='word_1_336' title='bbox 1445 4275 1555 4330; x_wconf 88' lang='lat' dir='ltr'><strong>Sed</strong></span> <span class='ocrx_word' id='word_1_337' title='bbox 1600 4275 1723 4332; x_wconf 69' lang='lat' dir='ltr'><strong>haec</strong></span> <span class='ocrx_word' id='word_1_338' title='bbox 1762 4281 1934 4348; x_wconf 87' lang='lat' dir='ltr'><strong>atque</strong></span> <span class='ocrx_word' id='word_1_339' title='bbox 1986 4276 2195 4348; x_wconf 87' lang='lat' dir='ltr'><strong>hujus-</strong></span> 
     </span>
    </p>
   </div>
   <div class='ocr_carea' id='block_1_46' title="bbox 552 4362 2196 4439">
    <p class='ocr_par' dir='ltr' id='par_1_46' title="bbox 552 4362 2196 4439">
     <span class='ocr_line' id='line_1_46' title="bbox 552 4362 2196 4439; baseline 0.001 -20"><span class='ocrx_word' id='word_1_340' title='bbox 552 4364 708 4420; x_wconf 90' lang='lat' dir='ltr'><strong>modi</strong></span> <span class='ocrx_word' id='word_1_341' title='bbox 740 4365 911 4439; x_wconf 84' lang='lat' dir='ltr'><strong>signa</strong></span> <span class='ocrx_word' id='word_1_342' title='bbox 940 4362 1264 4436; x_wconf 87' lang='lat' dir='ltr'><strong>corporalia</strong></span> <span class='ocrx_word' id='word_1_343' title='bbox 1297 4363 1414 4418; x_wconf 85' lang='lat' dir='ltr'><strong>sive</strong></span> <span class='ocrx_word' id='word_1_344' title='bbox 1440 4362 1682 4419; x_wconf 89' lang='lat' dir='ltr'><strong>auribus</strong></span> <span class='ocrx_word' id='word_1_345' title='bbox 1709 4365 1829 4420; x_wconf 87' lang='lat' dir='ltr'><strong>sive</strong></span> <span class='ocrx_word' id='word_1_346' title='bbox 1852 4364 2034 4420; x_wconf 90' lang='lat' dir='ltr'><strong>oculis</strong></span> <span class='ocrx_word' id='word_1_347' title='bbox 2057 4383 2196 4437; x_wconf 70' lang='lat' dir='ltr'><strong>pra:-</strong></span> 
     </span>
    </p>
   </div>
   <div class='ocr_carea' id='block_1_47' title="bbox 550 4452 2193 4525">
    <p class='ocr_par' dir='ltr' id='par_1_47' title="bbox 550 4452 2193 4525">
     <span class='ocr_line' id='line_1_47' title="bbox 550 4452 2193 4525; baseline 0.001 -17"><span class='ocrx_word' id='word_1_348' title='bbox 550 4453 816 4509; x_wconf 88' lang='lat' dir='ltr'><strong>sentibus</strong></span> <span class='ocrx_word' id='word_1_349' title='bbox 868 4453 1084 4525; x_wconf 90' lang='lat' dir='ltr'><strong>quibus</strong></span> <span class='ocrx_word' id='word_1_350' title='bbox 1143 4452 1449 4523; x_wconf 86' lang='lat' dir='ltr'><strong>loquimur</strong></span> <span class='ocrx_word' id='word_1_351' title='bbox 1505 4452 1889 4509; x_wconf 78' lang='lat' dir='ltr'><strong>exhibemus:</strong></span> <span class='ocrx_word' id='word_1_352' title='bbox 1950 4454 2193 4510; x_wconf 69' lang='lat' dir='ltr'><strong>inventae</strong></span> 
     </span>
    </p>
   </div>
   <div class='ocr_carea' id='block_1_48' title="bbox 549 4541 2190 4613">
    <p class='ocr_par' dir='ltr' id='par_1_48' title="bbox 549 4541 2190 4613">
     <span class='ocr_line' id='line_1_48' title="bbox 549 4541 2190 4613; baseline 0.002 -17"><span class='ocrx_word' id='word_1_353' title='bbox 549 4547 687 4597; x_wconf 90' lang='lat' dir='ltr'><strong>sunt</strong></span> <span class='ocrx_word' id='word_1_354' title='bbox 735 4546 929 4596; x_wconf 90' lang='lat' dir='ltr'><strong>autem</strong></span> <span class='ocrx_word' id='word_1_355' title='bbox 975 4541 1200 4608; x_wconf 75' lang='lat' dir='ltr'><strong>litterae,</strong></span> <span class='ocrx_word' id='word_1_356' title='bbox 1261 4557 1363 4612; x_wconf 86' lang='lat' dir='ltr'><strong>per</strong></span> <span class='ocrx_word' id='word_1_357' title='bbox 1408 4558 1550 4613; x_wconf 88' lang='lat' dir='ltr'><strong>quas</strong></span> <span class='ocrx_word' id='word_1_358' title='bbox 1599 4557 1906 4613; x_wconf 88' lang='lat' dir='ltr'><strong>possemus</strong></span> <span class='ocrx_word' id='word_1_359' title='bbox 1955 4548 2011 4598; x_wconf 89' lang='lat' dir='ltr'><strong>et</strong></span> <span class='ocrx_word' id='word_1_360' title='bbox 2055 4559 2190 4599; x_wconf 90' lang='lat' dir='ltr'><strong>cum</strong></span> 
     </span>
    </p>
   </div>
   <div class='ocr_carea' id='block_1_49' title="bbox 545 4629 2186 4702">
    <p class='ocr_par' dir='ltr' id='par_1_49' title="bbox 545 4629 2186 4702">
     <span class='ocr_line' id='line_1_49' title="bbox 545 4629 2186 4702; baseline 0.001 -16"><span class='ocrx_word' id='word_1_361' title='bbox 545 4630 888 4686; x_wconf 84' lang='lat' dir='ltr'><strong>absentibus</strong></span> <span class='ocrx_word' id='word_1_362' title='bbox 917 4629 1205 4701; x_wconf 89' lang='lat' dir='ltr'><strong>colloqui:</strong></span> <span class='ocrx_word' id='word_1_363' title='bbox 1254 4630 1352 4685; x_wconf 92' lang='lat' dir='ltr'><strong>sed</strong></span> <span class='ocrx_word' id='word_1_364' title='bbox 1412 4629 1527 4685; x_wconf 86' lang='lat' dir='ltr'><strong>ista</strong></span> <span class='ocrx_word' id='word_1_365' title='bbox 1570 4629 1740 4702; x_wconf 87' lang='lat' dir='ltr'><strong>signa</strong></span> <span class='ocrx_word' id='word_1_366' title='bbox 1777 4635 1917 4687; x_wconf 89' lang='lat' dir='ltr'><strong>sunt</strong></span> <span class='ocrx_word' id='word_1_367' title='bbox 1957 4647 2186 4701; x_wconf 87' lang='lat' dir='ltr'><strong>vocum,</strong></span> 
     </span>
    </p>
   </div>
   <div class='ocr_carea' id='block_1_50' title="bbox 543 4718 2187 4792">
    <p class='ocr_par' dir='ltr' id='par_1_50' title="bbox 543 4718 2187 4792">
     <span class='ocr_line' id='line_1_50' title="bbox 543 4718 2187 4792; baseline 0.002 -18"><span class='ocrx_word' id='word_1_368' title='bbox 543 4735 675 4774; x_wconf 90' lang='lat' dir='ltr'><strong>cum</strong></span> <span class='ocrx_word' id='word_1_369' title='bbox 710 4718 848 4790; x_wconf 71' lang='lat' dir='ltr'><strong>ipsa:</strong></span> <span class='ocrx_word' id='word_1_370' title='bbox 897 4734 1065 4774; x_wconf 90' lang='lat' dir='ltr'><strong>voces</strong></span> <span class='ocrx_word' id='word_1_371' title='bbox 1103 4718 1162 4772; x_wconf 89' lang='lat' dir='ltr'><strong>in</strong></span> <span class='ocrx_word' id='word_1_372' title='bbox 1213 4735 1482 4774; x_wconf 85' lang='lat' dir='ltr'><strong>sermone</strong></span> <span class='ocrx_word' id='word_1_373' title='bbox 1543 4725 1742 4774; x_wconf 91' lang='lat' dir='ltr'><strong>nostro</strong></span> <span class='ocrx_word' id='word_1_374' title='bbox 1789 4737 1989 4776; x_wconf 88' lang='lat' dir='ltr'><strong>carum</strong></span> <span class='ocrx_word' id='word_1_375' title='bbox 2039 4738 2187 4792; x_wconf 84' lang='lat' dir='ltr'><strong>quas</strong></span> 
     </span>
    </p>
   </div>
   <div class='ocr_carea' id='block_1_51' title="bbox 540 4805 1461 4878">
    <p class='ocr_par' dir='ltr' id='par_1_51' title="bbox 540 4805 1461 4878">
     <span class='ocr_line' id='line_1_51' title="bbox 540 4805 1461 4878; baseline -0.002 -16"><span class='ocrx_word' id='word_1_376' title='bbox 540 4807 870 4878; x_wconf 88' lang='lat' dir='ltr'><strong>cogitamus</strong></span> <span class='ocrx_word' id='word_1_377' title='bbox 901 4807 1066 4877; x_wconf 78' lang='lat' dir='ltr'><strong>signa</strong></span> <span class='ocrx_word' id='word_1_378' title='bbox 1097 4805 1214 4861; x_wconf 89' lang='lat' dir='ltr'><strong>sint</strong></span> <span class='ocrx_word' id='word_1_379' title='bbox 1245 4823 1461 4861; x_wconf 88' lang='lat' dir='ltr'><strong>rerum.</strong></span> 
     </span>
    </p>
   </div>
   <div class='ocr_carea' id='block_1_52' title="bbox 608 4895 2184 4969">
    <p class='ocr_par' dir='ltr' id='par_1_52' title="bbox 608 4895 2184 4969">
     <span class='ocr_line' id='line_1_52' title="bbox 608 4895 2184 4969; baseline 0.001 -17"><span class='ocrx_word' id='word_1_380' title='bbox 608 4895 838 4952; x_wconf 82' lang='lat' dir='ltr'><strong>CAPUT</strong></span> <span class='ocrx_word' id='word_1_381' title='bbox 869 4895 962 4951; x_wconf 86' lang='lat' dir='ltr'><strong>XI.</strong></span> <span class='ocrx_word' id='word_1_382' title='bbox 995 4925 1062 4938; x_wconf 94' lang='lat'><strong>—</strong></span> <span class='ocrx_word' id='word_1_383' title='bbox 1085 4896 1173 4950; x_wconf 83' lang='lat'><strong>20.</strong></span> <span class='ocrx_word' id='word_1_384' title='bbox 1227 4895 1382 4951; x_wconf 88' lang='lat' dir='ltr'><strong>Verbi</strong></span> <span class='ocrx_word' id='word_1_385' title='bbox 1407 4896 1585 4951; x_wconf 82' lang='lat' dir='ltr'><strong>divini</strong></span> <span class='ocrx_word' id='word_1_386' title='bbox 1619 4897 1924 4952; x_wconf 79' lang='lat' dir='ltr'><strong>similitudo</strong></span> <span class='ocrx_word' id='word_1_387' title='bbox 1973 4899 2184 4969; x_wconf 79' lang='lat' dir='ltr'><strong>qualis-</strong></span> 
     </span>
    </p>
   </div>
   <div class='ocr_carea' id='block_1_53' title="bbox 533 4984 2180 5057">
    <p class='ocr_par' dir='ltr' id='par_1_53' title="bbox 533 4984 2180 5057">
     <span class='ocr_line' id='line_1_53' title="bbox 533 4984 2180 5057; baseline 0.002 -17"><span class='ocrx_word' id='word_1_388' title='bbox 533 5001 761 5057; x_wconf 83' lang='lat' dir='ltr'><strong>cumque</strong></span> <span class='ocrx_word' id='word_1_389' title='bbox 777 4987 833 5039; x_wconf 86' lang='lat' dir='ltr'><strong>in</strong></span> <span class='ocrx_word' id='word_1_390' title='bbox 860 4984 1015 5040; x_wconf 85' lang='lat' dir='ltr'><strong>verbo</strong></span> <span class='ocrx_word' id='word_1_391' title='bbox 1036 4988 1217 5039; x_wconf 89' lang='lat' dir='ltr'><strong>nostro</strong></span> <span class='ocrx_word' id='word_1_392' title='bbox 1241 5000 1344 5039; x_wconf 85' lang='lat' dir='ltr'><strong>non</strong></span> <span class='ocrx_word' id='word_1_393' title='bbox 1369 4986 1639 5039; x_wconf 73' lang='lat' dir='ltr'><strong>exteriore</strong></span> <span class='ocrx_word' id='word_1_394' title='bbox 1659 5001 1723 5040; x_wconf 89' lang='lat' dir='ltr'><strong>ac</strong></span> <span class='ocrx_word' id='word_1_395' title='bbox 1740 4986 2106 5054; x_wconf 87' lang='lat' dir='ltr'><strong>sensibili,sed</strong></span> <span class='ocrx_word' id='word_1_396' title='bbox 2123 4990 2180 5043; x_wconf 87' lang='lat' dir='ltr'><strong>in</strong></span> 
     </span>
    </p>
   </div>
   <div class='ocr_carea' id='block_1_54' title="bbox 534 5071 2181 5146">
    <p class='ocr_par' dir='ltr' id='par_1_54' title="bbox 534 5071 2181 5146">
     <span class='ocr_line' id='line_1_54' title="bbox 534 5071 2181 5146; baseline 0.001 -17"><span class='ocrx_word' id='word_1_397' title='bbox 534 5075 875 5129; x_wconf 86' lang='lat' dir='ltr'><strong>interioreac</strong></span> <span class='ocrx_word' id='word_1_398' title='bbox 887 5072 1121 5128; x_wconf 86' lang='lat' dir='ltr'><strong>mentali</strong></span> <span class='ocrx_word' id='word_1_399' title='bbox 1141 5071 1860 5142; x_wconf 70' lang='lat' dir='ltr'><strong>quaerenda.Dissimilitudo</strong></span> <span class='ocrx_word' id='word_1_400' title='bbox 1883 5091 2048 5146; x_wconf 90' lang='lat' dir='ltr'><strong>quam</strong></span> <span class='ocrx_word' id='word_1_401' title='bbox 2062 5093 2181 5131; x_wconf 88' lang='lat' dir='ltr'><strong>ma-</strong></span> 
     </span>
    </p>
   </div>
   <div class='ocr_carea' id='block_1_55' title="bbox 529 5161 2178 5220">
    <p class='ocr_par' dir='ltr' id='par_1_55' title="bbox 529 5161 2178 5220">
     <span class='ocr_line' id='line_1_55' title="bbox 529 5161 2178 5220; baseline 0.002 -4"><span class='ocrx_word' id='word_1_402' title='bbox 529 5164 687 5217; x_wconf 72' lang='lat' dir='ltr'><strong>xima</strong></span> <span class='ocrx_word' id='word_1_403' title='bbox 709 5164 856 5218; x_wconf 82' lang='lat' dir='ltr'><strong>inter</strong></span> <span class='ocrx_word' id='word_1_404' title='bbox 891 5163 1117 5218; x_wconf 83' lang='lat' dir='ltr'><strong>verbum</strong></span> <span class='ocrx_word' id='word_1_405' title='bbox 1143 5178 1206 5215; x_wconf 86' lang='lat' dir='ltr'><strong>ac</strong></span> <span class='ocrx_word' id='word_1_406' title='bbox 1233 5161 1521 5214; x_wconf 84' lang='lat' dir='ltr'><strong>scientiam</strong></span> <span class='ocrx_word' id='word_1_407' title='bbox 1551 5169 1796 5215; x_wconf 80' lang='lat' dir='ltr'><strong>nostram</strong></span> <span class='ocrx_word' id='word_1_408' title='bbox 1846 5168 1894 5216; x_wconf 89' lang='lat' dir='ltr'><strong>el</strong></span> <span class='ocrx_word' id='word_1_409' title='bbox 1952 5164 2178 5220; x_wconf 83' lang='lat' dir='ltr'><strong>Verbum</strong></span> 
     </span>
    </p>
   </div>
   <div class='ocr_carea' id='block_1_56' title="bbox 527 5245 2176 5322">
    <p class='ocr_par' dir='ltr' id='par_1_56' title="bbox 527 5245 2176 5322">
     <span class='ocr_line' id='line_1_56' title="bbox 527 5245 2176 5322; baseline 0.001 -16"><span class='ocrx_word' id='word_1_410' title='bbox 527 5252 926 5322; x_wconf 86' lang='lat' dir='ltr'><strong>scientiamque</strong></span> <span class='ocrx_word' id='word_1_411' title='bbox 954 5250 1226 5304; x_wconf 85' lang='lat' dir='ltr'><strong>divinam.</strong></span> <span class='ocrx_word' id='word_1_412' title='bbox 1260 5245 1509 5303; x_wconf 90' lang='lat' dir='ltr'><strong>Proinde</strong></span> <span class='ocrx_word' id='word_1_413' title='bbox 1548 5247 1789 5302; x_wconf 87' lang='lat' dir='ltr'><strong>verbum</strong></span> <span class='ocrx_word' id='word_1_414' title='bbox 1840 5249 1994 5319; x_wconf 92' lang='lat' dir='ltr'><strong>quod</strong></span> <span class='ocrx_word' id='word_1_415' title='bbox 2033 5251 2176 5308; x_wconf 78' lang='lat' dir='ltr'><strong>foris</strong></span> 
     </span>
    </p>
   </div>
   <div class='ocr_carea' id='block_1_57' title="bbox 527 5335 2174 5412">
    <p class='ocr_par' dir='ltr' id='par_1_57' title="bbox 527 5335 2174 5412">
     <span class='ocr_line' id='line_1_57' title="bbox 527 5335 2174 5412; baseline 0.001 -18"><span class='ocrx_word' id='word_1_416' title='bbox 527 5344 717 5408; x_wconf 88' lang='lat' dir='ltr'><strong>sonat,</strong></span> <span class='ocrx_word' id='word_1_417' title='bbox 740 5341 972 5412; x_wconf 81' lang='lat' dir='ltr'><strong>signum</strong></span> <span class='ocrx_word' id='word_1_418' title='bbox 991 5341 1079 5395; x_wconf 91' lang='lat' dir='ltr'><strong>est</strong></span> <span class='ocrx_word' id='word_1_419' title='bbox 1097 5335 1428 5408; x_wconf 89' lang='lat' dir='ltr'><strong>verbiquod</strong></span> <span class='ocrx_word' id='word_1_420' title='bbox 1450 5335 1608 5390; x_wconf 89' lang='lat' dir='ltr'><strong>intus</strong></span> <span class='ocrx_word' id='word_1_421' title='bbox 1641 5335 1813 5404; x_wconf 90' lang='lat' dir='ltr'><strong>lucet,</strong></span> <span class='ocrx_word' id='word_1_422' title='bbox 1843 5337 1936 5391; x_wconf 90' lang='lat' dir='ltr'><strong>cui</strong></span> <span class='ocrx_word' id='word_1_423' title='bbox 1986 5341 2174 5412; x_wconf 87' lang='lat' dir='ltr'><strong>magis</strong></span> 
     </span>
    </p>
   </div>
   <div class='ocr_carea' id='block_1_58' title="bbox 525 5423 2174 5501">
    <p class='ocr_par' dir='ltr' id='par_1_58' title="bbox 525 5423 2174 5501">
     <span class='ocr_line' id='line_1_58' title="bbox 525 5423 2174 5501; baseline 0.002 -20"><span class='ocrx_word' id='word_1_424' title='bbox 525 5427 685 5483; x_wconf 89' lang='lat' dir='ltr'><strong>verbi</strong></span> <span class='ocrx_word' id='word_1_425' title='bbox 716 5428 990 5501; x_wconf 88' lang='lat' dir='ltr'><strong>competit</strong></span> <span class='ocrx_word' id='word_1_426' title='bbox 1022 5443 1258 5483; x_wconf 90' lang='lat' dir='ltr'><strong>nomen.</strong></span> <span class='ocrx_word' id='word_1_427' title='bbox 1295 5425 1442 5480; x_wconf 86' lang='lat' dir='ltr'><strong>Nam</strong></span> <span class='ocrx_word' id='word_1_428' title='bbox 1474 5423 1617 5480; x_wconf 92' lang='lat' dir='ltr'><strong>illud</strong></span> <span class='ocrx_word' id='word_1_429' title='bbox 1670 5425 1825 5495; x_wconf 91' lang='lat' dir='ltr'><strong>quod</strong></span> <span class='ocrx_word' id='word_1_430' title='bbox 1875 5427 2174 5497; x_wconf 85' lang='lat' dir='ltr'><strong>profertur</strong></span> 
     </span>
    </p>
   </div>
   <div class='ocr_carea' id='block_1_59' title="bbox 524 5514 2170 5587">
    <p class='ocr_par' dir='ltr' id='par_1_59' title="bbox 524 5514 2170 5587">
     <span class='ocr_line' id='line_1_59' title="bbox 524 5514 2170 5587; baseline 0.002 -18"><span class='ocrx_word' id='word_1_431' title='bbox 524 5516 839 5584; x_wconf 89' lang='lat' dir='ltr'><strong>carnisore,</strong></span> <span class='ocrx_word' id='word_1_432' title='bbox 865 5536 972 5574; x_wconf 78' lang='lat' dir='ltr'><strong>vox</strong></span> <span class='ocrx_word' id='word_1_433' title='bbox 991 5515 1149 5572; x_wconf 90' lang='lat' dir='ltr'><strong>verbi</strong></span> <span class='ocrx_word' id='word_1_434' title='bbox 1173 5519 1271 5572; x_wconf 91' lang='lat' dir='ltr'><strong>est</strong></span> <span class='ocrx_word' id='word_1_435' title='bbox 1296 5514 1695 5585; x_wconf 89' lang='lat' dir='ltr'><strong>:verbumque</strong></span> <span class='ocrx_word' id='word_1_436' title='bbox 1728 5519 1783 5569; x_wconf 89' lang='lat' dir='ltr'><strong>et</strong></span> <span class='ocrx_word' id='word_1_437' title='bbox 1814 5514 2006 5587; x_wconf 90' lang='lat' dir='ltr'><strong>ipsum</strong></span> <span class='ocrx_word' id='word_1_438' title='bbox 2026 5517 2170 5573; x_wconf 90' lang='lat' dir='ltr'><strong>dici-</strong></span> 
     </span>
    </p>
   </div>
   <div class='ocr_carea' id='block_1_60' title="bbox 1673 323 2854 396">
    <p class='ocr_par' dir='ltr' id='par_1_60' title="bbox 1673 323 2854 396">
     <span class='ocr_line' id='line_1_60' title="bbox 1673 323 2854 396; baseline 0 -10"><span class='ocrx_word' id='word_1_439' title='bbox 1673 328 1775 386; x_wconf 85' lang='lat' dir='ltr'><strong>DE</strong></span> <span class='ocrx_word' id='word_1_440' title='bbox 1819 323 2268 396; x_wconf 79' lang='lat' dir='ltr'><strong>&#39;I‘RINITATE,</strong></span> <span class='ocrx_word' id='word_1_441' title='bbox 2317 324 2378 384; x_wconf 93' lang='lat' dir='ltr'><strong>S.</strong></span> <span class='ocrx_word' id='word_1_442' title='bbox 2428 325 2854 387; x_wconf 85' lang='lat' dir='ltr'><strong>AUGUSTINI</strong></span> 
     </span>
    </p>
   </div>
   <div class='ocr_carea' id='block_1_61' title="bbox 3371 114 3940 202">
    <p class='ocr_par' dir='ltr' id='par_1_61' title="bbox 3371 114 3940 202">
     <span class='ocr_line' id='line_1_61' title="bbox 3371 114 3940 202; baseline 0.046 -25"><span class='ocrx_word' id='word_1_443' title='bbox 3371 114 3374 116; x_wconf 69' lang='lat'><em>‘</em></span> <span class='ocrx_word' id='word_1_444' title='bbox 3423 116 3940 202; x_wconf 45' lang='lat' dir='ltr'><strong>Www&#39;</strong></span> 
     </span>
    </p>
   </div>
   <div class='ocr_carea' id='block_1_62' title="bbox 3557 173 3706 194">
    <p class='ocr_par' dir='ltr' id='par_1_62' title="bbox 3557 173 3706 194">
     <span class='ocr_line' id='line_1_62' title="bbox 3557 173 3706 194; baseline 0 -16"><span class='ocrx_word' id='word_1_445' title='bbox 3557 173 3564 178; x_wconf 88' lang='lat'><strong>.</strong></span> <span class='ocrx_word' id='word_1_446' title='bbox 3615 175 3706 194; x_wconf 35' lang='grc' dir='ltr'><strong>Ὗ...</strong></span> 
     </span>
    </p>
   </div>
   <div class='ocr_carea' id='block_1_63' title="bbox 3741 331 3873 392">
    <p class='ocr_par' dir='ltr' id='par_1_63' title="bbox 3741 331 3873 392">
     <span class='ocr_line' id='line_1_63' title="bbox 3741 331 3873 392; baseline -0.008 0"><span class='ocrx_word' id='word_1_447' title='bbox 3741 331 3873 392; x_wconf 69' lang='grc'>10⁸12</span> 
     </span>
    </p>
   </div>
   <div class='ocr_carea' id='block_1_64' title="bbox 2289 456 3875 530">
    <p class='ocr_par' dir='ltr' id='par_1_64' title="bbox 2289 456 3875 530">
     <span class='ocr_line' id='line_1_64' title="bbox 2289 456 3875 530; baseline 0.006 -21"><span class='ocrx_word' id='word_1_448' title='bbox 2289 456 2545 528; x_wconf 88' lang='lat' dir='ltr'><strong>corporis</strong></span> <span class='ocrx_word' id='word_1_449' title='bbox 2559 457 3003 525; x_wconf 77' lang='lat' dir='ltr'><strong>ﬁt,assumendo</strong></span> <span class='ocrx_word' id='word_1_450' title='bbox 3020 473 3149 514; x_wconf 87' lang='lat' dir='ltr'><strong>eam</strong></span> <span class='ocrx_word' id='word_1_451' title='bbox 3164 459 3222 514; x_wconf 91' lang='lat' dir='ltr'><strong>in</strong></span> <span class='ocrx_word' id='word_1_452' title='bbox 3247 474 3363 530; x_wconf 90' lang='lat' dir='ltr'><strong>qua</strong></span> <span class='ocrx_word' id='word_1_453' title='bbox 3376 457 3752 516; x_wconf 79' lang='lat' dir='ltr'><strong>manifestatur</strong></span> <span class='ocrx_word' id='word_1_454' title='bbox 3764 478 3875 518; x_wconf 84' lang='lat' dir='ltr'><strong>sen-</strong></span> 
     </span>
    </p>
   </div>
   <div class='ocr_carea' id='block_1_65' title="bbox 2290 544 3871 617">
    <p class='ocr_par' dir='ltr' id='par_1_65' title="bbox 2290 544 3871 617">
     <span class='ocr_line' id='line_1_65' title="bbox 2290 544 3871 617; baseline 0.004 -17"><span class='ocrx_word' id='word_1_455' title='bbox 2290 544 2456 600; x_wconf 90' lang='lat' dir='ltr'><strong>sibus</strong></span> <span class='ocrx_word' id='word_1_456' title='bbox 2481 545 2785 602; x_wconf 88' lang='lat' dir='ltr'><strong>hominum</strong></span> <span class='ocrx_word' id='word_1_457' title='bbox 2812 564 2824 615; x_wconf 92' lang='lat'>;</span> <span class='ocrx_word' id='word_1_458' title='bbox 2851 547 3007 602; x_wconf 91' lang='lat' dir='ltr'><strong>sicut</strong></span> <span class='ocrx_word' id='word_1_459' title='bbox 3023 547 3280 603; x_wconf 91' lang='lat' dir='ltr'><strong>Verbum</strong></span> <span class='ocrx_word' id='word_1_460' title='bbox 3306 547 3402 602; x_wconf 89' lang='lat' dir='ltr'><strong>Dei</strong></span> <span class='ocrx_word' id='word_1_461' title='bbox 3427 563 3554 604; x_wconf 90' lang='lat' dir='ltr'><strong>caro</strong></span> <span class='ocrx_word' id='word_1_462' title='bbox 3571 547 3763 604; x_wconf 83' lang='lat' dir='ltr'><strong>factum</strong></span> <span class='ocrx_word' id='word_1_463' title='bbox 3781 555 3871 617; x_wconf 88' lang='lat' dir='ltr'><strong>est,</strong></span> 
     </span>
    </p>
   </div>
   <div class='ocr_carea' id='block_1_66' title="bbox 2292 635 3884 708">
    <p class='ocr_par' dir='ltr' id='par_1_66' title="bbox 2292 635 3884 708">
     <span class='ocr_line' id='line_1_66' title="bbox 2292 635 3884 708; baseline 0.004 -19"><span class='ocrx_word' id='word_1_464' title='bbox 2292 636 2647 690; x_wconf 82' lang='lat' dir='ltr'><strong>assumenda</strong></span> <span class='ocrx_word' id='word_1_465' title='bbox 2672 652 2796 690; x_wconf 90' lang='lat' dir='ltr'><strong>eam</strong></span> <span class='ocrx_word' id='word_1_466' title='bbox 2823 636 2879 690; x_wconf 92' lang='lat' dir='ltr'><strong>in</strong></span> <span class='ocrx_word' id='word_1_467' title='bbox 2896 653 3010 708; x_wconf 87' lang='lat' dir='ltr'><strong>qua</strong></span> <span class='ocrx_word' id='word_1_468' title='bbox 3022 637 3283 708; x_wconf 89' lang='lat' dir='ltr'><strong>etipsum</strong></span> <span class='ocrx_word' id='word_1_469' title='bbox 3309 635 3753 692; x_wconf 83' lang='lat' dir='ltr'><strong>manifestaretur</strong></span> <span class='ocrx_word' id='word_1_470' title='bbox 3769 654 3884 694; x_wconf 86' lang='lat' dir='ltr'><strong>sen-</strong></span> 
     </span>
    </p>
   </div>
   <div class='ocr_carea' id='block_1_67' title="bbox 2292 723 3883 795">
    <p class='ocr_par' dir='ltr' id='par_1_67' title="bbox 2292 723 3883 795">
     <span class='ocr_line' id='line_1_67' title="bbox 2292 723 3883 795; baseline 0.001 -16"><span class='ocrx_word' id='word_1_471' title='bbox 2292 723 2457 779; x_wconf 88' lang='lat' dir='ltr'><strong>sibus</strong></span> <span class='ocrx_word' id='word_1_472' title='bbox 2488 723 2814 780; x_wconf 89' lang='lat' dir='ltr'><strong>hominum.</strong></span> <span class='ocrx_word' id='word_1_473' title='bbox 2851 725 2918 780; x_wconf 88' lang='lat' dir='ltr'><strong>Et</strong></span> <span class='ocrx_word' id='word_1_474' title='bbox 2949 725 3103 780; x_wconf 87' lang='lat' dir='ltr'><strong>sicut</strong></span> <span class='ocrx_word' id='word_1_475' title='bbox 3131 725 3370 782; x_wconf 86' lang='lat' dir='ltr'><strong>verbum</strong></span> <span class='ocrx_word' id='word_1_476' title='bbox 3403 731 3654 781; x_wconf 89' lang='lat' dir='ltr'><strong>nostrum</strong></span> <span class='ocrx_word' id='word_1_477' title='bbox 3685 726 3740 780; x_wconf 81' lang='lat' dir='ltr'><strong>ﬁt</strong></span> <span class='ocrx_word' id='word_1_478' title='bbox 3775 743 3883 795; x_wconf 77' lang='lat' dir='ltr'><strong>vos,</strong></span> 
     </span>
    </p>
   </div>
   <div class='ocr_carea' id='block_1_68' title="bbox 2293 813 3884 886">
    <p class='ocr_par' dir='ltr' id='par_1_68' title="bbox 2293 813 3884 886">
     <span class='ocr_line' id='line_1_68' title="bbox 2293 813 3884 886; baseline 0.003 -18"><span class='ocrx_word' id='word_1_479' title='bbox 2293 829 2397 868; x_wconf 89' lang='lat' dir='ltr'><strong>nec</strong></span> <span class='ocrx_word' id='word_1_480' title='bbox 2420 813 2752 869; x_wconf 88' lang='lat' dir='ltr'><strong>mulaturin</strong></span> <span class='ocrx_word' id='word_1_481' title='bbox 2776 829 3006 883; x_wconf 87' lang='lat' dir='ltr'><strong>vocem;</strong></span> <span class='ocrx_word' id='word_1_482' title='bbox 3032 814 3112 868; x_wconf 89' lang='lat' dir='ltr'><strong>ita</strong></span> <span class='ocrx_word' id='word_1_483' title='bbox 3131 813 3385 870; x_wconf 87' lang='lat' dir='ltr'><strong>Verbum</strong></span> <span class='ocrx_word' id='word_1_484' title='bbox 3408 813 3504 869; x_wconf 91' lang='lat' dir='ltr'><strong>Dei</strong></span> <span class='ocrx_word' id='word_1_485' title='bbox 3531 830 3655 870; x_wconf 88' lang='lat' dir='ltr'><strong>caro</strong></span> <span class='ocrx_word' id='word_1_486' title='bbox 3684 814 3884 886; x_wconf 86' lang='lat' dir='ltr'><strong>quidem</strong></span> 
     </span>
    </p>
   </div>
   <div class='ocr_carea' id='block_1_69' title="bbox 2293 901 3889 972">
    <p class='ocr_par' dir='ltr' id='par_1_69' title="bbox 2293 901 3889 972">
     <span class='ocr_line' id='line_1_69' title="bbox 2293 901 3889 972; baseline 0.001 -16"><span class='ocrx_word' id='word_1_487' title='bbox 2293 902 2508 957; x_wconf 89' lang='lat' dir='ltr'><strong>factum</strong></span> <span class='ocrx_word' id='word_1_488' title='bbox 2533 906 2640 972; x_wconf 89' lang='lat' dir='ltr'><strong>est,</strong></span> <span class='ocrx_word' id='word_1_489' title='bbox 2661 903 2760 959; x_wconf 89' lang='lat' dir='ltr'><strong>sed</strong></span> <span class='ocrx_word' id='word_1_490' title='bbox 2785 902 3019 959; x_wconf 89' lang='lat' dir='ltr'><strong>absitut</strong></span> <span class='ocrx_word' id='word_1_491' title='bbox 3040 905 3365 957; x_wconf 87' lang='lat' dir='ltr'><strong>mutaretur</strong></span> <span class='ocrx_word' id='word_1_492' title='bbox 3387 901 3443 957; x_wconf 92' lang='lat' dir='ltr'><strong>in</strong></span> <span class='ocrx_word' id='word_1_493' title='bbox 3467 917 3708 956; x_wconf 89' lang='lat' dir='ltr'><strong>carnem.</strong></span> <span class='ocrx_word' id='word_1_494' title='bbox 3743 906 3889 958; x_wconf 82' lang='lat' dir='ltr'><strong>Assu-</strong></span> 
     </span>
    </p>
   </div>
   <div class='ocr_carea' id='block_1_70' title="bbox 2293 989 3888 1062">
    <p class='ocr_par' dir='ltr' id='par_1_70' title="bbox 2293 989 3888 1062">
     <span class='ocr_line' id='line_1_70' title="bbox 2293 989 3888 1062; baseline 0.001 -18"><span class='ocrx_word' id='word_1_495' title='bbox 2293 991 2502 1045; x_wconf 88' lang='lat' dir='ltr'><strong>mendo</strong></span> <span class='ocrx_word' id='word_1_496' title='bbox 2526 990 2741 1062; x_wconf 90' lang='lat' dir='ltr'><strong>quippe</strong></span> <span class='ocrx_word' id='word_1_497' title='bbox 2764 989 2944 1058; x_wconf 87' lang='lat' dir='ltr'><strong>illam,</strong></span> <span class='ocrx_word' id='word_1_498' title='bbox 2971 1007 3084 1046; x_wconf 90' lang='lat' dir='ltr'><strong>non</strong></span> <span class='ocrx_word' id='word_1_499' title='bbox 3109 990 3164 1045; x_wconf 92' lang='lat' dir='ltr'><strong>in</strong></span> <span class='ocrx_word' id='word_1_500' title='bbox 3186 1006 3312 1046; x_wconf 89' lang='lat' dir='ltr'><strong>eam</strong></span> <span class='ocrx_word' id='word_1_501' title='bbox 3338 1006 3397 1046; x_wconf 92' lang='lat' dir='ltr'><strong>se</strong></span> <span class='ocrx_word' id='word_1_502' title='bbox 3423 990 3809 1055; x_wconf 90' lang='lat' dir='ltr'><strong>consumendo,</strong></span> <span class='ocrx_word' id='word_1_503' title='bbox 3844 995 3888 1046; x_wconf 88' lang='lat' dir='ltr'><strong>et</strong></span> 
     </span>
    </p>
   </div>
   <div class='ocr_carea' id='block_1_71' title="bbox 2293 1078 3888 1145">
    <p class='ocr_par' dir='ltr' id='par_1_71' title="bbox 2293 1078 3888 1145">
     <span class='ocr_line' id='line_1_71' title="bbox 2293 1078 3888 1145; baseline 0.001 -13"><span class='ocrx_word' id='word_1_504' title='bbox 2293 1079 2400 1134; x_wconf 89' lang='lat' dir='ltr'><strong>hoc</strong></span> <span class='ocrx_word' id='word_1_505' title='bbox 2424 1084 2689 1135; x_wconf 83' lang='lat' dir='ltr'><strong>nostrum</strong></span> <span class='ocrx_word' id='word_1_506' title='bbox 2711 1097 2820 1135; x_wconf 84' lang='lat' dir='ltr'><strong>vox</strong></span> <span class='ocrx_word' id='word_1_507' title='bbox 2838 1080 2923 1145; x_wconf 81' lang='lat' dir='ltr'><strong>fit,</strong></span> <span class='ocrx_word' id='word_1_508' title='bbox 2955 1084 3011 1134; x_wconf 89' lang='lat' dir='ltr'><strong>et</strong></span> <span class='ocrx_word' id='word_1_509' title='bbox 3037 1078 3181 1134; x_wconf 93' lang='lat' dir='ltr'><strong>illud</strong></span> <span class='ocrx_word' id='word_1_510' title='bbox 3216 1096 3348 1135; x_wconf 90' lang='lat' dir='ltr'><strong>caro</strong></span> <span class='ocrx_word' id='word_1_511' title='bbox 3390 1080 3603 1134; x_wconf 85' lang='lat' dir='ltr'><strong>factum</strong></span> <span class='ocrx_word' id='word_1_512' title='bbox 3641 1084 3739 1134; x_wconf 89' lang='lat' dir='ltr'><strong>est.</strong></span> <span class='ocrx_word' id='word_1_513' title='bbox 3768 1080 3888 1142; x_wconf 79' lang='lat' dir='ltr'><strong>Qua-</strong></span> 
     </span>
    </p>
   </div>
   <div class='ocr_carea' id='block_1_72' title="bbox 2295 1167 3890 1240">
    <p class='ocr_par' dir='ltr' id='par_1_72' title="bbox 2295 1167 3890 1240">
     <span class='ocr_line' id='line_1_72' title="bbox 2295 1167 3890 1240; baseline 0 -18"><span class='ocrx_word' id='word_1_514' title='bbox 2295 1167 3890 1240; x_wconf 87' lang='lat' dir='ltr'><strong>propterquicumquecupitadqualemcumquesimilitu-</strong></span> 
     </span>
    </p>
   </div>
   <div class='ocr_carea' id='block_1_73' title="bbox 2294 1254 3889 1329">
    <p class='ocr_par' dir='ltr' id='par_1_73' title="bbox 2294 1254 3889 1329">
     <span class='ocr_line' id='line_1_73' title="bbox 2294 1254 3889 1329; baseline 0 -19"><span class='ocrx_word' id='word_1_515' title='bbox 2294 1255 2491 1311; x_wconf 89' lang='lat' dir='ltr'><strong>dinem</strong></span> <span class='ocrx_word' id='word_1_516' title='bbox 2520 1256 2693 1312; x_wconf 86' lang='lat' dir='ltr'><strong>Verbi</strong></span> <span class='ocrx_word' id='word_1_517' title='bbox 2729 1257 2848 1327; x_wconf 91' lang='lat' dir='ltr'><strong>Dei,</strong></span> <span class='ocrx_word' id='word_1_518' title='bbox 2881 1257 3152 1328; x_wconf 89' lang='lat' dir='ltr'><strong>quamvis</strong></span> <span class='ocrx_word' id='word_1_519' title='bbox 3184 1272 3286 1329; x_wconf 93' lang='lat' dir='ltr'><strong>per</strong></span> <span class='ocrx_word' id='word_1_520' title='bbox 3330 1254 3517 1312; x_wconf 89' lang='lat' dir='ltr'><strong>multa</strong></span> <span class='ocrx_word' id='word_1_521' title='bbox 3566 1255 3889 1323; x_wconf 85' lang='lat' dir='ltr'><strong>dissimilem,</strong></span> 
     </span>
    </p>
   </div>
   <div class='ocr_carea' id='block_1_74' title="bbox 2295 1344 3895 1417">
    <p class='ocr_par' dir='ltr' id='par_1_74' title="bbox 2295 1344 3895 1417">
     <span class='ocr_line' id='line_1_74' title="bbox 2295 1344 3895 1417; baseline 0 -18"><span class='ocrx_word' id='word_1_522' title='bbox 2295 1345 2735 1417; x_wconf 63' lang='lat' dir='ltr'><strong>perveniremon</strong></span> <span class='ocrx_word' id='word_1_523' title='bbox 2752 1346 3298 1402; x_wconf 83' lang='lat' dir='ltr'><strong>intueaturverbum</strong></span> <span class='ocrx_word' id='word_1_524' title='bbox 3315 1349 3578 1402; x_wconf 89' lang='lat' dir='ltr'><strong>nostrum</strong></span> <span class='ocrx_word' id='word_1_525' title='bbox 3597 1344 3739 1415; x_wconf 90' lang='lat' dir='ltr'><strong>quod</strong></span> <span class='ocrx_word' id='word_1_526' title='bbox 3759 1350 3895 1400; x_wconf 87' lang='lat' dir='ltr'><strong>sonat</strong></span> 
     </span>
    </p>
   </div>
   <div class='ocr_carea' id='block_1_75' title="bbox 2295 1432 3894 1506">
    <p class='ocr_par' dir='ltr' id='par_1_75' title="bbox 2295 1432 3894 1506">
     <span class='ocr_line' id='line_1_75' title="bbox 2295 1432 3894 1506; baseline -0.001 -17"><span class='ocrx_word' id='word_1_527' title='bbox 2295 1434 2355 1489; x_wconf 91' lang='lat' dir='ltr'><strong>in</strong></span> <span class='ocrx_word' id='word_1_528' title='bbox 2380 1435 2643 1500; x_wconf 89' lang='lat' dir='ltr'><strong>auribus,</strong></span> <span class='ocrx_word' id='word_1_529' title='bbox 2668 1451 2771 1490; x_wconf 89' lang='lat' dir='ltr'><strong>nec</strong></span> <span class='ocrx_word' id='word_1_530' title='bbox 2787 1437 3020 1506; x_wconf 90' lang='lat' dir='ltr'><strong>quando</strong></span> <span class='ocrx_word' id='word_1_531' title='bbox 3040 1451 3179 1490; x_wconf 91' lang='lat' dir='ltr'><strong>voce</strong></span> <span class='ocrx_word' id='word_1_532' title='bbox 3205 1434 3512 1505; x_wconf 85' lang='lat' dir='ltr'><strong>profertur,</strong></span> <span class='ocrx_word' id='word_1_533' title='bbox 3560 1449 3661 1489; x_wconf 89' lang='lat' dir='ltr'><strong>nec</strong></span> <span class='ocrx_word' id='word_1_534' title='bbox 3701 1432 3894 1505; x_wconf 86' lang='lat' dir='ltr'><strong>quando</strong></span> 
     </span>
    </p>
   </div>
   <div class='ocr_carea' id='block_1_76' title="bbox 2297 1521 3900 1597">
    <p class='ocr_par' dir='ltr' id='par_1_76' title="bbox 2297 1521 3900 1597">
     <span class='ocr_line' id='line_1_76' title="bbox 2297 1521 3900 1597; baseline -0.001 -19"><span class='ocrx_word' id='word_1_535' title='bbox 2297 1522 2528 1579; x_wconf 89' lang='lat' dir='ltr'><strong>silentio</strong></span> <span class='ocrx_word' id='word_1_536' title='bbox 2543 1523 3135 1597; x_wconf 88' lang='lat' dir='ltr'><strong>cogitatur.0mnium</strong></span> <span class='ocrx_word' id='word_1_537' title='bbox 3150 1539 3401 1592; x_wconf 82' lang='lat' dir='ltr'><strong>namque</strong></span> <span class='ocrx_word' id='word_1_538' title='bbox 3416 1522 3744 1578; x_wconf 87' lang='lat' dir='ltr'><strong>sonantium</strong></span> <span class='ocrx_word' id='word_1_539' title='bbox 3758 1521 3900 1576; x_wconf 83' lang='lat' dir='ltr'><strong>verba</strong></span> 
     </span>
    </p>
   </div>
   <div class='ocr_carea' id='block_1_77' title="bbox 2298 1610 3903 1685">
    <p class='ocr_par' dir='ltr' id='par_1_77' title="bbox 2298 1610 3903 1685">
     <span class='ocr_line' id='line_1_77' title="bbox 2298 1610 3903 1685; baseline -0.001 -18"><span class='ocrx_word' id='word_1_540' title='bbox 2298 1613 2636 1685; x_wconf 86' lang='lat' dir='ltr'><strong>linguarum</strong></span> <span class='ocrx_word' id='word_1_541' title='bbox 2657 1612 2833 1668; x_wconf 89' lang='lat' dir='ltr'><strong>etiam</strong></span> <span class='ocrx_word' id='word_1_542' title='bbox 2867 1613 2926 1668; x_wconf 90' lang='lat' dir='ltr'><strong>in</strong></span> <span class='ocrx_word' id='word_1_543' title='bbox 2958 1611 3190 1668; x_wconf 86' lang='lat' dir='ltr'><strong>silentio</strong></span> <span class='ocrx_word' id='word_1_544' title='bbox 3223 1611 3574 1683; x_wconf 87' lang='lat' dir='ltr'><strong>cogitantur,</strong></span> <span class='ocrx_word' id='word_1_545' title='bbox 3598 1615 3652 1667; x_wconf 89' lang='lat' dir='ltr'><strong>et</strong></span> <span class='ocrx_word' id='word_1_546' title='bbox 3681 1610 3903 1666; x_wconf 85' lang='lat' dir='ltr'><strong>carmina</strong></span> 
     </span>
    </p>
   </div>
   <div class='ocr_carea' id='block_1_78' title="bbox 2297 1698 3902 1772">
    <p class='ocr_par' dir='ltr' id='par_1_78' title="bbox 2297 1698 3902 1772">
     <span class='ocr_line' id='line_1_78' title="bbox 2297 1698 3902 1772; baseline -0.003 -14"><span class='ocrx_word' id='word_1_547' title='bbox 2297 1707 2719 1772; x_wconf 88' lang='lat' dir='ltr'><strong>percurruntur</strong></span> <span class='ocrx_word' id='word_1_548' title='bbox 2735 1701 3186 1769; x_wconf 89' lang='lat' dir='ltr'><strong>animo,tacente</strong></span> <span class='ocrx_word' id='word_1_549' title='bbox 3209 1717 3304 1756; x_wconf 90' lang='lat' dir='ltr'><strong>ore</strong></span> <span class='ocrx_word' id='word_1_550' title='bbox 3325 1699 3613 1770; x_wconf 90' lang='lat' dir='ltr'><strong>corporis:</strong></span> <span class='ocrx_word' id='word_1_551' title='bbox 3636 1716 3731 1755; x_wconf 90' lang='lat' dir='ltr'><strong>nec</strong></span> <span class='ocrx_word' id='word_1_552' title='bbox 3744 1698 3902 1755; x_wconf 83' lang='lat' dir='ltr'><strong>solum</strong></span> 
     </span>
    </p>
   </div>
   <div class='ocr_carea' id='block_1_79' title="bbox 2300 1787 3905 1864">
    <p class='ocr_par' dir='ltr' id='par_1_79' title="bbox 2300 1787 3905 1864">
     <span class='ocr_line' id='line_1_79' title="bbox 2300 1787 3905 1864; baseline -0.002 -18"><span class='ocrx_word' id='word_1_553' title='bbox 2300 1793 2528 1847; x_wconf 91' lang='lat' dir='ltr'><strong>numeri</strong></span> <span class='ocrx_word' id='word_1_554' title='bbox 2547 1791 3134 1864; x_wconf 82' lang='lat' dir='ltr'><strong>syllabarum,verum</strong></span> <span class='ocrx_word' id='word_1_555' title='bbox 3149 1790 3323 1845; x_wconf 88' lang='lat' dir='ltr'><strong>etiam</strong></span> <span class='ocrx_word' id='word_1_556' title='bbox 3345 1789 3504 1844; x_wconf 89' lang='lat' dir='ltr'><strong>modi</strong></span> <span class='ocrx_word' id='word_1_557' title='bbox 3519 1787 3905 1845; x_wconf 86' lang='lat' dir='ltr'><strong>cantilenarum</strong></span> 
     </span>
    </p>
   </div>
   <div class='ocr_carea' id='block_1_80' title="bbox 2299 1877 3907 1951">
    <p class='ocr_par' dir='ltr' id='par_1_80' title="bbox 2299 1877 3907 1951">
     <span class='ocr_line' id='line_1_80' title="bbox 2299 1877 3907 1951; baseline -0.001 -17"><span class='ocrx_word' id='word_1_558' title='bbox 2299 1897 2431 1934; x_wconf 90' lang='lat' dir='ltr'><strong>cum</strong></span> <span class='ocrx_word' id='word_1_559' title='bbox 2455 1879 2572 1935; x_wconf 91' lang='lat' dir='ltr'><strong>sint</strong></span> <span class='ocrx_word' id='word_1_560' title='bbox 2591 1879 2941 1951; x_wconf 89' lang='lat' dir='ltr'><strong>corporales,</strong></span> <span class='ocrx_word' id='word_1_561' title='bbox 2967 1884 3025 1934; x_wconf 90' lang='lat' dir='ltr'><strong>et</strong></span> <span class='ocrx_word' id='word_1_562' title='bbox 3040 1879 3108 1934; x_wconf 90' lang='lat' dir='ltr'><strong>ad</strong></span> <span class='ocrx_word' id='word_1_563' title='bbox 3133 1895 3288 1945; x_wconf 88' lang='lat' dir='ltr'><strong>eum,</strong></span> <span class='ocrx_word' id='word_1_564' title='bbox 3313 1877 3414 1949; x_wconf 91' lang='lat' dir='ltr'><strong>qui</strong></span> <span class='ocrx_word' id='word_1_565' title='bbox 3429 1882 3664 1933; x_wconf 90' lang='lat' dir='ltr'><strong>vocatur</strong></span> <span class='ocrx_word' id='word_1_566' title='bbox 3683 1877 3907 1945; x_wconf 88' lang='lat' dir='ltr'><strong>auditus,</strong></span> 
     </span>
    </p>
   </div>
   <div class='ocr_carea' id='block_1_81' title="bbox 2300 1967 3908 2041">
    <p class='ocr_par' dir='ltr' id='par_1_81' title="bbox 2300 1967 3908 2041">
     <span class='ocr_line' id='line_1_81' title="bbox 2300 1967 3908 2041; baseline -0.001 -17"><span class='ocrx_word' id='word_1_567' title='bbox 2300 1986 2537 2026; x_wconf 87' lang='lat' dir='ltr'><strong>sensum</strong></span> <span class='ocrx_word' id='word_1_568' title='bbox 2557 1969 2814 2041; x_wconf 83' lang='lat' dir='ltr'><strong>corporis</strong></span> <span class='ocrx_word' id='word_1_569' title='bbox 2829 1969 3208 2041; x_wconf 88' lang='lat' dir='ltr'><strong>pertinentes,</strong></span> <span class='ocrx_word' id='word_1_570' title='bbox 3233 1984 3334 2039; x_wconf 92' lang='lat' dir='ltr'><strong>per</strong></span> <span class='ocrx_word' id='word_1_571' title='bbox 3362 1967 3730 2039; x_wconf 86' lang='lat' dir='ltr'><strong>incorporeas</strong></span> <span class='ocrx_word' id='word_1_572' title='bbox 3762 1982 3908 2038; x_wconf 84' lang='lat' dir='ltr'><strong>quas-</strong></span> 
     </span>
    </p>
   </div>
   <div class='ocr_carea' id='block_1_82' title="bbox 2301 2055 3908 2129">
    <p class='ocr_par' dir='ltr' id='par_1_82' title="bbox 2301 2055 3908 2129">
     <span class='ocr_line' id='line_1_82' title="bbox 2301 2055 3908 2129; baseline -0.002 -16"><span class='ocrx_word' id='word_1_573' title='bbox 2301 2059 2433 2114; x_wconf 88' lang='lat' dir='ltr'><strong>dam</strong></span> <span class='ocrx_word' id='word_1_574' title='bbox 2450 2057 2735 2129; x_wconf 89' lang='lat' dir='ltr'><strong>imagines</strong></span> <span class='ocrx_word' id='word_1_575' title='bbox 2750 2075 2887 2113; x_wconf 90' lang='lat' dir='ltr'><strong>suas</strong></span> <span class='ocrx_word' id='word_1_576' title='bbox 2905 2062 3116 2129; x_wconf 74' lang='lat' dir='ltr'><strong>praesto</strong></span> <span class='ocrx_word' id='word_1_577' title='bbox 3135 2061 3268 2112; x_wconf 91' lang='lat' dir='ltr'><strong>sunt</strong></span> <span class='ocrx_word' id='word_1_578' title='bbox 3281 2055 3754 2128; x_wconf 88' lang='lat' dir='ltr'><strong>cogitantibus,et</strong></span> <span class='ocrx_word' id='word_1_579' title='bbox 3767 2055 3908 2110; x_wconf 84' lang='lat' dir='ltr'><strong>tacite</strong></span> 
     </span>
    </p>
   </div>
   <div class='ocr_carea' id='block_1_83' title="bbox 2300 2144 3912 2209">
    <p class='ocr_par' dir='ltr' id='par_1_83' title="bbox 2300 2144 3912 2209">
     <span class='ocr_line' id='line_1_83' title="bbox 2300 2144 3912 2209; baseline -0.002 -7"><span class='ocrx_word' id='word_1_580' title='bbox 2300 2152 2508 2202; x_wconf 89' lang='lat' dir='ltr'><strong>cuncta</strong></span> <span class='ocrx_word' id='word_1_581' title='bbox 2526 2146 2639 2202; x_wconf 86' lang='lat' dir='ltr'><strong>ista</strong></span> <span class='ocrx_word' id='word_1_582' title='bbox 2650 2146 3035 2202; x_wconf 88' lang='lat' dir='ltr'><strong>volventibus.</strong></span> <span class='ocrx_word' id='word_1_583' title='bbox 3055 2146 3162 2201; x_wconf 89' lang='lat' dir='ltr'><strong>Sed</strong></span> <span class='ocrx_word' id='word_1_584' title='bbox 3178 2145 3539 2200; x_wconf 90' lang='lat' dir='ltr'><strong>transeundo</strong></span> <span class='ocrx_word' id='word_1_585' title='bbox 3555 2144 3829 2209; x_wconf 75' lang='lat' dir='ltr'><strong>sunthaec,</strong></span> <span class='ocrx_word' id='word_1_586' title='bbox 3861 2147 3912 2198; x_wconf 87' lang='lat' dir='ltr'><strong>ut</strong></span> 
     </span>
    </p>
   </div>
   <div class='ocr_carea' id='block_1_84' title="bbox 2300 2231 3915 2304">
    <p class='ocr_par' dir='ltr' id='par_1_84' title="bbox 2300 2231 3915 2304">
     <span class='ocr_line' id='line_1_84' title="bbox 2300 2231 3915 2304; baseline -0.002 -16"><span class='ocrx_word' id='word_1_587' title='bbox 2300 2231 3178 2304; x_wconf 88' lang='lat' dir='ltr'><strong>adilludperveniaturhominis</strong></span> <span class='ocrx_word' id='word_1_588' title='bbox 3191 2233 3454 2298; x_wconf 89' lang='lat' dir='ltr'><strong>verbum,</strong></span> <span class='ocrx_word' id='word_1_589' title='bbox 3472 2249 3576 2304; x_wconf 90' lang='lat' dir='ltr'><strong>per</strong></span> <span class='ocrx_word' id='word_1_590' title='bbox 3612 2233 3770 2301; x_wconf 88' lang='lat' dir='ltr'><strong>cujus</strong></span> <span class='ocrx_word' id='word_1_591' title='bbox 3794 2247 3915 2302; x_wconf 89' lang='lat' dir='ltr'><strong>qua-</strong></span> 
     </span>
    </p>
   </div>
   <div class='ocr_carea' id='block_1_85' title="bbox 2299 2320 3914 2393">
    <p class='ocr_par' dir='ltr' id='par_1_85' title="bbox 2299 2320 3914 2393">
     <span class='ocr_line' id='line_1_85' title="bbox 2299 2320 3914 2393; baseline -0.001 -17"><span class='ocrx_word' id='word_1_592' title='bbox 2299 2321 2666 2392; x_wconf 89' lang='lat' dir='ltr'><strong>lemcumque</strong></span> <span class='ocrx_word' id='word_1_593' title='bbox 2681 2321 3126 2378; x_wconf 89' lang='lat' dir='ltr'><strong>similitudinem</strong></span> <span class='ocrx_word' id='word_1_594' title='bbox 3142 2321 3295 2376; x_wconf 85' lang='lat' dir='ltr'><strong>sicut</strong></span> <span class='ocrx_word' id='word_1_595' title='bbox 3327 2322 3385 2376; x_wconf 90' lang='lat' dir='ltr'><strong>in</strong></span> <span class='ocrx_word' id='word_1_596' title='bbox 3415 2321 3719 2393; x_wconf 73' lang='lat' dir='ltr'><strong>aenigmate</strong></span> <span class='ocrx_word' id='word_1_597' title='bbox 3746 2320 3914 2375; x_wconf 87' lang='lat' dir='ltr'><strong>videa-</strong></span> 
     </span>
    </p>
   </div>
   <div class='ocr_carea' id='block_1_86' title="bbox 2299 2409 3913 2482">
    <p class='ocr_par' dir='ltr' id='par_1_86' title="bbox 2299 2409 3913 2482">
     <span class='ocr_line' id='line_1_86' title="bbox 2299 2409 3913 2482; baseline -0.001 -17"><span class='ocrx_word' id='word_1_598' title='bbox 2299 2415 2396 2465; x_wconf 88' lang='lat' dir='ltr'><strong>tur</strong></span> <span class='ocrx_word' id='word_1_599' title='bbox 2413 2415 2733 2482; x_wconf 89' lang='lat' dir='ltr'><strong>utcumque</strong></span> <span class='ocrx_word' id='word_1_600' title='bbox 2752 2411 2846 2466; x_wconf 88' lang='lat' dir='ltr'><strong>Dei</strong></span> <span class='ocrx_word' id='word_1_601' title='bbox 2859 2410 3112 2465; x_wconf 89' lang='lat' dir='ltr'><strong>Verbum</strong></span> <span class='ocrx_word' id='word_1_602' title='bbox 3132 2428 3144 2464; x_wconf 92' lang='lat'><strong>:</strong></span> <span class='ocrx_word' id='word_1_603' title='bbox 3162 2427 3276 2465; x_wconf 90' lang='lat' dir='ltr'><strong>non</strong></span> <span class='ocrx_word' id='word_1_604' title='bbox 3294 2410 3438 2465; x_wconf 90' lang='lat' dir='ltr'><strong>illud</strong></span> <span class='ocrx_word' id='word_1_605' title='bbox 3455 2409 3611 2481; x_wconf 89' lang='lat' dir='ltr'><strong>quod</strong></span> <span class='ocrx_word' id='word_1_606' title='bbox 3629 2409 3828 2464; x_wconf 84' lang='lat' dir='ltr'><strong>factum</strong></span> <span class='ocrx_word' id='word_1_607' title='bbox 3842 2412 3913 2464; x_wconf 84' lang='lat' dir='ltr'><strong>est</strong></span> 
     </span>
    </p>
   </div>
   <div class='ocr_carea' id='block_1_87' title="bbox 2302 2497 3909 2571">
    <p class='ocr_par' dir='ltr' id='par_1_87' title="bbox 2302 2497 3909 2571">
     <span class='ocr_line' id='line_1_87' title="bbox 2302 2497 3909 2571; baseline -0.002 -17"><span class='ocrx_word' id='word_1_608' title='bbox 2302 2498 2657 2554; x_wconf 89' lang='lat' dir='ltr'><strong>adillumvel</strong></span> <span class='ocrx_word' id='word_1_609' title='bbox 2675 2499 2838 2555; x_wconf 88' lang='lat' dir='ltr'><strong>illum</strong></span> <span class='ocrx_word' id='word_1_610' title='bbox 2854 2498 3220 2571; x_wconf 90' lang='lat' dir='ltr'><strong>prophetam,</strong></span> <span class='ocrx_word' id='word_1_611' title='bbox 3247 2499 3394 2554; x_wconf 89' lang='lat' dir='ltr'><strong>etde</strong></span> <span class='ocrx_word' id='word_1_612' title='bbox 3417 2515 3533 2568; x_wconf 92' lang='lat' dir='ltr'><strong>quo</strong></span> <span class='ocrx_word' id='word_1_613' title='bbox 3577 2497 3791 2552; x_wconf 89' lang='lat' dir='ltr'><strong>dictum</strong></span> <span class='ocrx_word' id='word_1_614' title='bbox 3821 2501 3909 2564; x_wconf 87' lang='lat' dir='ltr'><strong>est,</strong></span> 
     </span>
    </p>
   </div>
   <div class='ocr_carea' id='block_1_88' title="bbox 2305 2586 3913 2660">
    <p class='ocr_par' dir='ltr' id='par_1_88' title="bbox 2305 2586 3913 2660">
     <span class='ocr_line' id='line_1_88' title="bbox 2305 2586 3913 2660; baseline -0.002 -18"><span class='ocrx_word' id='word_1_615' title='bbox 2305 2589 2546 2644; x_wconf 81' lang='lat' dir='ltr'><strong>Verbum</strong></span> <span class='ocrx_word' id='word_1_616' title='bbox 2567 2593 2748 2643; x_wconf 84' lang='lat' dir='ltr'><strong>autem</strong></span> <span class='ocrx_word' id='word_1_617' title='bbox 2778 2589 2879 2644; x_wconf 87' lang='lat' dir='ltr'><strong>Dei</strong></span> <span class='ocrx_word' id='word_1_618' title='bbox 2903 2588 3166 2644; x_wconf 75' lang='lat' dir='ltr'><strong>crescebat</strong></span> <span class='ocrx_word' id='word_1_619' title='bbox 3196 2591 3246 2643; x_wconf 89' lang='lat' dir='ltr'><strong>et</strong></span> <span class='ocrx_word' id='word_1_620' title='bbox 3277 2586 3754 2660; x_wconf 82' lang='lat' dir='ltr'><strong>multiplicabatur</strong></span> <span class='ocrx_word' id='word_1_621' title='bbox 3789 2587 3913 2657; x_wconf 74' lang='grc' dir='ltr'><strong>(Αεε.</strong></span> 
     </span>
    </p>
   </div>
   <div class='ocr_carea' id='block_1_89' title="bbox 2301 2675 3918 2748">
    <p class='ocr_par' dir='ltr' id='par_1_89' title="bbox 2301 2675 3918 2748">
     <span class='ocr_line' id='line_1_89' title="bbox 2301 2675 3918 2748; baseline -0.001 -17"><span class='ocrx_word' id='word_1_622' title='bbox 2301 2679 2457 2745; x_wconf 72' lang='lat' dir='ltr'><strong>v1.7)</strong></span> <span class='ocrx_word' id='word_1_623' title='bbox 2476 2694 2498 2739; x_wconf 83' lang='lat'><strong>,&#39;</strong></span> <span class='ocrx_word' id='word_1_624' title='bbox 2519 2682 2573 2733; x_wconf 91' lang='lat' dir='ltr'><strong>et</strong></span> <span class='ocrx_word' id='word_1_625' title='bbox 2605 2678 2674 2732; x_wconf 90' lang='lat' dir='ltr'><strong>de</strong></span> <span class='ocrx_word' id='word_1_626' title='bbox 2706 2694 2820 2748; x_wconf 92' lang='lat' dir='ltr'><strong>quo</strong></span> <span class='ocrx_word' id='word_1_627' title='bbox 2841 2677 3052 2732; x_wconf 89' lang='lat' dir='ltr'><strong>iterum</strong></span> <span class='ocrx_word' id='word_1_628' title='bbox 3078 2676 3300 2731; x_wconf 89' lang='lat' dir='ltr'><strong>dictum</strong></span> <span class='ocrx_word' id='word_1_629' title='bbox 3333 2680 3445 2743; x_wconf 91' lang='lat' dir='ltr'><strong>est,</strong></span> <span class='ocrx_word' id='word_1_630' title='bbox 3479 2678 3662 2744; x_wconf 89' lang='lat' dir='ltr'><strong>Igitur</strong></span> <span class='ocrx_word' id='word_1_631' title='bbox 3691 2675 3824 2746; x_wconf 81' lang='lat' dir='ltr'><strong>ﬁdes</strong></span> <span class='ocrx_word' id='word_1_632' title='bbox 3865 2689 3918 2729; x_wconf 72' lang='lat' dir='ltr'><strong>es:</strong></span> 
     </span>
    </p>
   </div>
   <div class='ocr_carea' id='block_1_90' title="bbox 2302 2763 3921 2836">
    <p class='ocr_par' dir='ltr' id='par_1_90' title="bbox 2302 2763 3921 2836">
     <span class='ocr_line' id='line_1_90' title="bbox 2302 2763 3921 2836; baseline -0.003 -15"><span class='ocrx_word' id='word_1_633' title='bbox 2302 2766 2514 2834; x_wconf 86' lang='lat' dir='ltr'><strong>auditu,</strong></span> <span class='ocrx_word' id='word_1_634' title='bbox 2539 2766 2761 2820; x_wconf 82' lang='lat' dir='ltr'><strong>auditus</strong></span> <span class='ocrx_word' id='word_1_635' title='bbox 2779 2775 2960 2820; x_wconf 89' lang='lat' dir='ltr'><strong>autem</strong></span> <span class='ocrx_word' id='word_1_636' title='bbox 2975 2781 3073 2836; x_wconf 83' lang='lat' dir='ltr'><strong>per</strong></span> <span class='ocrx_word' id='word_1_637' title='bbox 3095 2765 3319 2819; x_wconf 82' lang='lat' dir='ltr'><strong>verbum</strong></span> <span class='ocrx_word' id='word_1_638' title='bbox 3341 2764 3552 2820; x_wconf 77' lang='lat' dir='ltr'><strong>Christi</strong></span> <span class='ocrx_word' id='word_1_639' title='bbox 3570 2765 3741 2833; x_wconf 85' lang='lat' dir='ltr'><strong>(Rom.</strong></span> <span class='ocrx_word' id='word_1_640' title='bbox 3754 2781 3806 2827; x_wconf 84' lang='lat' dir='ltr'><strong>x,</strong></span> <span class='ocrx_word' id='word_1_641' title='bbox 3832 2763 3884 2816; x_wconf 88' lang='grc'><strong>17</strong></span> <span class='ocrx_word' id='word_1_642' title='bbox 3905 2781 3921 2821; x_wconf 73' lang='grc' dir='ltr'><strong>,ο</strong></span> 
     </span>
    </p>
   </div>
   <div class='ocr_carea' id='block_1_91' title="bbox 2304 2853 3912 2925">
    <p class='ocr_par' dir='ltr' id='par_1_91' title="bbox 2304 2853 3912 2925">
     <span class='ocr_line' id='line_1_91' title="bbox 2304 2853 3912 2925; baseline -0.003 -15"><span class='ocrx_word' id='word_1_643' title='bbox 2304 2861 2360 2910; x_wconf 89' lang='lat' dir='ltr'><strong>et</strong></span> <span class='ocrx_word' id='word_1_644' title='bbox 2379 2856 2526 2910; x_wconf 90' lang='lat' dir='ltr'><strong>iteru</strong></span> <span class='ocrx_word' id='word_1_645' title='bbox 2537 2873 2613 2921; x_wconf 90' lang='lat' dir='ltr'><strong>1n,</strong></span> <span class='ocrx_word' id='word_1_646' title='bbox 2640 2856 2770 2909; x_wconf 87' lang='lat' dir='ltr'><strong>Cum</strong></span> <span class='ocrx_word' id='word_1_647' title='bbox 2785 2857 3114 2925; x_wconf 79' lang='lat' dir='ltr'><strong>accepisselis</strong></span> <span class='ocrx_word' id='word_1_648' title='bbox 3131 2873 3161 2909; x_wconf 88' lang='lat' dir='ltr'><strong>a</strong></span> <span class='ocrx_word' id='word_1_649' title='bbox 3175 2855 3330 2909; x_wconf 87' lang='lat' dir='ltr'><strong>nobis</strong></span> <span class='ocrx_word' id='word_1_650' title='bbox 3344 2854 3570 2909; x_wconf 88' lang='lat' dir='ltr'><strong>verbum</strong></span> <span class='ocrx_word' id='word_1_651' title='bbox 3588 2853 3800 2909; x_wconf 85' lang='lat' dir='ltr'><strong>auditus</strong></span> <span class='ocrx_word' id='word_1_652' title='bbox 3814 2853 3912 2915; x_wconf 86' lang='lat' dir='ltr'><strong>Dei,</strong></span> 
     </span>
    </p>
   </div>
   <div class='ocr_carea' id='block_1_92' title="bbox 2304 2943 3916 3016">
    <p class='ocr_par' dir='ltr' id='par_1_92' title="bbox 2304 2943 3916 3016">
     <span class='ocr_line' id='line_1_92' title="bbox 2304 2943 3916 3016; baseline -0.002 -17"><span class='ocrx_word' id='word_1_653' title='bbox 2304 2947 2587 3016; x_wconf 84' lang='lat' dir='ltr'><strong>accepistis</strong></span> <span class='ocrx_word' id='word_1_654' title='bbox 2615 2961 2725 2998; x_wconf 87' lang='lat' dir='ltr'><strong>non</strong></span> <span class='ocrx_word' id='word_1_655' title='bbox 2746 2948 2804 2998; x_wconf 88' lang='lat' dir='ltr'><strong>ut</strong></span> <span class='ocrx_word' id='word_1_656' title='bbox 2835 2944 3059 2999; x_wconf 86' lang='lat' dir='ltr'><strong>verbum</strong></span> <span class='ocrx_word' id='word_1_657' title='bbox 3091 2943 3397 3012; x_wconf 78' lang='lat' dir='ltr'><strong>hominum,</strong></span> <span class='ocrx_word' id='word_1_658' title='bbox 3410 2943 3502 2998; x_wconf 81' lang='lat' dir='ltr'><strong>sed</strong></span> <span class='ocrx_word' id='word_1_659' title='bbox 3526 2944 3689 2998; x_wconf 87' lang='lat' dir='ltr'><strong>sicuti</strong></span> <span class='ocrx_word' id='word_1_660' title='bbox 3717 2945 3787 2998; x_wconf 86' lang='lat' dir='ltr'><strong>est</strong></span> <span class='ocrx_word' id='word_1_661' title='bbox 3818 2955 3916 2996; x_wconf 85' lang='lat' dir='ltr'><strong>vere</strong></span> 
     </span>
    </p>
   </div>
   <div class='ocr_carea' id='block_1_93' title="bbox 2302 3029 3921 3102">
    <p class='ocr_par' dir='ltr' id='par_1_93' title="bbox 2302 3029 3921 3102">
     <span class='ocr_line' id='line_1_93' title="bbox 2302 3029 3921 3102; baseline -0.004 -14"><span class='ocrx_word' id='word_1_662' title='bbox 2302 3033 2523 3089; x_wconf 85' lang='lat' dir='ltr'><strong>verbum</strong></span> <span class='ocrx_word' id='word_1_663' title='bbox 2544 3033 2710 3102; x_wconf 88' lang='lat' dir='ltr'><strong>Dei(l</strong></span> <span class='ocrx_word' id='word_1_664' title='bbox 2738 3033 2924 3088; x_wconf 81' lang='lat' dir='ltr'><strong>Thess.</strong></span> <span class='ocrx_word' id='word_1_665' title='bbox 2949 3049 3010 3100; x_wconf 87' lang='grc' dir='ltr'>ιι,</span> <span class='ocrx_word' id='word_1_666' title='bbox 3038 3032 3145 3099; x_wconf 86' lang='grc'><strong>13).</strong></span> <span class='ocrx_word' id='word_1_667' title='bbox 3174 3031 3713 3087; x_wconf 86' lang='lat' dir='ltr'><strong>Etinnumerabilia</strong></span> <span class='ocrx_word' id='word_1_668' title='bbox 3734 3029 3921 3086; x_wconf 82' lang='lat' dir='ltr'><strong>simili-</strong></span> 
     </span>
    </p>
   </div>
   <div class='ocr_carea' id='block_1_94' title="bbox 2303 3117 3921 3192">
    <p class='ocr_par' dir='ltr' id='par_1_94' title="bbox 2303 3117 3921 3192">
     <span class='ocr_line' id='line_1_94' title="bbox 2303 3117 3921 3192; baseline -0.002 -16"><span class='ocrx_word' id='word_1_669' title='bbox 2303 3126 2391 3177; x_wconf 86' lang='lat' dir='ltr'><strong>ter</strong></span> <span class='ocrx_word' id='word_1_670' title='bbox 2410 3121 2470 3176; x_wconf 91' lang='lat' dir='ltr'><strong>in</strong></span> <span class='ocrx_word' id='word_1_671' title='bbox 2493 3121 2812 3192; x_wconf 84' lang='lat' dir='ltr'><strong>Scripturis</strong></span> <span class='ocrx_word' id='word_1_672' title='bbox 2825 3122 3100 3176; x_wconf 89' lang='lat' dir='ltr'><strong>dicuntur</strong></span> <span class='ocrx_word' id='word_1_673' title='bbox 3121 3121 3190 3176; x_wconf 92' lang='lat' dir='ltr'><strong>de</strong></span> <span class='ocrx_word' id='word_1_674' title='bbox 3216 3121 3310 3175; x_wconf 90' lang='lat' dir='ltr'><strong>Dei</strong></span> <span class='ocrx_word' id='word_1_675' title='bbox 3333 3120 3764 3192; x_wconf 90' lang='lat' dir='ltr'><strong>verbo,quodin</strong></span> <span class='ocrx_word' id='word_1_676' title='bbox 3784 3117 3921 3175; x_wconf 84' lang='lat' dir='ltr'><strong>sonis</strong></span> 
     </span>
    </p>
   </div>
   <div class='ocr_carea' id='block_1_95' title="bbox 2305 3209 3925 3282">
    <p class='ocr_par' dir='ltr' id='par_1_95' title="bbox 2305 3209 3925 3282">
     <span class='ocr_line' id='line_1_95' title="bbox 2305 3209 3925 3282; baseline -0.003 -16"><span class='ocrx_word' id='word_1_677' title='bbox 2305 3209 2624 3266; x_wconf 88' lang='lat' dir='ltr'><strong>multarum</strong></span> <span class='ocrx_word' id='word_1_678' title='bbox 2641 3210 3116 3281; x_wconf 88' lang='lat' dir='ltr'><strong>diversarumque</strong></span> <span class='ocrx_word' id='word_1_679' title='bbox 3131 3209 3402 3282; x_wconf 87' lang='lat' dir='ltr'><strong>linguaru</strong></span> <span class='ocrx_word' id='word_1_680' title='bbox 3414 3227 3470 3264; x_wconf 89' lang='lat' dir='ltr'><strong>m</strong></span> <span class='ocrx_word' id='word_1_681' title='bbox 3485 3227 3591 3282; x_wconf 89' lang='lat' dir='ltr'><strong>per</strong></span> <span class='ocrx_word' id='word_1_682' title='bbox 3603 3211 3770 3265; x_wconf 91' lang='lat' dir='ltr'><strong>corda</strong></span> <span class='ocrx_word' id='word_1_683' title='bbox 3781 3214 3925 3264; x_wconf 80' lang='lat' dir='ltr'><strong>etora</strong></span> 
     </span>
    </p>
   </div>
   <div class='ocr_carea' id='block_1_96' title="bbox 2307 3294 3927 3354">
    <p class='ocr_par' dir='ltr' id='par_1_96' title="bbox 2307 3294 3927 3354">
     <span class='ocr_line' id='line_1_96' title="bbox 2307 3294 3927 3354; baseline -0.004 0"><span class='ocrx_word' id='word_1_684' title='bbox 2307 3298 2725 3354; x_wconf 83' lang='lat' dir='ltr'><strong>disseminatur</strong></span> <span class='ocrx_word' id='word_1_685' title='bbox 2749 3298 3031 3353; x_wconf 86' lang='lat' dir='ltr'><strong>humana.</strong></span> <span class='ocrx_word' id='word_1_686' title='bbox 3065 3299 3194 3354; x_wconf 89' lang='lat' dir='ltr'><strong>Ideo</strong></span> <span class='ocrx_word' id='word_1_687' title='bbox 3212 3303 3410 3353; x_wconf 88' lang='lat' dir='ltr'><strong>autem</strong></span> <span class='ocrx_word' id='word_1_688' title='bbox 3432 3299 3676 3354; x_wconf 88' lang='lat' dir='ltr'><strong>verbum</strong></span> <span class='ocrx_word' id='word_1_689' title='bbox 3701 3297 3790 3352; x_wconf 91' lang='lat' dir='ltr'><strong>Dei</strong></span> <span class='ocrx_word' id='word_1_690' title='bbox 3811 3294 3927 3350; x_wconf 89' lang='lat' dir='ltr'><strong>dici-</strong></span> 
     </span>
    </p>
   </div>
   <div class='ocr_carea' id='block_1_97' title="bbox 2308 3383 3920 3458">
    <p class='ocr_par' dir='ltr' id='par_1_97' title="bbox 2308 3383 3920 3458">
     <span class='ocr_line' id='line_1_97' title="bbox 2308 3383 3920 3458; baseline -0.003 -16"><span class='ocrx_word' id='word_1_691' title='bbox 2308 3392 2426 3452; x_wconf 87' lang='lat' dir='ltr'><strong>tur,</strong></span> <span class='ocrx_word' id='word_1_692' title='bbox 2452 3387 2593 3458; x_wconf 90' lang='lat' dir='ltr'><strong>quia</strong></span> <span class='ocrx_word' id='word_1_693' title='bbox 2613 3387 2878 3442; x_wconf 90' lang='lat' dir='ltr'><strong>doctrina</strong></span> <span class='ocrx_word' id='word_1_694' title='bbox 2898 3386 3506 3454; x_wconf 84' lang='lat' dir='ltr'><strong>divinatraditur,uon</strong></span> <span class='ocrx_word' id='word_1_695' title='bbox 3527 3387 3800 3442; x_wconf 85' lang='lat' dir='ltr'><strong>humana.</strong></span> <span class='ocrx_word' id='word_1_696' title='bbox 3830 3383 3920 3440; x_wconf 89' lang='lat' dir='ltr'><strong>Sed</strong></span> 
     </span>
    </p>
   </div>
   <div class='ocr_carea' id='block_1_98' title="bbox 2309 3473 3926 3547">
    <p class='ocr_par' dir='ltr' id='par_1_98' title="bbox 2309 3473 3926 3547">
     <span class='ocr_line' id='line_1_98' title="bbox 2309 3473 3926 3547; baseline -0.003 -17"><span class='ocrx_word' id='word_1_697' title='bbox 2309 3476 2452 3531; x_wconf 90' lang='lat' dir='ltr'><strong>illud</strong></span> <span class='ocrx_word' id='word_1_698' title='bbox 2462 3476 2714 3530; x_wconf 83' lang='lat' dir='ltr'><strong>Verbum</strong></span> <span class='ocrx_word' id='word_1_699' title='bbox 2728 3475 2826 3531; x_wconf 90' lang='lat' dir='ltr'><strong>Dei</strong></span> <span class='ocrx_word' id='word_1_700' title='bbox 2841 3475 3159 3547; x_wconf 82' lang='lat' dir='ltr'><strong>quaerimus</strong></span> <span class='ocrx_word' id='word_1_701' title='bbox 3175 3474 3685 3547; x_wconf 88' lang='lat' dir='ltr'><strong>qualitercumque</strong></span> <span class='ocrx_word' id='word_1_702' title='bbox 3700 3473 3926 3547; x_wconf 84' lang='lat' dir='ltr'><strong>perhanc</strong></span> 
     </span>
    </p>
   </div>
   <div class='ocr_carea' id='block_1_99' title="bbox 2310 3564 3926 3635">
    <p class='ocr_par' dir='ltr' id='par_1_99' title="bbox 2310 3564 3926 3635">
     <span class='ocr_line' id='line_1_99' title="bbox 2310 3564 3926 3635; baseline -0.003 -15"><span class='ocrx_word' id='word_1_703' title='bbox 2310 3565 2758 3620; x_wconf 88' lang='lat' dir='ltr'><strong>similitudinem</strong></span> <span class='ocrx_word' id='word_1_704' title='bbox 2776 3581 2929 3620; x_wconf 88' lang='lat' dir='ltr'><strong>nunc</strong></span> <span class='ocrx_word' id='word_1_705' title='bbox 2943 3565 3156 3633; x_wconf 90' lang='lat' dir='ltr'><strong>videre,</strong></span> <span class='ocrx_word' id='word_1_706' title='bbox 3179 3565 3250 3620; x_wconf 89' lang='lat' dir='ltr'><strong>de</strong></span> <span class='ocrx_word' id='word_1_707' title='bbox 3275 3581 3390 3635; x_wconf 92' lang='lat' dir='ltr'><strong>quo</strong></span> <span class='ocrx_word' id='word_1_708' title='bbox 3421 3564 3769 3634; x_wconf 89' lang='lat' dir='ltr'><strong>dictumest,</strong></span> <span class='ocrx_word' id='word_1_709' title='bbox 3811 3564 3926 3617; x_wconf 79' lang='lat' dir='ltr'><strong>Deus</strong></span> 
     </span>
    </p>
   </div>
   <div class='ocr_carea' id='block_1_100' title="bbox 2312 3653 3925 3726">
    <p class='ocr_par' dir='ltr' id='par_1_100' title="bbox 2312 3653 3925 3726">
     <span class='ocr_line' id='line_1_100' title="bbox 2312 3653 3925 3726; baseline -0.004 -16"><span class='ocrx_word' id='word_1_710' title='bbox 2312 3659 2429 3710; x_wconf 87' lang='lat' dir='ltr'><strong>erat</strong></span> <span class='ocrx_word' id='word_1_711' title='bbox 2465 3655 2732 3722; x_wconf 86' lang='lat' dir='ltr'><strong>Verbum;</strong></span> <span class='ocrx_word' id='word_1_712' title='bbox 2759 3655 2961 3726; x_wconf 91' lang='lat' dir='ltr'><strong>dequo</strong></span> <span class='ocrx_word' id='word_1_713' title='bbox 2989 3653 3208 3708; x_wconf 90' lang='lat' dir='ltr'><strong>dictum</strong></span> <span class='ocrx_word' id='word_1_714' title='bbox 3233 3658 3341 3720; x_wconf 88' lang='lat' dir='ltr'><strong>est,</strong></span> <span class='ocrx_word' id='word_1_715' title='bbox 3392 3653 3599 3710; x_wconf 86' lang='lat' dir='ltr'><strong>Omnia</strong></span> <span class='ocrx_word' id='word_1_716' title='bbox 3633 3669 3731 3724; x_wconf 86' lang='lat' dir='ltr'><strong>per</strong></span> <span class='ocrx_word' id='word_1_717' title='bbox 3771 3653 3925 3720; x_wconf 83' lang='lat' dir='ltr'><strong>ipsum</strong></span> 
     </span>
    </p>
   </div>
   <div class='ocr_carea' id='block_1_101' title="bbox 2309 3742 3929 3814">
    <p class='ocr_par' dir='ltr' id='par_1_101' title="bbox 2309 3742 3929 3814">
     <span class='ocr_line' id='line_1_101' title="bbox 2309 3742 3929 3814; baseline -0.004 -16"><span class='ocrx_word' id='word_1_718' title='bbox 2309 3747 2457 3814; x_wconf 85' lang='lat' dir='ltr'><strong>[aeta</strong></span> <span class='ocrx_word' id='word_1_719' title='bbox 2476 3747 2641 3805; x_wconf 86' lang='lat' dir='ltr'><strong>sunt;</strong></span> <span class='ocrx_word' id='word_1_720' title='bbox 2662 3743 2733 3798; x_wconf 92' lang='lat' dir='ltr'><strong>de</strong></span> <span class='ocrx_word' id='word_1_721' title='bbox 2753 3759 2865 3812; x_wconf 92' lang='lat' dir='ltr'><strong>quo</strong></span> <span class='ocrx_word' id='word_1_722' title='bbox 2887 3743 3110 3798; x_wconf 89' lang='lat' dir='ltr'><strong>dictum</strong></span> <span class='ocrx_word' id='word_1_723' title='bbox 3131 3746 3241 3807; x_wconf 89' lang='lat' dir='ltr'><strong>est,</strong></span> <span class='ocrx_word' id='word_1_724' title='bbox 3269 3742 3508 3797; x_wconf 86' lang='lat' dir='ltr'><strong>Verbum</strong></span> <span class='ocrx_word' id='word_1_725' title='bbox 3521 3758 3652 3798; x_wconf 83' lang='lat' dir='ltr'><strong>caro</strong></span> <span class='ocrx_word' id='word_1_726' title='bbox 3663 3743 3855 3812; x_wconf 80' lang='lat' dir='ltr'><strong>factum</strong></span> <span class='ocrx_word' id='word_1_727' title='bbox 3867 3746 3929 3793; x_wconf 84' lang='lat' dir='ltr'><strong>est</strong></span> 
     </span>
    </p>
   </div>
   <div class='ocr_carea' id='block_1_102' title="bbox 2312 3831 3927 3904">
    <p class='ocr_par' dir='ltr' id='par_1_102' title="bbox 2312 3831 3927 3904">
     <span class='ocr_line' id='line_1_102' title="bbox 2312 3831 3927 3904; baseline -0.006 -15"><span class='ocrx_word' id='word_1_728' title='bbox 2312 3835 2502 3904; x_wconf 84' lang='lat' dir='ltr'><strong>(Joan.</strong></span> <span class='ocrx_word' id='word_1_729' title='bbox 2527 3849 2566 3901; x_wconf 90' lang='lat'><strong>1,</strong></span> <span class='ocrx_word' id='word_1_730' title='bbox 2594 3833 2643 3902; x_wconf 83' lang='lat'><strong>1,</strong></span> <span class='ocrx_word' id='word_1_731' title='bbox 2666 3833 2721 3901; x_wconf 88' lang='lat'><strong>3,</strong></span> <span class='ocrx_word' id='word_1_732' title='bbox 2747 3832 2831 3893; x_wconf 90' lang='grc'><strong>14)</strong></span> <span class='ocrx_word' id='word_1_733' title='bbox 2857 3848 2872 3899; x_wconf 89' lang='grc'>;</span> <span class='ocrx_word' id='word_1_734' title='bbox 2895 3831 2966 3886; x_wconf 89' lang='lat' dir='ltr'><strong>de</strong></span> <span class='ocrx_word' id='word_1_735' title='bbox 2992 3847 3105 3902; x_wconf 91' lang='lat' dir='ltr'><strong>quo</strong></span> <span class='ocrx_word' id='word_1_736' title='bbox 3130 3831 3352 3885; x_wconf 90' lang='lat' dir='ltr'><strong>dictum</strong></span> <span class='ocrx_word' id='word_1_737' title='bbox 3389 3835 3501 3897; x_wconf 89' lang='lat' dir='ltr'><strong>est,</strong></span> <span class='ocrx_word' id='word_1_738' title='bbox 3553 3833 3696 3885; x_wconf 82' lang='lat' dir='ltr'><strong>Fons</strong></span> <span class='ocrx_word' id='word_1_739' title='bbox 3740 3831 3927 3900; x_wconf 82' lang='lat' dir='ltr'><strong>sapien-</strong></span> 
     </span>
    </p>
   </div>
   <div class='ocr_carea' id='block_1_103' title="bbox 2312 3917 3928 3990">
    <p class='ocr_par' dir='ltr' id='par_1_103' title="bbox 2312 3917 3928 3990">
     <span class='ocr_line' id='line_1_103' title="bbox 2312 3917 3928 3990; baseline -0.004 -13"><span class='ocrx_word' id='word_1_740' title='bbox 2312 3924 2408 3978; x_wconf 68' lang='lat' dir='ltr'><strong>tiae</strong></span> <span class='ocrx_word' id='word_1_741' title='bbox 2433 3923 2659 3976; x_wconf 87' lang='lat' dir='ltr'><strong>Verbum</strong></span> <span class='ocrx_word' id='word_1_742' title='bbox 2689 3922 2790 3975; x_wconf 87' lang='lat' dir='ltr'><strong>Dei</strong></span> <span class='ocrx_word' id='word_1_743' title='bbox 2809 3922 2866 3974; x_wconf 86' lang='lat' dir='ltr'><strong>in</strong></span> <span class='ocrx_word' id='word_1_744' title='bbox 2890 3920 3117 3975; x_wconf 71' lang='lat' dir='ltr'><strong>excelsis</strong></span> <span class='ocrx_word' id='word_1_745' title='bbox 3137 3919 3326 3987; x_wconf 84' lang='lat' dir='ltr'><strong>(Eccli.</strong></span> <span class='ocrx_word' id='word_1_746' title='bbox 3353 3919 3474 3990; x_wconf 82' lang='lat'><strong>1,5).</strong></span> <span class='ocrx_word' id='word_1_747' title='bbox 3497 3917 3928 3974; x_wconf 86' lang='lat' dir='ltr'><strong>Perveniendum</strong></span> 
     </span>
    </p>
   </div>
   <div class='ocr_carea' id='block_1_104' title="bbox 2312 4006 3925 4079">
    <p class='ocr_par' dir='ltr' id='par_1_104' title="bbox 2312 4006 3925 4079">
     <span class='ocr_line' id='line_1_104' title="bbox 2312 4006 3925 4079; baseline -0.004 -14"><span class='ocrx_word' id='word_1_748' title='bbox 2312 4016 2551 4079; x_wconf 76' lang='lat' dir='ltr'><strong>estergo</strong></span> <span class='ocrx_word' id='word_1_749' title='bbox 2575 4010 2645 4064; x_wconf 89' lang='lat' dir='ltr'><strong>ad</strong></span> <span class='ocrx_word' id='word_1_750' title='bbox 2671 4008 2812 4063; x_wconf 91' lang='lat' dir='ltr'><strong>illud</strong></span> <span class='ocrx_word' id='word_1_751' title='bbox 2835 4009 3076 4063; x_wconf 91' lang='lat' dir='ltr'><strong>verbum</strong></span> <span class='ocrx_word' id='word_1_752' title='bbox 3099 4007 3379 4075; x_wconf 90' lang='lat' dir='ltr'><strong>hominis,</strong></span> <span class='ocrx_word' id='word_1_753' title='bbox 3405 4008 3478 4063; x_wconf 91' lang='lat' dir='ltr'><strong>ad</strong></span> <span class='ocrx_word' id='word_1_754' title='bbox 3508 4008 3753 4064; x_wconf 88' lang='lat' dir='ltr'><strong>verbum</strong></span> <span class='ocrx_word' id='word_1_755' title='bbox 3774 4006 3925 4060; x_wconf 87' lang='lat' dir='ltr'><strong>ratio-</strong></span> 
     </span>
    </p>
   </div>
   <div class='ocr_carea' id='block_1_105' title="bbox 2310 4093 3923 4165">
    <p class='ocr_par' dir='ltr' id='par_1_105' title="bbox 2310 4093 3923 4165">
     <span class='ocr_line' id='line_1_105' title="bbox 2310 4093 3923 4165; baseline -0.003 -12"><span class='ocrx_word' id='word_1_756' title='bbox 2310 4101 2460 4154; x_wconf 82' lang='lat' dir='ltr'><strong>nalis</strong></span> <span class='ocrx_word' id='word_1_757' title='bbox 2489 4097 2823 4165; x_wconf 83' lang='lat' dir='ltr'><strong>animantis,</strong></span> <span class='ocrx_word' id='word_1_758' title='bbox 2845 4099 2913 4152; x_wconf 79' lang='lat' dir='ltr'><strong>ad</strong></span> <span class='ocrx_word' id='word_1_759' title='bbox 2939 4098 3178 4152; x_wconf 88' lang='lat' dir='ltr'><strong>verbum</strong></span> <span class='ocrx_word' id='word_1_760' title='bbox 3203 4114 3317 4152; x_wconf 88' lang='lat' dir='ltr'><strong>non</strong></span> <span class='ocrx_word' id='word_1_761' title='bbox 3341 4097 3414 4152; x_wconf 93' lang='lat' dir='ltr'><strong>de</strong></span> <span class='ocrx_word' id='word_1_762' title='bbox 3435 4096 3556 4153; x_wconf 92' lang='lat' dir='ltr'><strong>Deo</strong></span> <span class='ocrx_word' id='word_1_763' title='bbox 3579 4102 3747 4164; x_wconf 62' lang='lat' dir='ltr'><strong>natae,</strong></span> <span class='ocrx_word' id='word_1_764' title='bbox 3795 4093 3877 4151; x_wconf 89' lang='lat' dir='ltr'><strong>sed</strong></span> <span class='ocrx_word' id='word_1_765' title='bbox 3897 4109 3923 4148; x_wconf 71' lang='grc' dir='ltr'><strong>ι</strong></span> 
     </span>
    </p>
   </div>
   <div class='ocr_carea' id='block_1_106' title="bbox 2307 4185 3924 4258">
    <p class='ocr_par' dir='ltr' id='par_1_106' title="bbox 2307 4185 3924 4258">
     <span class='ocr_line' id='line_1_106' title="bbox 2307 4185 3924 4258; baseline -0.007 -14"><span class='ocrx_word' id='word_1_766' title='bbox 2307 4189 2423 4244; x_wconf 88' lang='lat' dir='ltr'><strong>Deo</strong></span> <span class='ocrx_word' id='word_1_767' title='bbox 2447 4188 2608 4242; x_wconf 69' lang='lat' dir='ltr'><strong>factae</strong></span> <span class='ocrx_word' id='word_1_768' title='bbox 2642 4186 2917 4258; x_wconf 88' lang='lat' dir='ltr'><strong>imaginis</strong></span> <span class='ocrx_word' id='word_1_769' title='bbox 2943 4186 3063 4254; x_wconf 91' lang='lat' dir='ltr'><strong>Dei,</strong></span> <span class='ocrx_word' id='word_1_770' title='bbox 3094 4185 3247 4256; x_wconf 92' lang='lat' dir='ltr'><strong>quod</strong></span> <span class='ocrx_word' id='word_1_771' title='bbox 3269 4203 3458 4257; x_wconf 88' lang='lat' dir='ltr'><strong>neque</strong></span> <span class='ocrx_word' id='word_1_772' title='bbox 3481 4185 3827 4258; x_wconf 88' lang='lat' dir='ltr'><strong>prolativum</strong></span> <span class='ocrx_word' id='word_1_773' title='bbox 3855 4186 3924 4236; x_wconf 82' lang='lat' dir='ltr'><strong>est</strong></span> 
     </span>
    </p>
   </div>
   <div class='ocr_carea' id='block_1_107' title="bbox 2306 4269 3922 4347">
    <p class='ocr_par' dir='ltr' id='par_1_107' title="bbox 2306 4269 3922 4347">
     <span class='ocr_line' id='line_1_107' title="bbox 2306 4269 3922 4347; baseline -0.004 -15"><span class='ocrx_word' id='word_1_774' title='bbox 2306 4277 2364 4332; x_wconf 91' lang='lat' dir='ltr'><strong>in</strong></span> <span class='ocrx_word' id='word_1_775' title='bbox 2385 4291 2744 4346; x_wconf 85' lang='lat' dir='ltr'><strong>sano,neque</strong></span> <span class='ocrx_word' id='word_1_776' title='bbox 2758 4275 3134 4347; x_wconf 88' lang='lat' dir='ltr'><strong>cogitativum</strong></span> <span class='ocrx_word' id='word_1_777' title='bbox 3157 4275 3214 4328; x_wconf 92' lang='lat' dir='ltr'><strong>in</strong></span> <span class='ocrx_word' id='word_1_778' title='bbox 3230 4274 3627 4332; x_wconf 91' lang='lat' dir='ltr'><strong>similitudine</strong></span> <span class='ocrx_word' id='word_1_779' title='bbox 3641 4269 3922 4346; x_wconf 86' lang='lat' dir='ltr'><strong>soni,quod</strong></span> 
     </span>
    </p>
   </div>
   <div class='ocr_carea' id='block_1_108' title="bbox 2305 4358 3922 4436">
    <p class='ocr_par' dir='ltr' id='par_1_108' title="bbox 2305 4358 3922 4436">
     <span class='ocr_line' id='line_1_108' title="bbox 2305 4358 3922 4436; baseline -0.005 -16"><span class='ocrx_word' id='word_1_780' title='bbox 2305 4365 2554 4435; x_wconf 85' lang='lat' dir='ltr'><strong>alicujus</strong></span> <span class='ocrx_word' id='word_1_781' title='bbox 2577 4363 2789 4436; x_wconf 77' lang='lat' dir='ltr'><strong>linguae</strong></span> <span class='ocrx_word' id='word_1_782' title='bbox 2803 4378 2930 4419; x_wconf 89' lang='lat' dir='ltr'><strong>esse</strong></span> <span class='ocrx_word' id='word_1_783' title='bbox 2949 4380 3184 4420; x_wconf 90' lang='lat' dir='ltr'><strong>necesse</strong></span> <span class='ocrx_word' id='word_1_784' title='bbox 3197 4363 3292 4430; x_wconf 87' lang='lat' dir='ltr'><strong>sit,</strong></span> <span class='ocrx_word' id='word_1_785' title='bbox 3309 4363 3410 4418; x_wconf 91' lang='lat' dir='ltr'><strong>sed</strong></span> <span class='ocrx_word' id='word_1_786' title='bbox 3427 4365 3589 4436; x_wconf 91' lang='lat' dir='ltr'><strong>quod</strong></span> <span class='ocrx_word' id='word_1_787' title='bbox 3605 4363 3798 4420; x_wconf 90' lang='lat' dir='ltr'><strong>omnia</strong></span> <span class='ocrx_word' id='word_1_788' title='bbox 3819 4358 3922 4432; x_wconf 87' lang='lat' dir='ltr'><strong>qui-</strong></span> 
     </span>
    </p>
   </div>
   <div class='ocr_carea' id='block_1_109' title="bbox 2303 4449 3921 4527">
    <p class='ocr_par' dir='ltr' id='par_1_109' title="bbox 2303 4449 3921 4527">
     <span class='ocr_line' id='line_1_109' title="bbox 2303 4449 3921 4527; baseline -0.006 -16"><span class='ocrx_word' id='word_1_789' title='bbox 2303 4456 2412 4511; x_wconf 84' lang='lat' dir='ltr'><strong>bus</strong></span> <span class='ocrx_word' id='word_1_790' title='bbox 2427 4453 2795 4527; x_wconf 84' lang='lat' dir='ltr'><strong>signiﬁcatur</strong></span> <span class='ocrx_word' id='word_1_791' title='bbox 2815 4451 2984 4526; x_wconf 85' lang='lat' dir='ltr'><strong>signa</strong></span> <span class='ocrx_word' id='word_1_792' title='bbox 3001 4452 3296 4525; x_wconf 68' lang='lat' dir='ltr'><strong>praecedit,</strong></span> <span class='ocrx_word' id='word_1_793' title='bbox 3320 4452 3659 4526; x_wconf 88' lang='lat' dir='ltr'><strong>etgignitur</strong></span> <span class='ocrx_word' id='word_1_794' title='bbox 3671 4453 3742 4508; x_wconf 89' lang='lat' dir='ltr'><strong>de</strong></span> <span class='ocrx_word' id='word_1_795' title='bbox 3761 4449 3921 4506; x_wconf 88' lang='lat' dir='ltr'><strong>scien-</strong></span> 
     </span>
    </p>
   </div>
   <div class='ocr_carea' id='block_1_110' title="bbox 2301 4541 3924 4615">
    <p class='ocr_par' dir='ltr' id='par_1_110' title="bbox 2301 4541 3924 4615">
     <span class='ocr_line' id='line_1_110' title="bbox 2301 4541 3924 4615; baseline -0.006 -16"><span class='ocrx_word' id='word_1_796' title='bbox 2301 4544 2384 4599; x_wconf 87' lang='lat' dir='ltr'><strong>tia</strong></span> <span class='ocrx_word' id='word_1_797' title='bbox 2404 4561 2530 4615; x_wconf 75' lang='lat' dir='ltr'><strong>quae</strong></span> <span class='ocrx_word' id='word_1_798' title='bbox 2547 4541 2813 4597; x_wconf 88' lang='lat' dir='ltr'><strong>manetin</strong></span> <span class='ocrx_word' id='word_1_799' title='bbox 2837 4541 3296 4612; x_wconf 89' lang='lat' dir='ltr'><strong>animo,quando</strong></span> <span class='ocrx_word' id='word_1_800' title='bbox 3311 4541 3520 4597; x_wconf 89' lang='lat' dir='ltr'><strong>eadem</strong></span> <span class='ocrx_word' id='word_1_801' title='bbox 3537 4541 3780 4598; x_wconf 88' lang='lat' dir='ltr'><strong>scientia</strong></span> <span class='ocrx_word' id='word_1_802' title='bbox 3794 4541 3924 4593; x_wconf 85' lang='lat' dir='ltr'><strong>intus</strong></span> 
     </span>
    </p>
   </div>
   <div class='ocr_carea' id='block_1_111' title="bbox 2300 4624 3924 4701">
    <p class='ocr_par' dir='ltr' id='par_1_111' title="bbox 2300 4624 3924 4701">
     <span class='ocr_line' id='line_1_111' title="bbox 2300 4624 3924 4701; baseline -0.005 -14"><span class='ocrx_word' id='word_1_803' title='bbox 2300 4631 2711 4698; x_wconf 89' lang='lat' dir='ltr'><strong>dicitur,sicuti</strong></span> <span class='ocrx_word' id='word_1_804' title='bbox 2736 4634 2842 4685; x_wconf 89' lang='lat' dir='ltr'><strong>est.</strong></span> <span class='ocrx_word' id='word_1_805' title='bbox 2863 4629 3179 4685; x_wconf 88' lang='lat' dir='ltr'><strong>Simillima</strong></span> <span class='ocrx_word' id='word_1_806' title='bbox 3191 4635 3280 4684; x_wconf 89' lang='lat' dir='ltr'><strong>est</strong></span> <span class='ocrx_word' id='word_1_807' title='bbox 3301 4629 3456 4684; x_wconf 89' lang='lat' dir='ltr'><strong>enim</strong></span> <span class='ocrx_word' id='word_1_808' title='bbox 3481 4630 3631 4686; x_wconf 88' lang='lat' dir='ltr'><strong>visio</strong></span> <span class='ocrx_word' id='word_1_809' title='bbox 3653 4624 3924 4701; x_wconf 84' lang='lat' dir='ltr'><strong>cogitatio-</strong></span> 
     </span>
    </p>
   </div>
   <div class='ocr_carea' id='block_1_112' title="bbox 2297 4717 3923 4792">
    <p class='ocr_par' dir='ltr' id='par_1_112' title="bbox 2297 4717 3923 4792">
     <span class='ocr_line' id='line_1_112' title="bbox 2297 4717 3923 4792; baseline -0.007 -15"><span class='ocrx_word' id='word_1_810' title='bbox 2297 4720 2623 4792; x_wconf 88' lang='lat' dir='ltr'><strong>nis,visioni</strong></span> <span class='ocrx_word' id='word_1_811' title='bbox 2648 4719 2921 4774; x_wconf 66' lang='lat' dir='ltr'><strong>scientiae.</strong></span> <span class='ocrx_word' id='word_1_812' title='bbox 2942 4718 3336 4790; x_wconf 86' lang='lat' dir='ltr'><strong>Namquando</strong></span> <span class='ocrx_word' id='word_1_813' title='bbox 3359 4735 3462 4789; x_wconf 91' lang='lat' dir='ltr'><strong>per</strong></span> <span class='ocrx_word' id='word_1_814' title='bbox 3478 4735 3696 4774; x_wconf 90' lang='lat' dir='ltr'><strong>sonum</strong></span> <span class='ocrx_word' id='word_1_815' title='bbox 3717 4717 3923 4780; x_wconf 86' lang='lat' dir='ltr'><strong>dicitur,</strong></span> 
     </span>
    </p>
   </div>
   <div class='ocr_carea' id='block_1_113' title="bbox 2293 4800 3922 4882">
    <p class='ocr_par' dir='ltr' id='par_1_113' title="bbox 2293 4800 3922 4882">
     <span class='ocr_line' id='line_1_113' title="bbox 2293 4800 3922 4882; baseline -0.006 -18"><span class='ocrx_word' id='word_1_816' title='bbox 2293 4810 2379 4866; x_wconf 89' lang='lat' dir='ltr'><strong>vel</strong></span> <span class='ocrx_word' id='word_1_817' title='bbox 2413 4827 2516 4882; x_wconf 90' lang='lat' dir='ltr'><strong>per</strong></span> <span class='ocrx_word' id='word_1_818' title='bbox 2536 4807 2769 4880; x_wconf 82' lang='lat' dir='ltr'><strong>aliquod</strong></span> <span class='ocrx_word' id='word_1_819' title='bbox 2789 4806 3086 4880; x_wconf 86' lang='lat' dir='ltr'><strong>corporale</strong></span> <span class='ocrx_word' id='word_1_820' title='bbox 3107 4807 3364 4879; x_wconf 90' lang='lat' dir='ltr'><strong>signum,</strong></span> <span class='ocrx_word' id='word_1_821' title='bbox 3390 4823 3511 4862; x_wconf 90' lang='lat' dir='ltr'><strong>non</strong></span> <span class='ocrx_word' id='word_1_822' title='bbox 3535 4807 3755 4862; x_wconf 84' lang='lat' dir='ltr'><strong>dicitur</strong></span> <span class='ocrx_word' id='word_1_823' title='bbox 3772 4800 3922 4859; x_wconf 88' lang='lat' dir='ltr'><strong>sicuti</strong></span> 
     </span>
    </p>
   </div>
   <div class='ocr_carea' id='block_1_114' title="bbox 2293 4895 3920 4968">
    <p class='ocr_par' dir='ltr' id='par_1_114' title="bbox 2293 4895 3920 4968">
     <span class='ocr_line' id='line_1_114' title="bbox 2293 4895 3920 4968; baseline -0.007 -13"><span class='ocrx_word' id='word_1_824' title='bbox 2293 4905 2403 4966; x_wconf 90' lang='lat' dir='ltr'><strong>est,</strong></span> <span class='ocrx_word' id='word_1_825' title='bbox 2437 4898 2538 4954; x_wconf 90' lang='lat' dir='ltr'><strong>sed</strong></span> <span class='ocrx_word' id='word_1_826' title='bbox 2573 4897 2724 4952; x_wconf 89' lang='lat' dir='ltr'><strong>sicut</strong></span> <span class='ocrx_word' id='word_1_827' title='bbox 2768 4900 2956 4968; x_wconf 88' lang='lat' dir='ltr'><strong>potest</strong></span> <span class='ocrx_word' id='word_1_828' title='bbox 3005 4895 3186 4950; x_wconf 89' lang='lat' dir='ltr'><strong>videri</strong></span> <span class='ocrx_word' id='word_1_829' title='bbox 3234 4895 3496 4950; x_wconf 87' lang='lat' dir='ltr'><strong>audirive</strong></span> <span class='ocrx_word' id='word_1_830' title='bbox 3550 4912 3659 4967; x_wconf 89' lang='lat' dir='ltr'><strong>per</strong></span> <span class='ocrx_word' id='word_1_831' title='bbox 3713 4907 3920 4964; x_wconf 86' lang='lat' dir='ltr'><strong>corpus.</strong></span> 
     </span>
    </p>
   </div>
   <div class='ocr_carea' id='block_1_115' title="bbox 2290 4981 3919 5059">
    <p class='ocr_par' dir='ltr' id='par_1_115' title="bbox 2290 4981 3919 5059">
     <span class='ocr_line' id='line_1_115' title="bbox 2290 4981 3919 5059; baseline -0.007 -15"><span class='ocrx_word' id='word_1_832' title='bbox 2290 4987 2532 5054; x_wconf 88' lang='lat' dir='ltr'><strong>Quando</strong></span> <span class='ocrx_word' id='word_1_833' title='bbox 2563 5003 2697 5059; x_wconf 88' lang='lat' dir='ltr'><strong>ergo</strong></span> <span class='ocrx_word' id='word_1_834' title='bbox 2730 4985 2882 5057; x_wconf 91' lang='lat' dir='ltr'><strong>quod</strong></span> <span class='ocrx_word' id='word_1_835' title='bbox 2918 4985 2976 5039; x_wconf 92' lang='lat' dir='ltr'><strong>in</strong></span> <span class='ocrx_word' id='word_1_836' title='bbox 3011 4984 3215 5040; x_wconf 90' lang='lat' dir='ltr'><strong>notitia</strong></span> <span class='ocrx_word' id='word_1_837' title='bbox 3237 4988 3344 5055; x_wconf 88' lang='lat' dir='ltr'><strong>est,</strong></span> <span class='ocrx_word' id='word_1_838' title='bbox 3377 4983 3489 5038; x_wconf 92' lang='lat' dir='ltr'><strong>hoc</strong></span> <span class='ocrx_word' id='word_1_839' title='bbox 3515 4988 3609 5039; x_wconf 89' lang='lat' dir='ltr'><strong>est</strong></span> <span class='ocrx_word' id='word_1_840' title='bbox 3640 4984 3700 5040; x_wconf 91' lang='lat' dir='ltr'><strong>in</strong></span> <span class='ocrx_word' id='word_1_841' title='bbox 3745 4981 3919 5045; x_wconf 87' lang='lat' dir='ltr'><strong>verbo,</strong></span> 
     </span>
    </p>
   </div>
   <div class='ocr_carea' id='block_1_116' title="bbox 2289 5072 3922 5145">
    <p class='ocr_par' dir='ltr' id='par_1_116' title="bbox 2289 5072 3922 5145">
     <span class='ocr_line' id='line_1_116' title="bbox 2289 5072 3922 5145; baseline -0.006 -13"><span class='ocrx_word' id='word_1_842' title='bbox 2289 5083 2425 5132; x_wconf 89' lang='lat' dir='ltr'><strong>tunc</strong></span> <span class='ocrx_word' id='word_1_843' title='bbox 2447 5080 2536 5132; x_wconf 89' lang='lat' dir='ltr'><strong>est</strong></span> <span class='ocrx_word' id='word_1_844' title='bbox 2556 5092 2756 5131; x_wconf 87' lang='lat' dir='ltr'><strong>verum</strong></span> <span class='ocrx_word' id='word_1_845' title='bbox 2781 5074 3106 5141; x_wconf 88' lang='lat' dir='ltr'><strong>verbum,et</strong></span> <span class='ocrx_word' id='word_1_846' title='bbox 3118 5072 3558 5144; x_wconf 85' lang='lat' dir='ltr'><strong>veritas,qualis</strong></span> <span class='ocrx_word' id='word_1_847' title='bbox 3573 5075 3922 5145; x_wconf 75' lang='lat' dir='ltr'><strong>exspectatur</strong></span> 
     </span>
    </p>
   </div>
   <div class='ocr_carea' id='block_1_117' title="bbox 2287 5157 3918 5236">
    <p class='ocr_par' dir='ltr' id='par_1_117' title="bbox 2287 5157 3918 5236">
     <span class='ocr_line' id='line_1_117' title="bbox 2287 5157 3918 5236; baseline -0.007 -14"><span class='ocrx_word' id='word_1_848' title='bbox 2287 5167 2356 5222; x_wconf 87' lang='lat' dir='ltr'><strong>ab</strong></span> <span class='ocrx_word' id='word_1_849' title='bbox 2388 5163 2646 5230; x_wconf 90' lang='lat' dir='ltr'><strong>homine,</strong></span> <span class='ocrx_word' id='word_1_850' title='bbox 2671 5169 2737 5218; x_wconf 91' lang='lat' dir='ltr'><strong>ut</strong></span> <span class='ocrx_word' id='word_1_851' title='bbox 2777 5164 2932 5236; x_wconf 88' lang='lat' dir='ltr'><strong>quod</strong></span> <span class='ocrx_word' id='word_1_852' title='bbox 2963 5167 3052 5219; x_wconf 90' lang='lat' dir='ltr'><strong>est</strong></span> <span class='ocrx_word' id='word_1_853' title='bbox 3082 5164 3142 5219; x_wconf 89' lang='lat' dir='ltr'><strong>in</strong></span> <span class='ocrx_word' id='word_1_854' title='bbox 3174 5163 3308 5234; x_wconf 88' lang='lat' dir='ltr'><strong>ista,</strong></span> <span class='ocrx_word' id='word_1_855' title='bbox 3353 5161 3462 5218; x_wconf 93' lang='lat' dir='ltr'><strong>hoc</strong></span> <span class='ocrx_word' id='word_1_856' title='bbox 3501 5162 3584 5219; x_wconf 89' lang='lat' dir='ltr'><strong>sit</strong></span> <span class='ocrx_word' id='word_1_857' title='bbox 3612 5167 3673 5218; x_wconf 91' lang='lat' dir='ltr'><strong>et</strong></span> <span class='ocrx_word' id='word_1_858' title='bbox 3699 5160 3758 5216; x_wconf 87' lang='lat' dir='ltr'><strong>in</strong></span> <span class='ocrx_word' id='word_1_859' title='bbox 3800 5157 3918 5224; x_wconf 87' lang='lat' dir='ltr'><strong>illo;</strong></span> 
     </span>
    </p>
   </div>
   <div class='ocr_carea' id='block_1_118' title="bbox 2284 5244 3923 5325">
    <p class='ocr_par' dir='ltr' id='par_1_118' title="bbox 2284 5244 3923 5325">
     <span class='ocr_line' id='line_1_118' title="bbox 2284 5244 3923 5325; baseline -0.007 -15"><span class='ocrx_word' id='word_1_860' title='bbox 2284 5253 2438 5325; x_wconf 91' lang='lat' dir='ltr'><strong>quod</strong></span> <span class='ocrx_word' id='word_1_861' title='bbox 2462 5269 2575 5308; x_wconf 91' lang='lat' dir='ltr'><strong>non</strong></span> <span class='ocrx_word' id='word_1_862' title='bbox 2599 5250 2767 5307; x_wconf 90' lang='lat' dir='ltr'><strong>estin</strong></span> <span class='ocrx_word' id='word_1_863' title='bbox 2790 5253 2925 5322; x_wconf 83' lang='lat' dir='ltr'><strong>ista,</strong></span> <span class='ocrx_word' id='word_1_864' title='bbox 2951 5268 3064 5307; x_wconf 90' lang='lat' dir='ltr'><strong>non</strong></span> <span class='ocrx_word' id='word_1_865' title='bbox 3086 5251 3163 5307; x_wconf 89' lang='lat' dir='ltr'><strong>sit</strong></span> <span class='ocrx_word' id='word_1_866' title='bbox 3177 5256 3234 5308; x_wconf 89' lang='lat' dir='ltr'><strong>et</strong></span> <span class='ocrx_word' id='word_1_867' title='bbox 3257 5252 3316 5308; x_wconf 89' lang='lat' dir='ltr'><strong>in</strong></span> <span class='ocrx_word' id='word_1_868' title='bbox 3360 5249 3491 5306; x_wconf 91' lang='lat' dir='ltr'><strong>illo:</strong></span> <span class='ocrx_word' id='word_1_869' title='bbox 3539 5249 3640 5306; x_wconf 90' lang='lat' dir='ltr'><strong>hic</strong></span> <span class='ocrx_word' id='word_1_870' title='bbox 3679 5244 3923 5322; x_wconf 90' lang='lat' dir='ltr'><strong>agnosci-</strong></span> 
     </span>
    </p>
   </div>
   <div class='ocr_carea' id='block_1_119' title="bbox 2282 5335 3910 5412">
    <p class='ocr_par' dir='ltr' id='par_1_119' title="bbox 2282 5335 3910 5412">
     <span class='ocr_line' id='line_1_119' title="bbox 2282 5335 3910 5412; baseline -0.006 -14"><span class='ocrx_word' id='word_1_871' title='bbox 2282 5349 2397 5410; x_wconf 91' lang='lat' dir='ltr'><strong>tur,</strong></span> <span class='ocrx_word' id='word_1_872' title='bbox 2423 5345 2539 5410; x_wconf 80' lang='lat' dir='ltr'><strong>E’st,</strong></span> <span class='ocrx_word' id='word_1_873' title='bbox 2566 5345 2683 5402; x_wconf 85' lang='lat' dir='ltr'><strong>est;</strong></span> <span class='ocrx_word' id='word_1_874' title='bbox 2704 5341 2844 5408; x_wconf 86' lang='lat' dir='ltr'><strong>Non,</strong></span> <span class='ocrx_word' id='word_1_875' title='bbox 2883 5356 2992 5396; x_wconf 84' lang='lat' dir='ltr'><strong>non</strong></span> <span class='ocrx_word' id='word_1_876' title='bbox 3035 5340 3251 5412; x_wconf 74' lang='lat' dir='ltr'><strong>(Matth.</strong></span> <span class='ocrx_word' id='word_1_877' title='bbox 3292 5358 3347 5410; x_wconf 92' lang='lat' dir='ltr'><strong>v,</strong></span> <span class='ocrx_word' id='word_1_878' title='bbox 3390 5341 3504 5409; x_wconf 89' lang='lat'><strong>37).</strong></span> <span class='ocrx_word' id='word_1_879' title='bbox 3545 5339 3645 5395; x_wconf 91' lang='lat' dir='ltr'><strong>Sic</strong></span> <span class='ocrx_word' id='word_1_880' title='bbox 3683 5335 3910 5400; x_wconf 89' lang='lat' dir='ltr'><strong>accedit,</strong></span> 
     </span>
    </p>
   </div>
   <div class='ocr_carea' id='block_1_120' title="bbox 2282 5420 3917 5504">
    <p class='ocr_par' dir='ltr' id='par_1_120' title="bbox 2282 5420 3917 5504">
     <span class='ocr_line' id='line_1_120' title="bbox 2282 5420 3917 5504; baseline -0.004 -17"><span class='ocrx_word' id='word_1_881' title='bbox 2282 5435 2571 5504; x_wconf 87' lang='lat' dir='ltr'><strong>quantum</strong></span> <span class='ocrx_word' id='word_1_882' title='bbox 2603 5433 2812 5501; x_wconf 86' lang='lat' dir='ltr'><strong>potest,</strong></span> <span class='ocrx_word' id='word_1_883' title='bbox 2844 5429 2958 5485; x_wconf 90' lang='lat' dir='ltr'><strong>ista</strong></span> <span class='ocrx_word' id='word_1_884' title='bbox 2989 5429 3316 5486; x_wconf 90' lang='lat' dir='ltr'><strong>similitudo</strong></span> <span class='ocrx_word' id='word_1_885' title='bbox 3347 5428 3631 5502; x_wconf 84' lang='lat' dir='ltr'><strong>imaginis</strong></span> <span class='ocrx_word' id='word_1_886' title='bbox 3664 5427 3825 5484; x_wconf 70' lang='lat' dir='ltr'><strong>facta:</strong></span> <span class='ocrx_word' id='word_1_887' title='bbox 3854 5420 3917 5480; x_wconf 80' lang='lat' dir='ltr'><strong>ad</strong></span> 
     </span>
    </p>
   </div>
   <div class='ocr_carea' id='block_1_121' title="bbox 2278 5515 3920 5590">
    <p class='ocr_par' dir='ltr' id='par_1_121' title="bbox 2278 5515 3920 5590">
     <span class='ocr_line' id='line_1_121' title="bbox 2278 5515 3920 5590; baseline -0.005 -15"><span class='ocrx_word' id='word_1_888' title='bbox 2278 5519 2441 5576; x_wconf 89' lang='lat' dir='ltr'><strong>illam</strong></span> <span class='ocrx_word' id='word_1_889' title='bbox 2466 5517 2912 5575; x_wconf 88' lang='lat' dir='ltr'><strong>similitudinem</strong></span> <span class='ocrx_word' id='word_1_890' title='bbox 2941 5519 3215 5589; x_wconf 87' lang='lat' dir='ltr'><strong>imaginis</strong></span> <span class='ocrx_word' id='word_1_891' title='bbox 3240 5523 3408 5586; x_wconf 69' lang='lat' dir='ltr'><strong>natas,</strong></span> <span class='ocrx_word' id='word_1_892' title='bbox 3429 5535 3552 5590; x_wconf 91' lang='lat' dir='ltr'><strong>qua</strong></span> <span class='ocrx_word' id='word_1_893' title='bbox 3573 5518 3731 5575; x_wconf 89' lang='lat' dir='ltr'><strong>Deus</strong></span> <span class='ocrx_word' id='word_1_894' title='bbox 3753 5515 3920 5573; x_wconf 79' lang='lat' dir='ltr'><strong>Filius</strong></span> 
     </span>
    </p>
   </div>
   <div class='ocr_carea' id='block_1_122' title="bbox 521 5603 3917 5681">
    <p class='ocr_par' dir='ltr' id='par_1_122' title="bbox 521 5603 3917 5681">
     <span class='ocr_line' id='line_1_122' title="bbox 521 5603 3917 5681; baseline 0.002 -26"><span class='ocrx_word' id='word_1_895' title='bbox 521 5605 1038 5676; x_wconf 88' lang='lat' dir='ltr'><strong>tur,propterillud</strong></span> <span class='ocrx_word' id='word_1_896' title='bbox 1059 5623 1091 5661; x_wconf 91' lang='lat' dir='ltr'><strong>a</strong></span> <span class='ocrx_word' id='word_1_897' title='bbox 1113 5621 1225 5675; x_wconf 92' lang='lat' dir='ltr'><strong>quo</strong></span> <span class='ocrx_word' id='word_1_898' title='bbox 1251 5603 2167 5677; x_wconf 84' lang='lat' dir='ltr'><strong>utfurisappareretassumptum</strong></span> <span class='ocrx_word' id='word_1_899' title='bbox 2280 5609 2433 5666; x_wconf 90' lang='lat' dir='ltr'><strong>Patri</strong></span> <span class='ocrx_word' id='word_1_900' title='bbox 2465 5625 2567 5680; x_wconf 90' lang='lat' dir='ltr'><strong>per</strong></span> <span class='ocrx_word' id='word_1_901' title='bbox 2597 5606 2794 5663; x_wconf 87' lang='lat' dir='ltr'><strong>omnia</strong></span> <span class='ocrx_word' id='word_1_902' title='bbox 2823 5607 3292 5666; x_wconf 86' lang='lat' dir='ltr'><strong>substantialiter</strong></span> <span class='ocrx_word' id='word_1_903' title='bbox 3321 5607 3536 5666; x_wconf 76' lang='lat' dir='ltr'><strong>similis</strong></span> <span class='ocrx_word' id='word_1_904' title='bbox 3555 5605 3917 5681; x_wconf 65' lang='lat' dir='ltr'><strong>pradicatur.</strong></span> 
     </span>
    </p>
   </div>
   <div class='ocr_carea' id='block_1_123' title="bbox 529 5691 2168 5767">
    <p class='ocr_par' dir='ltr' id='par_1_123' title="bbox 529 5691 2168 5767">
     <span class='ocr_line' id='line_1_123' title="bbox 529 5691 2168 5767; baseline 0.005 -21"><span class='ocrx_word' id='word_1_905' title='bbox 529 5693 642 5746; x_wconf 86' lang='lat' dir='ltr'><strong>est.</strong></span> <span class='ocrx_word' id='word_1_906' title='bbox 678 5691 763 5746; x_wconf 88' lang='lat' dir='ltr'><strong>Ita</strong></span> <span class='ocrx_word' id='word_1_907' title='bbox 792 5693 951 5750; x_wconf 88' lang='lat' dir='ltr'><strong>enim</strong></span> <span class='ocrx_word' id='word_1_908' title='bbox 981 5693 1222 5753; x_wconf 84' lang='lat' dir='ltr'><strong>verbum</strong></span> <span class='ocrx_word' id='word_1_909' title='bbox 1252 5699 1517 5750; x_wconf 87' lang='lat' dir='ltr'><strong>nostrum</strong></span> <span class='ocrx_word' id='word_1_910' title='bbox 1550 5707 1660 5750; x_wconf 84' lang='lat' dir='ltr'><strong>vox</strong></span> <span class='ocrx_word' id='word_1_911' title='bbox 1690 5693 1944 5767; x_wconf 87' lang='lat' dir='ltr'><strong>quodam</strong></span> <span class='ocrx_word' id='word_1_912' title='bbox 1995 5709 2090 5752; x_wconf 90' lang='lat' dir='ltr'><strong>mo</strong></span> <span class='ocrx_word' id='word_1_913' title='bbox 2137 5713 2168 5755; x_wconf 91' lang='grc' dir='ltr'>ο</span> 
     </span>
    </p>
   </div>
   <div class='ocr_carea' id='block_1_124' title="bbox 2276 5694 3916 5774">
    <p class='ocr_par' dir='ltr' id='par_1_124' title="bbox 2276 5694 3916 5774">
     <span class='ocr_line' id='line_1_124' title="bbox 2276 5694 3916 5774; baseline -0.005 -18"><span class='ocrx_word' id='word_1_914' title='bbox 2276 5695 2801 5757; x_wconf 79' lang='lat' dir='ltr'><strong>Animadvertenda</strong></span> <span class='ocrx_word' id='word_1_915' title='bbox 2851 5703 2942 5755; x_wconf 89' lang='lat' dir='ltr'><strong>est</strong></span> <span class='ocrx_word' id='word_1_916' title='bbox 2989 5697 3047 5755; x_wconf 86' lang='lat' dir='ltr'><strong>in</strong></span> <span class='ocrx_word' id='word_1_917' title='bbox 3098 5697 3207 5756; x_wconf 88' lang='lat' dir='ltr'><strong>hoc</strong></span> <span class='ocrx_word' id='word_1_918' title='bbox 3255 5698 3571 5774; x_wconf 64' lang='lat' dir='ltr'><strong>aenigmate</strong></span> <span class='ocrx_word' id='word_1_919' title='bbox 3609 5695 3785 5754; x_wconf 85' lang='lat' dir='ltr'><strong>etiam</strong></span> <span class='ocrx_word' id='word_1_920' title='bbox 3811 5694 3916 5748; x_wconf 79' lang='lat' dir='ltr'><strong>ista</strong></span> 
     </span>
    </p>
   </div>
  </div>
