4130 6194
275 407 434 463 1073

273 536 443 591 Verbi
466 536 559 589 Dei
586 535 1095 605 similitudo,quod
1114 534 1346 589 sicutde
1370 534 1466 588 illo
1490 533 1675 587 Verbo
1702 531 1918 585 dictum

271 630 379 694 est,
419 626 612 680 Omnia
639 639 747 696 per
779 627 958 695 ipsum
988 627 1135 693 facta
1164 632 1312 690 sunt,
1351 622 1451 676 ubi
1494 622 1643 676 Deus
1674 636 1776 690 per
1807 620 1928 672 uni-

270 714 536 785 genitum
558 714 816 769 Verbum
844 729 1015 768 suum
1043 710 1675 784 prmdicaturuniversa
1700 708 1925 766 fecisse;

271 803 355 858 ita
374 802 630 858 hominis
657 819 831 873 opera
857 801 1016 856 nulla
1035 805 1324 872 suntquae
1339 818 1453 854 non
1471 798 1632 870 prius
1656 797 1927 851 dicantur

270 892 329 944 in
366 892 569 946 corde:
608 892 761 945 unde
793 890 1077 961 scriptum
1130 893 1237 953 est,
1273 890 1508 944 Initium
1540 885 1715 939 omnis
1743 886 1924 954 operis

272 982 499 1034 verbum
528 980 718 1050 (Eccli.
752 979 1206 1046 xxxvii,‘30).Sed
1240 977 1416 1032 etiam
1450 975 1544 1029 hic
1564 990 1694 1030 cum
1718 989 1920 1027 verum

269 1069 515 1124 verbum
568 1073 675 1133 est,
732 1073 871 1122 tunc
913 1074 1000 1122 est
1024 1066 1258 1121 initium
1291 1065 1427 1120 boni
1459 1064 1670 1136 Operis.
1705 1063 1919 1116 Verum

270 1164 464 1213 autem
500 1158 738 1213 verbum
774 1162 884 1222 est,
915 1174 1046 1211 cum
1082 1158 1150 1211 de
1182 1155 1424 1211 scientia
1466 1154 1610 1208 bene
1640 1151 1919 1223 operandi

267 1246 551 1319 gignitur,
584 1251 648 1301 ut
679 1246 855 1300 etiam
886 1246 965 1300 ibi
999 1251 1278 1309 servetur,
1312 1246 1430 1312 Est,
1466 1244 1584 1309 est;
1616 1241 1874 1305 Nou.,n0n
1902 1258 1914 1294 :

267 1342 331 1391 ut
362 1336 410 1391 si
442 1341 529 1392 est
559 1336 619 1391 in
651 1352 719 1391 ea
750 1334 994 1391 scientia
1020 1352 1135 1407 qua
1165 1334 1477 1389 vivendum
1531 1336 1640 1395 est,
1675 1331 1748 1385 sit
1778 1333 1833 1384 et
1858 1329 1916 1383 in

263 1425 438 1481 verbo
473 1441 574 1496 per
606 1425 761 1495 quod
794 1424 1155 1494 operandum
1188 1427 1311 1489 est;
1340 1422 1385 1475 si
1421 1438 1557 1486 non,
1592 1435 1741 1475 non:
1776 1417 1917 1473 alio-

264 1514 406 1583 quin
439 1512 812 1567 mendacium
845 1511 952 1566 erit
983 1512 1221 1566 verbum
1255 1510 1388 1579 tale,
1431 1526 1540 1564 non
1572 1507 1788 1563 veritas
1816 1524 1828 1573 ;
1860 1510 1918 1561 et

264 1601 404 1657 inde
434 1607 761 1673 peccatum,
784 1618 897 1656 nou
918 1618 1063 1671 opus
1089 1607 1328 1655 rectum.
1364 1602 1457 1653 Est
1487 1602 1542 1652 et
1566 1598 1686 1651 hzec
1716 1598 1773 1650 in
1805 1596 1917 1650 ista

265 1690 658 1746 similitudine
686 1689 843 1745 verbi
877 1689 1061 1744 nostri
1086 1688 1409 1743 similitudo
1439 1685 1612 1740 Verbi
1632 1684 1751 1751 Dei,
1776 1684 1915 1755 quia

261 1782 457 1850 potest
468 1795 595 1834 esse
608 1778 847 1833 verbum
865 1781 1133 1833 nostrum
1148 1777 1303 1847 quod
1321 1792 1433 1830 non
1450 1778 1730 1847 sequatur
1742 1786 1910 1843 opus:

262 1884 412 1940 opus
435 1872 629 1923 autem
654 1882 782 1922 esse
804 1884 919 1922 non
948 1866 1277 1938 potest,nisi
1312 1864 1596 1936 praecedat
1625 1862 1868 1917 verbum
1895 1877 1908 1917 :

261 1957 417 2014 sicut
435 1957 693 2012 Verbum
716 1956 813 2013 Dei
838 1955 1025 2027 potuit
1044 1972 1172 2010 esse
1193 1953 1353 2008 nulla
1373 1952 1657 2008 existente
1680 1955 1910 2006 creatu-

262 2063 367 2113 ra;
414 2050 681 2101 creatura
716 2062 849 2100 vero
876 2044 1035 2099 nulla
1058 2061 1185 2100 esse
1204 2047 1421 2115 posset,
1455 2041 1567 2096 nisi
1593 2058 1692 2112 per
1715 2042 1910 2111 ipsum

261 2150 367 2205 per
388 2134 543 2206 quod
565 2134 716 2189 facta
739 2138 877 2189 sunt
897 2133 1110 2187 omnia.
1136 2133 1383 2203 Ideoque
1408 2148 1523 2186 non
1548 2130 1701 2184 Deus
1723 2130 1907 2196 Pater,

262 2239 379 2278 non
402 2222 657 2295 Spiritus
689 2226 950 2287 sanctus,
986 2239 1101 2276 non
1142 2221 1272 2293 ipsa
1301 2220 1580 2287 Trinitas,
1614 2218 1715 2272 sed
1747 2217 1909 2273 solus

256 2311 623 2383 Filius,quod
648 2316 737 2367 est
758 2311 1013 2366 Verbum
1046 2311 1303 2379 Dei,caro
1329 2310 1548 2364 factum
1573 2311 1679 2373 est;
1706 2323 1909 2379 quam-

253 2400 343 2456 vis
367 2402 649 2457 Trinitate
670 2402 938 2456 faciente:
950 2405 1012 2455 ut
1025 2417 1124 2472 seq
1137 2404 1305 2455 uente
1329 2402 1499 2470 atque
1514 2397 1777 2452 imitante
1792 2413 1911 2451 ver-

252 2490 329 2545 bo
358 2495 556 2545 nostro
579 2492 705 2562 ejus
729 2490 1088 2562 exemplum,
1114 2494 1265 2544 recte
1288 2488 1632 2553 viveremus,
1659 2487 1766 2541 hoc
1798 2490 1905 2553 est,

256 2578 487 2635 nullum
510 2579 793 2634 habentes
816 2580 869 2632 in
902 2579 1056 2634 verbi
1084 2579 1263 2633 nostri
1286 2578 1370 2632 vel
1397 2575 1907 2648 comtemplatione

257 2668 343 2722 vel
376 2669 710 2739 operatione
741 2668 1481 2723 mendaciumﬂ’erumhmc
1504 2667 1679 2735 hujus
1700 2665 1906 2735 imagi-

260 2759 350 2811 nis
377 2763 465 2810 est
487 2759 837 2829 quandoque
871 2759 1065 2811 l'utura
1095 2756 1384 2825 perfectio.
1411 2756 1493 2809 Ad
1527 2756 1673 2809 hanc
1705 2771 1903 2809 conse-

258 2846 557 2918 quendam
592 2864 696 2902 nos
726 2846 921 2902 erudit
953 2846 1228 2917 magister
1249 2847 1439 2900 bonus
1459 2846 1569 2899 ﬁde
1593 2844 1908 2898 christiana

257 2934 612 3007 pietatisque
642 2936 925 3005 doctrina,
960 2940 1024 2989 ut
1053 2935 1292 2989 revelata
1318 2934 1473 3005 facie
1509 2950 1542 2987 a
1592 2932 1758 3004 Legis
1808 2948 1907 2988 ve-

254 3022 478 3077 lamine
512 3022 665 3093 quod
695 3027 781 3076 est
812 3024 1019 3078 umbra
1044 3023 1394 3087 futurorum,
1423 3020 1663 3089 gloriam
1689 3021 1909 3074 Domini

258 3113 736 3184 speculantes,per
762 3111 1067 3182 speculum
1100 3110 1319 3164 scilicet
1350 3110 1725 3175 intuentes,in
1760 3125 1906 3163 cam-

259 3200 386 3254 icm
417 3201 715 3268 imaginem
746 3200 1229 3254 transformemur
1267 3200 1331 3253 de
1358 3198 1542 3267 gloria
1574 3201 1628 3251 in.
1646 3200 1903 3268 gloriam,

257 3298 525 3361 tanquam
550 3305 584 3343 α
609 3291 835 3344 Domini
854 3289 1065 3361 Spiritu
1095 3290 1165 3359 (II
1202 3287 1320 3355 Cor,
1354 3304 1435 3358 III,
1460 3288 1904 3359 18),secundum

257 3378 623 3449 superiorem
656 3378 725 3432 de
757 3378 851 3432 his
883 3377 1072 3432 verbis
1104 3377 1582 3448 disputationem.

324 3465 416 3521 2L
452 3466 595 3521 Cum
631 3483 767 3539 ergo
799 3466 905 3521 hac
936 3465 1446 3521 transformatione
1479 3466 1547 3520 ad
1585 3465 1903 3537 perfectum

246 3555 434 3611 fuerit
476 3554 596 3609 haec
646 3555 840 3626 imago
889 3559 1180 3622 renovata,
1232 3553 1456 3610 similes
1510 3558 1620 3608 Deo
1664 3554 1904 3619 erimus,

248 3644 537 3716 quoniam
586 3643 919 3699 videbimus
966 3660 1121 3713 eum,
1164 3660 1278 3697 non
1310 3659 1416 3715 per
1442 3642 1768 3714 speculum,
1805 3642 1904 3697 sed

248 3731 429 3789 sicuti
462 3737 549 3787 est
575 3734 753 3801 (Joan.
790 3748 872 3800 III,
904 3730 993 3803 2):
1031 3733 1184 3802 quod
1216 3731 1357 3786 dicit
1404 3730 1705 3802 apostolus
1755 3730 1906 3785 Pau-

253 3821 375 3889 lus,
408 3822 555 3892 [acie
586 3820 663 3876 ad
690 3822 890 3891 faciem
918 3821 962 3891 (Ι
997 3818 1116 3875 Cor.
1168 3837 1291 3887 xm,
1346 3820 1453 3891 12).
1487 3820 1653 3874 Nunc
1683 3835 1814 3874 vero
1849 3818 1903 3874 in

252 3909 367 3965 hoc
400 3908 658 3980 speculo,
692 3909 751 3964 in
781 3908 891 3965 hoc
921 3909 1247 3980 aanigmate)
1281 3908 1336 3963 in
1362 3908 1467 3963 hac
1491 3907 1907 3979 qualicumque

252 3996 673 4067 similitudine,
704 4001 924 4069 quanta
968 3996 1044 4051 sit
1090 3997 1261 4051 etiam
1295 3995 1737 4063 dissimilitudo,
1773 3996 1906 4068 quis

251 4090 452 4158 potest
486 4085 813 4158 explicare?
840 4085 1138 4158 Attingam
1162 4089 1360 4140 tamen
1390 4084 1605 4156 aliqua,
1632 4089 1696 4140 ut
1724 4083 1904 4153 valeo,

255 4174 483 4246 quibus
510 4173 568 4228 id
601 4174 787 4245 possit
816 4173 1057 4229 adverti.

329 4262 569 4318 CAPUT
600 4262 721 4317 XII.
746 4292 816 4303 -η
836 4261 1157 4318 Academica
1175 4262 1539 4334 philosophia.
1568 4262 1759 4318 Primo
1782 4262 1907 4333 ipsa

254 4349 608 4419 scientia,de
640 4366 754 4422 qua
783 4350 1062 4406 veraciter
1082 4350 1355 4423 cogitatio
1378 4356 1577 4407 nostra
1599 4352 1904 4422 formatur,

254 4440 501 4512 quando
522 4457 646 4510 quae
668 4440 889 4494 scimus
912 4439 1425 4511 loquimur,qualis
1459 4444 1556 4495 aut
1577 4445 1797 4512 quanta
1815 4456 1909 4511 po-

251 4531 375 4583 test
404 4527 626 4583 homini
660 4530 980 4599 provenire,
1014 4528 1331 4600 quamlibet
1349 4528 1703 4601 peritissimo
1734 4534 1908 4599 atque

256 4615 645 4672 doctissimo?
660 4617 926 4688 Exceptis
940 4617 1093 4672 enim
1113 4634 1237 4689 quae
1262 4618 1321 4673 in
1340 4618 1602 4673 animum
1626 4618 1910 4673 veniunta

255 4704 537 4760 sensibus
562 4704 841 4775 corporis,
874 4705 933 4760 in
966 4706 1179 4777 quibus
1208 4711 1327 4761 tam
1359 4706 1544 4761 multa
1576 4707 1741 4763 aliter
1770 4711 1910 4763 sunt

254 4808 439 4865 quam
472 4792 766 4860 videntur,
800 4797 865 4849 ut
893 4810 1093 4849 eorum
1133 4793 1630 4851 verisimilitudine
1662 4796 1907 4852 nimium

259 4881 844 4953 constipatus,sanus
859 4881 969 4937 sibi
985 4899 1111 4938 esse
1125 4884 1388 4939 videatur
1399 4884 1497 4956 qui
1514 4884 1911 4953 insanit;unde

249 4969 607 5027 Academica
620 4970 988 5042 philosophia
1000 4972 1082 5028 sic
1096 4972 1427 5043 invaluit,ut
1441 4974 1511 5029 de
1524 4975 1797 5031 omnibus
1813 4976 1913 5030 du-

254 5060 459 5115 bitans
492 5060 679 5115 multo
712 5059 985 5116 miserius
1015 5062 1335 5118 insaniret:
1370 5062 1462 5118 his
1494 5080 1628 5136 ergo
1659 5064 1913 5136 exceptis

252 5164 390 5220 qua:
424 5164 458 5203 a
485 5147 744 5220 corporis
767 5149 1039 5205 sensibus
1063 5149 1119 5203 in
1145 5150 1408 5206 animum
1429 5152 1694 5219 veniunt,
1728 5170 1911 5223 quan-

252 5243 393 5293 tum
418 5252 613 5291 rerum
635 5242 900 5292 remanet
921 5238 1075 5308 quod
1098 5238 1179 5292 ita
1200 5239 1912 5309 sciamus,sicutnosvive-

254 5341 324 5382 re
356 5324 582 5380 scimus
598 5325 625 5379 ?
650 5324 709 5380 in
733 5342 848 5397 quo
880 5342 1122 5397 prorsus
1141 5343 1255 5382 non
1278 5328 1699 5399 metuimus,ne
1718 5331 1917 5405 aliqua

254 5411 783 5469 verisimilitudine
813 5414 959 5469 forte
982 5411 1559 5487 fallamur,quoniam
1583 5424 1807 5475 certum
1829 5424 1919 5476 est

263 5502 451 5558 etiam
467 5516 601 5558 eum
626 5501 723 5573 qui
739 5501 1213 5571 fallimurvivere;
1232 5519 1331 5560 nec
1352 5504 1409 5559 in
1432 5505 1516 5562 eis
1536 5506 1676 5563 visis
1694 5507 1915 5597 hocpe-

336 5743 358 5780 ί
390 5740 472 5791 Ita
498 5740 623 5793 Mss.
654 5741 720 5791 At
749 5739 895 5802 editi,
926 5742 1028 5793 hac
1054 5740 1321 5796 habentur.
1350 5743 1505 5797 Male.

1461 400 1690 461 LIBER
1742 399 2082 469 QUINTUS
2134 398 2497 459 DECIMUS.

3536 395 3684 452 1074

2033 532 2200 584 betur
2218 534 2389 600 ‘,qu:e
2406 530 2769 599 objiciuntur
2794 528 3243 593 extrinsecus,ut
3270 526 3326 580 in
3347 538 3409 579 eo
3426 526 3507 579 sic
3524 525 3683 579 falla~

2031 618 2837 689 turoculus,quemadmodum
2852 615 3071 670 fallitur
3089 630 3218 669 cum
3238 614 3292 666 in
3316 629 3466 683 aqua
3485 628 3682 667 remus

2026 705 2255 761 videtur
2278 706 2585 774 infractus,
2609 711 2665 761 et
2694 704 3104 777 navigantibus
3138 708 3328 758 turres
3356 702 3592 766 moveri,
3624 707 3679 757 et

2031 793 2145 850 alia
2168 799 2440 850 sexcenta
2476 811 2604 867 quae
2635 794 2803 849 aliter
2832 798 2971 849 sunt
3004 808 3178 865 quam
3201 792 3506 859 videntur;
3541 791 3680 863 quia

2027 903 2131 941 nec
2155 903 2256 957 per
2282 886 2515 941 oculum
2536 886 2728 941 carnis
2749 885 2857 941 hoc
2881 885 3157 940 cernitur.
3192 883 3405 938 lntima
3437 881 3678 937 scientia

2025 981 2251 1048 estque.
2278 994 2382 1033 nos
2404 978 2591 1032 vivere
2616 976 2964 1045 scimus,ubi
2988 991 3058 1030 ne
3085 974 3231 1029 illud
3264 974 3503 1045 quidem
3534 974 3675 1027 Aca-

2023 1068 2287 1122 demicus
2318 1068 2507 1122 dicere
2540 1073 2767 1139 potest:
2809 1068 3078 1122 Fortasse
3110 1063 3355 1133 dormis,
3390 1067 3443 1117 et
3465 1063 3674 1131 nescis,

2023 1166 2161 1220 etin
2195 1168 2418 1221 somnis
2462 1167 2643 1221 vides.
2691 1167 2829 1220 Visa
2877 1166 3091 1237 quippe
3124 1162 3547 1219 somniantium
3596 1162 3672 1215 si-

2022 1253 2271 1308 millima
2320 1271 2448 1309 esse
2496 1254 2635 1309 visis
2685 1254 3052 1326 vigilantium
3104 1252 3235 1324 quis
3263 1250 3534 1324 ignorat?
3563 1251 3671 1306 Sed

2021 1345 2121 1413 qui
2148 1348 2336 1397 certus
2369 1347 2457 1398 est
2489 1344 2558 1399 de
2587 1343 2713 1397 vitae
2764 1360 2882 1398 sua:
2929 1341 3194 1409 scientia,
3244 1359 3359 1397 non
3394 1341 3453 1395 in
3486 1356 3551 1394 ea
3582 1339 3670 1394 di-

2021 1431 2115 1497 cit,
2152 1433 2279 1487 Scio
2314 1449 2405 1487 me
2434 1432 2701 1503 vigilare;
2737 1433 2871 1499 sed;
2924 1431 3051 1486 Scio
3114 1448 3205 1486 me
3263 1430 3491 1496 vivere;
3552 1428 3670 1484 sive

2018 1537 2152 1592 ergo
2186 1520 2456 1586 dormiat,
2492 1521 2611 1575 sive
2643 1521 2861 1593 vigilet,
2897 1520 3053 1574 vivit.
3091 1521 3204 1575 Nec
3236 1520 3294 1573 in
3329 1536 3395 1574 ea
3425 1517 3669 1574 scientia

2018 1625 2120 1679 per
2141 1610 2367 1664 somnia
2391 1609 2509 1664 falli
2541 1614 2758 1681 potest:
2777 1610 2913 1681 quia
2932 1614 2986 1665 et
3006 1608 3257 1663 dormire
3280 1613 3334 1664 et
3356 1608 3413 1662 in
3443 1607 3665 1663 somnis

2014 1698 2234 1766 videre,
2250 1698 2493 1753 viventis
2516 1704 2625 1754 est.
2650 1700 2763 1753 Nec
2789 1698 2932 1753 illud
2954 1701 3141 1769 potest
3162 1697 3541 1752 Academicus
3564 1697 3664 1750 ad-

2014 1804 2216 1841 versus
2268 1788 2441 1841 istam
2500 1788 2807 1842 scientiam
2858 1787 3070 1842 dicere.
3128 1785 3290 1841 Furis
3322 1785 3585 1841 fortassis
3614 1788 3670 1839 et

2015 1875 2241 1941 nescis;
2277 1876 2414 1947 quia
2448 1893 2723 1931 sanorum
2770 1876 2912 1932 visis
2956 1874 3259 1931 simillima
3306 1877 3446 1929 sunt
3491 1873 3664 1929 etiam

2011 1973 2138 2027 visa
2170 1972 2487 2027 furentium
2514 1990 2526 2026 :
2564 1973 2661 2027 sed
2696 1973 2794 2044 qui
2829 1971 3140 2026 furitvivit.
3171 1972 3283 2025 Nec
3307 1973 3507 2026 contra
3532 1972 3667 2026 Aca-

2014 2061 2271 2115 demicos
2303 2061 2460 2129 dicit,
2512 2062 2639 2115 Scio
2688 2078 2778 2116 me
2828 2078 2943 2115 non
2992 2061 3213 2127 furere;
3256 2060 3378 2126 sed,
3412 2058 3541 2115 Scio
3572 2074 3665 2115 me

2010 2150 2219 2204 vivere.
2254 2154 2568 2221 Nunquam
2604 2166 2737 2221 ergo
2774 2149 2890 2204 falli
2926 2166 3029 2204 nec
3061 2148 3295 2203 mentiri
3330 2152 3537 2221 potest,
3562 2148 3662 2221 qui

2012 2255 2073 2293 se
2103 2239 2288 2293 vivere
2320 2239 2526 2294 dixerit
2556 2239 2724 2294 scire.
2761 2238 2917 2292 Mille
2948 2238 3141 2309 itaque
3176 2236 3469 2292 fallacium
3508 2236 3660 2292 viso-

2012 2344 2143 2382 rum
2176 2344 2388 2399 genera
2420 2326 2769 2397 objiciantur
2794 2328 2844 2382 ei
2877 2326 2973 2397 qui
2996 2326 3154 2393 dicit,
3185 2326 3313 2381 Scio
3339 2341 3429 2381 me
3449 2325 3658 2394 vivere;

2011 2415 2159 2470 nihil
2191 2415 2401 2470 horum
2433 2415 2683 2486 timebit,
2718 2416 2949 2486 quando
2983 2420 3037 2470 et
3087 2415 3185 2485 qui
3232 2414 3452 2470 fallitur
3499 2413 3656 2471 vivit.

2011 2514 2122 2568 Sed
2156 2514 2205 2567 si
2236 2512 2376 2568 talia
2402 2513 2525 2569 sola
2560 2513 2857 2585 pertinent
2889 2514 2959 2568 ad
2982 2513 3304 2568 humanam
3335 2513 3658 2579 scientiam,

2013 2618 2302 2672 perpauca
2338 2606 2511 2659 sunt:
2552 2602 2658 2655 nisi
2696 2602 2831 2672 quia
2863 2602 2921 2655 in
2956 2616 3306 2671 unoquoque
3338 2615 3544 2673 genere
3578 2601 3659 2657 ita

2012 2689 2510 2760 multipl'cantur,
2550 2696 2609 2744 ut
2642 2708 2755 2745 non
2791 2690 2979 2745 solum
3017 2708 3200 2762 pauca
3232 2707 3343 2744 non
3376 2689 3517 2755 sint,
3575 2708 3661 2746 ve-

2014 2795 2143 2832 rum
2196 2779 2369 2833 etiam
2422 2780 2785 2851 reperiantur
2836 2795 2935 2850 per
2984 2780 3277 2833 infinitum
3350 2794 3657 2834 numerum

2012 2868 2267 2922 tendere.
2301 2868 2407 2932 Qui
2442 2867 2597 2922 enim
2630 2868 2790 2933 dicit,
2824 2867 2950 2922 Scio
2982 2883 3074 2922 me
3104 2868 3313 2938 vivere,
3346 2884 3528 2923 unum
3561 2869 3659 2925 ali-

2011 2956 2151 3026 quid
2185 2955 2331 3010 scire
2362 2972 2423 3010 se
2457 2955 2632 3011 dicit:
2668 2956 2909 3027 proinde
2940 2956 2988 3011 si
3019 2957 3191 3024 dicat,
3226 2956 3353 3011 Scio
3387 2972 3479 3013 me
3509 2957 3657 3014 scire

2012 3060 2103 3098 me
2134 3045 2318 3098 vivere
2346 3060 2356 3096 :
2394 3045 2506 3098 duo
2539 3049 2677 3099 sunt
2698 3045 2859 3114 jam;
2909 3044 3017 3100 hoc
3046 3060 3177 3100 vero
3210 3045 3364 3116 quod
3393 3044 3503 3101 scit
3532 3044 3656 3102 haec

2013 3134 2147 3198 duo,
2184 3133 2418 3186 tertium
2465 3134 2613 3188 scire
2651 3137 2737 3187 est
2767 3151 2778 3189 :
2814 3133 2893 3188 sic
2926 3137 3117 3204 potest
3150 3134 3360 3189 addere
3392 3138 3446 3190 et
3476 3150 3656 3205 quar-

2012 3227 2160 3287 tum,
2195 3228 2250 3276 et
2281 3222 2583 3291 quintum,
2610 3227 2661 3278 et
2694 3221 3224 3289 innumerabilia,si
3246 3222 3519 3279 sufﬁciat.
3545 3224 3656 3281 Sed

2012 3311 2148 3382 quia
2180 3313 2666 3367 innumerabilem
2700 3330 3013 3368 numerum
3044 3313 3129 3367 vel
3167 3313 3658 3386 comprehendere

2010 3401 2245 3472 singula
2275 3401 2561 3469 addendo,
2615 3400 2703 3465 vel
2753 3402 2944 3457 dicere
2992 3401 3497 3458 innumerabiliter
3542 3419 3658 3458 non

2012 3494 2225 3561 potest,
2258 3490 2367 3544 hoc
2394 3490 2589 3561 ipsum
2607 3490 2927 3545 certissime
2950 3490 3390 3561 comprehendit
3412 3507 3476 3545 ac
3499 3490 3660 3557 dicit,

2012 3583 2068 3632 et
2088 3592 2289 3633 verum
2314 3578 2423 3633 hoc
2446 3595 2595 3649 esse,
2616 3582 2669 3633 et
2702 3583 2819 3633 tam
2847 3578 3365 3647 innumerabile,ut
3384 3595 3512 3635 vere
3536 3580 3664 3651 ejus

2011 3666 2309 3722 infinitum
2334 3682 2645 3722 numerum
2662 3683 2775 3721 non
2792 3666 2976 3738 possit
2994 3668 3485 3738 comprehendere
3504 3684 3570 3723 ac
3583 3668 3666 3725 di-

2011 3771 2154 3811 cere.
2167 3757 2280 3810 Hoc
2297 3759 2354 3810 et
2368 3754 2425 3808 in
2442 3753 2740 3810 voluntate
2754 3760 2911 3811 certa
2925 3754 3199 3811 similiter
3217 3754 3434 3811 adverti
3450 3760 3659 3829 potest.

2011 3855 2151 3920 Quis
2182 3858 2270 3909 est
2315 3854 2469 3908 enim
2522 3853 2612 3907 cui
2659 3869 2773 3908 non
2812 3853 3185 3924 impudenter
3216 3855 3658 3927 respondeatur,

2013 3945 2177 3999 Forte
2200 3942 2682 4009 falleris,dicenti,
2712 3942 2854 3998 Volo
2889 3943 3098 3998 beatus
3130 3943 3304 3998 esse?
3325 3944 3392 3997 Et
3413 3943 3462 3999 si
3484 3944 3657 4015 dicat,

2012 4033 2140 4088 Scio
2160 4048 2251 4087 me
2273 4032 2381 4086 hoc
2406 4030 2631 4096 velle,et
2654 4032 2759 4086 hoc
2783 4045 2877 4085 me
2899 4031 3046 4087 scire
3069 4031 3189 4087 scio
3214 4032 3371 4103 ;jam
3394 4031 3486 4088 bis
3509 4034 3659 4089 duo-

2010 4123 2119 4177 bus
2142 4125 2197 4176 et
2219 4121 2459 4176 tertium
2486 4124 2672 4191 potest
2695 4120 2926 4189 addere,
2944 4121 3099 4191 quod
3120 4120 3239 4176 haec
3262 4121 3377 4177 duo
3396 4121 3581 4192 sciat;
3605 4125 3661 4179 et

2011 4212 2469 4283 quartum,quod
2496 4211 2617 4265 haec
2640 4211 2755 4265 duo
2779 4210 2927 4266 scire
2943 4227 3004 4266 se
3026 4211 3193 4279 sciat,
3216 4215 3272 4266 et
3302 4210 3572 4268 similiter
3600 4212 3661 4267 in

2011 4299 2307 4355 infinitum
2326 4315 2635 4354 numerum
2659 4303 3074 4370 pergere.ltem
3098 4300 3145 4354 si
3167 4298 3460 4371 quispiam
3483 4300 3660 4370 dicat,

2010 4389 2214 4443 Errare
2246 4388 2413 4454 nolo;
2470 4404 2659 4442 nonne
2704 4388 2824 4442 sive
2873 4391 3027 4442 erret
3068 4387 3187 4443 sive
3221 4404 3336 4441 non
3366 4390 3537 4455 erret,
3568 4403 3660 4443 er-

2012 4493 2138 4533 rare
2166 4480 2362 4531 tamen
2396 4493 2530 4531 eum
2558 4476 2710 4531 nolle
2741 4492 2939 4531 verum
2962 4474 3069 4531 erit
3092 4478 3113 4530 Ρ
3134 4475 3274 4539 Quis
3294 4479 3381 4531 est
3404 4475 3504 4547 qui
3524 4475 3663 4531 huic

2012 4583 2125 4621 non
2159 4564 2674 4638 impudentissime
2704 4565 2876 4631 dicat,
2912 4562 3177 4620 Forsitan
3214 4563 3482 4621 falleris?
3528 4581 3661 4620 cum

2012 4655 2266 4727 profecto
2324 4654 2680 4724 ubicumque
2731 4652 2985 4719 fallatur,
3032 4652 3156 4709 falli
3189 4668 3249 4709 se
3278 4658 3475 4710 tamen
3508 4653 3662 4710 nolle

2013 4770 2127 4810 non
2159 4751 2401 4807 fallitur.
2433 4752 2500 4806 Et
2531 4754 2581 4805 si
2606 4750 2715 4805 hoc
2737 4749 2885 4806 scire
2907 4766 2968 4806 se
2992 4749 3167 4819 dicat,
3183 4750 3347 4805 addit
3375 4754 3660 4824 quantum

2013 4844 2137 4899 vult
2158 4859 2353 4898 rerum
2378 4841 3096 4913 numerumcognitarum,
3124 4846 3179 4897 et
3196 4858 3507 4898 numerum
3532 4858 3660 4899 esse

2015 4926 2735 5005 per'spicitinfinitquui
2752 4931 2904 4985 enim
2920 4930 3228 4998 dicit,Nolo
3243 4948 3333 4986 me
3348 4930 3465 4985 falli
3479 4934 3535 4986 et
3550 4931 3660 4987 hoc

2016 5038 2109 5078 me
2139 5021 2290 5077 nolle
2336 5021 2479 5091 scio,
2512 5025 2569 5075 et
2600 5020 2707 5075 hoc
2740 5037 2833 5077 me
2856 5018 3003 5075 scire
3033 5020 3155 5076 scio
3180 5038 3194 5089 ;
3220 5020 3345 5090 jam
3378 5024 3435 5074 et
3462 5019 3512 5076 si
3542 5035 3658 5075 non

2015 5110 2319 5167 commoda
2335 5108 3024 5181 elocutione,potesthinc
3038 5106 3333 5163 inﬁnitum
3346 5123 3659 5164 numerum

2015 5198 2321 5255 ostendere
2346 5216 2358 5254 :
2386 5202 2443 5253 et
2464 5197 2579 5253 alia
2600 5196 3124 5268 reperiuntur,quae
3146 5196 3423 5252 adversus
3443 5196 3664 5253 Acade-

2017 5287 2200 5344 micos
2220 5286 2470 5355 valeant,
2505 5286 2607 5358 qui
2638 5285 2784 5341 nihil
2816 5286 2887 5341 ab
2910 5284 3145 5340 homine
3166 5283 3301 5341 sciri
3319 5300 3491 5356 posse
3519 5301 3663 5341 con-

2015 5377 2402 5434 tendunt.Sed
2427 5362 2639 5432 modus
2663 5373 3029 5430 adhibendus
3050 5376 3158 5440 est,
3180 5372 3503 5443 praesertim
3525 5372 3665 5445 quia

2017 5475 2076 5530 in
2096 5490 2268 5547 opere
2287 5474 2400 5530 isto
2420 5490 2533 5530 non
2555 5472 2663 5528 hoc
2681 5470 3229 5541 suscepimus.Sunt
3245 5469 3380 5526 inde
3395 5469 3528 5526 libri
3544 5474 3664 5528 tres

2018 5565 2223 5629 nostri,
2272 5563 2461 5634 primo
2516 5565 2731 5616 nostrae
2776 5558 3173 5615 conversionis
3206 5563 3466 5631 tempore
3491 5576 3661 5616 cons-

2019 5652 2364 5724 cripti,quos
2395 5651 2491 5722 qui
2525 5647 2782 5721 potuerit
2810 5650 2868 5703 et
2888 5646 3139 5704 voluerit
3156 5647 3345 5721 legere
3365 5647 3665 5722 lectosque

2018 5740 2384 5808 intellexerit,
2433 5737 2580 5796 nihil
2618 5752 2752 5796 eum
2791 5736 3045 5810 profecto
3094 5752 3223 5810 qua
3249 5737 3323 5797 ab
3347 5738 3435 5795 eis
3462 5741 3664 5797 contra

3616 5948 3622 5957 ε

3968 5828 4033 5851 ῚΛη

3668 5844 4033 6055 Γ*

3616 5948 3627 5957 ι
