4100 6190
301 355 457 413 107⁸7

300 488 357 539 et
409 483 469 538 in
521 482 649 556 ipso
697 488 826 552 est;
879 484 1031 556 quod
1056 487 1250 538 autem
1294 482 1350 536 in
1379 496 1444 535 ea
1467 497 1581 535 non
1621 483 1731 550 est,
1766 494 1870 534 nec
1900 479 1959 533 in

307 572 439 645 ipso
461 576 569 628 est.
595 574 665 628 Et
686 572 895 628 falsum
918 572 1131 628 habere
1153 570 1375 642 aliquid
1396 569 1505 624 hoc
1536 569 1788 624 Verbum
1810 585 1958 622 nun-

300 678 478 732 quam
506 664 726 733 potest:
753 661 892 732 quia
916 659 1363 716 immutabiliter
1384 659 1465 713 sic
1492 675 1553 713 se
1576 657 1770 723 habet,
1802 661 1867 711 ut
1898 673 1959 712 se

297 749 477 805 habet
511 750 583 805 de
615 767 729 822 quo
758 754 866 805 est.
900 752 1016 806 Non
1044 750 1201 806 enim
1230 751 1399 820 potest
1429 748 1603 802 Filius
1633 765 1665 801 a
1695 764 1754 801 se
1773 746 1959 816 facere

296 838 619 910 quidquam,
642 840 751 894 nisi
772 838 913 911 quod
949 839 1144 894 viderit
1183 840 1407 893 Patrem
1446 837 1735 907 facientem
1777 835 1952 907 (Joan.

294 944 351 994 v,
392 928 498 996 19).
533 932 805 984 Potenter
832 928 941 983 hoc
976 945 1087 983 non
1132 932 1344 1000 potest,
1377 942 1479 981 nec
1509 931 1596 981 est
1644 923 1956 979 infirmitas

297 1016 430 1086 ista,
466 1016 567 1071 sed
600 1015 870 1084 ﬁrmitas,
894 1034 1006 1087 qua
1034 1016 1175 1071 falsa
1196 1032 1323 1071 esse
1358 1031 1473 1069 non
1510 1016 1699 1085 potest
1720 1013 1952 1069 veritas.

294 1104 464 1160 Novit
489 1106 687 1176 itaque
710 1106 909 1161 omnia
932 1106 1085 1161 Deus
1119 1110 1286 1160 Pater
1328 1105 1384 1159 in
1433 1121 1493 1159 se
1523 1103 1670 1174 ipso,
1708 1101 1865 1157 novit
1896 1101 1953 1157 in

293 1193 438 1247 Filio
464 1210 475 1248 :
503 1194 605 1249 sed
629 1194 687 1248 in
711 1193 915 1265 seipse
940 1199 1219 1265 tanquam
1240 1209 1300 1248 se
1329 1193 1545 1264 ipsum,
1572 1192 1631 1246 in
1660 1190 1800 1246 Filio
1823 1194 1949 1245 tan-

295 1300 477 1353 quam
509 1283 762 1338 Verbum
798 1283 1172 1354 suum,{quod
1196 1286 1285 1337 est
1315 1283 1385 1337 de
1414 1281 1505 1336 his
1528 1280 1802 1336 omnibus
1825 1296 1949 1351 quae

300 1377 444 1427 sunt
482 1372 540 1426 in
574 1387 637 1426 se
687 1371 835 1443 ipso.
884 1372 1093 1427 Omnia
1136 1370 1415 1426 similiter.
1444 1369 1602 1425 novit
1643 1373 1697 1423 et
1747 1368 1951 1439 Filius,

294 1461 354 1515 in
388 1477 451 1516 se
481 1460 724 1527 scilicet,
744 1465 1024 1533 tanquam
1046 1477 1114 1517 ea
1144 1478 1275 1532 qua:
1302 1464 1437 1514 nata
1469 1462 1607 1515 sunt
1636 1458 1706 1513 de
1734 1458 1808 1513 iis
1826 1474 1956 1528 qua:

294 1553 471 1605 Pater
505 1549 739 1605 novitin
780 1566 842 1605 se
866 1549 992 1621 ipso
1027 1566 1039 1603 :
1088 1549 1147 1604 in
1172 1550 1334 1604 Patre
1365 1554 1558 1603 autem
1581 1551 1860 1619 tanquam
1890 1563 1956 1601 ea

295 1639 368 1695 de
390 1639 608 1711 quibus
637 1642 776 1694 nata
828 1642 985 1702 sunt,
1016 1654 1143 1709 qua
1195 1637 1318 1709 ipse
1347 1636 1527 1692 Filius
1577 1636 1735 1691 novit
1780 1636 1839 1690 in
1893 1651 1955 1690 se

294 1729 444 1799 ipso.
480 1728 689 1785 Sciunt
719 1742 855 1799 ergo
894 1726 1145 1781 invicem
1177 1726 1347 1781 Pater
1363 1730 1418 1781 et
1454 1724 1631 1780 Filius
1672 1741 1685 1779 :
1724 1724 1824 1779 sed
1857 1722 1953 1778 ille

280 1810 621 1889 Egignendo,
652 1816 762 1872 iste
794 1816 1109 1871 nascendo.
1144 1814 1211 1869 Et
1242 1814 1439 1870 omnia
1467 1831 1590 1885 quas
1608 1816 1746 1869 sunt
1774 1812 1831 1867 in
1860 1828 1954 1868 eo-

307 1922 440 1963 rum
474 1905 742 1974 scientia,
767 1904 823 1959 in
846 1920 1048 1959 eorum
1080 1902 1386 1975 sapientia,
1418 1902 1475 1957 in
1508 1918 1712 1958 eorum
1755 1917 1953 1957 essen-

295 1994 403 2061 tia,
433 1992 841 2065 unusquisque
874 2008 1076 2047 eorum
1109 1991 1291 2046 simul
1313 1992 1499 2060 videt;
1535 2008 1650 2045 non
1700 1990 1951 2062 particu-

311 2081 477 2138 latim
529 2088 630 2138 aut
672 2080 1037 2154 singillatim,
1082 2080 1243 2135 velut
1273 2080 1594 2136 alternante
1640 2082 1953 2150 conspectu

289 2172 430 2228 hinc
461 2171 618 2239 illuc,
654 2176 711 2225 et
742 2171 874 2226 inde
907 2171 1019 2225 huc
1052 2175 1108 2225 et
1158 2186 1367 2225 rursus
1417 2170 1557 2224 inde
1591 2169 1674 2223 vel
1722 2169 1853 2223 inde
1894 2168 1954 2223 in

293 2260 455 2317 aliud
483 2265 658 2333 atque
680 2259 861 2330 aliud,
898 2264 963 2314 ut
999 2259 1198 2330 aliqua
1230 2259 1423 2314 videre
1456 2276 1568 2314 non
1601 2256 1788 2331 possit
1839 2256 1955 2314 nisi

296 2366 416 2407 non
447 2349 649 2404 videns
692 2347 842 2403 alia:
889 2348 1010 2417 sed,
1054 2351 1119 2402 ut
1164 2347 1302 2415 dixi,
1332 2347 1511 2403 simul
1547 2346 1745 2402 omnia
1779 2346 1954 2415 videt,

294 2454 549 2512 quorum
583 2437 811 2492 nullum
846 2442 935 2491 est
966 2437 1119 2508 quod
1154 2454 1267 2491 non
1296 2453 1524 2509 semper
1552 2437 1726 2491 videt.

372 2529 463 2585 24.
494 2528 747 2583 Verbum
775 2532 973 2583 autem
1006 2531 1271 2582 nostrum
1292 2526 1435 2582 illud
1460 2544 1574 2583 non
1603 2527 1759 2598 quod
1782 2526 1956 2581 habet

300 2634 512 2674 sonum
560 2633 750 2688 neque
812 2616 1224 2689 cogitationem
1268 2615 1398 2671 soni
1436 2616 1562 2683 sed,
1610 2615 1789 2685 hujus
1832 2615 1951 2669 rei1

297 2723 477 2779 quam
508 2706 757 2761 videndo
784 2705 943 2760 intus
966 2704 1238 2773 dicimus,
1267 2708 1323 2759 et
1347 2704 1473 2759 ideo
1497 2703 1719 2759 nullius
1741 2703 1953 2776 linguai

302 2800 414 2863 est;
433 2800 610 2866 atque
632 2794 768 2850 inde
786 2798 1105 2864 utcumque
1127 2792 1317 2849 simile
1341 2792 1495 2848 estin
1518 2792 1626 2849 hoc
1649 2794 1955 2866 mnigmate

298 2881 381 2937 illi
407 2882 589 2938 Verbo
626 2880 744 2949 Dei,
772 2881 926 2951 quod
951 2880 1123 2935 etiam
1169 2885 1314 2935 Deus
1344 2884 1453 2946 est,
1474 2880 1748 2952 quoniam
1784 2882 1867 2936 sic
1898 2886 1956 2937 et

301 2969 414 3026 hoc
446 2971 517 3025 de
538 2974 741 3025 nostra
772 2969 1057 3034 nascitur,
1089 2969 1588 3039 quemadmodum
1622 2974 1678 3024 et
1708 2969 1852 3024 illud
1884 2971 1956 3024 de

302 3058 550 3116 scientia
581 3057 771 3114 Patris
802 3062 1005 3112 natum
1038 3063 1125 3112 est
1166 3074 1178 3111 :
1220 3062 1485 3114 nostrum
1509 3075 1646 3131 ergo
1682 3057 1793 3113 tale
1824 3076 1950 3115 ver—

292 3149 460 3217 bum,
500 3148 653 3219 quod
712 3146 1045 3202 invenimus
1076 3162 1204 3201 esse
1249 3151 1565 3223 utcumque
1607 3146 1691 3201 illi
1740 3147 1950 3217 simile,

306 3240 592 3309 quantum
627 3236 706 3292 sit
737 3235 910 3290 etiam
945 3234 1231 3291 dissimile
1262 3236 1415 3292 sicut
1444 3254 1477 3291 a
1510 3237 1674 3293 nobis
1702 3237 1815 3293 dici
1848 3253 1952 3309 po-

300 3326 501 3393 tuerit,
536 3342 649 3381 non
679 3324 871 3396 pigeat
899 3323 1134 3379 intueri.

373 3414 610 3470 CAPUT
637 3413 750 3468 XV.
776 3444 841 3453 —
858 3416 1079 3484 Quanta
1100 3416 1171 3467 sit
1191 3414 1588 3469 dissimilitudo
1611 3417 1762 3470 verbi
1782 3417 1957 3471 nostri

304 3511 356 3560 et
393 3503 551 3560 Verbi
569 3501 768 3558 divini.
795 3504 1023 3558 Verbum
1038 3507 1291 3558 nostrum
1307 3506 1702 3575 sempiternum
1724 3520 1834 3561 esse
1862 3514 1957 3561 aut

303 3591 419 3647 dici
440 3608 550 3648 non
567 3593 757 3663 potest.
801 3590 1094 3661 Numquid
1141 3591 1381 3646 verbum
1422 3596 1687 3648 nostrum
1728 3594 1797 3649 de
1832 3594 1957 3650 sola

303 3680 551 3737 scientia
573 3684 773 3735 nostra
787 3679 1281 3736 nascitur‘2Nonne
1301 3680 1484 3735 multa
1498 3681 1953 3752 dicimus,etiam

306 3786 435 3841 qua
479 3768 805 3824 nescimus?
829 3772 943 3824 Nec
961 3768 1297 3825 dubitantes
1315 3785 1383 3826 ea
1410 3771 1683 3838 dicimus,
1706 3773 1806 3827 sed
1820 3788 1955 3827 vera

299 3874 429 3913 esse
461 3857 851 3913 arbitrantes:
882 3874 1008 3928 qua:
1052 3857 1197 3913 forte
1218 3858 1267 3913 si
1314 3875 1451 3915 vera
1502 3864 1660 3927 sunt,
1694 3861 1751 3916 in
1809 3862 1955 3932 ipsis

298 3948 480 4002 rebus
534 3947 603 4002 de
644 3946 856 4017 quibus
887 3945 1206 4018 loquimur,
1244 3964 1360 4003 non
1423 3948 1483 4002 in
1523 3948 1697 4003 verbo
1756 3954 1954 4005 nostro

300 4049 440 4090 vera
461 4038 618 4101 sunt;
643 4034 783 4105 quia
812 4035 1056 4091 verbum
1096 4051 1296 4090 verum
1339 4051 1453 4091 non
1495 4040 1602 4103 est,
1637 4037 1750 4091 nisi
1800 4039 1953 4109 quod

303 4122 375 4178 de
388 4137 450 4177 re
472 4138 597 4193 quas
622 4122 1112 4195 scitur,gignitur.
1136 4122 1370 4179 Falsum
1386 4129 1474 4180 est
1491 4141 1626 4198 ergo
1647 4125 1759 4182 isto
1782 4129 1955 4183 modo

297 4211 547 4266 verbum
586 4216 873 4281 nostrum,
909 4228 1022 4266 non
1046 4228 1178 4267 cum
1204 4214 1504 4280 mentitur,
1529 4216 1629 4270 sed
1652 4231 1783 4271 cum
1804 4216 1953 4270 falli-

303 4299 610 4355 mur.Cum
633 4303 829 4354 autem
853 4299 1481 4366 dubitamus,nondum
1504 4306 1593 4357 est
1625 4304 1865 4359 verbum
1886 4305 1955 4359 de

296 4404 362 4444 re
384 4388 455 4444 de
478 4388 1075 4459 quadubitamus,sed
1098 4390 1168 4444 de
1192 4389 1320 4461 ipsa
1340 4391 1953 4449 dubitationeverbum

300 4482 412 4534 est.
433 4476 708 4542 Quamvis
721 4478 878 4533 enim
904 4495 1015 4533 non
1042 4479 1379 4534 noverimus
1398 4496 1467 4534 an
1485 4497 1682 4535 verum
1702 4482 1779 4536 sit
1802 4484 1954 4539 unde

301 4565 871 4631 dubitamus,tamen
895 4566 1160 4621 dubitare
1182 4583 1287 4622 nos
1310 4568 1578 4623 novimus
1600 4588 1612 4625 :
1637 4586 1701 4624 ac
1724 4588 1825 4641 per
1845 4571 1953 4626 hoc

301 4670 439 4710 cum
464 4654 573 4709 hoc
601 4655 877 4721 dicimus,
899 4671 1100 4710 verum
1125 4656 1363 4711 verbum
1386 4658 1951 4729 est;quoniamquod

304 4739 579 4797 novimus
601 4740 874 4797 dicimus.
906 4741 1074 4812 Quid,
1108 4744 1262 4813 quod
1293 4744 1471 4799 etiam
1504 4746 1736 4801 mentiri
1754 4764 1955 4817 possu-

302 4828 472 4885 mus?
493 4829 655 4893 Quod
682 4847 816 4885 cum
838 4830 1107 4899 facimus,
1136 4832 1337 4903 utique
1360 4832 1618 4890 volentes
1631 4839 1686 4889 et
1704 4836 1953 4893 scientes

297 4917 518 4975 falsum
554 4919 798 4975 verbum
836 4919 1160 4976 habemus:
1195 4921 1295 4975 ubi
1345 4938 1544 4977 verum
1588 4923 1827 4979 verbum
1867 4933 1955 4981 est

302 5007 539 5063 mentiri
572 5024 700 5076 nos;
724 5008 833 5063 hoc
853 5008 1009 5064 enim
1031 5009 1275 5065 scimus.
1297 5010 1367 5065 Et
1391 5026 1526 5065 cum
1551 5012 1821 5068 mentitos
1846 5031 1953 5071 nos

302 5111 436 5151 esse
465 5096 1037 5162 conﬁtemur,verum
1060 5097 1343 5155 dicimus:
1368 5099 1522 5170 quod
1546 5100 1767 5156 scimus
1797 5102 1952 5157 enim

303 5184 810 5253 dicimus;scimus
824 5202 1073 5257 namque
1101 5203 1205 5241 nos
1227 5203 1356 5243 esse
1375 5190 1669 5245 mentitos.
1697 5189 1951 5245 Verbum

301 5278 499 5328 autem
517 5272 660 5328 illud
687 5275 838 5344 quod
869 5278 956 5329 est
980 5276 1127 5329 Deus
1151 5281 1208 5329 et
1229 5277 1520 5346 potentius
1543 5283 1630 5333 est
1650 5277 1953 5347 nobis,hoc

304 5377 421 5416 non
446 5365 655 5431 potest.
700 5363 819 5417 Non
864 5363 1017 5416 enim
1055 5368 1229 5432 potest
1254 5366 1435 5433 facere
1471 5366 1789 5437 quidquam,
1837 5370 1955 5423 nisi

304 5449 447 5521 quod
472 5449 676 5505 viderit
698 5454 926 5505 Patrem
952 5450 1247 5521 ﬂtcientem
1270 5469 1287 5506 :
1320 5455 1375 5507 et
1407 5469 1519 5507 non
1553 5474 1585 5507 a
1616 5470 1676 5508 se
1708 5454 1834 5525 ipso
1874 5457 1952 5510 lo-

305 5538 530 5609 quitur,
554 5538 657 5593 sed
680 5555 713 5592 a
736 5538 900 5594 Patre
922 5537 1004 5592 illi
1028 5543 1117 5593 est
1141 5555 1311 5593 omne
1335 5541 1487 5611 quod
1506 5540 1784 5613 loquitur,
1818 5560 1951 5599 cum

373 5636 511 5702 {Hic
531 5636 653 5685 Mss.
677 5635 897 5702 addunt,
911 5635 1047 5700 quod
1063 5638 1203 5702 intus
1224 5635 1371 5702 tacet,
1385 5637 1467 5702 cui
1478 5640 1644 5702 magis
1664 5640 1803 5689 verbi
1822 5656 1955 5692 com-

301 5698 434 5764 petit
465 5697 961 5763 nomen.Sumptum
983 5702 1061 5749 est
1080 5713 1144 5749 ex
1174 5699 1326 5750 initio
1356 5701 1542 5764 capitis
1566 5697 1857 5755 undecimi.

1490 348 1714 407 LIBlCll
1767 348 2111 417 QUINTUS
2162 347 2522 409 DECIMUS.

2062 479 2258 550 ipsum
2304 480 2466 535 Pater
2488 482 2655 538 unice
2682 482 2965 555 loquitur:
2992 492 3046 542 et
3095 505 3309 562 magna
3345 492 3505 550 illius
3537 495 3712 552 Verbi

2062 568 2321 639 potentia
2351 572 2458 634 est,
2484 587 2595 626 non
2622 590 2789 644 posse
2818 576 3224 649 mentiri;quia
3247 599 3360 636 non
3380 588 3711 653 potestesse

2061 656 2180 711 illic
2207 658 2301 712 Est
2322 667 2501 714 etnon
2524 660 2594 731 (II
2619 660 2739 717 Cor.
2774 680 2814 730 1,
2855 665 2961 735 19),
3004 667 3104 721 sed
3127 669 3237 735 Est,
3263 675 3378 731 est;
3408 674 3544 743 Non,
3578 689 3706 729 non.

2059 746 2131 799 At
2153 745 2308 800 enim
2332 764 2436 801 nec
2460 748 2699 805 verbum
2723 750 3036 809 dicendum
3061 761 3169 824 est,
3196 759 3351 829 quod
3381 777 3575 816 verum
3593 780 3708 818 non

2061 836 2167 889 est.
2203 834 2259 889 Si
2289 836 2424 906 ita‘,
2458 836 2641 892 libens
2662 842 2968 897 assentior.
3008 844 3179 911 Quid,
3213 863 3345 903 cum
3386 866 3585 905 verum
3620 856 3711 907 est

2059 922 2302 977 verbum
2324 931 2611 996 nostrum,
2634 934 2688 981 et
2712 929 2838 984 ideo
2861 936 3013 986 recte
3031 936 3269 991 verbum
3291 943 3525 993 vocatur
3543 956 3711 997 num-

2061 1011 2202 1081 quid
2228 1011 2377 1066 sicut
2400 1013 2511 1068 dici
2544 1020 2731 1085 potest
2753 1017 2840 1072 vel
2866 1019 3008 1075 visio
3032 1021 3101 1076 de
3123 1023 3363 1092 visione,
3407 1026 3493 1081 vel
3520 1028 3706 1084 scien-

2057 1099 2139 1154 tia
2158 1101 2228 1155 de
2258 1101 2522 1173 scientia,
2548 1103 2625 1158 ita
2649 1104 2760 1161 diei
2792 1112 2980 1178 potest
3024 1113 3279 1168 essentia
3309 1114 3378 1168 de
3430 1118 3703 1186 essentia,

2062 1188 2215 1244 sicut
2260 1188 2401 1244 illud
2440 1190 2537 1246 Dei
2586 1193 2831 1249 Verbum
2866 1197 3116 1253 maxime
3166 1200 3380 1256 dicitur
3428 1206 3706 1261 maxime-

2061 1292 2175 1347 que
2198 1277 2509 1335 dicendum
2553 1281 2676 1336 est?
2714 1282 2855 1345 Quid
2892 1285 2991 1352 ita,
3025 1288 3161 1358 quia
3192 1306 3305 1345 non
3336 1290 3445 1348 hoc
3486 1300 3574 1349 est
3604 1312 3705 1350 no-

2058 1365 2150 1421 bis
2180 1383 2327 1435 esse,
2348 1368 2503 1439 quod
2524 1375 2614 1424 est
2636 1387 2825 1427 nosse.
2851 1373 3033 1429 Multa
3060 1377 3272 1450 quippe
3292 1382 3561 1439 novimus
3578 1400 3706 1454 quae

2056 1470 2161 1525 per
2191 1457 2529 1512 memoriam
2568 1460 2822 1530 quodam
2863 1464 3033 1519 modo
3073 1466 3293 1536 vivunt,
3345 1470 3425 1526 ita
3470 1476 3526 1527 et
3556 1472 3706 1529 obli-

2055 1544 2224 1599 vione
2264 1546 2517 1616 quodam
2569 1550 2742 1603 modo
2794 1551 3126 1609 moriuntur
3153 1572 3165 1610 :
3192 1560 3365 1629 atque
3404 1560 3530 1615 ideo
3569 1578 3704 1617 cum

2056 1630 2157 1687 illa
2172 1634 2297 1703 jam
2324 1650 2439 1689 non
2458 1634 2577 1691 sint
2599 1636 2656 1691 in
2676 1638 2887 1694 notitia
2908 1646 3237 1709 nostra,nos
3254 1649 3447 1703 tamen
3464 1666 3701 1717 sumus;

2057 1725 2115 1776 et
2146 1738 2279 1776 cum
2304 1724 2526 1780 scentia
2557 1730 2761 1781 nostra
2789 1728 2986 1783 animo
3008 1729 3171 1803 lapsa
3191 1733 3423 1805 perierit
3446 1754 3478 1792 a
3509 1739 3700 1809 nobis,

2057 1826 2163 1865 nos
2196 1815 2389 1867 tamen
2422 1813 2691 1869 vivimus.

2126 1900 2216 1954 25.
2242 1900 2344 1955 Illa
2368 1901 2541 1957 etiam
2567 1920 2693 1975 quae
2720 1906 2799 1960 ita
2830 1908 3120 1974 sciuntur,
3157 1915 3218 1964 ut
3241 1927 3560 1984 numquam
3606 1932 3700 1971 ex-

2057 1988 2247 2045 cidere
2276 1992 2525 2061 possint,
2563 1994 2840 2064 quoniam
2873 1998 3181 2067 praesentia
3211 2005 3371 2068 sunt,
3406 2008 3463 2057 et
3503 2004 3575 2059 ad
3616 2004 3706 2077 ip-

2058 2078 2182 2134 sius
2213 2079 2393 2134 animi
2417 2086 2683 2137 naturam
2715 2085 3022 2156 pertinent,
3044 2092 3106 2141 ut
3129 2092 3217 2143 est
3251 2089 3389 2145 illud
3425 2094 3578 2164 quod
3597 2110 3704 2151 nos

2056 2168 2248 2223 vivere
2297 2169 2516 2224 scimus
2566 2172 2786 2242 (manet
2816 2174 2972 2229 enim
3002 2175 3109 2231 hoc
3141 2180 3419 2249 quamdiu
3470 2182 3705 2238 animus

2058 2262 2273 2324 manet,
2308 2263 2363 2312 et
2393 2259 2532 2329 quia
2556 2276 2783 2333 semper
2812 2268 3011 2318 manet
3038 2265 3291 2335 animus,
3326 2272 3383 2323 et
3414 2268 3521 2325 hoc
3553 2287 3705 2327 sem-

2059 2361 2161 2416 per
2194 2348 2408 2417 manet)
2442 2366 2454 2404 :
2489 2348 2545 2402 id
2578 2364 2715 2421 ergo
2743 2355 2799 2405 et
2838 2352 2885 2406 si
2937 2369 3051 2422 qua
3080 2355 3450 2426 reperiuntur
3471 2356 3706 2429 similia,

2058 2435 2116 2489 in
2149 2435 2365 2507 quibus
2418 2436 2611 2508 imago
2648 2440 2739 2493 Dei
2789 2440 2982 2509 potius
3015 2441 3296 2499 intuenda
3335 2450 3426 2500 est
3476 2446 3708 2503 etiamsi

2060 2540 2292 2594 semper
2312 2525 2600 2591 sciuntur,
2624 2530 2819 2582 tamen
2854 2529 2993 2600 quia
3023 2547 3135 2585 non
3155 2547 3386 2604 semper
3415 2533 3593 2590 etiam
3612 2552 3709 2591 co-

2059 2612 2342 2681 gitantur,
2377 2616 2668 2685 quomodo
2700 2616 2771 2671 de
2814 2617 2908 2672 his
2938 2618 3168 2674 dicatur
3212 2623 3454 2678 verbum
3488 2626 3708 2697 sempi—

2059 2701 2375 2773 piternum,
2410 2720 2542 2758 cum
2575 2704 2817 2759 verbum
2843 2711 3110 2762 nostrum
3137 2712 3336 2766 nostra
3358 2711 3713 2783 cogitatione

2059 2791 2307 2857 dicatur,
2365 2792 2621 2847 invenire
2672 2793 2909 2849 difficile
2959 2800 3065 2852 est.
3125 2797 3561 2870 Sempiternum
3613 2808 3705 2858 est

2058 2879 2213 2934 enim
2247 2880 2442 2935 animo
2485 2881 2696 2953 vivere,
2747 2883 3166 2953 sempiternum
3212 2890 3303 2942 est
3355 2889 3502 2945 scire
3550 2892 3706 2962 quod

2055 2968 2230 3024 vivit:
2262 2984 2363 3023 nec
2402 2974 2598 3023 tamen
2644 2971 3066 3041 sempiternum
3098 2978 3187 3030 est
3230 2976 3485 3049 cogitare
3526 2979 3706 3035 vitam

2059 3073 2249 3127 suam,
2287 3056 2373 3112 vel
2429 3058 2683 3130 cogitare
2713 3059 3015 3116 scientiam
3058 3064 3190 3120 vitae
3220 3082 3378 3134 suis;
3428 3068 3707 3139 quoniam

2059 3162 2192 3200 cum
2224 3145 2380 3201 aliud
2405 3152 2578 3218 atque
2604 3147 2759 3203 aliud
2786 3150 3166 3222 cmperit,hoc
3194 3153 3422 3209 desinet
3437 3156 3707 3228 cogitare,

2058 3235 2328 3304 quamvis
2351 3252 2463 3291 non
2502 3236 2733 3292 desinat
2779 3239 2945 3293 scire.
2972 3240 3052 3294 Ex
3083 3257 3197 3312 quo
3226 3243 3311 3307 fit,
3344 3246 3409 3298 ut
3440 3246 3488 3299 si
3521 3248 3713 3316 potest

2057 3338 2185 3377 esse
2216 3322 2272 3377 in
2306 3324 2503 3379 animo
2535 3324 2731 3397 aliqua
2760 3328 2984 3382 scentia
3026 3329 3403 3401 sempiterna,
3453 3336 3510 3387 et
3556 3350 3713 3389 sem-

2059 3411 2288 3482 piterna
2317 3428 2446 3467 esse
2472 3430 2584 3468 non
2619 3417 2807 3485 potest
2835 3416 3098 3485 ejusdem
3132 3419 3387 3474 scientias
3418 3421 3709 3492 cogitatio,

2059 3506 2118 3556 et
2138 3503 2377 3556 verbum
2412 3518 2608 3556 verum
2642 3507 2907 3558 nostrum
2944 3504 3217 3560 intimum
3251 3506 3361 3561 nisi
3388 3513 3585 3564 nostra
3615 3526 3710 3565 co-

2060 3590 2338 3661 gitatione
2370 3608 2481 3645 non
2523 3590 2754 3655 dicitur,
2790 3591 2950 3647 solus
2998 3593 3152 3648 Deus
3196 3594 3559 3668 intelligatur
3602 3597 3712 3653 ha-

2059 3680 2195 3735 bere
2223 3680 2476 3735 Verbum
2502 3679 2919 3751 sempiternum
2944 3680 3169 3752 sibique
3190 3688 3560 3739 coaeternum.
3583 3686 3709 3741 Nisi

2059 3769 2205 3824 forte
2229 3769 2540 3824 dicendum
2566 3772 2673 3836 est,
2708 3768 2893 3838 ipsam
2931 3770 3373 3841 possibilitatem
3403 3774 3708 3845 cogitatio-

2061 3858 2174 3925 nis,
2201 3857 2479 3929 quoniam
2512 3857 2568 3910 id
2604 3857 2755 3927 quod
2791 3858 3185 3924 scitur,etiam
3217 3863 3450 3932 quando
3473 3879 3585 3917 non
3610 3879 3703 3917 co-

2060 3946 2304 4017 gitatur,
2367 3949 2560 4015 potest
2614 3949 2811 4000 tamen
2855 3948 3134 4004 veraciter
3166 3949 3428 4020 cogitari,
3459 3951 3700 4006 verbum

2058 4051 2186 4090 esse
2218 4040 2339 4089 tam
2374 4038 2740 4105 perpetuum,
2781 4051 2957 4105 quam
2998 4036 3223 4091 scentia
3251 4038 3379 4109 ipsa
3425 4045 3704 4111 perpetua

2058 4131 2166 4179 est.
2184 4125 2292 4179 Sed
2318 4125 2609 4194 quomodo
2630 4128 2718 4177 est
2746 4125 3008 4189 verbum,
3037 4126 3189 4195 quod
3226 4128 3483 4182 nondum
3519 4128 3577 4183 in
3610 4145 3702 4183 co-

2058 4215 2357 4287 gitationis
2387 4212 2608 4267 visione
2640 4213 2952 4267 formatum
2976 4214 3107 4268 est?
3149 4217 3447 4280 Quomodo
3476 4216 3586 4271 erit
3617 4218 3703 4271 si-

2059 4302 2197 4358 mile
2227 4302 2485 4357 scientize
2516 4302 2586 4355 de
2615 4317 2731 4371 qua
2751 4301 3088 4368 nascitur,si
3110 4303 3236 4371 ejus
3260 4318 3373 4356 non
3397 4303 3570 4358 habet
3590 4304 3705 4358 for-

2064 4408 2241 4458 mam,
2268 4396 2326 4445 et
2349 4392 2477 4445 ideo
2504 4390 2627 4460 jam
2656 4393 2898 4443 vocatur
2936 4389 3171 4443 verbum
3210 4389 3345 4461 quia
3368 4394 3561 4459 potest
3600 4391 3703 4445 ha-

2057 4480 2368 4535 berePTale
2390 4483 2478 4533 est
2498 4478 2651 4532 enim
2677 4494 2743 4533 ac
2764 4478 2810 4532 si
2836 4478 3082 4540 dicatur,
3101 4477 3359 4549 ideojam
3374 4479 3699 4534 vocandum

2058 4586 2184 4623 esse
2200 4568 2439 4622 verbum
2464 4566 2602 4638 quia
2624 4571 2813 4637 potest
2837 4582 2965 4621 esse
2994 4566 3257 4623 verbum.
3293 4566 3404 4621 Sed
3457 4568 3554 4639 qui
3605 4573 3694 4649 est

2057 4659 2210 4729 quod
2246 4661 2435 4728 potest
2464 4672 2592 4710 esse
2639 4656 2903 4722 verbum,
2936 4659 2992 4710 et
3022 4656 3149 4711 ideo
3175 4656 3302 4727 jam
3337 4656 3580 4729 dignum
3613 4663 3702 4713 est

2056 4746 2215 4801 verbi
2247 4743 2515 4800 nomine?
2531 4742 2675 4806 Quid
2698 4748 2807 4807 est,
2830 4742 3095 4814 inquam,
3110 4743 3218 4799 hoc
3240 4745 3544 4801 formabile
3560 4762 3702 4802 non-

2057 4837 2317 4906 dumque
2348 4835 2686 4895 formatum,
2718 4830 2833 4886 nisi
2881 4832 3162 4902 quiddam
3214 4834 3430 4888 mentis
3463 4840 3698 4902 nostrae,

2058 4925 2211 4995 quod
2226 4924 2334 4977 hac
2364 4928 2539 4992 atque
2562 4920 2667 4975 hac
2699 4920 2935 4975 volubili
2966 4922 3218 4991 quadam
3252 4922 3703 4991 motionejacta-

2059 5028 2215 5077 mus,
2238 5026 2373 5066 cum
2396 5026 2430 5063 a
2459 5008 2628 5064 nobis
2651 5024 2806 5063 nunc
2856 5008 2986 5075 hoc,
3039 5024 3193 5063 nunc
3230 5008 3397 5074 illud,
3428 5009 3584 5065 sicut
3613 5010 3703 5064 in-

2056 5106 2291 5155 ventum
2323 5098 2503 5153 fuerit
2530 5096 2618 5152 vel
2649 5096 2985 5162 occurrerit,
3024 5096 3357 5167 cogitatur?
3385 5096 3449 5151 Et
3476 5102 3617 5152 tunc
3640 5099 3707 5153 tit

2056 5204 2257 5243 verum
2289 5187 2550 5255 verbum,
2576 5186 2809 5255 quando
2830 5184 2973 5238 illud
3011 5184 3167 5253 quod
3189 5199 3296 5238 nos
3316 5184 3434 5238 dixi
3463 5184 3707 5241 volubili

2061 5277 2571 5345 motionejactare,
2593 5274 2663 5328 ad
2690 5274 2746 5327 id
2778 5273 2932 5343 quod
2966 5272 3188 5325 scimus
3210 5272 3708 5344 pervenit9,atque

2060 5367 2195 5420 inde
2224 5367 2530 5429 formatur,
2554 5364 2681 5432 ejus
2713 5360 3109 5415 omnimodam
3134 5359 3577 5415 similitudinem
3609 5377 3705 5417 ca-

2062 5454 2246 5525 piens;
2279 5459 2343 5507 ut
2375 5451 2668 5523 quomodo
2702 5465 2793 5503 res
2814 5464 3056 5517 quisque
3077 5448 3277 5513 scitur,
3311 5449 3395 5502 sic
3417 5448 3591 5503 etiam
3611 5466 3704 5503 co-

2124 5582 2139 5615 ί
2158 5580 2210 5628 Si
2223 5579 2415 5628 eeditio
2430 5573 3160 5635 PP.Benedict.Antuerpiana
3172 5586 3293 5622 cum
3310 5574 3580 5624 nonnullis
3593 5577 3701 5624 edi-

2058 5644 2143 5700 tis;
2166 5647 2219 5689 at
2236 5643 2288 5689 in
2309 5640 2466 5703 priori
2487 5638 2719 5703 editione
2732 5635 3075 5703 Benedictina
3090 5635 3301 5699 legitur,
3321 5638 3500 5703 sitita.
3566 5639 3635 5687 M.

2122 5697 2144 5741 ά
2164 5697 2325 5761 Εάίιὶζ
2344 5700 2650 5766 pervenerit.
2678 5698 3002 5749 Concinnius
3027 5697 3171 5760 Mss.)
3197 5700 3447 5763 pervenit.
