4130 6194
502 320 655 378 1079

502 449 802 522 gitetur,id
836 452 941 513 est,
964 447 1089 502 sine
1114 464 1267 513 voco,
1304 447 1425 502 sine
1447 447 1601 503 vocis
1629 449 2001 518 cogitatione,
2028 465 2151 518 qua:

500 539 757 611 profecto
776 537 1023 606 alicujus
1046 535 1258 608 linguis
1275 541 1382 605 est,
1407 536 1509 591 sic‘
1532 537 1589 591 in
1614 538 1785 593 corde
1806 537 2049 592 dicatur.
2075 542 2153 591 Ac

504 643 606 701 per
635 626 745 682 hoc
794 625 968 681 etiam
1006 625 1053 680 si
1096 624 1505 695 concedamus,
1541 640 1612 680 ne
1657 628 1726 679 de
1765 624 2157 680 controversia

497 714 764 773 vocabuli
782 713 1047 771 laborare
1064 712 1381 784 videamur,
1397 714 1524 784 jam
1539 715 1865 770 vocandum
1893 729 2022 770 esse
2033 729 2156 769 ver-

504 807 643 861 bum
667 804 947 877 quiddam
993 802 1132 858 illud
1174 803 1388 857 mentis
1419 807 1633 858 nostra:
1670 804 1823 874 quod
1857 803 1928 858 de
1958 808 2158 858 nostra

507 895 753 952 scientia
783 892 1019 949 formari
1043 896 1252 963 potest,
1273 892 1451 947 etiam
1475 892 1818 964 priusquam
1842 892 2155 947 formatum

508 987 604 1052 sit,
627 986 921 1057 quiajam,
948 986 1011 1037 ut
1033 982 1113 1036 ita
1154 981 1365 1049 dicam,
1400 980 1702 1037 formabile
1725 986 1848 1048 est;
1878 980 2011 1052 quis
2044 997 2157 1035 non

506 1075 942 1144 videat,quanta
964 1070 1057 1126 hic
1079 1070 1156 1126 sit
1175 1069 1593 1126 dissimilitudo
1613 1070 1806 1126 abillo
1828 1069 1925 1126 Dei
1948 1068 2156 1137 Verbo,

509 1164 664 1235 quod
686 1163 745 1217 in
770 1163 956 1217 forma
973 1160 1069 1216 Dei
1104 1159 1188 1215 sic
1213 1164 1326 1229 est,
1346 1162 1412 1213 ut
1432 1175 1546 1214 non
1566 1163 1735 1213 antea
1751 1159 1925 1214 fuerit
1944 1159 2157 1213 forma-

506 1252 623 1310 bile
645 1252 987 1326 priusquam
1011 1249 1349 1319 formatum,
1370 1264 1474 1303 nec
1493 1247 1808 1320 aliquando
1827 1263 1954 1303 esse
1977 1246 2164 1318 possit

508 1340 887 1410 informe,sed
912 1339 989 1395 sit
1010 1339 1195 1395 forma
1215 1336 1465 1409 simplex
1483 1341 1539 1392 et
1555 1335 1900 1409 simpliciter
1918 1336 2160 1408 aequalis

512 1431 563 1489 ei
581 1432 651 1488 de
682 1447 796 1504 quo
811 1433 917 1498 est,
952 1432 1008 1484 et
1036 1427 1130 1484 cui
1152 1425 1499 1481 mirabiliter
1517 1429 1801 1482 coasterna
1829 1428 1934 1481 est.

582 1520 809 1576 CAPUT
830 1517 974 1573 XVI.
1009 1548 1075 1558 —
1111 1515 1339 1572 Verbum
1362 1522 1630 1581 nostrum,
1651 1518 1820 1570 etiam
1848 1530 1974 1571 cum
2002 1514 2162 1570 simi-

514 1612 587 1667 les
606 1612 709 1665 Deo
731 1610 963 1678 erimus,
984 1620 1288 1677 numquam
1313 1604 1479 1660 Verbo
1509 1604 1699 1658 divino
1740 1602 2159 1675 coaequandum.

513 1700 876 1770 Quapropter
905 1695 986 1750 ita
1016 1693 1233 1749 dicitur
1256 1692 1399 1748 illud
1422 1693 1517 1747 Dei
1550 1691 1830 1759 Verbum,
1856 1696 1921 1747 ut
1951 1690 2050 1747 Dei
2068 1707 2161 1746 co-

513 1788 715 1862 gitatio
748 1801 861 1840 non
896 1784 1142 1853 dicatur,
1185 1798 1257 1837 ne
1283 1780 1504 1853 aliquid
1544 1798 1672 1837 esse
1701 1780 1869 1853 quasi
1911 1780 2162 1836 volubile

511 1876 784 1933 credatur
810 1873 868 1929 in
905 1875 1037 1941 Deo,
1062 1872 1216 1943 quod
1253 1887 1410 1926 nunc
1432 1871 1702 1942 accipiat,
1735 1886 1892 1925 nunc
1924 1868 2166 1941 recipiat

514 1966 785 2029 formam,
814 1965 878 2017 ut
900 1962 1141 2017 verbum
1166 1960 1260 2030 sit,
1285 1975 1530 2030 eamque
1551 1959 1738 2032 possit
1760 1958 2050 2029 amittere,
2081 1962 2164 2013 at-

515 2070 630 2127 que
650 2050 977 2109 informiter
1001 2050 1254 2121 quodam
1278 2049 1450 2104 modo
1480 2047 1748 2103 volutari.
1774 2048 1927 2103 Bene
1949 2046 2166 2119 quippe

519 2146 752 2199 noverat
781 2140 973 2208 verba,
994 2143 1049 2194 et
1062 2138 1179 2193 vim
1203 2137 1573 2209 cogitationis
1591 2138 1921 2209 inspexerat
1941 2136 2168 2193 locutor

514 2231 803 2305 egregius,
829 2229 930 2302 qui
963 2228 1107 2284 dixit
1138 2227 1195 2282 in
1221 2226 1501 2298 carnime,

1076 2344 1375 2406 Secumque
1412 2342 1617 2392 volutat

676 2409 911 2461 Eventus
931 2406 1060 2458 belli
1087 2407 1298 2456 varios:

1055 2467 1267 2532 (Virgil.
1290 2466 1500 2517 Ᾰῗηρίιί.
1520 2465 1607 2516 lib.
1643 2469 1718 2526 ιο,
1744 2468 1848 2525 459,
1884 2468 2011 2527 ian).

523 2592 577 2646 id
608 2592 694 2645 est
719 2586 1082 2660 cogitat.Non
1109 2600 1243 2655 ergo
1264 2583 1357 2637 ille
1401 2583 1494 2637 Dei
1541 2582 1714 2637 l-‘ilius
1746 2582 2016 2653 cogitatio
2051 2584 2172 2638 Dei,

524 2680 622 2734 sed
641 2678 888 2734 Verbum
914 2674 1012 2730 Dei
1030 2673 1260 2728 dicitur.
1282 2673 1561 2743 COgitatio
1586 2673 1801 2743 quippe
1824 2678 2021 2726 nostra
2048 2689 2169 2744 per-

519 2767 755 2823 veniens
788 2765 938 2821 adid
969 2763 1123 2835 quod
1156 2762 1399 2830 scimus,
1414 2765 1588 2832 atque
1611 2760 1746 2816 inde
1768 2762 2015 2815 formata
2044 2777 2167 2815 ver-

519 2858 662 2913 bum
696 2859 960 2910 nostrum
993 2867 1191 2908 verum
1226 2857 1332 2906 est.
1367 2851 1436 2905 Et
1466 2850 1593 2905 ideo
1624 2850 1880 2905 Verbum
1916 2850 2011 2904 Dei
2046 2849 2170 2904 sine

519 2944 867 3018 cogitatione
912 2942 1012 2997 Dei
1045 2941 1215 2997 debet
1246 2939 1514 3011 intelligi,
1558 2944 1623 2993 ut
1654 2939 1841 2993 forma
1874 2938 2000 3009 ipsa
2028 2939 2166 2993 sim-

518 3035 646 3105 plex
692 3031 1070 3103 intelligatur,
1134 3046 1246 3085 non
1297 3029 1521 3083 habens
1584 3027 1803 3098 aliquid
1865 3026 2168 3082 formabile

517 3123 668 3195 quod
705 3137 831 3176 esse
865 3120 1035 3173 etiam
1081 3117 1263 3188 possit
1303 3118 1572 3171 informe.
1611 3117 1892 3171 Dicuntur
1932 3117 2163 3187 quidem

516 3211 694 3269 etiam
726 3210 786 3264 in
819 3207 1113 3279 Scripuris
1145 3207 1369 3262 sanctis
1397 3205 1780 3277 cogitationes
1812 3205 1944 3273 Dei;
1981 3205 2077 3260 sed
2104 3220 2169 3260 eo

511 3298 824 3356 locutionis
877 3297 1070 3363 modo,
1107 3312 1223 3367 quo
1283 3294 1361 3348 ibi
1414 3297 1471 3347 et
1519 3293 1731 3349 oblivio
1784 3293 1883 3349 Dei
1934 3294 2164 3365 dicitur,

515 3405 642 3462 qua
675 3387 876 3459 utique
906 3385 978 3441 ad
1011 3384 1422 3457 proprietatem
1458 3382 1515 3437 in
1553 3383 1670 3438 Deo
1703 3383 1864 3438 nulla
1892 3387 1997 3438 est.

584 3479 675 3532 26.
702 3474 1088 3542 Quamobrem
1122 3488 1254 3528 cum
1286 3477 1449 3527 tanta
1480 3472 1556 3527 sit
1586 3487 1741 3526 nunc
1772 3471 1832 3525 in
1862 3472 2169 3544 istozenig-

518 3572 674 3624 mate
703 3563 1122 3621 dissimilitudo
1168 3562 1265 3618 Dei
1294 3566 1351 3617 et
1394 3561 1567 3618 Verbi
1598 3561 1721 3627 Dei,
1752 3562 1806 3615 in
1838 3576 1953 3632 qua
1973 3564 2169 3616 tamen

518 3653 803 3713 nonnulla
832 3651 1153 3709 similitudo
1177 3654 1473 3723 comperta
1499 3654 1621 3712 est;
1665 3649 1806 3704 illud
1832 3666 2056 3719 quoque
2089 3650 2172 3703 fa-

517 3745 761 3802 tendum
817 3747 908 3798 est
964 3741 1116 3813 quod
1176 3740 1351 3795 etiam
1396 3756 1529 3795 cum
1574 3740 1780 3795 similes
1834 3741 1888 3793 ei
1941 3739 2169 3805 erimus,

520 3832 754 3907 quando
810 3830 1116 3887 videbimus
1162 3844 1287 3884 eum
1343 3830 1511 3883 sicuti
1553 3835 1628 3882 est
1678 3827 1723 3897 (Ι
1769 3831 1924 3884 Joan.
1973 3844 2060 3895 ιιι,
2116 3830 2172 3897 2)

517 3922 697 3995 (quod
752 3920 952 3990 utique
997 3919 1094 3989 qui
1146 3918 1313 3986 dixit,
1374 3917 1525 3972 hanc
1569 3915 1767 3986 procul
1818 3915 1995 3971 dubio
2045 3932 2171 3986 quas

517 4025 673 4066 nunc
721 4013 809 4064 est
864 4006 1438 4062 dissimillitudinem
1509 4004 1813 4072 attendit),
1874 4021 1977 4060 nec
2033 4009 2174 4059 tunc

518 4102 730 4155 natura
786 4096 867 4151 illi
927 4096 1149 4150 erimus
1214 4093 1502 4165 aequales.
1565 4093 1806 4163 Semper
1860 4094 2015 4148 enim
2072 4110 2174 4147 na-

518 4192 653 4244 tura
694 4185 883 4241 minor
932 4189 1020 4240 est
1068 4182 1333 4247 faciente,
1388 4197 1514 4253 qua:
1547 4180 1700 4236 facta
1756 4186 1864 4237 est.
1920 4182 1988 4236 Et
2035 4186 2174 4237 tunc

519 4276 756 4349 quidem
787 4274 1024 4330 verbum
1056 4276 1327 4327 nostrum
1365 4287 1477 4326 non
1509 4269 1618 4325 erit
1647 4268 1879 4339 falsum,
1914 4270 2051 4341 quia
2081 4286 2176 4325 ne-

522 4381 632 4437 que
684 4362 1058 4429 mentiemur,
1106 4375 1295 4430 neque
1343 4358 1650 4414 fallamur:
1686 4358 1953 4414 fortassis
1999 4361 2172 4414 etiam

522 4452 809 4509 volubiles
838 4468 953 4507 non
986 4455 1159 4505 erunt
1188 4452 1402 4504 nostrae
1434 4447 1816 4520 cogitationes
1854 4448 1925 4502 ab
1956 4447 2086 4503 aliis
2115 4447 2173 4503 in

526 4540 675 4598 aliaﬁ
707 4543 911 4595 euntes
935 4544 1110 4610 atque
1132 4537 1461 4603 redeuntes,
1494 4536 1595 4591 sed
1618 4551 1851 4591 omnem
1873 4536 2173 4591 scientiam

529 4634 789 4685 nostram
832 4644 950 4682 uno
998 4626 1177 4682 simul
1219 4630 1531 4697 conspectu
1580 4623 1944 4679 videbimus:
1982 4629 2175 4680 tamen

530 4734 665 4775 cum
698 4721 755 4772 et
784 4716 891 4771 hoc
942 4716 1133 4785 fuerit,
1181 4715 1227 4770 si
1278 4719 1334 4769 et
1374 4714 1483 4769 hoc
1531 4713 1728 4781 fuerit,
1775 4712 2022 4768 formata
2070 4713 2180 4768 erit

529 4810 796 4865 creatura
824 4821 952 4876 quae
984 4803 1309 4859 formabilis
1335 4803 1463 4874 fuit,
1487 4806 1551 4857 ut
1572 4801 1855 4873 nibiljam
1877 4802 2030 4859 desit
2049 4803 2176 4873 ejus

528 4899 752 4965 formai,
769 4893 841 4950 ad
873 4909 1050 4966 quam
1074 4891 1372 4962 pervenire
1391 4892 1664 4947 deberet:
1690 4892 1790 4948 sed
1820 4897 2016 4947 tamen
2036 4908 2176 4948 coae-

528 4984 767 5059 quanda
787 4998 902 5039 non
936 4980 1043 5036 erit
1062 4979 1143 5034 illi
1177 4978 1559 5050 simplicitati,
1596 4979 1696 5035 ubi
1720 4997 1835 5035 non
1876 4980 2182 5038 formabile

527 5072 751 5146 aliquid
783 5071 1105 5127 formatum
1145 5071 1231 5123 vel
1264 5067 1646 5123 reformatum
1678 5072 1785 5135 est,
1820 5069 1918 5123 sed
1955 5069 2177 5136 forma;

526 5178 717 5236 neque
738 5159 1031 5227 informis,
1063 5173 1260 5228 neque
1284 5156 1551 5226 formata,
1582 5156 1712 5228 ipsa
1740 5156 1818 5213 ibi
1851 5162 2061 5213 aeterna
2091 5162 2180 5214 est

524 5248 1030 5320 immutabilisque
1051 5244 1399 5302 substantia.

597 5339 829 5397 CAPUT
876 5336 1047 5392 XVII.
1072 5365 1143 5377 —
1161 5336 1251 5389 27.
1277 5334 1546 5402 Quomodo
1569 5334 1805 5406 Spiritus
1833 5338 2056 5391 sanctus
2085 5335 2179 5391 di-

528 5434 687 5486 catur
714 5428 978 5493 Charitas,
1001 5428 1052 5480 et
1081 5441 1153 5479 an
1183 5424 1347 5479 solus.
1373 5424 1642 5494 Spiritum
1670 5427 1920 5479 sanctum
1942 5426 1999 5478 in
2031 5424 2179 5479 Scri-

532 5519 712 5590 pturis
725 5516 1336 5587 praprienuncupatum
1354 5528 1463 5567 esse
1481 5512 1735 5568 vocabulo
1754 5512 2071 5567 Charitatis.
2086 5516 2181 5567 Sa-

536 5606 613 5661 tis
637 5605 705 5660 de
724 5605 892 5659 Patre
910 5608 964 5658 et
984 5601 1150 5667 Filio,
1184 5605 1467 5673 quantum
1489 5617 1590 5674 per
1619 5601 1727 5657 hoc
1757 5599 2059 5673 speculum
2091 5605 2177 5657 at-

600 5714 617 5747 ί
651 5713 729 5760 Ita
758 5710 880 5757 Mss.
913 5709 980 5758 At
1003 5707 1147 5765 editi,
1166 5708 1229 5757 si.

601 5774 622 5811 ³
650 5770 803 5831 Editi,
834 5770 889 5820 in
916 5768 1065 5820 alias.
1095 5769 1281 5822 Melius
1301 5768 1446 5831 Mess,
1474 5769 1527 5822 in
1557 5768 1679 5821 alia.

1620 319 1718 377 DE
1766 316 2211 388 TRINITATE,
2263 319 2326 375 S.
2364 317 2790 378 AITGUSTINI

3723 323 3855 382 1080

2264 463 2375 519 que
2394 447 2448 501 in
2472 448 2577 502 hoc
2604 448 2908 519 zenigmatc
2933 448 3121 502 videre
3143 447 3646 518 potuimus,locuti
3661 467 3858 508 sumus.

2260 536 2424 591 Nunc
2450 537 2520 591 de
2540 538 2757 608 Spiritu
2808 540 3029 603 sancto,
3055 541 3363 605 quamtum
3388 541 3496 592 Deo
3534 539 3765 595 donante
3796 543 3863 595 vi-

2257 626 2391 680 dere
2423 626 2777 691 conceditur,
2798 625 3204 681 disserendum
3237 634 3343 680 est.
3363 625 3465 688 Qui
3499 626 3735 696 Spiritus
3759 647 3869 685 san-

2256 718 2352 769 tus
2383 715 2706 769 secundum
2730 715 3065 787 Scripturas
3090 718 3347 782 sanctas,
3371 731 3473 770 nec
3508 715 3684 771 Patris
3712 717 3868 775 solius

2258 806 2366 873 est,
2400 820 2505 857 nec
2538 802 2661 858 Filii
2693 803 2897 871 solius,
2922 804 3023 859 sed
3050 804 3392 859 amborum:
3418 807 3475 858 et
3503 805 3628 859 ideo
3644 822 3869 863 commu-

2259 908 2413 958 nem,
2448 909 2564 963 qua
2594 892 2841 948 invicem
2861 909 2921 947 se
2953 892 3396 965 diliguntPater
3424 897 3484 948 et
3513 894 3704 960 Filius,
3728 898 3869 951 nobis

2259 981 2521 1037 insinuat
2542 981 2910 1038 charitatem.
2948 982 3017 1037 Ut
3049 990 3240 1037 autem
3267 999 3371 1038 nos
3403 990 3684 1039 exerceret
3712 1001 3871 1043 sermo

2260 1069 2515 1138 divinus,
2567 1088 2682 1126 non
2718 1088 2811 1127 res
2844 1071 2902 1126 in
2934 1074 3211 1143 promptu
3260 1072 3425 1138 sitas,
3471 1074 3570 1128 sed
3608 1073 3663 1128 in
3707 1075 3871 1131 abdito

2261 1161 2609 1216 scrutandas
2644 1168 2699 1216 et
2749 1177 2818 1216 ex
2861 1161 3059 1216 abdito
3104 1161 3412 1232 eruendas,
3446 1162 3660 1231 majore
3712 1166 3873 1222 studio

2262 1247 2396 1303 fecit
2426 1248 2664 1319 inquiri.
2697 1249 2823 1305 Non
2874 1249 3068 1321 itaque
3116 1249 3265 1304 dixit
3311 1250 3628 1321 Scriptura,
3660 1251 3874 1323 Spiritus

2262 1342 2502 1392 sanctus
2535 1337 2788 1392 cbaritas
2818 1341 2937 1403 est;
2973 1338 3126 1409 quod
3160 1337 3205 1393 si
3239 1337 3506 1405 dixisset,
3538 1356 3650 1394 non
3672 1357 3871 1411 parvam

2262 1430 2483 1497 partem
2511 1426 2855 1497 quaestionis
2874 1426 3049 1482 istius
3073 1425 3415 1482 abstulisset
3434 1445 3448 1482 :
3464 1427 3563 1483 sed
3587 1428 3742 1495 dixit,
3764 1431 3876 1485 Deus

2260 1514 2506 1570 Charitas
2526 1523 2605 1571 es:
2625 1515 2670 1585 (Ι
2699 1517 2855 1570 Joan.
2878 1532 2959 1581 v1,
2994 1516 3109 1586 16);
3142 1520 3206 1570 ut
3235 1514 3524 1571 incertum
3568 1518 3664 1586 sit,
3696 1522 3748 1572 et
3774 1519 3878 1574 ideo

2263 1604 2702 1675 requirendum,
2753 1608 2951 1658 utrum
2993 1604 3148 1659 Deus
3195 1605 3364 1660 Pater
3406 1604 3483 1659 sit
3528 1604 3787 1674 cbaritas,
3823 1625 3880 1663 an

2266 1692 2417 1747 Deus
2443 1692 2641 1760 Filius,
2678 1709 2751 1746 an
2774 1696 2925 1746 Deus
2954 1692 3208 1763 Spiritus
3230 1697 3497 1759 sanctus,
3518 1710 3589 1748 an
3620 1694 3762 1750 Deus
3780 1696 3885 1768 ipsa

2261 1780 2539 1837 Trinitas.
2571 1785 2771 1853 Neque
2812 1780 2972 1836 enim
3004 1781 3217 1836 dicturi
3250 1798 3484 1847 sumus,
3520 1800 3634 1838 non
3680 1794 3881 1857 propte-

2263 1886 2363 1925 rea
2391 1868 2576 1924 Deum
2608 1868 2830 1923 dictum
2855 1883 2983 1924 esse
3005 1867 3348 1924 charitatem
3384 1869 3543 1940 quod
3564 1869 3689 1941 ipsa
3715 1872 3881 1926 chari-

2265 1962 2357 2012 tas
2388 1958 2466 2012 sit
2496 1957 2616 2013 ulla
2645 1956 3035 2024 substantia‘,
3070 1972 3198 2026 quas
3222 1956 3320 2013 Dei
3343 1957 3525 2029 digna
3545 1959 3621 2014 sit
3650 1960 3881 2029 nomine;

2266 2046 2369 2102 sed
2395 2046 2550 2116 quod
2572 2046 2790 2101 donum
2809 2046 2883 2100 sit
2910 2045 3037 2114 Dei,
3074 2044 3227 2102 sicut
3251 2046 3478 2102 dictum
3501 2052 3589 2103 est
3609 2048 3737 2118 Deo,
3768 2051 3886 2118 Quo-

2266 2137 2421 2190 niam
2451 2143 2512 2191 tu
2540 2151 2594 2190 es
2612 2137 2882 2207 patientia
2898 2151 3019 2190 mea
3055 2136 3231 2208 (Psal.
3268 2153 3394 2204 Lxx,
3423 2138 3483 2208 5)
3506 2154 3520 2192 :
3548 2153 3727 2209 neque
3754 2140 3882 2194 enim

2267 2228 2570 2298 propterea
2593 2224 2814 2279 dictum
2845 2228 2955 2291 est,
2989 2225 3127 2296 quia
3148 2223 3593 2282 Deisubstantia
3609 2232 3693 2283 est
3717 2233 3886 2284 nostra

2268 2313 2570 2386 patientia;
2597 2314 2695 2369 sed
2712 2314 2869 2386 quod
2891 2315 2961 2369 ab
2983 2314 3113 2385 ipso
3138 2314 3307 2370 nobis
3340 2318 3449 2384 est,
3483 2315 3636 2372 sicut
3664 2316 3791 2372 alibi
3818 2318 3882 2372 le-

2269 2404 2733 2477 gitur,()uoniam
2752 2404 2821 2458 ab
2841 2404 2958 2474 ipso
2977 2410 3059 2458 est
3074 2405 3345 2475 patientia
3363 2419 3490 2460 mea
3519 2404 3683 2476 (Psat.
3708 2423 3806 2473 LXI,
3821 2407 3886 2478 6).

2274 2493 2316 2546 li
2326 2508 2436 2546 unc
2458 2492 2670 2563 quippe
2683 2508 2924 2547 sensum
2938 2492 3106 2547 facile
3122 2490 3766 2565 refellithripturarum
3782 2494 3884 2566 ipsa

2274 2582 2507 2635 locutio.
2523 2581 2659 2633 Tale
2680 2587 2759 2633 est
2788 2579 3043 2643 enim.“
3066 2582 3435 2651 estpalientia
3457 2600 3599 2649 mea;
3621 2584 3775 2653 quale
3798 2591 3884 2649 est,

2276 2672 2342 2723 Tu
2365 2686 2437 2733 es,
2464 2672 2704 2735 nomine,
2728 2684 2844 2740 spes
2871 2686 2985 2723 mea
3005 2670 3361 2741 (l’sal.x<:,9);
3389 2677 3470 2735 et,
3496 2673 3629 2726 Deus
3650 2689 3787 2727 meus
3802 2674 3887 2725 mi-

2269 2758 2569 2815 sericordia
2619 2775 2747 2814 mea
2788 2760 2961 2826 (Psal.
3004 2775 3161 2826 Lvm,
3200 2759 3316 2831 18),
3365 2764 3423 2815 et
3463 2761 3649 2817 multa
3677 2760 3885 2817 similia.

2271 2850 2393 2904 Non
2426 2853 2517 2904 est
2544 2853 2739 2904 autem
2777 2848 3020 2919 dictum,
3056 2849 3297 2905 Domine
3325 2848 3586 2906 cbaritas
3608 2867 3758 2917 mea;
3786 2855 3885 2916 aut,

2272 2938 2357 2993 Tn
2390 2954 2451 2993 es
2501 2938 2756 2992 cbaritas
2788 2953 2947 3004 mea;
2985 2941 3105 3008 aut,
3151 2938 3305 2993 Deus
3345 2937 3604 2995 cbaritas
3633 2938 3884 2995 meazsed

2273 3028 2351 3082 ita
2381 3027 2600 3082 dictum
2632 3031 2739 3093 est,
2774 3027 2912 3083 Deus
2943 3027 3183 3082 Charitas
3202 3033 3324 3089 est;
3376 3028 3532 3083 sicut
3560 3028 3770 3083 dictum
3799 3030 3888 3092 est,

2272 3118 2410 3171 Deus
2458 3117 2702 3189 Spiritu:
2746 3122 2824 3171 est
2872 3117 3044 3182 (Joan.
3089 3118 3307 3188 1v,‘3.’i).
3354 3116 3477 3171 Hoc
3530 3118 3625 3189 qui
3670 3135 3771 3171 non
3812 3116 3891 3171 di-

2270 3206 2508 3273 scernit,
2557 3203 2919 3261 intellectum
2967 3222 3002 3260 a
3032 3205 3298 3271 Domino,
3338 3222 3455 3261 non
3508 3207 3891 3279 expositionem

2272 3298 2494 3366 quaerat
2523 3311 2558 3348 a
2586 3295 2915 3349 nobisznon
2946 3293 3102 3350 enim
3136 3294 3394 3366 apertius
3429 3295 3748 3368 quidquam
3778 3310 3886 3367 pos-

2272 3400 2479 3440 sumus
2510 3382 2722 3439 dicere.

2340 3474 2429 3527 28.
2459 3476 2604 3529 Deus
2635 3488 2769 3544 ergo
2790 3472 3032 3527 Charitas
3062 3475 3137 3527 est
3162 3475 3387 3527 :utrum
3415 3477 3619 3529 autem
3640 3476 3809 3537 Pater,
3834 3488 3891 3526 an

2274 3560 2477 3630 Filius,
2503 3578 2573 3616 an
2596 3561 2846 3632 Spiritus
2866 3564 3125 3631 sanctus,
3147 3578 3219 3616 an
3242 3560 3377 3633 ipsa
3396 3563 3678 3633 Trinitas,
3700 3561 3822 3635 quia
3847 3564 3889 3613 et

2287 3650 2417 3721 ipsa
2445 3666 2559 3705 non
2580 3652 2700 3704 tres
2724 3648 2828 3716 dii,
2856 3649 2958 3703 sed
2987 3666 3140 3704 unus
3163 3653 3252 3704 est
3282 3649 3453 3721 Deus,
3484 3652 3592 3707 hoc
3625 3650 3887 3722 queritur.

2275 3739 2383 3794 Sed
2402 3739 2524 3809 jam
2552 3739 2610 3792 in
2635 3738 2743 3793 hoc
2761 3737 2909 3793 libro
2934 3737 3206 3809 superius
3237 3738 3557 3811 disputavi,
3581 3757 3692 3795 non
3719 3738 3793 3794 sic
3819 3753 3891 3791 ac-

2275 3827 2600 3899 cipiendam
2622 3842 2750 3883 esse
2770 3826 3114 3883 Trinitatem
3134 3844 3261 3899 qua)
3284 3829 3439 3883 Deus
3463 3833 3575 3895 est,
3600 3846 3665 3883 ex
3685 3827 3791 3882 illis
3808 3825 3890 3879 tri-

2276 3917 2387 3973 bus
2410 3932 2539 3987 quae
2560 3917 2619 3970 in
2642 3916 2905 3971 trinitate
2940 3920 3151 3971 nostrae
3194 3917 3410 3973 mentis
3446 3918 3814 3979 ostendimus,
3842 3918 3891 3969 ut

2275 4009 2553 4076 tanquam
2592 4005 2878 4059 memoria
2906 4004 2984 4060 sit
3022 4004 3282 4060 omnium
3314 4006 3496 4062 trium
3531 4012 3714 4071 Pater,
3743 4008 3797 4060 et
3818 4004 3889 4056 in-

2275 4094 2601 4165 telligentia
2649 4092 2916 4147 omnium
2969 4094 3148 4148 trium
3183 4093 3388 4166 Filius,
3425 4100 3485 4151 et
3513 4095 3759 4151 cbaritas
3790 4108 3890 4147 om-

2278 4183 2441 4237 nium
2477 4182 2658 4237 trium
2693 4181 2941 4253 Spiritus
2984 4186 3244 4251 sanctus,
3278 4183 3450 4253 quasi
3503 4184 3669 4239 Pater
3700 4196 3794 4237 nec
3823 4180 3890 4234 in-

2277 4270 2501 4341 telligat
2530 4270 2639 4326 sibi
2675 4288 2779 4327 nec
2828 4269 3052 4343 diligat,
3085 4272 3184 4327 sed
3225 4272 3277 4327 ei
3312 4271 3495 4329 Filius
3538 4271 3825 4344 intelligat,
3850 4272 3893 4321 et

2280 4360 2534 4432 Spiritus
2564 4363 2808 4417 sanctus
2839 4360 2890 4416 ei
2921 4359 3150 4432 diligat,
3181 4361 3306 4433 ipse
3336 4367 3535 4418 autem
3568 4362 3678 4417 sibi
3725 4364 3775 4416 et
3800 4356 3894 4412 illis

2279 4454 2513 4505 tantum
2544 4449 2916 4518 meminerit;
2966 4454 3024 4505 et
3072 4450 3255 4507 Filius
3302 4466 3408 4507 nec
3458 4451 3779 4508 meminerit
3810 4460 3893 4501 nec

2281 4538 2485 4610 diligat
2516 4539 2648 4607 sibi,
2694 4539 2796 4594 sed
2828 4538 3157 4594 meminerit
3193 4540 3242 4595 ei
3299 4544 3490 4607 Pater,
3525 4546 3582 4596 et
3624 4539 3815 4609 diligat
3854 4531 3891 4589 ei

2282 4628 2535 4699 Spiritus
2567 4632 2828 4696 sanctus,
2851 4627 2977 4699 ipse
2999 4632 3193 4683 autem
3216 4634 3275 4685 et
3303 4630 3414 4684 sibi
3439 4635 3497 4685 et
3527 4629 3644 4685 illis
3674 4630 3891 4683 tantum-

2281 4717 2452 4773 modo
2483 4716 2810 4789 intelligat;
2844 4717 3102 4787 itemque
3132 4717 3382 4787 Spiritus
3404 4722 3642 4772 sanctus
3672 4731 3768 4770 nec
3796 4727 3893 4766 me-

2281 4806 2519 4861 minerit
2541 4820 2644 4860 nec
2674 4804 2960 4876 intelligat
2989 4804 3121 4873 sibi,
3142 4806 3246 4860 sed
3289 4805 3622 4861 meminerit
3648 4808 3703 4860 et
3732 4806 3892 4863 Pater,

2282 4900 2338 4950 et
2366 4894 2653 4967 intelligat
2672 4893 2723 4949 ei
2748 4893 2948 4959 Filius,
2974 4893 3099 4965 ipse
3134 4897 3329 4951 autem
3369 4900 3426 4949 et
3463 4894 3576 4950 sibi
3608 4891 3786 4949 stillis
3801 4902 3892 4943 non

2283 4984 2394 5040 nisi
2430 4982 2636 5055 diligat
2658 4999 2672 5039 :
2696 4982 2798 5038 sed
2817 4981 2901 5037 sic
2924 4981 3139 5053 potius,
3185 4987 3251 5037 ut
3289 4982 3483 5037 omnia
3505 4983 3617 5037 tria
3644 4985 3701 5036 et
3723 4988 3893 5035 omnes

2282 5071 2567 5143 etsinguli
2581 5070 2835 5126 habeant
2852 5069 2912 5126 in
2930 5086 3038 5126 sua
3061 5071 3309 5142 quisque
3331 5076 3559 5127 natura.
3582 5070 3693 5125 Nec
3710 5065 3895 5124 distent

2280 5161 2338 5216 in
2370 5162 2456 5217 eis
2502 5160 2633 5229 ista,
2666 5160 2819 5216 sicut
2846 5157 2905 5214 in
2946 5157 3115 5215 nobis
3139 5159 3294 5215 aliud
3319 5164 3405 5215 est
3435 5157 3731 5224 memoris,
3762 5149 3892 5209 aliud

2281 5259 2368 5307 est
2414 5248 2819 5321 intelligentia,
2851 5246 3009 5304 aliud
3054 5246 3284 5304 dilectio
3323 5248 3445 5304 sive
3490 5247 3737 5303 cbaritas
3768 5261 3779 5298 :
3809 5237 3891 5296 sed

2281 5354 2465 5395 unum
2480 5336 2702 5410 aliquid
2715 5337 2793 5393 sit
2804 5336 2960 5409 quod
2974 5352 3066 5392 om
3075 5336 3172 5392 nia
3183 5335 3679 5407 valeat,sicutipsa
3697 5329 3893 5403 sapien-

2280 5427 2395 5495 tia;
2427 5432 2483 5484 et
2512 5427 2595 5483 sic
2626 5426 2912 5483 habeatur
2932 5425 2990 5481 in
3009 5424 3470 5498 uniuscujusque
3491 5429 3711 5490 natura,
3736 5422 3794 5474 ut
3808 5413 3889 5488 qui

2280 5516 2475 5587 habet,
2490 5516 2598 5572 hoc
2611 5515 2687 5572 sit
2698 5516 2849 5586 quod
2870 5514 3066 5582 habet,
3084 5506 3889 5580 sicutimmutabilissimplex-

2280 5621 2392 5677 que
2418 5604 2769 5661 substantia.
2799 5602 2859 5660 Si
2883 5619 3020 5675 ergo
3043 5603 3164 5660 haec
3185 5602 3477 5661 intellecta
3495 5607 3648 5669 sunt,
3668 5604 3886 5667 etquan-

2281 5713 2367 5825 tu;
2389 5709 2715 5825 Egiﬁa'quod
2732 5710 2843 5776 ipsa
2876 5709 3104 5761 Charitas
3131 5709 3275 5761 nulla
3324 5708 3621 5762 substantia.
3649 5702 3883 5764 Οιιιὶεαῑι·
