4130 6194
317 363 466 422 1081

320 504 443 551 tum
480 496 646 549 nobis
679 495 732 547 in
771 495 941 547 rebus
968 494 1141 547 tantis
1165 496 1353 548 videre
1380 494 1461 547 vel
1487 495 1807 563 conjectare
1833 509 1966 545 con-

314 600 547 640 cessum
578 586 683 651 est,
706 598 840 638 vera
864 597 993 638 esse
1014 582 1379 647 claruerunt;
1400 583 1593 637 nescio
1610 598 1716 637 cur
1732 596 1845 636 non
1863 581 1967 637 sic-

315 680 378 729 ut
404 671 693 745 sapientia
711 675 767 726 et
785 671 955 726 Pater
974 670 1191 725 dicitur
1210 676 1266 726 et
1288 670 1465 726 Filius
1486 675 1544 727 et
1562 670 1813 741 Spiritus
1833 686 1966 725 san-

315 768 467 827 ctus,
492 764 548 815 et
569 759 749 815 simul
793 775 998 815 omnes
1037 776 1152 815 non
1195 763 1334 825 tres,
1378 761 1476 815 sed
1502 776 1620 815 una
1644 759 1964 831 sapientia;

319 853 398 905 ita
429 854 486 905 et
516 846 775 904 charitas
808 851 864 903 et
896 848 1062 902 Pater
1091 847 1321 903 dicatur
1347 852 1404 903 et
1430 848 1611 903 Filius
1643 852 1701 903 et
1718 847 1968 920 Spiritus

320 943 581 1004 sanctus,
616 939 675 991 et
704 935 883 992 simul
917 952 1118 991 omnes
1151 953 1268 991 una
1294 936 1569 991 charitas.
1603 936 1697 992 Sic
1726 936 1882 991 enim
1914 940 1969 990 et

324 1029 487 1081 Pater
502 1025 678 1091 Deus,
704 1030 763 1080 et
784 1024 966 1080 Filius
986 1025 1160 1094 Deus,
1184 1030 1242 1080 et
1260 1024 1509 1096 Spiritus
1532 1030 1771 1081 sanctus
1789 1025 1964 1093 Deus,

318 1122 369 1169 et
404 1114 582 1170 simul
611 1130 817 1169 omnes
843 1131 997 1168 unus
1028 1115 1201 1169 Deus.

383 1204 481 1257 29.
511 1204 580 1258 Et
603 1206 800 1258 tamen
823 1219 937 1257 non
962 1202 1178 1258 frustra
1198 1202 1255 1257 in
1276 1202 1385 1257 hac
1402 1202 1681 1257 Trinitate
1700 1219 1812 1258 non
1834 1200 1970 1256 dici-

315 1299 411 1348 tur
435 1292 691 1347 Verbum
717 1292 816 1347 Dei
841 1291 957 1347 nisi
982 1291 1187 1360 Filius,
1214 1306 1319 1347 nec
1341 1296 1570 1346 Donum
1593 1290 1696 1346 Dei
1715 1290 1828 1346 nisi
1847 1289 1970 1362 Spi-

318 1383 468 1437 ritus
491 1384 754 1451 sanctus,
777 1397 883 1436 nec
904 1381 974 1435 de
997 1396 1109 1450 quo
1129 1381 1390 1452 genitum
1422 1385 1510 1436 est
1540 1380 1787 1436 Verbum
1820 1382 1879 1435 et
1898 1379 1970 1435 de

320 1487 434 1543 quo
454 1470 714 1542 procedit
737 1468 1133 1540 principaliter
1155 1469 1410 1541 Spiritus
1427 1473 1665 1524 sanctus
1683 1468 1795 1524 nisi
1816 1468 1969 1524 Deus

321 1560 510 1615 Pater.
544 1558 677 1613 Ideo
710 1561 906 1612 autem
939 1556 1161 1624 addidi,
1192 1556 1617 1629 Principaliter,
1647 1557 1782 1627 quia
1811 1561 1870 1613 et
1899 1559 1969 1613 de

323 1647 466 1702 Filio
497 1647 753 1719 Spiritus
781 1650 1023 1702 sanctus
1056 1646 1367 1718 procedere
1400 1646 1705 1718 reperitur.
1730 1646 1840 1702 Sed
1861 1646 1969 1702 hoc

321 1752 554 1809 quoque
576 1734 659 1790 illi
684 1736 853 1791 Pater
872 1735 1053 1802 dedit,
1078 1736 1330 1807 nonjam
1348 1736 1618 1792 existenti
1635 1739 1691 1791 et
1708 1736 1968 1791 nondum

321 1823 683 1881 habentizsed
703 1823 990 1895 quidquid
1007 1824 1309 1895 unigenito
1337 1823 1704 1892 Verbidedit,
1728 1825 1971 1897 gignen-

320 1916 393 1970 do
424 1914 603 1969 dedit.
636 1912 727 1967 Sic
758 1928 896 1984 ergo
926 1929 1057 1968 eum
1092 1913 1315 1984 genuit,
1349 1917 1416 1968 ut
1445 1912 1620 1969 etiam
1644 1913 1713 1968 de
1735 1912 1832 1967 illo
1859 1912 1968 1967 Do-

320 2020 459 2058 num
493 2018 805 2057 commune
835 2002 1193 2074 procederet,
1226 2004 1282 2056 et
1312 2001 1568 2073 Spiritus
1590 2004 1831 2057 sanctus
1852 2001 1969 2073 spi-

325 2095 471 2147 ritus
504 2096 661 2147 esset
689 2091 1018 2146 amborum.
1073 2090 1196 2145 Non
1254 2094 1344 2145 est
1398 2091 1583 2162 igitur
1638 2090 1973 2162 accipienda

332 2185 720 2246 transeunter,
755 2179 854 2235 sed
905 2179 1216 2250 diligenter
1244 2179 1531 2234 intuenda
1562 2177 1970 2251 inseparabilis

329 2269 632 2326 Trinitatis
662 2268 778 2324 ista
810 2268 1130 2324 distinctio.
1164 2268 1311 2324 Hinc
1356 2269 1510 2324 enim
1541 2268 1757 2323 factum
1789 2271 1878 2323 est
1908 2271 1972 2323 ut

328 2359 557 2432 proprie
586 2357 685 2414 Dei
716 2357 969 2413 Verbum
1006 2357 1179 2412 etiam
1212 2357 1311 2412 Dei
1344 2356 1633 2429 sapientia
1662 2357 1967 2423 diceretur,

323 2463 460 2503 cum
484 2447 561 2502 sit
577 2446 864 2517 sapientia
880 2451 936 2502 et
953 2447 1118 2501 Pater
1132 2451 1189 2501 et
1205 2446 1459 2517 Spiritus
1476 2450 1734 2502 sanctus.
1758 2446 1812 2501 Si
1835 2462 1969 2519 ergo

331 2536 556 2607 prOprie
580 2536 801 2607 aliquid
834 2535 1046 2592 horum
1073 2535 1248 2590 trium
1283 2535 1538 2591 charitas
1576 2535 1969 2607 nuncupanda

326 2633 432 2689 vel,
468 2626 605 2696 quid
641 2624 832 2695 aptius
867 2640 1043 2694 quam
1079 2628 1143 2677 ut
1175 2624 1283 2678 hoc
1306 2623 1375 2675 sit
1409 2624 1660 2694 Spiritus
1686 2624 1970 2678 sanctus?

329 2716 399 2767 l't
430 2715 649 2769 scilicet
684 2715 739 2767 in
774 2714 903 2766 illa‘
942 2712 1191 2784 simplici
1223 2729 1571 2781 summaque
1600 2716 1828 2777 natura,
1858 2730 1965 2767 non

323 2807 395 2858 sit
420 2803 578 2858 aliud
602 2802 936 2858 substantia
957 2805 1014 2858 et
1034 2801 1191 2856 aliud
1216 2802 1497 2867 charitas;
1520 2801 1620 2857 sed
1644 2801 1971 2857 substantia

320 2893 450 2963 ipsa
471 2892 549 2947 sit
569 2890 847 2958 charitas,
871 2894 926 2945 et
948 2889 1204 2947 charitas
1229 2890 1358 2961 ipsa
1379 2890 1457 2945 sit
1478 2890 1825 2958 substantia,
1851 2891 1969 2946 sive

319 2980 375 3033 in
416 2981 602 3049 Patre,
638 2980 758 3036 sive
792 2980 851 3034 in
886 2978 1049 3045 Filio,
1088 2978 1206 3034 sive
1242 2979 1296 3033 in
1325 2978 1539 3051 Spiritu
1566 2983 1786 3047 sancto,
1810 2983 1866 3035 et
1889 2984 1970 3035 ta-

320 3087 450 3123 men
488 3068 718 3142 proprie
750 3067 1004 3141 Spiritus
1035 3072 1275 3124 sanctus
1299 3068 1551 3124 charitas
1575 3072 1963 3140 nuncupatur.

389 3164 477 3214 30.
503 3159 666 3215 Sicut
691 3158 860 3231 Legis
879 3158 1115 3214 nomine
1137 3157 1452 3229 aliquando
1472 3158 1649 3215 simul
1668 3159 1865 3215 omnia
1881 3174 1968 3214 ve-

318 3248 481 3304 terisl
490 3248 1186 3304 nstrumentisanctarum
1201 3247 1623 3321 scripturarum
1637 3248 1969 3321 signiﬁcan-

316 3342 413 3393 tur
432 3336 683 3409 eloquia.
708 3337 855 3392 Nam
878 3352 945 3392 ex
968 3336 1251 3408 propheta
1272 3337 1426 3392 Isaia
1440 3337 1847 3392 testimonium
1868 3353 1967 3409 po-

317 3441 467 3481 nens
489 3425 823 3497 Apostolus,
849 3426 947 3480 ubi
971 3426 1075 3494 ait,
1101 3426 1163 3482 In
1184 3426 1314 3481 aliis
1336 3426 1541 3497 linguis
1562 3429 1615 3480 et
1640 3428 1699 3480 in
1722 3426 1857 3481 aliis
1882 3423 1965 3480 la-

320 3515 429 3570 biis
444 3516 638 3586 loquar
657 3514 854 3586 populo
875 3514 1002 3569 huic
1022 3532 1041 3569 :
1062 3515 1341 3586 prmmisit
1362 3519 1576 3580 tamen,
1598 3518 1659 3570 In
1680 3516 1816 3583 Lege
1830 3516 1966 3570 scri-

316 3612 476 3674 ptum
502 3607 580 3658 est
609 3604 756 3674 (Isai.
792 3620 987 3669 xxvm,
1028 3604 1085 3657 11
1113 3623 1127 3672 ;
1164 3611 1213 3658 et
1246 3605 1265 3657 Ι
1298 3603 1418 3661 Cor.
1451 3620 1565 3673 xxv,
1595 3603 1708 3675 21).
1742 3604 1811 3659 Et
1840 3603 1965 3675 ipse

319 3690 626 3762 Dominus,
659 3694 719 3747 In
742 3693 905 3763 Lege,
941 3691 1151 3762 inquit,
1180 3707 1369 3748 eorum
1414 3694 1680 3763 scriptum
1707 3700 1805 3759 est,
1836 3692 1966 3763 quia

317 3781 551 3837 oderunt
580 3797 666 3837 me
692 3783 867 3852 gratis
896 3781 1075 3852 (Joan.
1104 3798 1194 3847 xv,
1216 3781 1305 3852 35)
1330 3798 1343 3849 ;
1370 3798 1502 3837 cum
1526 3780 1634 3836 hoc
1654 3780 1881 3852 legatur
1901 3781 1961 3836 in

317 3870 551 3926 Psalmo
585 3870 753 3941 (Psal.
787 3886 979 3939 xxxiv,
1010 3870 1121 3937 19).
1150 3868 1473 3942 Aliquando
1506 3873 1697 3926 autem
1733 3870 1962 3942 proprie

316 3962 556 4015 vocatur
587 3959 720 4029 Lex,
753 3974 879 4029 quae
911 3959 1047 4014 data
1094 3962 1183 4014 est
1222 3975 1323 4031 per
1351 3962 1604 4031 Moysen,
1637 3960 1960 4016 secundum

317 4047 472 4119 quod
496 4046 719 4102 dictum
740 4051 849 4119 est,
891 4049 1004 4103 Lex
1025 4055 1075 4102 et
1095 4048 1383 4120 PrOphetw
1404 4064 1570 4121 usque
1592 4048 1661 4103 ad
1679 4052 1961 4106 Joannem

321 4136 534 4207 (Matth.
567 4152 644 4202 x1,
679 4134 766 4207 13)
794 4140 907 4203 ;et,
932 4138 993 4190 in
1024 4137 1110 4192 his
1148 4135 1352 4192 duobus
1389 4138 1671 4209 praeceptis
1712 4142 1824 4194 tota
1854 4140 1962 4195 Lex

313 4225 517 4294 pendet
545 4230 599 4281 et
627 4225 919 4297 Prophetas
939 4224 1039 4297 (Id.
1062 4242 1200 4292 xxn,
1226 4226 1335 4296 40).
1362 4226 1465 4281 Hic
1498 4225 1701 4297 utique
1732 4226 1961 4299 proprie

314 4315 431 4369 Lex
454 4313 744 4386 appellata
766 4319 877 4383 est,
901 4315 972 4370 de
996 4318 1194 4370 monte
1216 4314 1376 4371 Sina.
1404 4315 1823 4387 Prophetarum
1857 4332 1959 4372 au-

315 4410 435 4458 tem
462 4404 697 4458 nomine
717 4404 895 4458 etiam
919 4402 1138 4458 Psalmi
1160 4403 1468 4475 significati
1494 4407 1664 4459 sunt:
1690 4408 1746 4459 et
1766 4407 1959 4460 tamen

316 4491 431 4547 alio
458 4492 584 4547 loco
607 4490 732 4562 ipse
748 4491 1027 4556 Salvator,
1049 4493 1367 4563 Oportebat,
1388 4491 1596 4563 inquit,
1617 4493 1839 4565 impleri
1853 4509 1962 4548 om-

314 4582 417 4635 nia
441 4596 562 4653 qua
590 4582 792 4652 scripta
819 4584 949 4637 sunt
990 4582 1051 4636 in
1079 4581 1214 4652 lege,
1249 4586 1299 4636 et
1330 4582 1631 4651 Prophetis,
1655 4589 1705 4637 et
1723 4581 1962 4638 Psalmis

314 4670 380 4725 de
407 4685 497 4725 me
529 4671 678 4738 (Luc.
713 4686 864 4737 xxiv,
898 4670 1009 4741 44).
1044 4670 1142 4725 Hic
1177 4686 1379 4725 rursus
1413 4669 1832 4742 Prophetarum
1864 4688 1961 4727 no-

316 4775 475 4825 men,
497 4757 753 4830 exceptis
775 4758 1047 4824 Psalmis,
1073 4758 1316 4830 intelligi
1342 4758 1541 4814 voluit.
1572 4759 1793 4815 Dicitur
1824 4775 1959 4833 ergo

316 4848 429 4903 Lex
456 4846 860 4903 universaliter
879 4863 1012 4904 cum
1035 4846 1338 4920 Prophetis
1373 4852 1429 4902 et
1449 4847 1716 4918 Psalmis,
1749 4849 1962 4905 dicitur

312 4940 373 4993 et
394 4936 634 5007 pr0prie
659 4951 783 5007 quae
806 4953 907 5008 per
936 4937 1168 5009 Moysen
1202 4938 1336 4992 data
1366 4941 1473 4992 est.
1509 4937 1653 4993 Item
1686 4938 1927 4994 dicuntu

315 5025 710 5081 communiter
729 5025 1027 5097 Propheta
1052 5025 1227 5082 simul
1249 5042 1381 5082 cum
1400 5025 1665 5097 Psalmis,
1684 5026 1962 5084 dicuntur

311 5116 372 5169 et
391 5113 620 5184 prOprie
644 5118 852 5185 preter
868 5113 1161 5171 Psalmos.
1192 5115 1263 5170 Et
1284 5114 1487 5171 multis
1518 5114 1651 5172 aliis
1679 5116 1959 5189 exemplis

309 5201 507 5257 doceri
521 5206 738 5273 potest,
754 5201 941 5258 multa
956 5219 1152 5259 rerum
1168 5204 1467 5273 vocabula,
1487 5209 1544 5260 et
1557 5204 1961 5261 universaliter

316 5290 476 5363 poni,
499 5294 556 5344 et
578 5290 807 5363 proprie
839 5290 1190 5363 quibusdam
1222 5292 1397 5348 rebus
1437 5293 1719 5358 adhiberi,
1757 5295 1869 5350 nisi
1898 5294 1957 5351 in

315 5394 379 5435 re
407 5383 611 5450 aperta
638 5379 877 5436 vitanda
907 5379 985 5435 sit
1014 5378 1316 5451 longitudo
1348 5381 1658 5437 sermonis.
1692 5382 1808 5437 Hoc
1830 5382 1958 5440 ideo

314 5466 461 5538 dixi,
494 5483 565 5523 ne
612 5468 925 5540 quisquam
984 5473 1289 5540 propterea
1347 5485 1453 5524 nos
1491 5469 1962 5528 inconvenienter

314 5555 609 5612 existimet
636 5556 976 5612 charitatem
1008 5555 1298 5627 appellare
1344 5556 1624 5627 Spiritum
1666 5564 1957 5628 sanctum,

388 5723 402 5757 ¹
433 5721 588 5782 Editi,
619 5723 671 5773 in
698 5721 792 5771 illa
825 5724 1108 5775 Trinitatis.
1131 5725 1259 5785 Vox,
1298 5724 1576 5783 Trinitatis,
1607 5724 1758 5775 abest
1785 5728 1954 5779 abies.

1508 361 1732 421 LIBER
1786 358 2131 431 QUINTUS
2177 359 2547 420 DECIMUS.

3576 359 3723 416 1082

2079 492 2215 561 quia
2247 498 2297 546 et
2330 494 2482 548 Deus
2536 497 2702 546 Pater
2752 496 2807 547 et
2858 492 3009 545 Deus
3044 490 3221 545 Filius
3254 496 3441 560 potest
3473 489 3721 545 charitas

2076 581 2424 651 nuncupari.

2144 668 2232 722 31.
2259 669 2424 724 Sicut
2445 685 2579 741 ergo
2605 670 2844 724 unicum
2874 667 2968 721 Dei
3000 668 3255 722 Verbum
3286 669 3516 740 proprie
3548 685 3721 723 voca—

2076 771 2208 812 mus
2229 756 2464 812 nomine
2487 757 2807 828 sapientiaa,
2833 772 2967 811 cum
2990 755 3069 811 sit
3088 754 3492 811 universaliter
3519 760 3574 811 et
3593 758 3717 829 Spi-

2075 844 2223 899 ritus
2242 848 2484 901 sanctus
2502 851 2557 900 et
2573 846 2872 917 Pateripse
2887 844 3203 916 sapientia;
3223 844 3303 900 ita
3326 845 3575 916 Spiritus
3594 864 3722 902 san-

2074 936 2203 987 ctus
2221 932 2453 1004 proprie
2471 938 2843 1006 nuncupatur
2855 933 3137 990 vocabulo
3158 934 3481 1002 charitatis,
3501 952 3631 999 cum
3652 938 3728 991 sit

2074 1021 2482 1077 universuliter
2501 1023 2751 1078 charitas
2770 1029 2825 1078 et
2852 1024 3016 1079 Pater
3033 1028 3089 1077 et
3113 1022 3315 1078 Filius.
3338 1024 3447 1078 Sed
3472 1024 3569 1079 Dei
3592 1025 3727 1080 Ver-

2075 1111 2236 1177 bum,
2262 1110 2318 1164 id
2343 1116 2452 1177 est,
2481 1112 2819 1183 unigenitus
2854 1113 2950 1167 Dei
2983 1111 3165 1167 Filius
3198 1116 3393 1183 aperte
3421 1113 3612 1167 dictus
3635 1120 3723 1169 est

2078 1199 2172 1254 Dei
2196 1200 2503 1271 sapientia,
2533 1216 2629 1255 ore
2653 1200 3001 1271 Apostolieo,
3031 1201 3129 1255 ubi
3173 1201 3271 1269 ait,
3321 1201 3595 1257 Christum
3629 1205 3723 1258 Dei

2072 1290 2333 1343 virtutem
2352 1296 2404 1344 et
2420 1290 2520 1343 Dei
2537 1292 2867 1361 sapientiam
2891 1291 2935 1362 (Ι
2960 1290 3136 1360 Cora,
3164 1291 3254 1362 24)
3281 1308 3293 1346 :
3329 1290 3580 1363 Spiritus
3612 1309 3713 1347 au-

2074 1380 2190 1431 tem
2214 1381 2450 1433 sanctus
2473 1377 2571 1432 ubi
2593 1376 2667 1433 sit
2690 1378 2882 1433 dictus
2907 1377 3159 1433 charitas
3181 1378 3528 1445 invenimus,
3554 1379 3604 1435 si
3627 1380 3711 1433 di-

2074 1464 2320 1538 ligenter
2342 1466 2587 1521 Joannis
2618 1467 2863 1536 apostoli
2899 1472 3229 1522 scrutemur
3249 1467 3545 1538 eloquium
3573 1487 3585 1536 ;
3612 1470 3712 1538 qui

2074 1570 2206 1609 cum
2240 1555 2501 1623 dixisset,
2535 1558 2906 1623 Dilectissimi,
2960 1556 3257 1626 diligamus
3299 1558 3557 1625 invicem,
3588 1560 3719 1628 quia

2074 1642 2288 1699 dilectio
2315 1661 2384 1699 ex
2417 1646 2522 1699 Deo
2559 1648 2676 1711 est,-
2707 1649 2943 1700 secutus
2976 1645 3264 1715 adjunxit,
3315 1646 3378 1699 Et
3428 1650 3605 1701 omnis
3626 1649 3721 1717 qui

2073 1732 2281 1801 diligit,
2309 1750 2383 1789 ea:
2412 1734 2517 1789 Deo
2538 1739 2703 1788 natus
2724 1739 2809 1789 est
2830 1753 2847 1787 :
2870 1737 2968 1805 qui
2988 1750 3094 1789 non
3113 1735 3320 1803 diligit,
3345 1752 3449 1789 non
3474 1740 3720 1806 cognovit

2072 1824 2262 1889 Deum,
2285 1826 2415 1895 quia
2434 1824 2573 1879 Deus
2592 1824 2819 1879 dilectio
2836 1831 2931 1879 est.
2960 1823 3061 1878 Hic
3090 1824 3484 1879 manifestavit
3505 1841 3633 1880 eam
3655 1843 3716 1881 se

2073 1912 2288 1968 dixisse
2318 1912 2688 1967 dilectionem
2720 1912 2926 1975 Deum,
2952 1929 3127 1984 quam
3150 1912 3295 1967 dixit
3315 1930 3383 1968 ex
3402 1913 3539 1969 Deo.
3567 1918 3715 1969 Deus

2073 2017 2209 2073 ergo
2240 2017 2307 2057 ex
2337 2001 2452 2057 Deo
2493 2005 2582 2057 est
2612 2001 2865 2056 dilectio.
2898 2001 3007 2057 Sed
3043 2001 3175 2073 quia
3204 2004 3259 2056 et
3293 2001 3469 2057 Filius
3499 2018 3567 2058 ex
3598 2002 3713 2057 Deo

2073 2092 2238 2146 Patre
2269 2095 2442 2145 natus
2475 2094 2584 2156 est,
2616 2094 2674 2147 et
2701 2089 2948 2162 Spiritus
2996 2094 3234 2145 sanctus
3284 2105 3353 2145 ex
3400 2090 3513 2145 Deo
3546 2095 3715 2147 Patre

2074 2180 2352 2252 procedit,
2381 2196 2554 2251 quem
2587 2180 2785 2251 potius
2823 2196 3025 2235 eorum
3072 2178 3168 2234 hic
3217 2179 3533 2235 debeamus
3566 2182 3713 2235 acci-

2073 2285 2206 2340 pere
2238 2269 2459 2324 dictum
2492 2285 2619 2325 esse
2649 2268 3021 2325 dilectionem
3052 2268 3263 2335 Deum,
3284 2268 3491 2324 merito
3516 2271 3718 2340 quaeri-

2072 2362 2187 2412 tur.
2213 2358 2381 2413 Pater
2396 2358 2551 2413 enim
2572 2357 2734 2413 solus
2756 2358 2839 2413 ita
2861 2358 3015 2413 Deus
3037 2361 3145 2427 est,
3170 2362 3235 2412 ut
3255 2373 3368 2413 non
3390 2358 3459 2413 sit
3478 2375 3544 2413 ex
3562 2358 3674 2413 Deo
3701 2375 3712 2414 :

2058 2463 2139 2504 ac
2170 2463 2271 2519 per
2300 2446 2409 2502 hoc
2439 2445 2671 2503 dilectio
2702 2464 2830 2519 quis
2862 2447 2941 2503 ita
2966 2446 3120 2502 Deus
3152 2450 3258 2517 est,
3290 2450 3353 2501 ut
3384 2462 3451 2503 ex
3478 2448 3590 2502 Deo
3615 2448 3709 2513 sit,

2075 2540 2175 2590 aut
2209 2535 2387 2591 Filius
2420 2542 2529 2601 est,
2562 2541 2662 2591 aut
2702 2537 2952 2608 Spiritus
2987 2539 3243 2592 sanctus.
3278 2536 3387 2592 Sed
3420 2536 3477 2591 in
3510 2552 3711 2593 conse-

2074 2625 2389 2695 quentibus
2422 2641 2553 2679 cum
2606 2624 2702 2679 Dei
2754 2624 3123 2681 dilectionem
3173 2634 3712 2693 commemorasset,

2074 2730 2187 2767 non
2223 2731 2335 2784 qua
2368 2731 2478 2767 non
2513 2729 2667 2783 eum,
2702 2716 2799 2769 sed
2846 2732 2960 2785 qua
2988 2716 3103 2781 Ipse
3144 2715 3337 2770 dilexit
3372 2732 3491 2783 nos,
3522 2725 3572 2769 et
3604 2719 3711 2769 mi-

2072 2805 2144 2857 sit
2170 2804 2377 2857 Filium
2405 2819 2565 2857 suum
2620 2804 2933 2858 litatorem1
2975 2819 3074 2875 pro
3107 2806 3341 2873 peccatis
3368 2807 3572 2859 nostris
3599 2822 3619 2869 ;
3652 2812 3706 2859 et

2073 2891 2207 2946 hinc
2239 2892 2578 2946 exhortatus
2630 2895 2783 2947 esset
2833 2896 2897 2946 ut
2948 2908 3055 2947 nos
3098 2892 3343 2948 invicem
3377 2892 3711 2964 diligamus.

2074 2985 2245 3051 atque
2278 2980 2357 3036 ita
2387 2986 2534 3037 Deus
2565 2980 2624 3036 in
2654 2981 2825 3036 nobis
2854 2984 3105 3046 maneat,
3138 2980 3274 3052 quia
3304 2980 3505 3051 utique
3537 2982 3717 3038 dilec—

2074 3070 2290 3124 tionem
2327 3070 2473 3125 Deus
2505 3069 2745 3137 dixerat,
2782 3070 2981 3126 statim
3013 3068 3212 3125 volens
3245 3070 3314 3125 de
3337 3070 3444 3126 hac
3468 3086 3525 3125 re
3549 3087 3717 3143 aper-

2075 3159 2189 3214 tius
2220 3159 2440 3230 aliquid
2472 3159 2686 3230 eloqui,
2716 3160 2774 3215 In
2808 3162 2923 3228 hoc,
2956 3159 3169 3231 inquit,
3195 3162 3562 3230 cognoscimus
3586 3163 3715 3229 quia

2074 3249 2132 3302 in
2158 3250 2279 3319 ipso
2309 3263 2616 3315 manemus,
2665 3256 2716 3303 et
2765 3250 2875 3319 ipse
2920 3250 2980 3302 in
3020 3249 3196 3316 nobis,
3232 3252 3361 3321 quia
3406 3249 3469 3305 de
3502 3252 3708 3321 Spiritu

2070 3352 2167 3392 suo
2197 3336 2343 3393 dedit
2374 3338 2546 3393 nobis.
2573 3337 2829 3408 Spiritus
2853 3337 3049 3408 itaque
3069 3342 3306 3393 sanctus
3328 3338 3398 3393 de
3419 3355 3533 3409 quo
3558 3339 3715 3393 dedit

2072 3425 2260 3489 nobis,
2294 3425 2432 3481 facit
2461 3442 2568 3481 nos
2598 3426 2656 3481 in
2690 3425 2804 3481 Deo
2838 3442 3095 3493 manere,
3128 3432 3183 3481 et
3208 3427 3401 3498 ipsum
3431 3427 3485 3481 in
3512 3428 3709 3482 nobis:

2070 3514 2179 3570 hoc
2208 3518 2401 3569 autem
2430 3514 2569 3569 facit
2598 3513 2848 3569 dilectio.
2878 3516 3006 3586 [pse
3036 3518 3125 3570 est
3154 3515 3331 3586 igitur
3360 3515 3510 3570 Deus
3543 3515 3715 3570 dileeo

2070 3603 2169 3658 tio.
2206 3602 2467 3673 Denique
2500 3602 2671 3674 paulo
2702 3606 2834 3675 post
2866 3619 2999 3659 cum
3030 3602 3139 3658 hoc
3170 3602 3364 3673 ipsum
3389 3604 3718 3675 repetiisset

2070 3694 2242 3763 atque
2272 3690 2532 3759 dixisset,
2564 3692 2703 3746 Deus
2730 3690 2949 3747 dilectio
2978 3695 3054 3747 est
3073 3708 3094 3753 ;
3133 3691 3409 3748 continuo
3442 3693 3710 3763 subjecit,

2068 3783 2133 3835 Et
2163 3784 2260 3853 qui
2290 3789 2471 3835 manet
2503 3781 2557 3835 in
2590 3780 2898 3848 dilectione,
2924 3784 2985 3837 in
3010 3782 3112 3836 Deo
3132 3785 3344 3847 manet,
3370 3790 3418 3837 et
3441 3783 3577 3835 Deus
3598 3798 3712 3835 ma-

2065 3878 2156 3925 net
2176 3871 2235 3924 in
2249 3885 2336 3925 eo:
2352 3870 2504 3924 unde
2523 3886 2699 3941 supra
2721 3870 2964 3938 dixerat,
2988 3870 3049 3924 In
3070 3871 3167 3925 hoc
3189 3874 3556 3940 cognoscimus
3578 3872 3707 3939 quia

2065 3960 2125 4014 in
2152 3961 2269 4030 ipso
2298 3975 2603 4027 manemus,
2636 3966 2689 4015 et
2715 3960 2832 4031 ipse
2865 3961 2922 4013 in
2943 3960 3119 4027 nobis,
3143 3961 3273 4030 quia
3293 3960 3361 4015 de
3380 3961 3589 4032 Spiritu
3615 3976 3706 4014 suo

2063 4047 2213 4103 dedit
2243 4048 2418 4103 nobis.
2453 4052 2580 4118 Ipse
2611 4064 2746 4120 ergo
2773 4046 3139 4119 significatur
3170 4048 3268 4102 ubi
3299 4048 3528 4122 legitur,
3567 4051 3703 4103 Deus

2060 4138 2283 4194 dilectio
2310 4143 2411 4194 est.
2446 4137 2599 4193 Deus
2628 4136 2807 4207 igitur
2834 4136 3087 4209 Spiritus
3119 4142 3355 4193 sanctus
3381 4137 3481 4209 qui
3506 4154 3700 4209 proce-

2063 4228 2149 4282 dit
2178 4244 2246 4282 ex
2278 4228 2409 4294 Deo,
2441 4243 2573 4282 cum
2609 4227 2782 4281 datus
2815 4224 2985 4281 fuerit
3009 4225 3251 4291 homini,
3283 4227 3545 4280 accendit
3567 4243 3701 4281 eum

2061 4316 2121 4371 in
2153 4316 2521 4373 dilectionem
2554 4315 2656 4371 Dei
2686 4320 2744 4370 et
2770 4314 3040 4385 proximi,
3091 4318 3147 4369 et
3176 4314 3299 4385 ipse
3332 4314 3558 4368 dilectio
3590 4319 3698 4369 est.

2061 4405 2186 4461 Non
2220 4404 2375 4461 enim
2407 4404 2580 4460 habet
2608 4404 2782 4459 homo
2815 4403 2969 4458 unde
3023 4407 3200 4457 Deum
3233 4401 3456 4473 diligat,
3489 4401 3603 4456 nisi
3634 4418 3703 4457 ex

2064 4498 2196 4549 Deo.
2230 4494 2471 4565 Propter
2499 4493 2652 4563 quod
2695 4490 2865 4564 paulo
2897 4495 3027 4563 post
3069 4490 3243 4547 dicit:
3277 4491 3379 4547 Nos
3402 4490 3701 4561 diligamus

2061 4600 2210 4651 eum,
2243 4582 2375 4653 quia
2404 4583 2520 4653 ipse
2564 4582 2723 4653 prior
2768 4580 2967 4635 dilexit
3006 4595 3103 4636 nos
3134 4580 3179 4653 (Ι
3222 4581 3377 4636 JOan.
3413 4596 3488 4647 ιν,
3519 4580 3697 4650 7-19).

2060 4670 2371 4743 Apostolus
2405 4685 2633 4742 quoque
2666 4668 2913 4724 Paulus:
2948 4669 3195 4736 Dilectio,
3230 4667 3441 4740 inquit,
3472 4670 3569 4723 Dei
3587 4668 3703 4739 cli/'-

2059 4763 2186 4834 fusa
2213 4762 2377 4817 estin
2433 4759 2683 4815 cordibus
2737 4760 2960 4823 nostris,
3006 4773 3108 4829 per
3156 4758 3421 4829 Spiritum
3452 4763 3701 4813 sanctum

2063 4852 2159 4923 qui
2187 4850 2343 4905 datus
2370 4855 2451 4904 est
2477 4847 2630 4904 nobis
2655 4849 2828 4915 (Rom.
2863 4864 2917 4913 ν,
2948 4846 3025 4917 5).

2131 4938 2362 4996 CAPUT
2392 4938 2586 4993 XVIII.
2621 4967 2689 4977 ——-
2717 4937 2806 4990 32.
2838 4936 3063 4991 Nullum
3093 4936 3189 4992 Dei
3208 4936 3409 4992 donum
3428 4935 3701 4990 charitate

2060 5025 2682 5085 excellentius.Nullum
2698 5029 2785 5082 est
2798 5026 2908 5081 isto
2926 5024 3020 5080 Dei
3036 5025 3184 5080 dono
3199 5022 3701 5079 excellentius.So-

2063 5116 2185 5173 lum
2208 5119 2297 5172 est
2316 5115 2472 5187 quod
2494 5113 2699 5170 dividit
2720 5114 2871 5169 inter
2897 5113 3047 5169 filios
3070 5114 3229 5184 regni
3253 5111 3445 5167 aeterni
3474 5116 3529 5167 et
3550 5109 3699 5166 ﬁlios

2062 5203 2407 5276 perditionis
2428 5208 2674 5259 eterna.
2698 5206 2920 5258 Dantur
2940 5204 2995 5257 et
3016 5199 3127 5255 alia
3149 5217 3249 5272 per
3266 5200 3544 5271 Spiritum
3565 5216 3698 5255 san-

2061 5297 2220 5349 ctum
2243 5309 2508 5359 munera,
2532 5288 2639 5348 sed
2655 5291 2782 5346 sine
2805 5288 3082 5345 charitate
3105 5287 3246 5343 nihil
3282 5292 3544 5359 prosunt.
3580 5289 3697 5343 Nisi

2060 5398 2196 5456 ergo
2216 5385 2449 5438 tantum
2473 5379 2843 5453 impertiatur
2862 5378 3070 5448 cuique
3088 5376 3339 5449 Spiritus
3358 5381 3617 5443 sanctus,
3641 5382 3702 5432 ut

2061 5487 2191 5527 eum
2215 5470 2314 5526 Dei
2336 5474 2393 5525 et
2412 5467 2660 5541 proximi
2684 5467 2858 5523 faciat
2879 5469 3221 5531 amatorem,
3255 5482 3288 5521 a
3318 5464 3556 5521 sinistra
3588 5482 3700 5521 non

2060 5560 2415 5617 transfertur
2430 5559 2501 5615 ad
2517 5559 2833 5615 dexteram.
2853 5556 2967 5611 Nec
2984 5554 3225 5627 spiritus
3244 5554 3471 5627 proprie
3488 5554 3701 5611 dicitur

2126 5671 2143 5703 ί
2174 5667 2330 5723 Editi,
2363 5664 2703 5713 liberatorem.
2735 5663 2799 5713 At
2830 5664 2955 5713 Mss.
2986 5661 3261 5712 litatorem.
3283 5662 3479 5724 Graece,
3504 5664 3524 5711 1
3547 5663 3700 5713 Joan-

2063 5730 2161 5789 nis,
2195 5743 2307 5792 cap.
2342 5730 2384 5785 4,
2409 5741 2460 5787 v,
2493 5730 2567 5785 10,
2597 5726 2833 5776 itasmon.
