4130 6194
468 309 623 369 1083

466 449 713 514 Donum,
738 447 847 502 nisi
876 453 1107 521 propter
1130 451 1524 510 dilectionem:
1551 473 1724 525 quam
1749 457 1847 528 qui
1872 474 1985 511 non
2010 457 2106 512 ha-

468 534 677 605 buerit,
701 536 748 591 si
774 536 990 607 linguis
1014 538 1315 596 hominum
1341 541 1615 615 loquatur
1644 551 1701 599 et
1731 546 2104 616 Angelorum,

465 640 682 679 sonans
713 636 1093 682 esramentum
1122 634 1210 684 est
1240 635 1296 685 et
1314 632 1648 702 cymbalum
1679 634 2038 691 tinniens:et
2061 635 2107 689 si

461 713 737 769 habuerit
764 716 1153 788 prophetiam,
1188 728 1240 773 et
1272 721 1468 776 scierit
1498 723 1693 777 omnia
1724 730 2105 793 sacramenta,

465 807 762 858 etomnem
781 804 1108 873 scientiam,
1129 814 1184 863 et
1202 810 1247 863 si
1269 808 1784 869 habueritomne’m
1808 813 2001 881 ﬁdem,
2030 814 2111 868 ita

462 896 528 946 ut
551 898 778 949 montes
806 896 1141 964 transferat,
1168 898 1311 953 nihil
1337 904 1451 955 est:
1471 902 1593 956 etsi
1614 901 2109 958 distribueritom-

466 997 599 1036 nem
616 982 1005 1039 substantiam
1021 1002 1209 1054 suam,
1237 989 1351 1043 etsi
1373 990 1673 1045 tradiderit
1696 1008 1909 1062 corpus
1934 1009 2105 1046 suum

471 1075 531 1125 ut
556 1072 776 1137 ardeat,
802 1072 943 1127 nihil
968 1074 1017 1129 ei
1044 1077 1281 1146 prodest
1301 1078 1346 1148 (Ι
1373 1080 1492 1133 Cor.
1516 1097 1635 1146 xm,
1664 1082 2106 1149 i-3).Quantum

466 1175 602 1230 ergo
616 1160 833 1215 bonum
850 1166 955 1228 est,
972 1163 1097 1219 sine
1115 1182 1230 1235 quo
1248 1167 1316 1221 ad
1334 1172 1606 1223 aeternam
1624 1170 1799 1225 vitam
1815 1170 2105 1225 neminem

465 1248 618 1303 bona
633 1254 796 1304 tanta
810 1252 1316 1322 perducunt?lpsa
1332 1272 1460 1311 vero
1477 1256 1706 1313 dilectio
1720 1259 1838 1313 sive
1854 1258 2109 1314 charitas

464 1338 622 1409 (nam
650 1338 826 1417 unius
850 1341 929 1395 rei
957 1346 1043 1396 est
1067 1349 1380 1415 utrumque
1404 1348 1659 1417 nomen),
1689 1347 1736 1401 si
1761 1348 2104 1404 habeateam

462 1426 562 1499 qui
586 1444 697 1482 non
723 1414 985 1500 loquitur
1002 1430 1241 1501 linguis,
1267 1414 1369 1489 nec
1397 1434 1571 1489 habet
1594 1436 1983 1508 prophetiam,
2004 1455 2109 1493 nec

463 1514 660 1569 omnia
673 1515 780 1570 scit
795 1524 1158 1573 sacramenta
1171 1537 1519 1591 omnemque
1531 1524 1857 1592 scientiam,
1872 1542 1976 1581 nec
1990 1526 2109 1582 dis-

458 1601 668 1659 tribuit
686 1604 879 1660 omnia
900 1622 1007 1661 sua
1031 1609 1413 1679 pauperibus,
1432 1612 1520 1666 vel
1539 1629 1653 1666 non
1675 1613 1939 1669 habendo
1958 1616 2107 1684 quod

465 1690 800 1761 distribuat,
821 1693 905 1749 vel
926 1694 1123 1765 aliqua
1142 1698 1486 1753 necessitate
1504 1700 1853 1771 prohibitus,
1870 1720 1974 1758 nec
1988 1708 2107 1759 tra-

465 1779 551 1833 dit
568 1796 778 1852 corpus
792 1798 963 1837 suum
984 1790 1045 1838 ut
1059 1786 1277 1852 ardeat,
1293 1787 1340 1841 si
1358 1787 1489 1843 talis
1505 1790 1793 1860 passionis
1809 1791 2111 1848 nullaten-

459 1868 602 1923 tatio
624 1874 733 1935 est,
758 1871 1022 1941 perducit
1040 1874 1110 1928 ad
1129 1891 1395 1945 regnum,
1413 1878 1493 1931 ita
1507 1879 1769 1949 utipsam
1795 1880 1970 1936 ﬁdem
1994 1898 2109 1937 non

460 1955 635 2012 faciat
658 1958 859 2013 utilem
876 1960 988 2014 nisi
1003 1961 1279 2018 charitas.
1300 1965 1435 2020 Sine
1448 1966 1727 2023 charitate
1742 1968 1953 2041 quippe
1967 1970 2112 2027 ﬁdes

464 2048 801 2117 potestquid
812 2065 899 2102 em
916 2065 1064 2116 esse,
1080 2052 1177 2106 sed
1195 2069 1308 2107 non
1323 2060 1380 2108 et
1394 2056 1687 2125 prodesse.
1708 2058 2111 2129 Propterquod

466 2138 522 2189 et
553 2136 851 2205 apostolus
884 2138 1119 2207 Paulus,
1154 2143 1214 2195 In
1260 2143 1488 2213 Christo,
1542 2144 1752 2216 inquit,
1790 2148 1915 2203 Jesu
1943 2164 2115 2220 neque

469 2225 836 2294 circumcisio,
863 2243 1036 2298 neque
1062 2234 1403 2300 praeputium
1428 2234 1642 2305 aliquid
1669 2236 1830 2303 valet,
1861 2237 1955 2292 sed
1983 2237 2114 2307 ﬁdes

465 2330 585 2385 qua:
610 2330 713 2384 per
740 2314 1085 2372 dilectionem
1117 2324 1382 2390 operatur
1412 2322 1616 2392 (Gatat.
1646 2342 1701 2391 v,
1733 2327 1789 2393 6)
1814 2341 1827 2381 ;
1862 2326 1945 2381 sic
1986 2344 2114 2383 eam

464 2402 803 2458 discernens
838 2405 909 2459 ab
941 2421 1007 2460 ea
1040 2406 1174 2473 fide,
1209 2425 1325 2479 qua
1355 2414 1412 2464 et
1462 2411 1755 2467 daemones
1788 2416 2033 2470 credunt
2061 2421 2118 2471 et

466 2491 931 2548 contremiscunt
960 2494 1171 2565 (Jacobi
1203 2514 1263 2565 ιι,
1304 2498 1406 2569 19).
1432 2499 1671 2555 Dilectio
1698 2501 1877 2575 igitur
1898 2521 2023 2576 quis
2049 2521 2117 2561 ex

468 2579 585 2635 Deo
616 2583 703 2635 est
733 2586 789 2635 et
821 2581 974 2638 Deus
1005 2589 1113 2650 est,
1157 2586 1386 2657 proprie
1435 2588 1690 2659 Spiritus
1740 2596 1979 2648 sanctus
2007 2599 2115 2663 est,

466 2685 570 2741 per
598 2686 773 2742 quem
806 2670 1155 2727 diffunditur
1186 2673 1243 2728 in
1269 2676 1544 2732 cordibus
1568 2680 1783 2736 nostris
1806 2681 1903 2736 Dei
1927 2682 2118 2738 chari-

470 2763 584 2826 tas,
619 2776 719 2830 per
752 2776 928 2831 quam
954 2778 1059 2817 nos
1085 2767 1201 2818 tota
1227 2764 1519 2821 inhabitat
1541 2768 1814 2825 Trinitas.
1841 2771 2119 2835 Quocirca

475 2845 798 2903 rectissime
825 2848 1079 2921 Spiritus
1111 2856 1368 2922 sanctus,
1401 2871 1534 2910 cum
1577 2857 1650 2911 sit
1680 2857 1855 2929 Deus,
1881 2865 2121 2916 vocatur

476 2934 649 2991 etiam
680 2936 909 2992 Donum
945 2939 1039 2994 Dei
1068 2940 1201 3011 (Act.
1235 2958 1353 3011 vm,
1386 2943 1497 3015 20).
1532 2945 1693 3009 Quod
1726 2946 1954 3004 Donum
1985 2967 2117 3022 pro-

474 3023 597 3096 prie
628 3025 765 3095 quid
799 3026 911 3082 nisi
960 3028 1215 3085 charitas
1263 3030 1640 3105 intelligenda
1685 3040 1794 3107 est,
1830 3054 1956 3110 quas
1988 3056 2116 3111 per-

474 3113 634 3168 ducit
664 3115 735 3168 ad
768 3118 968 3186 Deum,
1002 3122 1058 3172 et
1089 3118 1215 3174 sine
1247 3137 1363 3191 qua
1387 3122 1691 3192 quodlibet
1712 3124 1871 3181 aliud
1895 3129 2114 3183 donum

475 3199 577 3255 Dei
610 3217 722 3256 non
755 3203 1023 3273 perducit
1052 3206 1122 3261 ad
1156 3206 1339 3264 Deum
1362 3208 1389 3264 ?

546 3342 781 3399 CAPUT
825 3344 971 3401 XIX.
1002 3349 1186 3404 —33.
1242 3349 1481 3420 Spiritus
1530 3364 1750 3410 sanctus
1798 3357 1973 3413 dictus
2022 3360 2120 3414 Dei

472 3430 679 3484 Donum
702 3433 761 3485 in
780 3436 1105 3505 Scripturis.
1130 3439 1783 3513 DonumSpiritussancti
1793 3446 2003 3501 dictum
2021 3464 2118 3519 pro

474 3520 685 3575 Donum
708 3522 849 3592 quod
867 3533 946 3579 est
963 3528 1207 3595 Spiritus
1225 3538 1465 3585 sanctus.
1490 3531 1732 3602 Spiritus
1752 3546 1972 3591 sanctus
1990 3553 2115 3608 pro-

473 3611 593 3678 prie
625 3609 877 3667 Charitas
906 3613 1129 3681 dicitur,
1162 3621 1411 3688 quamvis
1440 3636 1551 3676 non
1588 3624 1736 3676 solus
1766 3625 1824 3678 in
1856 3627 2120 3682 Trinitate

474 3697 714 3753 charitas
742 3702 833 3755 sit.
872 3707 957 3756 An
990 3708 1044 3758 et
1077 3704 1182 3761 hoc
1214 3708 1579 3779 probandum
1612 3717 1720 3777 est,
1759 3714 1849 3767 Dei
1892 3715 2115 3770 Donum

476 3786 699 3841 dictum
732 3806 859 3844 esse
885 3790 943 3844 in
967 3793 1148 3848 sacris
1171 3794 1400 3851 Litteris
1421 3797 1701 3868 Spiritum
1726 3805 2038 3858 sanctum?
2059 3806 2117 3860 Si

477 3880 530 3931 et
554 3875 661 3931 hoc
684 3884 1067 3953 exspectatur,
1090 3881 1374 3939 habemus
1390 3885 1448 3939 in
1468 3887 1773 3959 Evangelio
1793 3893 2117 3948 secundum

475 3963 760 4021 Joannem
787 3969 1010 4023 Domini
1036 3971 1170 4025 Jesu
1192 3972 1403 4028 Christi
1428 3976 1599 4029 verba
1622 3977 1898 4035 dicentis:
1925 3982 1985 4036 Si
2000 3985 2120 4054 quis

475 4054 615 4120 silit,
638 4058 817 4109 veniat
838 4056 910 4110 ad
933 4073 1039 4125 me,
1058 4068 1107 4113 et
1128 4060 1291 4115 bibat.
1319 4064 1434 4133 Qui
1451 4064 1621 4117 credit
1649 4068 1706 4120 in
1741 4084 1845 4133 me,
1878 4072 2016 4125 sicut
2036 4071 2119 4125 di-

476 4142 550 4195 cit
572 4141 874 4213 Scriptura,
897 4147 1133 4215 ﬂumina
1152 4148 1218 4203 de
1240 4154 1423 4206 ventre
1442 4154 1563 4221 eius
1582 4155 1751 4222 ﬂuent
1786 4173 1939 4227 aquae
1960 4162 2118 4217 viva.

481 4232 657 4285 Porro
681 4232 1047 4306 Evangelista
1068 4243 1304 4293 secutus
1330 4241 1595 4310 adjunxit
1615 4259 1626 4297 :
1650 4245 1758 4299 Hoc
1777 4250 1963 4301 autem
1981 4248 2123 4305 dixit

478 4318 545 4373 de
563 4319 792 4391 Spiritu,
808 4339 965 4394 quem
977 4329 1257 4392 accepturi
1265 4333 1420 4382 erant
1432 4330 1708 4386 credentes
1728 4335 1782 4387 in
1796 4350 1920 4389 eum
1935 4336 2119 4407 (Joan.

482 4423 581 4472 vn,
617 4410 829 4479 37-39).
864 4411 1025 4467 Unde
1058 4414 1202 4469 dicit
1231 4415 1403 4471 etiam
1440 4417 1652 4474 Paulus
1691 4424 1992 4492 apostolus
2022 4430 2123 4483 :Et

481 4513 663 4553 omnes
715 4516 883 4554 unum
937 4502 1211 4574 Spiritum
1262 4509 1567 4575 putavimus
1622 4511 1666 4580 (l
1719 4511 1837 4566 Cor.
1880 4517 2119 4584 3111,13).

480 4588 685 4639 Utrum
703 4592 895 4643 autem
911 4590 1128 4646 donum
1146 4592 1243 4647 Dei
1260 4593 1335 4648 sit
1359 4595 1951 4669 appellataaquaista,
1968 4606 2122 4675 quod

480 4677 570 4727 est
591 4674 843 4744 Spiritus
866 4684 1123 4745 sanctus,
1152 4681 1259 4737 hoc
1280 4684 1581 4753 quaeritur.
1614 4686 1718 4742 Sed
1745 4688 1894 4743 sicut
1916 4674 2010 4745 hic
2037 4692 2122 4746 in-

481 4761 750 4819 venimus
774 4764 922 4821 hanc
947 4784 1160 4839 aquam
1184 4769 1467 4841 Spiritum
1492 4778 1749 4830 sanctum
1772 4793 1918 4844 esse,
1944 4780 2123 4835 itain-

479 4851 748 4907 venimus
771 4852 908 4909 alibi
932 4855 989 4909 in
1015 4857 1139 4927 ipso
1161 4858 1470 4931 Evangelio
1494 4862 1643 4918 hanc
1675 4881 1885 4936 aquam
1903 4868 2123 4924 donum

482 4941 582 4996 Dei
617 4942 987 5014 appellatam.
1020 4945 1167 5001 Nam
1201 4948 1480 5004 Dominus
1520 4950 1673 5007 idem
1725 4957 1959 5025 quando
1986 4974 2121 5014 cum

482 5030 728 5086 muliere
745 5033 1113 5089 Samaritana
1129 5036 1199 5089 ad
1214 5041 1457 5107 puteum
1473 5037 1837 5110 loquebatur,
1857 5046 1951 5099 cui
1972 5046 2123 5101 dixe-

481 5124 591 5184 rat,
616 5120 694 5173 Da
716 5121 857 5175 mihi
882 5122 1063 5178 bibere
1080 5140 1101 5184 ;
1123 5139 1257 5177 cum
1282 5123 1382 5179 illa
1406 5129 1820 5198 respondisset,
1847 5137 2001 5204 quod
2019 5135 2124 5190 Ju-

482 5208 587 5262 daei
613 5226 724 5263 non
743 5215 1111 5266 conterentur
1129 5212 1514 5269 Samaritanis
1532 5232 1544 5281 ;
1567 5221 2051 5288 responditJesus
2065 5230 2124 5280 et

484 5297 627 5351 dixit
649 5298 697 5352 ei
727 5314 738 5352 :
768 5299 826 5353 Si
847 5302 1011 5356 scires
1032 5302 1243 5356 Donum
1269 5304 1386 5369 Dei,
1410 5307 1595 5375 etquis
1616 5315 1695 5361 est
1721 5310 1818 5379 qui
1845 5309 1977 5365 dicit
2001 5314 2123 5384 tibi,

484 5387 561 5440 Da
588 5388 728 5441 mihi
758 5389 978 5450 bibere;
1011 5395 1070 5444 tu
1097 5393 1333 5461 forsitan
1364 5394 1583 5463 petisses
1612 5394 1679 5448 ab
1705 5410 1784 5462 eo,
1819 5406 1872 5453 et
1893 5400 2127 5458 dedisset

483 5475 585 5530 tibi
612 5494 811 5547 aquam
842 5480 1040 5533 vivam.
1072 5480 1215 5535 Dicit
1243 5482 1295 5535 ei
1321 5482 1558 5536 mulier:
1590 5484 1835 5553 Domine,
1864 5504 2038 5559 neque
2065 5492 2124 5545 in

485 5579 590 5634 quo
612 5564 844 5621 haurias
864 5568 1049 5638 habes,
1067 5575 1119 5623 et
1141 5574 1336 5640 patens
1358 5572 1501 5625 altus
1515 5581 1626 5635 est;
1649 5576 1797 5630 unde
1817 5593 1940 5648 ergo
1960 5579 2125 5634 habes

485 5668 687 5721 aquam
705 5654 884 5709 vivam
907 5660 933 5709 ν
953 5660 1009 5711 et
1030 5660 1250 5714 catera.
1278 5660 1569 5732 Respondit
1596 5662 1767 5735 Iesus,
1790 5673 1843 5721 et
1870 5666 2018 5723 dixit
2031 5668 2084 5724 ei
2107 5685 2121 5724 :

1589 321 1687 379 DE
1733 322 2179 398 'l‘HINl'I‘A’I‘E,
2225 321 2290 384 s.
2337 328 2764 389 AUGUSTINI

3714 337 3865 398 1084

2221 458 2406 514 Omnis
2437 463 2532 532 qui
2559 462 2755 519 biberit
2785 480 2856 520 ea:
2877 466 2979 522 hac
2999 484 3175 539 aqua,
3198 470 3351 525 sitiet
3373 471 3586 526 iterum
3612 491 3628 539 ς
3650 473 3753 543 qui
3768 488 3868 527 au-

2212 550 2317 603 tem
2349 549 2551 605 biberit
2590 567 2659 606 ex
2708 570 2853 625 aqua
2883 572 3047 628 quam
3077 574 3179 630 ego
3209 557 3348 613 dabo
3378 561 3452 631 ei,
3484 576 3595 615 non
3626 562 3775 616 sitiet
3806 562 3866 616 in

2212 641 2482 694 zternum
2502 657 2521 693 :
2544 640 2637 696 sed
2666 659 2811 714 aqua
2842 662 3007 715 quam
3037 663 3135 717 ego
3168 646 3306 704 dabo
3336 650 3411 715 ei,
3440 650 3531 719 ﬁet
3565 651 3625 704 in
3656 666 3718 706 eo
3740 652 3864 720 fons

2213 744 2380 799 aqua:
2394 729 2643 785 salientis
2662 733 2719 786 in
2738 734 2907 789 vitam
2922 744 3192 791 aeternam
3210 738 3392 808 (Joan.
3419 755 3496 805 ix,
3517 740 3701 809 7-14).
3718 739 3866 805 Quia

2213 833 2349 888 ergo
2371 817 2492 873 haec
2513 836 2667 891 aqua
2692 822 2840 888 viva,
2866 822 3018 879 sicut
3040 824 3409 898 Evangelista
3429 826 3719 899 exposuit,
3736 826 3865 899 Spi-

2216 906 2363 961 ritus
2384 912 2472 962 est
2491 914 2751 977 sanctus,
2776 912 2976 983 procul
3005 914 3182 970 dubio
3205 914 3463 987 Spiritus
3500 916 3731 972 Donum
3768 916 3867 972 Dei

2214 999 2304 1049 est
2351 996 2421 1051 de
2473 1012 2586 1067 quo
2618 998 2712 1053 hic
2744 999 3026 1058 Dominus
3057 1002 3173 1059 ait:
3210 1004 3270 1059 Si
3296 1005 3463 1061 scires
3493 1007 3715 1061 Donum
3743 1007 3867 1072 Dei,

2214 1088 2263 1138 et
2293 1086 2413 1154 quis
2440 1090 2518 1141 est
2548 1089 2644 1157 qui
2674 1089 2811 1144 dicit
2841 1092 2963 1160 tibi,
2996 1095 3089 1148 Da
3116 1093 3259 1148 mihi
3287 1094 3515 1156 bibere;
3542 1103 3599 1149 tu
3620 1098 3869 1166 forsitan

2213 1175 2434 1243 petisses
2454 1176 2520 1229 ab
2541 1191 2621 1245 eo,
2644 1180 2696 1232 et
2715 1178 2945 1235 dedisset
2962 1180 3071 1237 tibi
3089 1198 3293 1253 aquam
3314 1184 3514 1237 vivam.
3540 1183 3685 1239 Nam
3711 1185 3865 1254 quod

2212 1261 2292 1315 ibi
2325 1263 2426 1334 ait,
2452 1265 2709 1321 Flumina
2761 1267 2826 1322 de
2880 1278 3067 1325 ventre
3122 1272 3238 1342 ejus
3284 1273 3457 1342 ﬂuent
3505 1288 3668 1343 aqua:
3694 1275 3868 1335 vivae;

2217 1349 2324 1406 hoc
2354 1350 2466 1407 isto
2495 1352 2642 1422 loco,
2673 1358 2797 1411 Fiet
2829 1359 2886 1411 in
2916 1374 2996 1426 eo,
3034 1359 3241 1430 inquit,
3271 1361 3399 1429 fons
3425 1378 3581 1432 aquae
3611 1363 3870 1417 salientis

2216 1440 2276 1494 in
2307 1443 2473 1497 vitam
2502 1452 2790 1500 eternam.

2285 1565 2373 1618 34.
2408 1568 2623 1621 Paulus
2655 1584 2887 1639 quoque
2937 1570 3260 1641 apostolus,
3298 1574 3616 1644 Unicuique,
3649 1574 3866 1646 inquit,

2214 1658 2463 1709 nostrum
2492 1655 2655 1709 datur
2682 1660 2863 1727 gratia
2891 1660 3187 1715 secundum
3220 1678 3533 1716 mensuram
3555 1663 3871 1717 donationis

2219 1741 2456 1799 Christi:
2480 1750 2656 1815 atque
2688 1752 2751 1801 ut
2779 1747 3148 1804 donationem
3184 1750 3396 1805 Christi
3424 1751 3705 1822 Spiritum
3730 1769 3868 1807 san-

2216 1835 2374 1886 ctum
2400 1834 2750 1901 ostenderet,
2780 1841 3018 1892 secutus
3042 1839 3332 1908 adjunxit,
3356 1840 3582 1910 Propter
3610 1841 3752 1912 quod
3782 1841 3870 1895 di-

2216 1921 2330 1975 cit:
2362 1922 2617 1977 Ascendit
2646 1926 2705 1977 in
2736 1926 2931 1994 altum,
2963 1929 3259 1995 captivavit
3295 1932 3693 1999 captivitatem,
3726 1930 3875 1985 dedit

2217 2010 2361 2065 dona
2383 2011 2696 2067 hominibus
2717 2014 2928 2084 (Ephes.
2961 2031 3034 2081 1v,
3061 2017 3116 2080 7,
3138 2017 3216 2082 8).
3247 2017 3635 2073 Notissimum
3657 2024 3747 2072 est
3765 2036 3871 2073 au-

2216 2103 2357 2165 tem,
2383 2099 2691 2155 Dominum
2732 2102 2959 2169 Jesum,
3002 2120 3135 2158 cum
3160 2111 3291 2177 post
3316 2107 3807 2162 resurrectionem
3842 2124 3875 2162 a

2219 2189 2465 2243 mortuis
2483 2190 2844 2246 ascendiseet
2860 2191 2919 2246 in
2933 2193 3167 2258 cmlum,
3185 2195 3411 2251 dedisse
3428 2195 3713 2267 Spiritum
3729 2213 3872 2251 san-

2219 2282 2399 2343 ctum,
2426 2294 2539 2348 quo
2562 2278 2778 2349 impleti
2807 2282 2906 2352 qui
2930 2282 3319 2353 crediderant,
3339 2284 3557 2357 linguis
3599 2286 3873 2340 omnium

2220 2366 2480 2435 gentium
2506 2366 2913 2438 loquebantur.
2940 2370 3054 2425 Nec
3094 2376 3323 2427 moveat
3368 2374 3523 2444 quod
3550 2374 3653 2439 ait,
3688 2374 3875 2435 dona;

2223 2472 2336 2509 non
2360 2455 2578 2511 donum
2604 2472 2615 2509 :
2636 2455 2690 2510 id
2713 2458 2865 2511 enim
2894 2460 3291 2514 testimonium
3317 2461 3386 2515 de
3404 2461 3633 2516 Psalmo
3654 2464 3874 2533 posuit.

2222 2543 2339 2598 Hoc
2362 2549 2557 2599 autem
2580 2544 2639 2599 in
2665 2545 2895 2601 Psalmo
2916 2548 2998 2603 ita
3016 2547 3576 2622 legitur:Ascendisti
3595 2552 3656 2604 in
3675 2551 3874 2619 altum,

2222 2634 2515 2703 raptivasti
2542 2637 2947 2705 captivitatem,
2990 2640 3249 2710 accepisti
3293 2637 3437 2693 dona
3465 2642 3525 2693 in
3554 2638 3877 2693 hominibus

2223 2722 2390 2792 (Psal.
2426 2724 2735 2795 van,19).
2784 2725 2876 2779 Sic
2925 2725 3080 2780 enim
3130 2726 3328 2797 plures
3372 2726 3602 2782 codices
3634 2725 3875 2788 habent.

2223 2815 2283 2865 et
2310 2810 2564 2868 maxime
2610 2813 2801 2885 greci,
2849 2818 2907 2869 et
2934 2830 3001 2869 ex
3048 2815 3276 2870 hebran
3307 2815 3389 2870 sic
3420 2816 3875 2885 interpretatum

2227 2900 2531 2969 habemus,
2564 2903 2717 2958 Dona
2745 2903 2944 2974 itaque
2966 2904 3109 2957 dixit
3128 2903 3466 2975 Apostolus,
3489 2906 3877 2974 quemadmo-

2224 2990 2364 3043 dum
2390 2990 2698 3061 Propheta,
2724 3008 2860 3060 non,
2885 2993 3127 3047 donum.
3154 2993 3265 3048 Sed
3304 3010 3437 3049 cum
3462 2993 3755 3065 Propheta
3787 2992 3881 3047 di-

2222 3079 2388 3145 xerit,
2422 3082 2680 3151 accepisti
2719 3082 2858 3136 dona
2907 3082 2967 3136 in
3015 3082 3365 3150 hominibus;
3404 3082 3721 3154 Apostolus
3754 3098 3883 3137 ma-

2220 3166 2331 3223 luit
2362 3168 2574 3235 dicere,
2624 3169 2773 3225 dedit
2819 3170 2968 3225 dona
3015 3171 3368 3239 hominibus,-
3417 3176 3482 3225 ut
3529 3188 3596 3225 ex
3627 3175 3880 3242 utroque

2224 3256 2446 3313 scilicet
2486 3259 2681 3325 verbo,
2734 3275 2849 3312 uno
2898 3259 3256 3330 prophetico,
3313 3260 3634 3331 apostolico
3667 3258 3876 3327 altero,

2224 3344 2363 3415 quia
2376 3345 2433 3399 in
2450 3350 2695 3417 utroque
2708 3352 2797 3401 est
2810 3348 2985 3402 divini
3003 3348 3290 3404 sermonis
3303 3349 3643 3414 auctoritas,
3660 3364 3877 3404 sensus

2224 3433 2603 3505 plenissimus
2631 3436 2988 3493 redderetur.
3020 3438 3343 3509 Utrumque
3363 3437 3519 3492 enim
3537 3453 3745 3492 verum
3763 3442 3874 3501 est,

2222 3529 2281 3578 et
2302 3523 2438 3593 quia
2460 3524 2620 3579 dedit
2654 3524 3013 3592 hominibus,
3037 3531 3093 3581 et
3123 3527 3262 3596 quia
3282 3526 3505 3598 accepit
3525 3526 3584 3581 in
3609 3526 3868 3581 homini-

2222 3612 2354 3667 bus.
2382 3613 2545 3668 Dedit
2566 3613 2923 3683 hominibus,
2939 3619 3221 3687 tanquam
3237 3615 3708 3688 caputmembris
3722 3615 3868 3682 suis;

2224 3701 2446 3772 accepit
2461 3701 2519 3754 in
2540 3701 2880 3757 hominibus
2899 3703 3053 3757 idem
3066 3703 3192 3774 ipse
3205 3704 3407 3775 utique
3421 3702 3710 3759 membris
3722 3703 3871 3769 suis,

2224 3795 2461 3860 propter
2481 3806 2607 3861 quae
2631 3792 2893 3845 membra
2943 3808 3051 3846 sua
3100 3793 3370 3848 clamavit
3401 3793 3474 3846 de
3491 3792 3661 3857 coelo,
3686 3791 3871 3855 Saule,

2226 3877 2411 3943 Saule,
2442 3878 2574 3950 quid
2603 3894 2690 3934 me
2716 3880 3057 3951 persequeris
3086 3881 3223 3950 (Act.
3256 3897 3334 3948 1x,
3358 3879 3458 3950 1’s)?
3479 3885 3537 3935 et
3556 3880 3630 3935 de
3655 3880 3871 3951 quibus

2228 3968 2506 4022 membris
2539 3968 2663 4022 suis
2695 3968 2793 4033 ait,
2829 3968 3062 4039 quando
3091 3969 3193 4023 uni
3220 3985 3290 4024 ea:
3306 3971 3556 4023 minimis
3577 3971 3717 4023 meis
3737 3969 3873 4039 feci-

2223 4058 2337 4127 stis,
2360 4057 2503 4111 mihi
2519 4058 2727 4127 fecistis
2746 4057 2956 4128 (Matth.
2980 4074 3108 4128 xxv,
3134 4058 3243 4129 40).
3271 4058 3398 4129 Ipse
3423 4073 3560 4128 ergo
3576 4057 3868 4127 Christus,

2226 4150 2282 4201 et
2307 4145 2466 4200 dedit
2485 4146 2555 4200 de
2574 4144 2735 4209 coelo,
2758 4150 2815 4200 et
2830 4147 3051 4218 accepit
3065 4146 3123 4201 in
3137 4148 3495 4203 terra.Porro
3509 4150 3710 4201 autem
3724 4146 3869 4201 dona

2226 4235 2298 4289 ob
2335 4233 2440 4288 hoc
2485 4234 2655 4288 ambo
2708 4234 3000 4297 dixerunt,
3053 4239 3109 4289 et
3140 4234 3423 4305 Propheta
3451 4241 3507 4290 et
3532 4234 3864 4306 Apostolus,

2227 4322 2366 4393 quia
2389 4338 2489 4392 per
2510 4322 2750 4393 donum,
2778 4323 2934 4393 quod
2956 4326 3045 4378 est
3064 4322 3318 4393 Spiritus
3340 4327 3600 4387 sanctus,
3624 4323 3682 4377 in
3716 4337 3866 4378 com-

2230 4428 2405 4465 mune
2439 4411 2705 4465 omnibus
2733 4412 3013 4465 membris
3043 4412 3258 4466 Christi
3308 4410 3491 4465 multa
3536 4412 3712 4473 dona,
3746 4426 3862 4481 quas

2229 4505 2368 4553 sunt
2393 4499 2726 4570 quibusque
2755 4500 3011 4572 prOpria,
3038 4501 3399 4555 dividuntur.
3426 4500 3552 4556 Non
3575 4500 3732 4555 enim
3750 4500 3862 4554 sin-

2228 4587 2349 4659 guli
2382 4588 2596 4659 quique
2646 4588 2863 4643 habent
2906 4589 3125 4658 omnia,
3177 4589 3277 4645 sed
3329 4589 3386 4643 hi
3435 4587 3557 4654 illa,
3590 4588 3689 4642 alii
3722 4588 3859 4642 alia:

2228 4676 2497 4747 quamvis
2511 4676 2703 4747 ipsum
2718 4676 2937 4731 donum
2952 4693 2987 4731 a
3003 4692 3116 4748 quo
3130 4676 3340 4747 cuique
3357 4677 3595 4748 prepria
3611 4675 3862 4731 dividun-

2226 4770 2323 4819 tur
2343 4781 2547 4819 omnes
2570 4763 2838 4831 habeant,
2862 4765 2920 4819 id
2941 4768 3049 4832 est,
3084 4764 3369 4836 Spiritum
3396 4768 3690 4820 sanctum.
3722 4763 3857 4818 Nam

2228 4858 2285 4909 et
2313 4853 2450 4909 alibi
2499 4869 2632 4908 cum
2681 4853 2867 4909 multa
2898 4854 3053 4909 dona
3080 4862 3614 4921 commemorasset,
3648 4854 3857 4917 Omnia,

2228 4942 2439 5013 inquit,
2468 4942 2586 4998 haec
2596 4946 2853 5013 operatur
2862 4958 3005 4998 unus
3018 4947 3183 5015 atque
3202 4943 3345 4999 idem
3363 4944 3613 5014 Spiritus
3624 4940 3857 4998 dividens

2225 5033 2454 5102 propria
2482 5032 2785 5101 unicuique
2809 5038 2972 5103 prout
3014 5038 3134 5087 vult
3183 5032 3229 5102 (l
3262 5032 3382 5087 Cor.
3432 5047 3536 5103 ιιι,
3567 5032 3676 5103 ti).
3705 5027 3854 5095 Quod

2226 5119 2467 5175 verbum
2494 5122 2551 5173 et
2571 5118 2630 5173 in
2654 5119 2914 5190 Epistola
2934 5136 3061 5191 quae
3079 5121 3148 5176 ad
3168 5120 3436 5176 Hebraeos
3454 5124 3545 5175 est
3560 5117 3851 5179 invenitur,

2227 5208 2326 5261 ubi
2358 5207 2641 5277 scriptum
2693 5210 2804 5272 est,
2856 5208 3157 5263 Attestante
3202 5210 3307 5264 Deo
3335 5210 3516 5277 signis
3545 5216 3597 5263 et
3624 5205 3851 5268 osteratis,

2224 5303 2275 5350 et
2304 5296 2479 5350 variis
2506 5296 2831 5362 virtutibus,
2865 5305 2917 5351 et
2964 5297 3203 5368 Spiritus
3231 5299 3411 5353 sancti
3436 5296 3798 5351 distributioni
3813 5294 3852 5354 ί.

2227 5385 2417 5456 (Hebr.
2442 5399 2504 5452 ιι,
2533 5384 2608 5456 4).
2632 5384 2701 5440 Et
2721 5384 2815 5440 hic
2837 5401 2972 5441 cum
3014 5386 3278 5455 dixisset,
3318 5386 3572 5441 Ascendit
3590 5387 3650 5440 in
3672 5383 3851 5443 altum,

2227 5475 2371 5546 capti
2376 5490 2435 5529 va
2443 5474 2515 5529 vit
2528 5475 2903 5546 captivitatem
2913 5518 2927 5544 ,
2940 5474 3089 5531 dedit
3106 5474 3247 5531 dona
3264 5475 3603 5542 hominibus;
3616 5470 3758 5542 Quod
3766 5484 3851 5523 au-

2296 5678 2311 5712 ¹
2345 5675 2589 5740 Plerique
2623 5676 2770 5738 Mss.,
2807 5675 3162 5729 divisionibus.
