4130 6194
210 5746 215 5747 ί
260 5752 349 5811 ἐι

471 361 614 421 1091

468 498 662 547 tamen
694 490 842 543 inter
872 505 933 541 se
965 506 1117 541 nunc
1154 487 1207 539 in
1233 485 1342 539 ista
1360 486 1465 537 vit”
1495 482 1998 555 magnitudinibus
2022 498 2107 535 se-

469 583 769 653 parantur.
812 577 1005 647 Neque
1054 575 1207 626 enim
1260 572 1389 644 quin
1428 571 1608 626 moles
1640 570 1812 625 nulla:
1843 569 1919 624 ibi
1950 573 2110 636 sunt,

469 670 597 724 ideo
626 683 743 722 non
776 666 1041 718 videmus
1075 664 1127 714 in
1165 662 1275 716 alio
1310 663 1587 731 majorem
1620 676 1749 715 esse
1768 659 2109 714 memoriam

468 773 642 829 quam
676 751 1207 825 intelligentiam,in
1234 750 1345 805 alio
1364 754 1564 805 contra
1589 766 1601 803 :
1634 749 1692 803 in
1717 748 1828 803 alio
1853 748 1966 802 duo
1991 747 2109 801 haec

468 844 684 901 amoris
702 840 1104 914 magnitudine
1119 857 1183 895 su
1195 839 1526 911 perari,sive
1544 839 1655 893 sint
1671 838 1797 909 ipsa
1817 837 1932 892 duo
1959 836 2111 890 inter

466 951 527 990 se
558 932 821 1005 aequalia,
847 931 965 985 sive
1000 946 1111 984 non
1148 929 1475 998 sintAtque
1498 928 1577 981 ita
1605 943 1638 980 a
1669 925 1917 997 singulis
1949 925 2106 992 bina,

464 1029 520 1080 et
550 1041 581 1078 a
611 1022 767 1078 binis
800 1018 1118 1092 singula,et
1139 1036 1173 1074 a
1193 1017 1443 1089 singulis
1475 1014 1769 1087 singula,a
1787 1015 2108 1085 majoribus

464 1112 692 1168 minora
720 1109 1048 1165 vincuntur.
1084 1108 1152 1162 Et
1181 1107 1413 1180 quando
1444 1104 1595 1159 inter
1625 1121 1686 1160 se
1716 1102 1960 1175 aequalia
1986 1103 2107 1158 fue-

464 1202 581 1256 rint
603 1201 674 1255 ab
705 1198 864 1255 omni
892 1196 1173 1269 languore
1203 1200 1430 1264 sanata,
1476 1210 1579 1249 nec
1610 1197 1750 1248 tunc
1779 1192 2108 1264 aequabitur

466 1290 545 1345 rei
581 1294 790 1345 natura
814 1284 1163 1343 immutabili
1198 1302 1264 1341 ea
1295 1302 1387 1340 res
1419 1300 1544 1356 quae
1578 1300 1678 1355 per
1706 1281 1953 1354 gratiam
1990 1298 2104 1336 non

466 1379 821 1434 mutabitur’
853 1394 865 1433 :
900 1376 1039 1448 quia
1068 1392 1180 1431 non
1227 1377 1493 1445 aequatur
1536 1376 1801 1427 creatura
1830 1370 2104 1437 Creatori,

463 1474 519 1524 et
545 1469 777 1541 quando
808 1468 879 1522 ab
911 1465 1070 1522 omni
1101 1465 1377 1536 languore
1399 1462 1702 1519 sanabitur
1725 1460 2102 1516 mutabitur”.

536 1560 621 1612 44.
656 1558 765 1613 Sed
825 1557 975 1610 hanc
1027 1571 1138 1609 non
1185 1552 1374 1608 solum
1423 1549 1867 1622 incorporalem,
1899 1566 2101 1604 verum

464 1648 635 1701 etiam
662 1660 891 1700 summe
921 1643 1369 1714 inseparabilem
1400 1658 1637 1712 vereque
1673 1638 2102 1694 immutabilem

462 1736 832 1803 Trinitatem,
868 1750 1000 1788 cum
1032 1732 1252 1787 venerit
1285 1731 1431 1785 visio
1469 1748 1597 1801 quae
1627 1729 1775 1804 facie
1808 1728 1878 1784 ad
1905 1731 2103 1798 faciem

462 1824 888 1895 repromittitur
919 1822 1105 1889 nobis,
1141 1820 1323 1875 multo
1350 1820 1564 1875 clarius
1595 1820 1926 1889 certiusque
1947 1819 2101 1873 vide-

462 1914 859 1983 bimus,quam
886 1927 1038 1965 nunc
1061 1911 1188 1980 ejus
1209 1909 1525 1981 imaginem
1559 1909 1710 1979 quod
1738 1925 1840 1962 nos
1872 1924 2097 1963 sumus:

461 2018 563 2073 per
584 2002 736 2073 quod
760 2005 953 2055 tamen
979 1998 1280 2071 speculum
1304 1997 1427 2053 etin
1442 2015 1553 2067 quo
1566 1996 2104 2069 aenigmate,quivi-

456 2089 775 2160 dent,sicut
806 2089 863 2143 in
897 2088 1005 2143 ha‘c
1036 2088 1153 2142 vita
1185 2087 1376 2142 videre
1397 2102 1740 2142 concessum
1765 2090 1991 2156 est,non
2017 2084 2099 2140 illi

457 2184 597 2233 sunt
617 2178 713 2251 qui
748 2194 814 2234 ea
843 2194 969 2249 quas
996 2176 1352 2249 digessimus
1382 2181 1436 2231 et
1468 2174 2008 2231 commendavimus
2041 2175 2098 2230 in

456 2286 563 2324 sua
594 2271 786 2322 mente
818 2265 1221 2338 conspiciunt:
1262 2266 1359 2320 sed
1390 2264 1470 2319 illi
1507 2266 1603 2337 qui
1659 2282 1785 2320 eam
1818 2269 2098 2335 tanquam

451 2356 769 2429 imaginem
798 2357 1013 2423 vident,
1067 2360 1130 2409 ut
1177 2356 1403 2426 possint
1443 2355 1511 2409 ad
1545 2371 1674 2409 eum
1708 2355 1876 2424 cujus
1905 2353 2097 2425 imago

452 2450 560 2515 est,
604 2444 1150 2516 quomodocumque
1182 2445 1392 2497 referre
1424 2444 1576 2514 quod
1628 2442 1845 2508 vident,
1893 2446 1949 2496 et
1996 2458 2099 2513 per

453 2534 765 2605 imaginem
800 2550 973 2605 quam
1009 2532 1417 2603 conspiciendo
1453 2532 1670 2597 vident,
1721 2532 1897 2585 etiam
1948 2529 2095 2586 illud

453 2623 644 2677 videre
676 2621 1055 2691 conjiciendo,
1090 2622 1365 2693 quoniam
1414 2621 1671 2674 nondum
1717 2626 1961 2691 possunt
2014 2621 2095 2676 fa-

455 2711 538 2766 cie
570 2711 638 2765 ad
677 2711 901 2765 faciem.
954 2709 1077 2764 Non
1128 2709 1282 2763 enim
1333 2709 1415 2764 ait
1447 2708 1780 2780 Apostolus.
1817 2708 2095 2764 Videmus

453 2817 608 2854 nunc
634 2798 980 2870 speculum;
1015 2798 1137 2868 sed,
1188 2798 1436 2852 Videmus
1476 2815 1623 2853 nunc
1664 2815 1764 2869 per
1816 2799 2093 2869 speculum

450 2890 494 2960 (Ι
529 2889 651 2943 Cor.
686 2906 807 2953 xm,
843 2890 949 2955 11).

523 2978 751 3033 CAPUT
781 2977 970 3032 XXIV.
1010 3008 1073 3017 —
1104 2977 1408 3045 Inﬁrmitas
1436 2980 1637 3031 mentis
1669 2977 1950 3033 humanae.
1987 2978 2092 3044 Qui

450 3084 587 3138 ergo
614 3067 808 3121 vident
838 3082 1005 3121 suam
1042 3071 1317 3132 mentem,
1352 3066 1643 3136 quomodo
1675 3066 1853 3121 videri
1886 3071 2091 3137 potest,

450 3161 507 3211 et
528 3155 585 3209 in
610 3171 677 3209 ea
698 3155 1019 3209 trinitatem
1047 3156 1215 3209 istam
1241 3156 1310 3209 de
1331 3172 1447 3225 qua
1471 3154 1671 3209 multis
1704 3155 1889 3209 modis
1915 3160 1976 3210 ut
2000 3174 2093 3226 po-

450 3243 536 3297 tui
564 3242 988 3315 disputavi,nec
1011 3247 1204 3297 tamen
1239 3260 1365 3297 eam
1399 3244 1637 3297 credant
1657 3243 1738 3298 vel
1763 3243 2093 3315 intelligunt

448 3330 919 3403 essetimaginem
956 3330 1049 3386 Dei
1078 3347 1091 3385 :
1143 3330 1443 3402 speculum
1477 3332 1709 3402 quidem
1743 3332 1956 3399 vident,
1990 3335 2088 3389 sed

448 3436 633 3492 usque
649 3421 788 3475 adeo
814 3436 925 3475 non
951 3420 1145 3474 vident
1168 3435 1270 3491 per
1286 3420 1588 3492 Speculum
1614 3420 1712 3491 qui
1736 3426 1821 3475 est
1845 3438 1945 3492 per
1964 3439 2091 3493 spe-

446 3509 642 3565 culum
677 3526 832 3563 nunc
861 3509 1240 3581 videndus,ut
1274 3508 1580 3581 necipsum
1607 3509 1908 3581 speculum
1936 3511 2087 3582 quod

442 3599 641 3654 vident
663 3599 848 3654 sciant
879 3614 1006 3653 esse
1039 3596 1427 3669 speculum,id
1459 3597 2085 3669 est,imagine:n.0uod

444 3688 493 3743 si
528 3686 1039 3751 scirent,fortassis
1060 3691 1118 3741 et
1148 3703 1280 3741 eum
1316 3688 1483 3756 cujus
1517 3692 1602 3741 est
1630 3686 1738 3742 hoc
1758 3688 2084 3758 speculum,

446 3793 546 3847 per
575 3776 683 3830 hoc
732 3775 1110 3847 quaerendum
1144 3779 1201 3829 et
1236 3791 1337 3845 per
1365 3774 1470 3829 hoc
1505 3781 1821 3847 utcumque
1855 3778 2086 3831 interim

439 3862 750 3918 videndum
785 3880 912 3919 esse
944 3863 1370 3927 sentirent,ﬁde
1402 3880 1516 3918 non
1546 3864 1678 3918 ﬁcta
1708 3864 1882 3919 corda
1916 3882 2084 3919 mun-

442 3952 615 4006 dante
645 3952 689 4023 (Ι
726 3953 839 4006 Tim
868 3970 906 4019 ι,
939 3952 1015 4023 5),
1052 3955 1114 4005 ut
1147 3951 1289 4005 facie
1319 3951 1388 4005 ad
1420 3951 1621 4006 faciem
1663 3952 1848 4024 possit
1880 3953 2084 4021 videri,

441 4040 542 4110 qui
574 4055 674 4110 per
706 4039 1008 4111 speculum
1045 4056 1198 4094 nunc
1250 4039 1491 4093 videtur.
1525 4039 1648 4103 Qua
1679 4040 1790 4097 ﬁde
1820 4043 2083 4097 cordium

441 4128 811 4183 mundatrice
827 4127 1331 4198 contempta,quid
1356 4133 1539 4198 agunt
1561 4127 1935 4201 intelligendo
1959 4150 2083 4204 quas

440 4217 510 4271 de
542 4221 751 4271 natura
782 4217 996 4272 mentis
1014 4217 1281 4271 humanae
1301 4216 1688 4272 subtilissime
1709 4218 2087 4289 disputantur

439 4304 551 4359 nisi
594 4310 655 4359 ut
682 4306 809 4378 ipsa
833 4323 1063 4378 quoque
1082 4304 1465 4376 intelligentia
1489 4322 1594 4361 sua
1616 4311 1762 4361 teste
1792 4308 2086 4365 damnen-

438 4393 576 4448 tur?
620 4394 677 4448 In
712 4412 827 4465 qua
859 4395 1052 4465 utique
1085 4411 1200 4449 non
1234 4394 1583 4465 laborarent,
1617 4400 1673 4449 et
1702 4396 1791 4451 vix
1838 4399 1907 4452 ad
1961 4416 2080 4455 cer-

438 4489 561 4536 tum
596 4482 812 4554 aliquid
865 4484 1249 4556 pervenirent,
1296 4483 1407 4537 nisi
1457 4484 1784 4555 poenalibus
1828 4488 2082 4563 tenebris

436 4569 679 4625 involuti
713 4576 769 4625 et
794 4573 1013 4627 onerati
1045 4589 1280 4644 corpore
1311 4573 1675 4645 corruptibili
1700 4576 1851 4647 quod
1884 4594 2085 4649 aggra-

433 4663 533 4712 vat
564 4659 819 4714 animam
860 4662 1007 4732 (Sap.
1044 4678 1120 4726 1x,
1156 4662 1262 4732 15).
1298 4664 1419 4727 Quo
1452 4663 1683 4717 tandem
1734 4664 1939 4720 merito
1988 4667 2083 4721 in-

438 4746 594 4803 ﬂicto
653 4748 806 4803 malo
864 4750 999 4816 isto,
1062 4750 1173 4805 nisi
1230 4750 1495 4821 peccati?
1556 4751 1716 4807 Unde
1766 4754 1910 4808 tanti
1945 4754 2081 4810 mali

437 4837 842 4908 magnitudine
865 4839 1169 4905 admoniti,
1205 4839 1365 4908 sequi
1397 4840 1671 4896 deberent
1720 4849 1947 4912 Agnum
1981 4845 2082 4916 qui

432 4925 584 4981 tollit
617 4932 918 4998 peccatum
954 4928 1158 4982 mundi
1191 4929 1368 4996 (Joan.
1406 4946 1445 4994 ι,
1480 4932 1591 4997 29).

505 5015 736 5071 CAPUT
768 5015 929 5070 XXV.
956 5048 1019 5056 —
1050 5019 1104 5071 In
1139 5016 1473 5071 beatitudine
1501 5021 1715 5072 tantum
1748 5022 2084 5089 intelligitur

433 5105 661 5175 qulrstio
677 5120 779 5160 cur
796 5106 1037 5177 Spiritus
1057 5115 1275 5160 sanctus
1294 5122 1404 5161 non
1424 5107 1494 5160 sit
1515 5108 1810 5175 genitus,et
1824 5111 2082 5180 quomodo

433 5192 498 5247 de
531 5198 705 5248 Patre
731 5210 795 5247 ac
834 5196 975 5250 Filio
1019 5194 1291 5267 procedat.
1346 5194 1429 5249 Ad
1461 5211 1593 5249 eum
1629 5213 1874 5269 namque
1905 5200 2078 5270 perti-

435 5285 638 5336 nentes
670 5283 845 5338 etiam
878 5283 1048 5356 longe
1080 5284 1209 5339 istis
1240 5283 1475 5355 ingenio
1509 5283 1812 5353 tardiores,
1846 5290 2080 5358 quando

435 5371 549 5424 ﬁne
577 5370 755 5441 hujus
788 5372 915 5427 vitae
948 5372 1319 5428 resolvuntur
1350 5390 1383 5427 a
1412 5374 1771 5445 corpore,jus
1803 5376 1860 5431 in
1884 5377 1969 5434 eis
1992 5395 2079 5434 re-

431 5456 688 5515 tinendis
738 5477 849 5516 non
904 5461 1121 5517 habent
1152 5460 1356 5515 invidae
1407 5465 1745 5533 potestates.
1800 5466 1953 5531 Quas
1985 5466 2082 5523 ille

500 5632 517 5666 ί
556 5630 611 5679 In
645 5635 852 5682 excusis
881 5636 1134 5685 omissum
1162 5634 1354 5693 fuerat,
1384 5634 1684 5686 mutabitur.

494 5692 517 5728 ³
547 5693 692 5756 5133.,
724 5701 973 5748 mutatur.

1584 352 1684 410 DE
1728 348 2174 420 TRINITA'I‘E,
2224 348 2287 408 S.
2335 348 2751 411 AUGUS'l‘lNl

3717 349 3863 411 {092

2224 487 2421 550 Agnus
2453 481 2578 535 sine
2608 480 2723 535 ullo
2754 483 2824 534 ab
2855 482 2938 536 eis
2968 481 3184 552 peccati
3225 481 3418 536 debito
3470 481 3718 552 occisus,
3754 499 3861 536 non

2218 568 2476 639 potentia
2498 571 2801 641 potestatis
2823 569 3157 641 priusquam
3175 568 3411 641 justitia
3446 570 3755 641 sanguinis
3781 568 3861 623 vi-

2217 656 2746 713 cit.Proindeliberi
2769 675 2803 712 a
2822 656 3036 712 diaboli
3052 662 3353 729 potestate,
3373 658 3863 730 suscipiunturab

2220 745 2447 817 Angelis
2470 747 2748 812 sanctis,a
2772 746 2943 801 malis
2966 748 3239 802 omnibus
3263 746 3489 801 liberati
3512 763 3617 819 per
3645 747 3864 802 Media-

2217 838 2399 889 torem
2434 835 2531 890 Dei
2560 840 2617 891 et
2647 835 2953 891 hominum
2986 836 3283 891 hominem
3328 836 3529 891 Jcsum
3564 836 3864 892 Christum

2216 922 2259 989 (Ι
2296 924 2430 977 Tim.
2458 939 2519 989 ιι,
2550 925 2605 995 5)
2632 942 2643 979 :
2679 924 2958 996 quoniam
2990 925 3449 981 consonantibus
3481 925 3697 981 divinis
3719 925 3869 981 Scri-

2218 1012 2484 1082 pturis,et
2503 1013 2793 1068 veteribus
2816 1017 2873 1068 et
2894 1014 3078 1081 novis,
3109 1020 3166 1070 et
3196 1031 3298 1087 per
3328 1032 3475 1086 quas
3508 1015 3863 1087 praenuntia-

2216 1105 2309 1155 tus
2333 1105 2389 1156 et
2420 1118 2522 1173 per
2565 1119 2710 1174 quas
2758 1104 3141 1159 annuntiatus
3191 1109 3279 1159 est
3328 1104 3616 1175 Christus,
3645 1120 3757 1159 non
3788 1107 3866 1160 est

2214 1190 2367 1245 aliud
2396 1207 2594 1247 nomen
2623 1193 2723 1247 sub
2750 1193 2903 1263 caelo,
2939 1195 3002 1248 in
3029 1209 3131 1265 quo
3162 1196 3365 1265 oportet
3393 1193 3650 1249 homines
3689 1194 3865 1249 salvos

2212 1280 2337 1348 ﬁeri
2364 1280 2502 1351 (Act.
2538 1298 2607 1348 IV,
2644 1281 2751 1350 l2).
2782 1282 3232 1338 Constituuntur
3274 1286 3466 1338 autem
3521 1282 3756 1355 purgati
3788 1282 3859 1338 ab

2214 1367 2371 1423 omni
2404 1369 2750 1441 contagione
2780 1370 3205 1443 corruptionis!
3243 1371 3299 1426 in
3322 1370 3571 1444 placidis
3595 1372 3859 1442 sedibus,

2213 1457 2396 1513 donec
2422 1457 2704 1531 recipiant
2733 1476 2973 1531 corpora
3005 1454 3134 1527 sua,
3163 1461 3261 1516 sed
3287 1461 3413 1531 jam
3438 1460 3859 1533 incorruptibi-

2214 1546 2311 1617 lia,
2344 1563 2468 1617 qua:
2500 1553 2724 1616 ornent,
2760 1566 2874 1605 non
2921 1554 3182 1605 onerent.
3242 1554 3362 1606 Hoc
3422 1551 3580 1605 enim
3642 1548 3864 1623 placuit

2212 1635 2431 1706 optimo
2462 1641 2518 1692 et
2547 1636 2984 1709 sapientissimo
3018 1638 3298 1708 Creatori,
3348 1644 3413 1693 ut
3458 1638 3705 1711 spiritus
3756 1639 3861 1693 ho-

2214 1724 2390 1780 minis
2424 1727 2535 1780 Deo
2567 1726 2658 1797 pie
2688 1727 2979 1795 subditus,
3012 1728 3228 1784 habeat
3255 1728 3503 1784 feliciter
3549 1728 3857 1784 subditum

2213 1828 2444 1884 corpus,
2474 1820 2531 1869 et
2560 1816 2686 1871 sine
2716 1817 2831 1871 tina
2862 1822 3199 1889 permaneat
3230 1816 3344 1872 ista
3367 1816 3634 1873 felicitas.

2280 1904 2367 1957 45.
2406 1904 2485 1958 Ibi
2516 1903 2816 1960 veritatem
2850 1905 2975 1960 sine
3003 1904 3120 1961 ulla
3142 1905 3488 1962 difﬁcultate
3505 1906 3857 1978 videbimus,

2209 2007 2393 2063 eaque
2423 1992 2755 2049 clarissima
2784 1998 2840 2049 et
2868 1995 3198 2051 certissima
3227 1994 3737 2068 perfruemur.Nee
3754 1995 3859 2051 ali-

2211 2081 2347 2153 quid
2399 2098 2729 2153 quaeremus
2778 2088 2971 2140 mente
3025 2085 3424 2152 ratiocinante,
3466 2086 3568 2141 sed
3602 2092 3860 2140 contem-

2210 2169 2405 2242 plante
2434 2188 2740 2228 cernemus
2771 2189 2949 2245 quare
2980 2190 3094 2229 non
3125 2174 3202 2230 sit
3222 2172 3403 2230 Filius
3433 2174 3691 2247 Spiritus
3720 2192 3856 2230 san-

2208 2264 2359 2326 ctus,
2393 2276 2524 2316 cum
2557 2261 2627 2316 de
2660 2262 2824 2317 Patre
2845 2264 3137 2334 procedat.
3164 2264 3228 2319 In
3262 2262 3363 2319 illa
3393 2263 3523 2319 luce
3551 2263 3717 2319 nulla
3747 2264 3860 2319 erit

2208 2350 2483 2420 quaestio:
2509 2351 2602 2405 hic
2625 2368 2755 2407 vero
2803 2352 2931 2423 ipsa
2962 2352 3317 2424 experientia
3346 2357 3465 2409 tam
3498 2352 3642 2409 mihi
3675 2370 3854 2426 appa~

2210 2438 2327 2493 ruit
2356 2455 2484 2495 esse
2517 2440 2795 2506 difficilis,
2844 2442 2996 2513 quod
3024 2446 3082 2497 et
3111 2441 3228 2497 illis
3259 2441 3360 2513 qui
3392 2442 3514 2498 haec
3546 2441 3864 2514 diligenter

2207 2532 2380 2598 atque
2413 2528 2801 2601 intelligenter
2821 2529 3241 2602 legent,procul
3269 2531 3445 2587 dubio
3460 2531 3732 2587 similiter
3759 2549 3864 2604 ap-

2206 2617 2521 2687 parebit,ut
2551 2635 2683 2672 cum
2720 2635 2811 2673 me
2845 2620 2899 2673 in
2949 2620 3205 2675 secundo
3255 2620 3435 2691 hujus
3482 2620 3674 2693 operis
3711 2620 3860 2675 libro

2207 2704 2319 2760 alio
2352 2705 2475 2761 loco
2497 2705 2631 2761 inde
2661 2707 2955 2762 dicturum
2989 2724 3116 2763 esse
3150 2710 3519 2781 promiserim
3562 2710 3719 2781 (Cap.
3771 2711 3858 2782 3),

2206 2794 2688 2866 quotiescumque
2710 2794 2765 2849 in
2799 2812 2865 2851 ea
2896 2801 3159 2852 creatura
3188 2815 3314 2868 quae
3348 2815 3452 2853 nos
3484 2815 3714 2863 sumus,
3744 2798 3851 2854 ali-

2203 2882 2340 2953 quid
2366 2882 2446 2936 illi
2471 2883 2549 2937 rei
2586 2883 2779 2939 simile
2811 2886 3114 2941 ostendere
3145 2886 3321 2952 volui,
3356 2886 3854 2960 qualemcumque

2202 2970 2557 3027 intellectum
2578 2989 2771 3028 meum
2787 2973 3082 3029 sufﬁciens
3100 2974 3346 3030 elocutio
3360 2993 3489 3031 mea
3510 2981 3714 3032 secuta
3737 2994 3851 3033 non

2202 3060 2411 3115 fuerit:
2446 3062 2711 3133 quamvis
2760 3066 2817 3117 et
2864 3064 2920 3117 in
2955 3063 3082 3135 ipso
3122 3063 3414 3120 intellectu
3447 3070 3724 3122 conatum
3757 3082 3852 3123 me

2198 3149 2478 3204 senserim
2515 3151 2702 3221 magis
2734 3151 3010 3207 habuisse
3040 3168 3215 3223 quam
3245 3153 3618 3209 etfectum.Et
3649 3156 3707 3211 in
3731 3172 3850 3211 una

2199 3239 2430 3309 quidem
2452 3256 2700 3305 persona
2720 3240 2876 3312 quod
2898 3245 2985 3296 est
3004 3241 3178 3297 homo
3201 3242 3493 3298 invenisse
3521 3243 3846 3317 imaginem

2198 3343 2440 3381 summae
2462 3326 2615 3382 illius
2640 3328 2961 3397 Trinitatis,
2978 3334 3034 3384 et
3051 3329 3111 3384 in
3132 3347 3190 3386 re
3213 3331 3479 3386 mutabili
3513 3333 3626 3388 tria
3653 3333 3751 3389 illa
3780 3337 3850 3390 ut

2199 3414 2425 3470 facilius
2449 3416 2693 3489 intelligi
2715 3418 3143 3488 possint,etiam
3177 3436 3278 3491 per
3299 3421 3647 3492 temporalia
3669 3422 3848 3478 inter-

2196 3503 2339 3558 valla
2373 3506 2622 3561 maxime
2652 3507 2712 3561 in
2735 3506 2881 3562 libro
2914 3525 3065 3563 nono
3097 3513 3423 3565 monstrare
3447 3509 3845 3567 voluisse.Sed

2196 3592 2308 3648 tria
2341 3593 2516 3648 unius
2546 3612 2948 3665 personae,non
2978 3597 3130 3652 sicut
3155 3597 3414 3653 humana
3446 3599 3635 3670 poscit
3656 3601 3847 3655 inten-

2196 3683 2297 3749 tio,
2331 3683 2520 3739 tribus
2552 3682 2667 3739 illis
2699 3685 2961 3756 personis
2994 3686 3297 3741 convenire
3319 3692 3662 3759 potuerunt,
3696 3688 3848 3744 sicut

2192 3770 2250 3825 in
2285 3771 2390 3826 hoc
2420 3771 2568 3828 libro
2600 3772 2806 3843 quinto
2837 3774 3059 3830 decimo
3091 3775 3650 3832 demonstravimus.

2263 3860 2498 3916 CAPUT
2527 3861 2716 3916 XXVI.
2751 3894 2819 3903 --
2874 3862 3114 3935 Spiritus
3156 3870 3381 3920 sanctus
3427 3882 3467 3920 a
3514 3865 3739 3921 Christo
3769 3865 3849 3922 bis

2191 3949 2367 4004 datus.
2404 3952 2684 4007 Processio
2714 3951 2956 4022 Spiritus
2988 3954 3163 4008 sancti
3188 3970 3220 4009 a
3252 3956 3419 4009 Patre
3449 3958 3501 4009 et
3529 3971 3563 4009 a
3595 3956 3744 4010 Filio
3773 3963 3849 4010 est

2190 4040 2309 4093 sine
2331 4048 2696 4110 tempore,nec
2724 4043 3011 4097 amborum
3040 4042 3190 4113 ﬁlius
3217 4042 3331 4097 dici
3344 4042 3765 4115 potest.Deinde
3787 4043 3845 4099 in

2192 4126 2291 4182 illa
2304 4144 2537 4183 summa
2556 4128 2837 4185 Trinitate
2859 4146 2984 4201 quae
3002 4130 3153 4187 Deus
3174 4130 3596 4198 est,intervalla
3616 4138 3731 4187 tem
3740 4149 3841 4205 po-

2191 4231 2319 4270 rum
2356 4215 2515 4271 nulla
2544 4220 2700 4287 sunt,
2734 4234 2861 4289 quae
2891 4235 2991 4290 per
3024 4220 3206 4291 possit
3235 4221 3462 4275 ostendi
3496 4225 3600 4275 aut
3626 4220 3837 4276 saltem

2191 4304 2430 4375 requiri,
2462 4309 2656 4361 utrum
2693 4307 2855 4378 prius
2886 4309 2957 4364 de
2988 4309 3153 4365 Patre
3184 4313 3355 4363 natus
3400 4309 3478 4364 sit
3528 4309 3736 4376 Filius,
3786 4314 3844 4365 et

2191 4396 2391 4463 postea
2442 4393 2511 4448 de
2568 4394 2855 4451 ambobus
2904 4397 3251 4469 processerit
3292 4397 3547 4470 Spiritus
3578 4404 3839 4453 sanctus.

2190 4480 2473 4543 Quoniam
2489 4482 3003 4554 Scripturasancta
3022 4485 3301 4558 Spiritum
3328 4502 3462 4541 eum
3491 4486 3841 4542 dicitanzboo

2192 4571 2481 4642 rum.lpse
2511 4575 2600 4625 est
2628 4572 2785 4626 enim
2816 4573 2887 4628 de
2914 4590 3026 4645 quo
3060 4574 3199 4630 dicit
3215 4574 3839 4646 Apostolus,Quoniam

2189 4666 2367 4713 autem
2397 4660 2525 4714 estis
2550 4659 2833 4729 ﬁlii,misit
2867 4663 3002 4716 Deus
3023 4661 3295 4732 Spiritum
3322 4664 3458 4719 Filii
3484 4666 3575 4719 sui
3596 4666 3659 4718 in
3679 4662 3838 4720 corda

2189 4752 2369 4802 vestra
2415 4747 2614 4819 (Galat.
2650 4766 2724 4816 IV,
2757 4750 2844 4818 6):
2892 4754 2948 4805 et
2986 4750 3111 4822 ipse
3141 4757 3229 4807 est
3266 4753 3337 4807 de
3364 4770 3479 4823 quo
3513 4753 3658 4807 dicit
3686 4754 3834 4808 idem

2192 4835 2519 4905 Filius,Non
2548 4840 2694 4892 enim
2726 4856 2815 4893 vos
2844 4842 2972 4893 estis
3002 4843 3103 4911 qui
3123 4842 3457 4912 loquimini;
3485 4843 3581 4895 sed
3601 4844 3837 4911 Spiritus

2190 4927 2377 4980 Patris
2406 4926 2593 4991 vestri,
2624 4928 2717 4998 qui
2747 4928 2991 4997 loquitur
3022 4931 3081 4983 in
3112 4930 3262 4984 vobis
3294 4930 3497 5000 (Matth.
3534 4948 3591 4997 x,
3631 4933 3741 5001 20).
3771 4930 3839 4985 Et

2193 5013 2394 5069 multis
2416 5014 2547 5070 aliis
2568 5015 2893 5071 divinorum
2918 5016 3284 5089 eloquiorum
3308 5018 3664 5075 testimoniis
3678 5035 3828 5074 com-

2191 5102 2469 5174 probatur
2500 5103 2685 5159 Patris
2736 5108 2791 5159 et
2824 5104 2953 5159 Filii
2983 5123 3112 5161 esse
3141 5108 3447 5178 Spiritum,
3471 5107 3567 5179 qui
3603 5106 3825 5179 proprie

2189 5191 2404 5246 dicitur
2434 5192 2488 5245 in
2523 5192 2805 5248 Trinitate
2836 5194 3087 5265 Spiritus
3128 5199 3407 5251 sanctus:
3442 5197 3513 5251 de
3543 5212 3658 5267 quo
3688 5196 3819 5250 item

2190 5279 2333 5334 dicit
2384 5280 2509 5351 ipse
2560 5280 2762 5347 Filius,
2814 5284 2983 5351 Quem
3041 5301 3135 5355 ego
3173 5285 3387 5339 mittam
3436 5286 3825 5341 vobisaPatra

2190 5368 2367 5440 (Joan.
2399 5385 2488 5438 xv,
2520 5370 2614 5437 26)
2640 5395 2655 5435 ς
2687 5375 2745 5425 et
2774 5371 2887 5426 alio
2917 5371 3063 5437 loco,
3110 5373 3278 5441 Quem
3327 5376 3509 5429 mittet
3551 5380 3715 5429 Pater
3763 5373 3819 5425 in

2186 5459 2407 5513 nomine
2434 5474 2552 5514 meo
2584 5458 2683 5529 (Id.
2713 5476 2829 5527 xxv,
2862 5460 2977 5533 26).
3013 5461 3094 5518 De
3126 5467 3372 5535 utroque
3404 5468 3600 5519 autem
3630 5476 3816 5535 proce-

2190 5643 2387 5755 minito
2415 5645 2529 5693 Am.
2563 5648 2617 5695 et
2644 5644 2767 5695 Mss.
2803 5647 2869 5698 At
2897 5648 2982 5697 Er.
3024 5653 3077 5700 et
3106 5649 3245 5710 Lov.,
3274 5648 3581 5715 cogitatione
3625 5658 3823 5712 ωηερε

3740 6008 3749 6011 -
3832 5986 3975 6023 ,γένε’

3668 6026 3683 6037 ι
3794 6032 3809 6039 ο

3740 6008 3749 6011 -
3832 6012 3851 6023 η
3902 5986 3975 6013 νβ’*

3668 6026 3683 6037 ι
3794 6032 3809 6039 ο

3596 5962 4057 6073 ..ξι-Μ
