4130 6194
289 364 444 426 1093

285 496 422 552 dere
454 496 537 551 sic
566 496 841 565 docetur;
875 500 1009 569 quia
1040 501 1163 571 ipse
1195 502 1372 556 Filius
1405 502 1503 572 ait,
1530 505 1603 558 De
1620 506 1782 557 Patre
1797 517 1921 573 pro.

284 584 449 640 cedit.
482 586 549 639 Et
578 602 711 640 cum
741 588 1153 644 resurrexisset
1181 606 1214 645 a
1244 592 1492 647 mortuis
1524 595 1582 647 et
1621 590 1927 663 apparuis-

285 679 374 729 set
405 673 713 746 discipulis
738 676 884 742 suis,
911 677 1232 733 insufﬂavit
1260 686 1318 734 et
1349 680 1448 747 ait,
1484 682 1723 751 Accipite
1753 678 1927 749 Spiri-

287 767 407 818 tum
439 774 692 819 sanctum
722 766 901 836 (Joan.
937 783 1028 836 xx,
1063 768 1179 838 22),
1236 773 1302 823 ut
1339 785 1471 824 eum
1528 769 1702 824 etiam
1750 768 1820 822 de
1869 780 1930 821 se

288 853 603 924 procedere
632 854 980 909 ostenderet.
1036 859 1102 910 Et
1154 855 1280 926 ipsa
1335 862 1424 912 est
1470 859 1649 912 virtus
1696 873 1823 927 quae
1868 855 1933 909 de

290 942 388 997 illo
415 942 620 1008 exibat,
653 942 809 997 sicut
856 942 1070 1017 legitur
1117 944 1174 999 in
1225 946 1555 1018 Evangelio,
1605 953 1654 1002 et
1701 945 1932 1001 sanabat

290 1047 474 1087 omnes
506 1032 658 1102 (Luc.
691 1049 765 1099 v1,
796 1032 901 1104 19).

362 1120 451 1175 46.
476 1119 623 1185 Quid
642 1136 773 1177 vero
794 1120 964 1177 fuerit
985 1138 1194 1191 causae,
1213 1127 1277 1179 ut
1297 1128 1429 1197 post
1451 1124 1931 1181 resurrectionem

293 1225 488 1279 suam,
522 1208 666 1264 etin
724 1216 878 1265 terra
930 1212 1093 1283 prius
1140 1213 1303 1269 daret
1352 1214 1534 1281 (Joan.
1584 1230 1679 1279 xx,
1726 1213 1839 1282 22),
1879 1214 1936 1266 et

289 1298 362 1354 de
386 1297 527 1354 ccelo
549 1302 753 1371 postea
774 1300 1029 1356 mitteret
1051 1300 1334 1374 Spiritum
1381 1306 1648 1357 sanctum
1690 1302 1824 1373 (Act.
1869 1314 1933 1369 ιι,

289 1387 375 1457 4);
398 1387 509 1442 hoc
533 1402 637 1459 ego
654 1386 946 1459 existimo,
971 1389 1110 1460 quia
1140 1405 1243 1461 per
1262 1390 1456 1461 ipsum
1483 1392 1701 1445 donum
1720 1389 1935 1443 diffun-

291 1476 455 1530 ditur
483 1474 739 1531 charifas
764 1475 822 1531 in
857 1478 1127 1533 cordibus
1158 1480 1375 1534 nostris
1406 1480 1579 1550 (Rom.
1610 1496 1665 1547 v,
1703 1479 1780 1546 5),
1821 1493 1935 1548 qua

294 1564 603 1636 diligimus
636 1570 815 1621 Deum
852 1571 909 1621 et
939 1568 1293 1639 proximum,
1327 1569 1651 1623 secundum
1684 1568 1798 1623 duo
1837 1566 1939 1621 illa

293 1658 582 1726 praecepta
612 1654 669 1708 in
702 1654 915 1725 quibus
945 1660 1066 1710 tota
1121 1656 1231 1711 Lex
1277 1657 1490 1729 pendet
1531 1662 1586 1711 et
1640 1655 1937 1727 Propheta:

292 1744 515 1815 (Matth.
541 1760 675 1807 xxii,
694 1743 897 1815 37-40).
946 1746 1058 1799 Hoc
1076 1744 1413 1817 significans
1446 1746 1727 1801 Dominus
1742 1746 1936 1811 Jesus,

296 1833 385 1887 bis
410 1833 568 1888 dedit
589 1832 870 1903 Spiritum
903 1839 1207 1900 sanctum;
1240 1834 1414 1891 semel
1449 1835 1507 1889 in
1530 1838 1683 1889 terra
1706 1840 1941 1905 prOpter

295 1920 665 1977 dilectionem
692 1921 958 1993 proximi,
978 1923 1260 1978 etiterum
1292 1924 1361 1979 de
1385 1923 1528 1979 ccelo
1552 1927 1787 1996 propter
1800 1921 1939 1977 dile-

296 2010 545 2066 ctionem
575 2009 686 2065 Dei.
718 2010 841 2065 Etsi
868 2012 1011 2067 forte
1040 2010 1155 2066 alia
1177 2013 1323 2068 ratio
1347 2013 1702 2067 reddaturde
1720 2010 1937 2083 Spiritu

297 2104 499 2155 sancto
530 2099 620 2154 bis
650 2099 805 2163 dato,
839 2100 1108 2155 eumdem
1144 2105 1339 2156 tamen
1363 2101 1643 2173 Spiritum
1668 2106 1937 2156 sanctum

297 2188 522 2254 datum,
547 2204 676 2242 cum
702 2187 1269 2250 insufﬂassetlesus.
1296 2190 1365 2244 de
1395 2206 1508 2261 quo
1532 2207 1665 2244 mox
1713 2190 1811 2258 ait,
1847 2192 1938 2259 Ite,

300 2278 572 2349 baptizata
591 2293 775 2332 omnes
792 2282 976 2348 gentes
999 2280 1057 2333 in
1076 2280 1298 2334 nomine
1319 2281 1506 2334 Patris
1524 2287 1575 2335 et
1596 2279 1729 2335 Filii
1748 2282 1797 2334 et
1819 2280 1943 2350 Spi-

301 2372 445 2424 ritus
464 2368 763 2440 sanctiUd.
788 2386 984 2435 xxvm,
1019 2369 1128 2440 19),
1159 2368 1257 2425 ubi
1280 2370 1534 2426 maxime
1577 2371 1944 2426 commenda-

300 2464 402 2514 tur
429 2457 552 2513 haac
579 2456 854 2527 Trinitas,
887 2458 1183 2531 ambigere
1212 2476 1325 2514 non
1359 2460 1662 2516 debemus.
1696 2464 1827 2532 Ipse
1856 2464 1942 2515 est

302 2548 487 2620 igitur
516 2545 613 2618 qui
646 2547 716 2601 dc
747 2545 889 2602 coelo
919 2547 1095 2602 etiam
1126 2549 1297 2603 datus
1328 2552 1415 2603 est
1438 2548 1529 2603 die
1552 2553 1943 2619 Pentecostes,

300 2636 359 2691 id
393 2640 500 2697 est,
534 2639 665 2707 post
694 2634 818 2690 dies
852 2636 1049 2691 decem
1082 2653 1257 2704 quam
1295 2637 1573 2692 Dominus
1603 2637 1943 2693 ascenditin

301 2724 841 2790 coelum.0uomodo
863 2741 997 2797 ergo
1014 2727 1164 2780 Deus
1188 2742 1302 2780 non
1325 2726 1638 2797 estquidat
1660 2725 1943 2798 Spiritum

299 2813 731 2870 sanctum?lmo
745 2818 1001 2885 quantus
1024 2815 1172 2869 Deus
1189 2814 1385 2885 estqui
1404 2815 1501 2869 dat
1515 2815 1694 2869 Deum
1710 2815 1946 2885 ?Neque

299 2904 458 2959 enim
492 2902 704 2974 aliquis
727 2902 1151 2975 discipulorum
1177 2905 1304 2975 ejus
1328 2903 1485 2958 dedit
1505 2903 1785 2975 Spiritum
1806 2920 1946 2959 san-

303 2991 749 3048 ctum.0rabant
762 2991 975 3064 quippe
989 2992 1286 3047 utveniret
1300 2992 1357 3046 in
1373 2992 1692 3063 eosquibus
1706 3009 1945 3048 manum

305 3081 712 3154 imponebant,
744 3097 858 3135 non
890 3080 1001 3151 ipsi
1025 3097 1157 3136 eum
1187 3080 1423 3135 dabant.
1445 3083 1624 3147 Quem
1642 3098 1862 3137 morem
1887 3083 1946 3138 in

222 3207 271 3257 ί
306 3169 433 3225 suis
457 3169 782 3241 praepositis
799 3169 975 3225 etiam
1000 3186 1156 3225 nunc
1179 3174 1369 3225 servat
1388 3169 1661 3225 Ecclesia.
1690 3171 1950 3243 Denique

306 3264 362 3313 et
377 3259 579 3313 Simon
596 3258 801 3329 Magus
818 3258 1064 3313 offerens
1077 3257 1367 3329 Apostolis
1382 3259 1832 3329 pecuniam,non
1849 3260 1947 3329 ait,

307 3348 442 3402 Date
470 3355 520 3401 et
547 3347 693 3401 mihi
721 3346 861 3401 hanc
886 3350 1219 3418 potestatem,
1250 3356 1312 3402 ut
1343 3348 1473 3402 dem
1507 3347 1788 3417 Spiritum
1816 3365 1948 3403 san-

306 3443 515 3497 ctum;
548 3436 670 3503 sed,
718 3437 1057 3506 cuicumque,
1107 3436 1316 3506 inquit,
1368 3438 1675 3507 imposuere
1730 3454 1951 3503 manus,

303 3526 545 3596 accipiat
558 3523 827 3595 Spiritum
837 3523 1261 3590 sanctquuia
1276 3525 1696 3596 nequeScriptu
1707 3543 1767 3581 ra
1780 3542 1952 3596 supe-

305 3613 433 3668 rius
465 3613 705 3682 dixerat,
750 3613 960 3667 Videns
1010 3617 1204 3668 autem
1249 3612 1447 3667 Simon
1494 3614 1647 3685 quod
1692 3615 1951 3685 Apostoli

306 3704 517 3757 darent
534 3702 813 3773 Spiritum
840 3707 1107 3756 sanctum
1133 3701 1262 3769 ;sed
1287 3701 1529 3772 dixerat,
1558 3702 1746 3758 Videns
1767 3714 1954 3759 autem

305 3792 500 3846 Simon
525 3789 664 3860 quod
683 3806 779 3860 per
792 3791 1191 3861 impositionem
1208 3791 1516 3845 manuum/1
1523 3792 1855 3862 postotorum
1867 3793 1957 3848 da—

308 3883 468 3933 retur
497 3878 739 3949 Spirztus
788 3885 1004 3933 sanctus
1062 3878 1197 3949 (Act.
1248 3895 1371 3946 vm,
1422 3879 1510 3947 49,
1563 3879 1668 3951 18).
1721 3880 1960 3953 Propter

309 3970 419 4023 hoc
440 3972 498 4022 et
530 3968 808 4023 Dominus
840 3967 966 4039 ipse
995 3968 1169 4023 Jesus
1201 3966 1487 4038 Spiritum
1522 3972 1789 4024 sanctum
1840 3987 1957 4025 non

310 4057 504 4111 solum
535 4056 696 4110 dedit
728 4060 791 4110 ut
824 4059 998 4123 Deus,
1030 4056 1131 4110 sed
1166 4055 1339 4111 etiam
1373 4056 1594 4127 accepit
1634 4061 1698 4111 ut
1746 4057 1956 4123 homo;

314 4151 621 4217 propterea
645 4145 837 4199 dictus
887 4150 976 4199 est
1017 4145 1223 4216 plenus
1254 4145 1443 4216 gratia
1490 4146 1665 4215 (Joan.
1701 4163 1738 4215 ι,
1786 4147 1874 4219 14)
1905 4151 1961 4202 et

314 4233 533 4305 Spiritu
570 4233 986 4304 sancto‘(Luc.
1014 4251 1088 4303 χι,
1133 4234 1224 4301 52,
1266 4237 1319 4287 et
1352 4251 1429 4299 ιν,
1478 4234 1551 4305 1).
1602 4235 1671 4289 Et
1714 4236 1960 4291 manife-

316 4323 469 4379 stius
492 4323 561 4376 de
589 4321 689 4377 illo
721 4321 1005 4394 scriptum
1042 4326 1129 4376 est
1160 4322 1217 4377 in
1241 4322 1484 4378 Actibus
1511 4323 1917 4394 Apostolorum
1945 4342 1960 4382 :

318 4411 589 4479 Quoniam
612 4412 775 4465 unxit
796 4426 923 4465 eum
954 4412 1093 4465 Deus
1114 4411 1332 4483 Spiritu
1352 4414 1535 4465 sancto
1561 4412 1696 4483 (Act.
1747 4430 1802 4479 x,
1849 4415 1959 4485 38).

317 4501 441 4556 Non
468 4501 670 4570 utique
695 4499 819 4555 oleo
842 4498 1080 4571 visibili,
1100 4499 1197 4554 sed
1223 4501 1375 4554 dono
1397 4500 1617 4571 gratiae,
1643 4502 1793 4572 quod
1831 4502 1966 4557 visi-

316 4589 419 4644 bili
434 4588 803 4660 significatur
818 4592 1113 4661 unguento
1127 4604 1241 4660 quo
1257 4587 1577 4658 baptizatos
1594 4591 1758 4657 ungit
1774 4590 1963 4646 Eccle-

317 4679 425 4734 sia.
450 4677 567 4733 Nec
593 4693 732 4731 sane
754 4681 894 4732 tunc
925 4682 1136 4733 unctus
1161 4682 1247 4733 est
1268 4676 1536 4733 Christus
1565 4678 1783 4750 Spiritu
1828 4697 1964 4736 san-

318 4772 433 4834 cto,
468 4766 707 4839 quando
738 4782 915 4839 super
955 4784 1086 4823 eum
1121 4766 1477 4839 baptizatum
1512 4767 1667 4822 velut
1695 4768 1968 4825 columba

318 4856 866 4926 descendit(Matth.
898 4874 983 4927 In,
1017 4858 1134 4928 16):
1157 4860 1297 4911 tunc
1326 4855 1478 4910 enim
1523 4872 1732 4927 corpus
1770 4875 1963 4928 suum,

322 4946 379 5000 id
407 4950 515 5012 est,
544 4944 861 5001 Ecclesium
886 4962 1052 5000 suam
1081 4946 1446 5016 prazfisurare
1472 4945 1747 5016 dignatus
1770 4950 1876 5014 est,
1906 4947 1965 5002 in

324 5051 441 5107 qua
460 5035 749 5106 praecipue
772 5035 1043 5106 baptizati
1071 5032 1650 5105 accipiuntSpiritum
1667 5040 1966 5094 sanctum:

324 5124 427 5178 sed
450 5123 565 5179 ista
584 5124 828 5196 mystica
840 5122 1185 5178 etinvisibili
1201 5123 1474 5178 unctione
1490 5127 1629 5177 tunc
1646 5122 1971 5195 intelligen-

326 5213 440 5267 dus
463 5220 552 5267 est
570 5220 801 5279 unctus,
825 5212 1058 5283 quando
1080 5210 1335 5265 Verbum
1362 5212 1459 5265 Dei
1484 5228 1614 5266 caro
1634 5212 1850 5268 factum
1880 5218 1971 5270 est

324 5301 507 5373 (Joan.
542 5318 582 5369 1,
617 5301 744 5373 ili);
778 5301 834 5355 id
868 5305 978 5369 est,
1011 5299 1247 5371 quando
1281 5298 1540 5355 humana
1588 5305 1798 5357 natura
1848 5302 1973 5359 sine

326 5390 467 5447 ullis
501 5390 963 5463 przecedentibus
1004 5388 1294 5445 bonorum
1326 5404 1567 5461 operum
1603 5391 1828 5448 meritis
1858 5391 1973 5451 Deo

394 5673 413 5710 1
444 5671 530 5721 Er.
560 5669 727 5734 Lugd.
745 5670 893 5736 _Ven.
912 5673 980 5736 et
1007 5669 1156 5736 Lo_v._,
1183 5668 1458 5736 propterea
1480 5666 1657 5736 dictus
1685 5671 1760 5721 est
1798 5669 1979 5736 plenus

328 5736 505 5801 gratia
526 5750 544 5785 :
574 5731 787 5787 omissis
815 5733 1012 5794 verbis,
1045 5734 1093 5783 et
1116 5731 1316 5798 Spiritu
1344 5734 1537 5781 sancto.
1605 5733 1676 5784 M.

1468 369 1702 432 LIBER
1748 368 2088 440 QUINTUS
2132 365 2506 431 DECIMUS.

3533 372 3687 434 1094

2052 502 2266 556 Verbo!
2293 507 2381 556 est
2403 502 2460 555 in
2487 506 2647 555 utero
2666 499 2905 571 virginis
2928 499 3217 571 copulata,
3241 502 3323 557 ita
3345 508 3408 558 ut
3431 520 3563 560 cum
3590 505 3687 559 illo

2048 590 2338 646 fieretuna
2360 607 2627 662 persona.
2654 589 3004 644 Obhoceum
3029 590 3376 645 conﬁtemur
3397 598 3596 648 natum
3616 596 3688 651 de

2048 676 2267 748 Spiritu
2294 683 2493 733 sancto
2518 683 2573 733 et
2592 678 2817 749 virgine
2843 679 3042 732 Maria.
3069 680 3573 736 Absurdissimum
3600 688 3689 739 est

2049 765 2302 835 enim,ut
2321 767 2627 821 credamus
2646 782 2777 820 eum
2802 783 2931 821 cum
2950 768 3072 835 jam
3096 767 3689 838 trigintaessetanno-

2050 870 2179 909 rum
2205 855 2354 927 (ejus
2376 856 2531 910 enim
2557 855 2742 910 aetatis
2761 872 2789 910 a
2808 855 3032 909 Joanne.
3052 856 3379 925 baptizatus
3412 862 3500 913 est
3536 860 3689 930 [Luc.

2053 962 2137 1011 III,
2156 948 2220 1000 21
2233 946 2393 1017 -33]),
2414 946 2705 1016 accepisse
2719 945 2996 1017 Spiritum
3012 950 3214 1000 sanctu
3227 964 3277 1000 m
3297 965 3308 1002 :
3327 949 3423 1002 sed
3461 950 3690 1006 venisse

2052 1033 2217 1088 illum
2244 1034 2313 1089 ad
2337 1034 2648 1106 baptismo,
2679 1034 2830 1089 sicut
2852 1033 2976 1089 sine
3001 1034 3118 1088 ullo
3154 1036 3391 1091 omnino
3434 1043 3692 1108 peccato,

2052 1122 2134 1178 ita
2156 1140 2267 1179 non
2297 1122 2423 1178 sine
2446 1122 2662 1193 Spiritu
2690 1122 2972 1177 sancto.Si
2997 1122 3152 1177 enim
3177 1124 3245 1179 de
3267 1125 3483 1181 famulo
3497 1128 3622 1199 ejus
3637 1130 3695 1184 et

2055 1227 2410 1284 praecursore
2435 1211 2559 1282 ipso
2576 1211 2800 1266 Joanne
2822 1211 3101 1283 scriptum
3130 1216 3240 1284 est,
3266 1213 3478 1285 Spiritu
3506 1225 3691 1272 sancto

2056 1300 2353 1371 replebitur
2374 1301 2493 1367 iam
2532 1300 2657 1355 inde
2684 1300 2753 1355 ab
2777 1309 2927 1355 utero
2956 1302 3152 1356 matris
3194 1317 3315 1359 suae
3361 1303 3458 1373 (Id.
3501 1321 3541 1369 I,
3585 1305 3694 1378 15),

2057 1389 2333 1460 quoniam
2350 1389 2615 1459 quamvis
2631 1389 2954 1445 seminatus
2967 1406 2998 1443 a
3015 1394 3396 1461 patre,tamen
3412 1392 3696 1464 Spiritum

2058 1482 2325 1533 sanctum
2353 1478 2409 1532 in
2435 1483 2599 1532 utero
2623 1478 2906 1533 formatus
2928 1478 3180 1551 accepit;
3205 1480 3341 1551 quid
3367 1482 3436 1536 de
3460 1482 3699 1540 homine

2059 1566 2286 1621 Christo
2310 1566 2754 1638 intelligendum
2779 1571 2867 1623 est
2892 1568 2979 1623 vel
3004 1569 3697 1641 credendum,cujuscar-

2060 1655 2151 1710 nis
2173 1656 2301 1726 ipsa
2318 1655 2614 1727 conceptio
2645 1673 2758 1710 non
2784 1656 3055 1723 carnalis,
3082 1658 3179 1711 sed
3206 1658 3527 1727 spiritualis
3552 1660 3699 1716 fuit?

2060 1745 2121 1799 In
2149 1760 2214 1799 eo
2237 1744 2411 1799 etiam
2441 1745 2594 1815 quod
2621 1744 2689 1798 de
2714 1744 2811 1799 illo
2834 1745 3117 1815 scriptum
3139 1750 3246 1809 est,
3268 1748 3417 1817 quod
3466 1765 3698 1820 accepe-

2061 1833 2189 1887 rita
2210 1833 2376 1887 Patre
2398 1832 2845 1903 promissionem
2872 1833 3122 1904 Spiritus
3148 1835 3331 1889 sancti
3358 1839 3412 1890 et
3434 1836 3705 1893 effuderit

2062 1921 2199 1993 (Act.
2227 1938 2285 1983 τι,
2309 1922 2420 1991 33),
2457 1926 2704 1991 utraque
2745 1926 2952 1977 natura
2994 1928 3316 1977 monstrata
3354 1928 3460 1991 est,
3495 1930 3550 1979 et
3593 1925 3701 1980 hu-

2063 2027 2237 2064 mana
2260 2009 2479 2065 scilicet
2508 2014 2564 2064 et
2594 2009 2818 2064 divina:
2853 2010 3075 2082 accepit
3122 2011 3338 2083 quippe
3394 2018 3457 2068 ut
3502 2013 3699 2086 homo,

2064 2099 2266 2153 effudit
2292 2102 2357 2152 ut
2376 2098 2544 2154 Deus.
2569 2097 2684 2152 Nos
2708 2103 2902 2153 autem
2925 2098 3187 2170 accipere
3209 2102 3445 2171 quidem
3475 2101 3581 2156 hoc
3604 2104 3704 2157 do-

2062 2204 2202 2242 num
2229 2203 2546 2259 possumus
2570 2203 2673 2259 pro
2697 2187 2933 2242 modulo
2952 2194 3167 2257 nostro,
3188 2189 3484 2244 effundere
3505 2194 3702 2246 autem

2064 2293 2239 2348 super
2269 2276 2414 2332 alios
2446 2293 2555 2331 non
2592 2275 2795 2347 utique
2826 2293 3143 2348 possumus
3172 2295 3184 2344 ;
3220 2278 3317 2332 sed
3355 2282 3418 2332 ut
3446 2278 3554 2332 hoc
3581 2280 3699 2347 fiat,

2063 2370 2243 2421 Deum
2274 2382 2448 2437 super
2477 2381 2595 2436 eos,
2628 2382 2662 2421 a
2694 2382 2806 2436 quo
2838 2365 2946 2420 hoc
2975 2366 3244 2432 efﬁcitur,
3271 2366 3629 2423 invocamus.

2135 2456 2223 2510 47.
2249 2454 2544 2526 Numquid
2577 2470 2713 2525 ergo
2735 2471 3052 2527 possumus
3073 2472 3328 2526 quaerere
3356 2461 3552 2511 utrum
3575 2457 3699 2527 jam

2065 2547 2423 2617 processerat
2443 2544 2514 2598 de
2544 2544 2710 2599 Patre
2733 2543 2980 2615 Spiritus
3002 2548 3241 2600 sanctus
3259 2546 3492 2616 quando
3534 2550 3704 2602 natus

2065 2638 2152 2691 est
2174 2632 2378 2699 Filius,
2415 2649 2485 2687 an
2516 2633 2774 2688 nondum
2826 2638 3207 2704 processerat,
3238 2637 3293 2688 et
3324 2634 3421 2689 illo
3451 2638 3586 2689 nato
3634 2636 3705 2690 de

2068 2727 2311 2794 utroque
2336 2722 2635 2793 processit,
2664 2721 2759 2776 ubi
2787 2720 2944 2776 nulla
2971 2726 3108 2777 sunt
3132 2723 3594 2793 temporatsicut
3618 2740 3709 2795 po-

2064 2813 2288 2866 tuimus
2318 2827 2573 2882 quaerere
2587 2810 2683 2865 ubi
2702 2810 3033 2865 invenimus
3050 2815 3163 2865 tem
3174 2828 3311 2882 pora
3324 2810 3702 2877 ,voluntatem

2068 2899 2231 2973 prius
2262 2901 2331 2953 de
2377 2899 2635 2953 humana
2682 2902 2876 2954 mente
2921 2900 3249 2970 procedere,
3301 2904 3365 2955 ut
3414 2906 3711 2971 quaeratur

2069 2990 2223 3061 quod
2257 2989 2553 3042 inventum
2590 2986 2778 3057 proles
2807 2990 3079 3053 vocetur;
3110 3004 3221 3058 qua
3248 2988 3373 3058 jam
3408 2992 3573 3060 parta
3606 3004 3707 3043 seu

2068 3076 2282 3149 genita,
2306 3076 2575 3132 voluntas
2599 3075 2697 3130 illa
2720 3075 3037 3146 perﬁcitur,
3065 3092 3127 3130 eo
3152 3077 3265 3131 fine
3317 3079 3711 3149 requiescens,

2071 3171 2136 3221 ut
2160 3165 2256 3238 qui
2283 3166 2470 3220 fuerat
2493 3163 2787 3236 appetitus
2813 3163 3144 3235 quazrentis,
3169 3164 3246 3217 sit
3266 3165 3710 3233 amorfruentis,

2072 3255 2169 3327 qui
2188 3256 2309 3325 jam
2341 3255 2411 3309 de
2436 3258 2707 3324 utroque,
2730 3252 2788 3305 id
2814 3256 2921 3320 est,
2947 3252 3016 3307 de
3038 3251 3309 3324 gignente
3332 3258 3526 3309 mente
3548 3259 3604 3308 et
3643 3254 3714 3309 de

2073 3343 2267 3416 genita
2283 3344 2515 3397 notione
2526 3346 2707 3413 tanqu
2716 3358 2809 3397 am
2826 3341 2895 3396 de
2908 3345 3147 3413 parente
3161 3358 3226 3397 ac
3241 3341 3400 3414 prole
3414 3342 3715 3414 procedat?

2075 3433 2196 3490 Non
2233 3435 2479 3504 possunt
2505 3448 2744 3503 prorsus
2775 3430 2889 3487 ista
2927 3428 3008 3485 ibi
3042 3430 3244 3502 qumri,
3304 3431 3404 3485 ubi
3455 3431 3597 3486 nihil
3648 3448 3716 3487 ex

2072 3526 2331 3593 tempore
2361 3520 2692 3584 inchoatur,
2725 3522 2791 3574 ut
2843 3520 3224 3591 consequenti
3273 3520 3608 3590 perﬁciatur
3657 3521 3712 3575 in

2074 3616 2189 3667 tem
2201 3627 2350 3680 pore.
2369 3609 2853 3680 Quapropter,qui
2879 3612 3068 3679 potest
3089 3607 3411 3679 intelligere
3429 3609 3554 3664 sine
3567 3615 3679 3664 tem
3693 3640 3715 3650 -

2074 3716 2213 3772 pore
2242 3698 2673 3771 generationem
2733 3696 2861 3751 Filii
2911 3698 2981 3751 de
3030 3701 3221 3763 Patre,
3266 3696 3551 3769 intelligat
3589 3698 3715 3753 sine

2074 3794 2334 3861 tempore
2357 3786 2778 3859 processionem
2804 3785 3058 3857 Spiritus
3075 3786 3259 3841 sancti
3285 3787 3355 3841 de
3377 3787 3718 3857 utroque.Et

2078 3878 2173 3951 qui
2201 3882 2389 3949 potest
2411 3875 2732 3947 intelligere
2754 3875 2812 3929 in
2836 3891 2902 3930 eo
2923 3875 3074 3945 quod
3101 3874 3182 3929 ait
3207 3874 3405 3941 Filius,
3431 3876 3582 3930 Sicut
3618 3877 3715 3930 ha-

2080 3969 2160 4023 bet
2186 3970 2348 4023 Pater
2367 3967 2545 4021 vitam
2571 3966 2631 4020 in
2650 3966 2960 4035 semetipso,
2985 3966 3065 4020 sic
3090 3964 3245 4020 dedit
3267 3966 3405 4019 Filio
3426 3967 3596 4020 vitam
3618 3964 3717 4021 ha-

2082 4061 2203 4114 bere
2234 4059 2289 4111 in
2322 4058 2605 4127 semetipso
2635 4056 2811 4127 (Joan.
2845 4072 2903 4123 v,
2944 4054 3074 4126 26);
3110 4071 3221 4109 non
3270 4053 3396 4109 sine
3440 4054 3558 4110 vita
3605 4056 3721 4110 exi-

2081 4146 2253 4201 stenti
2279 4146 2404 4217 jam
2443 4143 2579 4199 Filio
2600 4145 2776 4200 vitam
2802 4148 3031 4199 Patrem
3063 4143 3313 4211 dedisse,
3346 4144 3445 4200 sed
3476 4144 3557 4199 ita
3586 4162 3720 4199 eum

2083 4236 2207 4292 sine
2234 4239 2495 4305 tempore
2523 4233 2815 4306 genuisse,
2865 4236 2927 4287 ut
2974 4232 3090 4287 vita
3133 4249 3311 4303 quam
3363 4232 3531 4287 Pater
3579 4232 3722 4287 Filio

2084 4324 2373 4396 gignendo
2397 4322 2576 4393 dedit,
2602 4324 2883 4377 coaeterna
2905 4320 2981 4375 sit
3003 4320 3127 4374 vita:
3152 4321 3338 4375 Patris
3373 4320 3471 4392 qui
3522 4320 3681 4375 dedit
3706 4336 3718 4375 :

2084 4412 2373 4484 intelligat
2404 4412 2555 4466 sicut
2580 4411 2753 4465 habet
2782 4413 2953 4464 Pater
2982 4409 3039 4462 in
3073 4408 3386 4481 semetipso
3417 4412 3480 4463 ut
3510 4409 3580 4464 dc
3626 4408 3726 4464 illo

2087 4502 2363 4575 procedat
2382 4499 2634 4572 Spiritus
2655 4498 3005 4569 sanctus,sic
3025 4498 3256 4555 dedisse
3286 4497 3429 4554 Filio
3454 4502 3515 4553 ut
3536 4498 3606 4553 de
3628 4496 3728 4554 illo

2088 4590 2360 4665 procedat
2387 4589 2541 4644 idem
2576 4588 2829 4661 Spiritus
2861 4592 3123 4655 sanctus,
3158 4592 3214 4643 et
3244 4595 3559 4660 utrumque
3600 4587 3730 4643 sine

2087 4686 2201 4736 tem
2214 4696 2365 4750 pore;
2393 4683 2566 4749 atque
2588 4676 2671 4731 ita
2684 4676 2907 4732 dictum
2931 4675 3214 4748 Spiritum
3239 4680 3506 4733 sanctum
3531 4677 3601 4733 de
3623 4677 3729 4732 Pa-
3776 4698 3797 4738 χ

2086 4775 2172 4825 tre
2196 4769 2525 4840 procedere,
2562 4770 2625 4822 ut
2655 4765 3036 4839 intelligatur,
3075 4767 3227 4838 quod
3263 4767 3437 4821 etiam
3474 4765 3731 4838 procedit

2090 4859 2160 4914 de
2184 4857 2345 4925 Filio,
2373 4857 2442 4911 de
2464 4859 2629 4911 Patre
2656 4871 2783 4911 esse
2806 4854 2999 4910 Filio”.
3025 4854 3079 4909 Si
3119 4855 3272 4910 enim
3311 4853 3593 4926 quidquid
3626 4854 3729 4908 ha-

2090 4948 2208 5016 bet,
2230 4947 2300 5000 de
2325 4945 2489 5000 Patre
2511 4943 2688 4999 habet
2712 4943 2923 5000 Filius:
2948 4944 3018 4999 de
3039 4943 3207 5000 Patre
3227 4944 3404 4998 habet
3425 4941 3626 5011 utique
3666 4945 3729 4996 ut

2092 5041 2150 5092 et
2174 5036 2244 5090 de
2275 5033 2373 5090 illo
2406 5034 2681 5105 procedat
2712 5033 2967 5104 Spiritus
3000 5040 3260 5088 sanctus.
3296 5032 3403 5086 Sed
3462 5029 3621 5084 nulla
3650 5028 3731 5083 ibi

2095 5130 2358 5195 tempora
2380 5123 2727 5195 cogitentur,
2754 5140 2880 5194 quas
2904 5122 3120 5176 habent
3142 5119 3305 5191 prius
3326 5124 3381 5173 et
3403 5118 3689 5191 posterius
3716 5135 3728 5173 :

2094 5214 2231 5285 quia
2244 5213 2481 5267 omnino
2497 5210 2655 5267 nulla
2673 5210 2754 5266 ibi
2771 5208 3236 5273 sunt.Quomodo
3251 5224 3385 5280 ergo
3402 5224 3515 5262 non
3535 5207 3677 5262 absu
3691 5225 3736 5261 r-

2096 5302 2338 5359 dissimc
2360 5300 2516 5356 filius
2548 5301 2835 5356 diceretur
2863 5299 3192 5364 amborum,
3227 5313 3358 5352 cum
3402 5296 3549 5351 sicut
3594 5294 3735 5351 Filio

2097 5395 2336 5465 prastat
2357 5391 2671 5447 essentiam
2695 5390 2820 5445 sine
2842 5386 3008 5443 initio
3029 5384 3465 5459 temporis,sine
3481 5383 3736 5441 ullamu-

2163 5611 2179 5644 1
2213 5606 2298 5657 Sic
2328 5604 2453 5654 Mss.
2482 5604 2549 5654 At
2582 5602 2728 5662 editi,
2758 5602 2850 5650 Dei
2877 5600 3047 5650 verbo.

2161 5672 2183 5706 ³
2212 5669 2365 5726 Editi,
2391 5680 2493 5716 esse
2527 5668 2575 5715 et
2597 5664 2748 5715 Filio.
2769 5664 3159 5728 Expunximus,
3178 5665 3248 5725 et,
3277 5662 3593 5715 auctoritate
3615 5676 3727 5715 ma-

2100 5732 2516 5795 nuscriptorum.
