4130 6194
518 338 670 395 1υεῦῖῶ

516 466 799 523 tabilitate
830 470 1048 517 natura:
1082 464 1150 515 de
1180 467 1348 517 Patre
1400 463 1735 533 generatio;
1787 460 1869 514 ita
1916 455 2159 528 Spiritui

518 559 719 612 sancto
743 558 974 625 praestet
990 550 1305 607 essentiam
1348 551 1473 605 sine
1507 547 1625 603 ullo
1654 548 1821 603 initio
1852 544 2158 618 temporis,

522 645 648 699 sine
672 642 792 698 ulla
812 640 1203 696 mutabilitate
1224 645 1441 694 natura:
1469 640 1539 694 de
1565 632 2160 709 utroqueprocessio?

521 736 651 788 Ideo
670 732 824 786 enim
849 748 979 785 cum
1005 729 1289 799 Spiritum
1308 735 1578 783 sanetum
1605 727 1867 798 genitum
1884 740 1997 779 non
2013 723 2162 777 dica-

523 839 677 889 mus,
702 821 891 875 dicere
913 825 1106 874 tamen
1134 835 1246 873 non
1282 817 1568 872 audemus
1616 815 1968 887 ingenitum,
2002 828 2073 867 ne
2102 811 2161 865 in

520 912 629 966 hoc
652 908 929 965 vocabulo
968 907 1058 962 vel
1098 908 1244 962 duos
1284 910 1478 978 patres
1512 906 1571 959 in
1602 904 1702 959 illa
1733 903 2038 969 Trinitate,
2076 899 2160 955 vel

522 1001 670 1055 duos
693 996 793 1069 qui
808 1014 925 1054 non
943 1000 1084 1052 sunt
1107 996 1178 1050 de
1193 994 1306 1051 alio
1324 994 1617 1067 quispiam
1636 991 2164 1063 suspicetur.Pater

522 1089 677 1144 enim
704 1086 865 1143 solus
888 1103 1002 1141 non
1024 1090 1111 1140 est
1131 1085 1201 1139 de
1223 1084 1357 1151 alio,
1382 1083 1508 1138 ideo
1536 1082 1698 1138 solus
1717 1079 2043 1153 appellatur
2074 1079 2164 1132 in-

520 1180 774 1251 genitus,
799 1193 914 1231 non
942 1175 1178 1246 quidem
1202 1173 1257 1228 ia
1281 1170 1738 1245 Scripturis,sed
1764 1170 1823 1225 in
1850 1173 2160 1225 consuetu-

516 1268 652 1323 dine
678 1263 1191 1337 disputantium,et
1212 1262 1283 1316 de
1306 1278 1365 1316 re
1391 1266 1555 1315 tanta
1578 1274 1907 1315 sermonem
1930 1256 2161 1327 qualem

507 1356 800 1412 valuerint
824 1351 1264 1426 proferentium.
1286 1350 1463 1405 Filius
1485 1354 1679 1405 autem
1703 1348 1775 1403 de
1797 1348 1966 1402 Patre
1992 1350 2163 1401 natus

513 1450 601 1501 est
631 1461 644 1499 :
670 1450 725 1499 eL
754 1442 1001 1514 Spiritus
1032 1446 1273 1495 sanctus
1304 1440 1375 1493 de
1415 1439 1581 1493 Patre
1627 1436 2046 1509 principaliter,
2106 1439 2163 1489 et

516 1535 643 1606 ipso
659 1534 782 1589 sine
797 1531 912 1586 ullo
933 1534 1046 1585 tem
1059 1528 1215 1600 poris
1236 1526 1536 1582 intervallo
1553 1527 1618 1580 da
1630 1531 1747 1595 nte,
1769 1523 2163 1580 communiter

520 1625 590 1678 de
610 1627 857 1692 utroque
881 1618 1160 1691 procedit.
1187 1617 1483 1672 Diceretur
1503 1622 1697 1670 autem
1721 1613 1877 1669 ﬁlius
1900 1612 2085 1668 Patris
2106 1616 2163 1667 et

521 1712 670 1779 Filii,
695 1711 766 1777 si,
797 1708 951 1780 quod
977 1706 1249 1761 abhorret
1269 1706 1339 1759 ab
1366 1704 1628 1759 omnium
1661 1720 1940 1758 sanorum
1972 1701 2160 1757 sensi-

520 1802 651 1870 bus,
675 1815 807 1854 eum
833 1799 1003 1852 ambo
1018 1796 1377 1867 genuissent.
1394 1793 1517 1849 Non
1539 1793 1715 1865 igitur
1728 1793 1798 1847 ab
1814 1796 2057 1861 utroque
2070 1794 2161 1846 est

518 1890 773 1960 genitus,
808 1886 906 1941 sed
934 1883 1270 1955 proccditab
1288 1888 1537 1952 utroque
1559 1882 1863 1936 amborum
1879 1879 2155 1951 Spiritus.

588 1975 822 2031 CAPUT
854 1973 1077 2027 XXVII.
1098 2003 1165 2011 —
1188 1971 1273 2025 48.
1302 1971 1441 2041 Quid
1463 1971 1550 2024 hic
1568 1971 1807 2039 sufﬁciat
1829 1970 1897 2023 ad
1937 1968 2162 2024 solutio-

515 2083 639 2122 nem
653 2064 1095 2135 quwstiouis,cur
1112 2062 1359 2131 Spiritus
1380 2076 1488 2113 non
1512 2059 1731 2114 dicatur
1740 2060 1979 2129 genitus,
1993 2066 2043 2112 et
2062 2074 2161 2112 cur

513 2157 657 2211 solus
680 2157 841 2208 Pater
872 2153 1170 2221 ingenitus.
1209 2150 1349 2217 Quid
1380 2148 1652 2217 agendum
1684 2150 1755 2204 iis
1782 2150 1875 2219 qui
1906 2148 2015 2202 huc
2043 2164 2159 2201 non

515 2244 868 2311 intelligunt.
892 2241 1103 2295 Verum
1128 2240 1268 2309 quia
1294 2239 1350 2291 in
1375 2237 1473 2291 illa
1495 2242 1797 2305 coaeterna,
1829 2242 1885 2291 et
1924 2234 2153 2307 aequali,

514 2340 569 2389 et
592 2327 961 2401 incorporali,
982 2326 1427 2382 etinell‘abiliter
1450 2325 1823 2391 immutabili,
1850 2331 2023 2395 atque
2063 2324 2155 2378 in-

512 2418 822 2493 scparabili
843 2416 1125 2472 Trinitate
1139 2414 1553 2470 difﬁcillimum
1570 2414 2106 2486 estgenerationem
2122 2430 2155 2468 a

513 2508 879 2583 processione
895 2506 1273 2577 distinguere,
1300 2505 1552 2559 sufﬁciat
1572 2503 1802 2558 interim
1828 2504 1911 2558 eis
1935 2503 2033 2573 qui
2057 2518 2153 2557 ex-

507 2600 664 2656 tendi
692 2615 805 2652 non
826 2594 1289 2665 valentamplius
1311 2593 1416 2659 ‘,id
1441 2594 1593 2663 quod
1618 2593 1690 2647 de
1715 2592 1823 2648 hac
1865 2609 1923 2647 re
1948 2592 2005 2645 in
2032 2608 2153 2647 ser-

508 2704 682 2743 mone
712 2685 964 2757 quodam
983 2682 1326 2753 proferendo
1351 2681 1419 2734 ad
1440 2697 1611 2735 aures
1635 2677 2149 2751 pepulicbristiani

510 2778 786 2839 diximus,
821 2774 1162 2842 dictumque
1203 2769 1685 2840 conscripsimus.
1750 2772 1907 2823 inter
1950 2772 2153 2821 caetera

509 2868 667 2922 enim
689 2882 823 2919 cum
849 2880 949 2934 per
970 2862 1404 2932 Scripturarum
1444 2864 1779 2914 sanctarum
1813 2854 2151 2912 testimonia

511 2955 841 3011 docuissent
862 2953 931 3007 de
947 2955 1192 3021 utroque
1212 2949 1520 3021 procedere
1543 2947 1824 3019 Spiritum
1842 2951 2147 3001 sanctum:

511 3046 570 3099 Si
588 3043 1068 3113 ergo,inquam,et
1090 3040 1153 3094 de
1167 3044 1333 3094 Patre
1344 3043 1393 3093 et
1416 3038 1480 3093 de
1498 3039 1641 3093 Filio
1654 3035 1898 3107 procedit
1910 3035 2149 3106 Spiritus

506 3137 732 3188 sanctus
749 3147 865 3197 ;cur
878 3130 1049 3183 Filius
1062 3129 1224 3193 dixit,
1245 3150 1270 3176 ‹‹
1290 3128 1363 3182 De
1376 3131 1546 3181 Patre
1582 3124 1825 3197 procedit
1848 3126 2027 3195 (Joan.
2054 3142 2144 3193 xv,

507 3222 677 3292 26)?»
704 3220 831 3286 Cur,
853 3227 1036 3288 putas,
1058 3218 1167 3270 nisi
1185 3214 1637 3286 quemadmodum
1657 3215 1792 3268 solet
1812 3212 1880 3267 ad
1901 3228 2021 3266 eum
2059 3228 2147 3266 re-

505 3315 656 3381 ferre
676 3314 724 3364 et
748 3308 891 3378 quod
914 3307 1087 3374 ipsius
1119 3312 1211 3372 est,
1262 3303 1327 3357 de
1375 3318 1483 3374 quo
1528 3312 1578 3358 et
1626 3302 1737 3373 ipse
1776 3304 1901 3357 est?
1926 3302 2071 3357 Unde
2100 3305 2151 3356 et

508 3398 653 3455 illud
683 3403 762 3452 est
794 3395 931 3467 quod
963 3397 1067 3460 ait,
1099 3418 1126 3443 ‹‹
1160 3395 1273 3448 Mea
1302 3392 1555 3447 doctrina
1583 3408 1695 3446 non
1725 3395 1805 3445 est
1858 3407 1998 3457 mea,
2058 3390 2150 3445 sed

510 3493 629 3561 ejus
651 3489 745 3559 qui
766 3502 849 3540 me
882 3484 1077 3539 misit»
1103 3482 1209 3554 (Id.
1234 3499 1334 3549 vu,
1364 3482 1470 3552 16).
1505 3480 1564 3534 Si
1609 3482 1785 3548 igitur
1822 3479 1911 3533 hic
1950 3480 2152 3534 intelli-

508 3581 670 3651 gitur
697 3578 813 3647 ejus
836 3575 1107 3638 doctrina,
1144 3588 1309 3643 quam
1340 3579 1521 3625 tamen
1553 3570 1696 3624 dixit
1724 3585 1833 3624 non
1856 3585 2033 3636 suam,
2060 3569 2150 3624 sed

509 3668 691 3722 Patris
716 3684 729 3729 ς
763 3667 963 3736 quanto
992 3663 1172 3730 magis
1197 3661 1317 3716 illic
1346 3659 1744 3727 intelligendus
1767 3662 1843 3713 est
1860 3665 1910 3713 et
1928 3658 1992 3713 de
2032 3660 2149 3729 ipso

508 3756 799 3827 procedere
824 3754 1063 3824 Spiritus
1090 3752 1333 3817 sanctus,
1388 3749 1485 3803 ubi
1530 3750 1608 3803 sic
1653 3748 1753 3814 ait,
1809 3768 1837 3797 «
1870 3748 1943 3802 De
1984 3749 2150 3802 Patre

500 3843 765 3916 procedit,
801 3864 829 3890 ››
859 3846 919 3895 ut
948 3856 1055 3896 non
1086 3839 1313 3903 diceret,
1376 3839 1447 3893 De
1498 3853 1580 3893 me
1625 3853 1733 3891 non
1777 3839 2080 3907 procedit?
2107 3837 2144 3891 Α

504 3950 608 4004 quo
640 3937 827 3987 autem
846 3930 1004 3984 habet
1024 3929 1200 3983 Filius
1248 3936 1307 3982 ut
1337 3929 1411 3981 sit
1453 3928 1593 3981 Deus
1631 3926 1729 3997 (est
1763 3928 1913 3980 enim
1951 3925 2015 3981 de
2044 3926 2148 3981 Deo

502 4023 692 4091 Deus),
721 4021 787 4074 ab
819 4019 916 4073 illo
943 4018 1107 4072 habet
1139 4018 1327 4086 utique
1356 4020 1415 4069 ut
1436 4015 1500 4070 de
1530 4015 1633 4070 illo
1678 4016 1851 4071 etiam
1895 4014 2148 4085 procedat

506 4110 752 4180 Spiritus
769 4115 985 4161 sanctus
1009 4121 1105 4159 :ac
1123 4121 1221 4176 per
1241 4104 1338 4159 hoc
1360 4104 1599 4171 Spiritus
1627 4108 1847 4158 sanctus
1880 4112 1940 4158 ut
1981 4106 2148 4159 etiam

507 4200 573 4254 de
593 4200 731 4253 Filio
748 4195 1032 4269 procedat,
1060 4197 1201 4249 sicut
1219 4193 1465 4264 procedit
1486 4193 1553 4248 de
1573 4194 1756 4260 Patre,
1797 4192 1864 4246 ab
1908 4194 2026 4262 ipso
2054 4194 2147 4247 ha-

508 4289 589 4343 bet
615 4293 793 4343 Patre.
829 4288 925 4340 llic
944 4294 1233 4355 utcumque
1253 4285 1420 4337 etiam
1440 4282 1579 4336 illud
1602 4283 1952 4352 intelligitur,
1976 4298 2147 4352 quan-

504 4380 619 4432 lum
642 4396 679 4432 α
711 4376 916 4432 talibus
948 4374 1132 4446 quales
1162 4388 1259 4428 nos
1288 4388 1495 4437 sumus,
1531 4372 1777 4442 intelligi
1809 4377 2002 4441 potest,
2052 4386 2150 4425 cur

504 4482 612 4521 non
634 4465 851 4520 dicatur
872 4469 1032 4518 natus
1059 4478 1192 4528 esse,
1243 4462 1335 4516 sed
1368 4462 1549 4530 potius
1582 4459 1867 4530 procedere
1910 4459 2148 4530 Spiritus

502 4562 759 4609 sanctus:
782 4553 1041 4621 quoniam
1065 4552 1115 4606 si
1135 4560 1183 4605 et
1205 4550 1314 4621 ipse
1334 4550 1511 4604 Filius
1541 4549 1835 4613 diceretur,
1861 4549 2149 4604 amborum

501 4643 692 4715 utique
714 4641 863 4709 [ilius
885 4641 1185 4700 diceretur;
1208 4639 1346 4709 quod
1370 4637 1835 4693 absurdissimum
1856 4644 1951 4691 est.
1973 4638 2147 4692 Filius

505 4732 703 4802 quippe
728 4729 915 4784 nullus
936 4734 1014 4783 est
1034 4729 1289 4795 duorum,
1315 4729 1429 4782 nisi
1450 4728 1628 4797 patris
1652 4735 1702 4781 et
1722 4728 1935 4781 matris.
1994 4726 2147 4781 Absit

503 4829 691 4877 autem
719 4824 779 4873 ut
810 4820 955 4872 inter
986 4818 1155 4871 Deum
1185 4818 1413 4871 Patrem
1443 4821 1494 4871 et
1525 4817 1693 4871 Deum
1714 4817 1920 4869 Filium
1935 4815 2146 4885 aliquid

504 4911 613 4965 tale
642 4908 999 4979 suspicemur,
1034 4906 1173 4973 Quia
1204 4922 1304 4959 nec
1332 4906 1483 4974 ﬁlius
1504 4904 1790 4959 hominum
1812 4904 1979 4957 simul
2000 4911 2051 4957 et
2072 4919 2146 4957 ex

499 5007 657 5070 patre
672 5007 724 5052 et
743 5013 815 5052 ea:
832 5005 1012 5051 matre
1030 4994 1302 5065 procedit:
1326 4994 1419 5048 sed
1441 5010 1563 5047 cum
1578 4994 1635 5047 in
1658 4996 1887 5047 matrem
1907 4992 2145 5063 procedit

500 5105 573 5142 ex
587 5096 770 5158 patre,
795 5103 904 5141 non
927 5090 1057 5141 tunc
1074 5083 1315 5155 procedit
1335 5100 1403 5137 ea:
1424 5086 1632 5142 matre;
1662 5089 1711 5136 et
1747 5098 1871 5135 cum
1912 5084 1973 5136 in
2005 5082 2144 5137 hanc

498 5177 673 5231 lucem
697 5175 936 5246 procedit
968 5192 1037 5229 ex
1066 5182 1258 5239 matre,
1306 5188 1417 5227 nou
1449 5180 1578 5226 tunc
1602 5170 1841 5242 procedit
1870 5186 1939 5225 ex
1962 5173 2140 5241 patre.

499 5268 737 5338 Spiritus
752 5271 933 5321 autem
955 5269 1174 5320 sanctus
1194 5279 1304 5320 non
1322 5265 1391 5319 de
1408 5264 1571 5319 Patre
1581 5261 1820 5333 procedit
1842 5263 1899 5316 in
1914 5263 2140 5329 Filium,

500 5361 551 5411 et
583 5357 648 5411 de
670 5358 811 5411 Filio
829 5356 1073 5428 procedit
1104 5354 1173 5408 ad
1200 5351 1650 5423 saiwtificandam
1667 5354 2019 5414 creaturam;
2045 5351 2143 5407 sed

502 5447 667 5499 simul
698 5445 761 5499 de
792 5451 1019 5517 utroque
1044 5444 1298 5516 procedit
1327 5459 1341 5499 :
1376 5443 1623 5514 quamvis
1649 5442 1747 5497 hoc
1775 5444 1948 5496 Pater
2001 5440 2141 5496 Filio

504 5638 767 5770 pﬁ'BEJiti,
792 5655 891 5690 non
930 5639 1097 5691 valent
1129 5639 1184 5691 in
1217 5638 1456 5704 amplius.
1487 5639 1663 5694 Abest.
1685 5636 1759 5697 in,
1781 5651 1812 5687 a
1846 5636 2140 5687 manuscri-

1633 332 1732 388 ΒΕ
1777 325 2224 397 TBINITATE,
2273 326 2338 385 S.
2372 323 2796 387 AUGUSTINI

3838 178 3865 191 ,ι

3720 334 3846 397 1096

2268 454 2498 520 dederit,
2534 466 2589 510 ut
2617 455 3089 525 quemadmodum
3109 456 3173 510 de
3203 471 3278 521 se,
3313 460 3390 509 ita
3424 458 3490 511 de
3542 458 3630 514 illo
3676 478 3850 535 quoque

2268 542 2536 615 procedat.
2568 547 2755 615 Neque
2786 547 2933 599 enim
2959 560 3241 610 possumus
3270 544 3457 602 dicere
3484 548 3614 617 quod
3664 566 3757 607 non
3792 557 3849 610 sit

2270 633 2381 688 vita
2407 632 2645 704 Spiritus
2668 637 2912 700 sanctus,
2942 650 3065 689 cum
3094 634 3208 690 vita
3234 635 3420 701 Pater,
3450 638 3557 691 vita
3582 640 3648 693 sit
3677 642 3850 699 Filius:

2271 736 2336 776 ac
2354 738 2457 793 per
2483 723 2580 777 hoc
2600 724 2740 778 sicut
2770 726 2935 779 Pater
2966 740 3089 777 eum
3118 723 3314 777 habeat
3347 726 3518 779 vitam
3546 727 3601 780 in
3636 732 3851 801 semetip-

2270 825 2347 879 so,
2380 810 2527 867 dedit
2553 815 2605 867 et
2632 812 2779 867 Filio
2808 814 2985 867 vitam
3013 812 3211 867 habere
3251 814 3311 867 in
3360 816 3663 886 semetipso;
3708 820 3775 872 sic
3812 824 3852 875 ei

2273 900 2416 956 dedit
2439 902 2612 957 vitam
2636 901 2919 972 procedere
2946 900 3011 956 de
3032 901 3150 969 illo,
3180 903 3326 957 sicut
3351 911 3404 957 et
3429 904 3653 975 procedit
3678 906 3734 962 de
3759 910 3848 978 ipso

2274 990 2353 1059 (In
2383 992 2626 1047 Joannis
2654 991 2859 1061 Evang.
2892 999 3049 1048 tract.
3072 991 3162 1059 99,
3206 1009 3304 1047 nn.
3346 992 3399 1063 8,
3429 992 3505 1063 9).
3536 994 3654 1050 Haec
3680 996 3741 1051 de
3778 996 3855 1053 illo

2274 1096 2535 1135 sermone
2567 1079 2624 1134 in
2678 1079 2830 1137 hunc
2858 1080 3076 1137 librum
3101 1080 3397 1148 transtuli,
3428 1099 3539 1137 non
3569 1082 3854 1141 inﬁdelibus

2274 1168 2537 1240 loquens.

2342 1259 2431 1313 49.
2468 1259 2672 1314 Verum
2704 1259 2753 1313 si
2786 1260 2853 1313 ad
2891 1260 3038 1315 hanc
3070 1259 3389 1333 imaginem
3422 1262 3797 1333 contuendum,
3816 1269 3857 1319 et

2273 1346 2343 1400 ad
2367 1346 2615 1402 videnda
2640 1347 2754 1403 ista
2774 1364 2950 1419 quam
2969 1365 3104 1405 vera
3119 1349 3258 1417 sint,
3273 1367 3403 1423 qum
3422 1348 3481 1404 in
3502 1366 3689 1407 eorum
3704 1358 3859 1409 mente

2272 1438 2428 1502 sunt,
2464 1452 2568 1491 nec
2599 1436 2713 1491 tria
2742 1437 2825 1491 sic
2858 1442 2999 1493 sunt
3044 1443 3108 1493 ut
3155 1444 3274 1494 tres
3316 1456 3570 1511 personae
3618 1440 3739 1509 sint,
3782 1442 3860 1496 sed

2271 1524 2469 1579 omnia
2485 1524 2597 1579 tria
2617 1524 2873 1581 hominis
2894 1532 3032 1581 sunt
3047 1544 3173 1599 quas
3194 1544 3311 1583 una
3332 1544 3577 1600 persona
3593 1529 3859 1599 est,minus

2270 1614 2461 1669 idonei
2485 1618 2659 1675 sunt:
2693 1632 2797 1671 cur
2818 1633 2932 1671 non
2956 1617 3026 1671 de
3058 1616 3159 1672 illa
3187 1634 3425 1674 summa
3449 1616 3731 1683 Trinitate,
3750 1634 3851 1689 qua

2271 1707 2421 1759 Deus
2442 1705 2802 1772 est,credunt
2818 1705 3013 1777 potius
3037 1707 3187 1777 quod
3215 1706 3275 1761 in
3298 1706 3481 1762 sacris
3500 1705 3860 1761 Litterisinve-

2272 1792 2448 1861 nitur,
2474 1810 2651 1865 quam
2671 1794 3391 1866 poscuntliquidissimam
3420 1796 3579 1851 reddi
3603 1795 3705 1851 sibi
3718 1796 3863 1850 ratio-

2270 1897 2402 1936 nem
2420 1900 2545 1955 qua:
2558 1883 2629 1939 ab
2653 1882 2913 1939 humana
2932 1888 3129 1940 mente
3146 1883 3865 1955 tardascilicetinﬁrmaque

2270 1987 2382 2027 non
2424 1972 2694 2043 capitur?
2715 1974 2784 2028 Et
2814 1978 2967 2029 certe
3015 1990 3147 2029 cum
3179 1974 3526 2030 inconcusse
3560 1973 3869 2029 crediderint

2269 2061 2585 2132 Scripturis
2615 2062 2838 2118 sanctis
2884 2067 3171 2134 tanquam
3212 2062 3604 2119 veracissimis
3637 2063 3866 2130 testibus,

2268 2154 2444 2220 agant
2464 2151 2682 2206 orando
2704 2156 2759 2206 et
2776 2152 3089 2223 querendo
3106 2156 3164 2207 et
3183 2152 3332 2207 bene
3350 2151 3591 2207 vivendo
3604 2155 3665 2205 ut
3696 2149 3871 2205 intelli-

2266 2243 2425 2309 gant,
2448 2238 2506 2293 id
2529 2244 2637 2311 est,
2661 2244 3021 2310 utquantum
3043 2240 3224 2296 videri
3251 2240 3721 2313 potest,videatur
3737 2255 3865 2293 men-

2264 2332 2320 2383 te
2342 2328 2494 2399 quod
2514 2333 2745 2384 tenetur
2766 2329 3047 2395 ﬁde.Quis
3070 2330 3179 2385 hoc
3193 2328 3538 2402 prohibeat?
3556 2328 3668 2384 imo
3682 2344 3796 2383 vero
3808 2328 3866 2381 ad

2264 2416 2374 2472 hoc
2391 2416 2521 2487 quis
2540 2434 2651 2473 non
2673 2417 3021 2474 bortetur?Si
3047 2422 3241 2474 autem
3257 2424 3562 2491 propterea
3575 2416 3867 2488 negandum

2263 2510 2471 2576 putant
2493 2507 2605 2561 ista
2623 2511 2924 2578 esse,quia
2955 2525 3021 2563 ea
3039 2524 3154 2563 non
3190 2507 3385 2563 valent
3424 2508 3589 2563 caecis
3610 2506 3866 2561 mentibus

2263 2611 2496 2651 cernere
2513 2596 2748 2663 ;debent
2764 2600 2819 2651 et
2840 2594 2925 2650 illi
2948 2596 3047 2667 qui
3067 2613 3134 2651 ex
3157 2596 3459 2652 nativitate
3471 2613 3579 2651 sua
3598 2596 3866 2660 caicisunt,

2262 2701 2388 2740 esse
2411 2683 2593 2740 solem
2617 2700 2846 2756 negare.
2875 2685 2995 2740 Lux
3016 2701 3151 2757 ergo
3172 2685 3328 2741 lucet
3347 2687 3409 2740 in
3433 2683 3713 2740 tenebris:
3736 2682 3862 2754 quod

2262 2774 2309 2827 si
2331 2790 2456 2829 eam
2482 2772 2731 2828 tenebris
2750 2789 2865 2828 non
2890 2788 3019 2828 com
3025 2773 3397 2845 prehendunt
3418 2775 3597 2841 (Joan.
3613 2773 3735 2843 1,5),
3755 2769 3863 2826 illu-

2262 2863 2562 2916 minentur
2587 2861 2679 2916 Dei
2702 2861 2853 2917 dono
2872 2862 3036 2933 prius
3059 2866 3124 2916 ut
3144 2861 3262 2916 sint
3285 2862 3510 2927 ﬁdeles,
3530 2869 3585 2917 et
3616 2860 3865 2931 incipiant

2259 2967 2388 3007 esse
2407 2950 2504 3005 lux
2529 2950 2587 3005 in
2610 2950 3043 3022 comparatione
3058 2950 3409 3018 inﬁdelium;
3435 2955 3611 3021 atque
3630 2949 3730 3004 hoc
3743 2964 3867 3020 prs-

2260 3040 2442 3095 misso
2469 3040 2850 3095 fundamento
2870 3039 3235 3095 aediﬁcentur
3256 3040 3329 3094 ad
3355 3040 3606 3095 videnda
3630 3055 3746 3109 quas
3762 3052 3864 3092 cre-

2262 3129 2430 3197 dunt,
2456 3133 2519 3183 ut
2538 3128 2855 3200 aliquando
2885 3128 3114 3199 possint
3149 3128 3368 3184 videre.
3413 3133 3561 3183 Sunt
3589 3126 3733 3183 enim
3763 3140 3869 3198 qua

2260 3217 2772 3288 itajcredunturmt
2794 3216 2969 3272 videri
2978 3218 3107 3289 jam
3128 3217 3370 3273 omnino
3396 3234 3512 3273 non
3526 3216 3868 3287 possint.Non

2259 3306 2414 3361 enim
2432 3305 2702 3361 Christus
2720 3306 2934 3361 iterum
2958 3306 3016 3360 in
3041 3321 3212 3361 cruce
3232 3307 3528 3362 videndus
3549 3309 3653 3361 est:
3671 3304 3762 3360 sed
3775 3301 3869 3359 nisi

2258 3394 2368 3450 hoc
2390 3396 2658 3450 credatur
2678 3395 2832 3465 quod
2849 3394 2929 3449 ita
2956 3394 3172 3449 factum
3195 3398 3371 3466 atque
3392 3394 3582 3449 visum
3607 3397 3773 3461 est,ut
3792 3392 3870 3445 fu-

2257 3489 2458 3540 turum
2483 3500 2548 3539 ac
2570 3483 2886 3538 videndum
2901 3485 3028 3554 jam
3050 3499 3167 3538 non
3189 3488 3480 3554 speretur,
3506 3500 3619 3537 non
3643 3478 3869 3553 perveni-

2257 3578 2355 3629 tur
2375 3573 2446 3629 ad
2472 3571 2991 3644 Cbristum,qualis
3014 3571 3141 3627 sine
3160 3572 3275 3627 ﬁne
3287 3572 3574 3628 videndus
3596 3572 3869 3635 est.Quan—

2258 3670 2383 3719 tum
2409 3678 2538 3718 vero
2560 3661 2766 3717 attinet
2784 3662 2856 3716 ad
2884 3660 3044 3716 illam
3066 3677 3390 3732 summam,
3416 3659 3777 3725 ineffabilem,
3801 3657 3869 3711 in-

2259 3750 2640 3824 corporalem,
2663 3748 3211 3823 immutabilemque
3235 3754 3512 3806 naturam
3549 3766 3651 3822 per
3687 3744 3867 3802 intelli-

2257 3840 2514 3913 gentiam
2534 3846 2851 3911 utcumque
2863 3839 3237 3906 cernendam,
3263 3856 3559 3910 nusquam
3582 3855 3643 3894 se
3666 3836 3865 3897 melius,

2257 3936 2490 4001 regente
2507 3930 2789 3984 duntaxat
2812 3928 2946 3985 lidei
2969 3927 3189 3999 regula,
3217 3927 3369 3984 acies
3392 3927 3664 3983 humanae
3689 3922 3869 3980 mentis

2256 4021 2499 4086 exercet,
2531 4034 2709 4089 quam
2740 4017 2798 4072 in
2820 4034 2885 4073 eo
2908 4017 3062 4088 quod
3087 4016 3212 4088 ipse
3232 4016 3409 4072 homo
3441 4016 3501 4071 in
3545 4032 3652 4072 sua
3693 4018 3870 4068 natura

2258 4107 2468 4164 melius
2481 4106 2704 4162 caeteris
2721 4104 3094 4169 animalibus,
3111 4104 3323 4177 melius
3343 4105 3526 4161 etiam
3549 4098 3870 4160 casterisani-

2258 4214 2365 4252 mm
2388 4214 2504 4252 suae
2527 4195 2791 4268 partibus
2812 4194 3008 4264 habet,
3046 4194 3200 4265 quod
3249 4198 3338 4250 est
3381 4193 3514 4265 ipsa
3561 4206 3754 4248 mens:
3796 4186 3870 4243 cui

2257 4286 2496 4358 quidam
2515 4300 2711 4340 rerum
2728 4283 3110 4340 invisibilium
3130 4282 3390 4338 tributus
3412 4287 3503 4339 est
3521 4282 3701 4348 visus,
3730 4283 3780 4334 et
3797 4274 3873 4333 cui

2254 4380 2537 4447 tanquam
2559 4374 2617 4427 in
2645 4374 2770 4429 loco
2791 4372 3091 4445 superiore
3130 4376 3303 4440 atque
3333 4372 3613 4427 interiore
3654 4369 3869 4424 honora-

2257 4463 2448 4518 biliter
2469 4461 2822 4533 praesidenti,
2841 4460 3164 4530 judicanda
3184 4459 3383 4516 omnia
3417 4460 3693 4515 nuntiant
3721 4455 3869 4514 etiam

2256 4552 2513 4623 corporis
2540 4567 2787 4617 sensus;
2822 4556 2875 4604 et
2909 4566 3027 4620 qua
3056 4566 3172 4604 non
3206 4555 3297 4605 est
3324 4548 3724 4620 superior,cui
3750 4542 3870 4600 sub-

2255 4640 2376 4696 dita
2406 4640 2657 4712 regenda
2680 4643 2788 4706 est,
2824 4638 2937 4693 nisi
2969 4638 3147 4693 Deus.

2323 4730 2413 4784 50.
2438 4728 2652 4784 Verum
2678 4728 2827 4782 inter
2846 4727 2966 4782 haec
2988 4744 3114 4797 quis
3138 4726 3461 4794 multajam
3488 4724 3626 4793 dixi,
3652 4728 3707 4779 et
3748 4715 3868 4775 nihil

2254 4817 2413 4875 illius
2444 4834 2689 4874 summa)
2721 4816 3023 4872 Trinitatis
3055 4815 3455 4870 ineﬂ'abilitate
3505 4815 3744 4885 dignum
3795 4822 3870 4863 me

2253 4907 2469 4963 dixisse
2492 4906 2676 4962 audeo
2694 4904 2973 4976 proﬁteri,
2999 4903 3097 4958 sed
3120 4902 3378 4959 conﬁteri
3416 4903 3615 4975 potius
3633 4898 3875 4955 miriﬁca-

2253 5000 2372 5051 tam
2392 4995 2693 5051 scientiam
2710 4996 2838 5064 ejus
2851 5010 2920 5048 ex
2934 5010 3024 5047 me
3041 4991 3379 5061 invaluisse,
3400 5008 3506 5047 nec
3521 5006 3690 5063 posse
3713 4981 3867 5041 mead

2252 5084 2411 5140 illam
2429 5084 2600 5153 (Psat.
2626 5083 2987 5149 cxxxvm,6);
3014 5099 3046 5136 o
3064 5086 3152 5145 tu,
3173 5080 3372 5136 anima
3384 5097 3536 5145 mea,
3573 5078 3669 5133 ubi
3691 5082 3743 5131 te
3763 5087 3873 5129 esse

2250 5173 2454 5239 sentis,
2493 5172 2783 5242 ubijaces,
2800 5171 2901 5226 ubi
2920 5172 3096 5237 stas‘,
3121 5169 3304 5225 donec
3321 5171 3390 5224 ab
3403 5185 3469 5224 eo
3483 5167 3585 5239 qui
3608 5162 3872 5238 propitius

2250 5258 3245 5331 factusestomnibusiniquitatibus
3260 5257 3874 5318 tuis.sanenturomnes

2249 5352 2561 5423 languores
2575 5349 2848 5421 tui(Psat.
2872 5366 2971 5419 cu,
2991 5349 3046 5419 3)
3062 5347 3090 5401 Ἰ
3118 5347 3398 5420 Agnoscis
3416 5350 3473 5400 te
3494 5349 3649 5400 certe
3686 5342 3743 5397 in
3784 5337 3871 5393 illo

2248 5457 2377 5497 esse
2390 5438 2621 5496 stabulo
2636 5437 3164 5510 quoSamaritanus
3178 5434 3274 5492 ille
3286 5434 3700 5508 perduxitenm
3716 5442 3872 5502 quem

2315 5638 2331 5671 t
2364 5635 2487 5684 Mss.
2511 5634 2748 5699 quidam,
2772 5632 3047 5699 ubijaces,
3079 5630 3177 5699 _ubi
3223 5628 3587 5699 habitasset“
3613 5621 3717 5699 _ubi
3755 5621 3867 5699 stes,

2248 5699 2422 5759 donec,
2441 5685 2544 5749 eici
2565 5696 2669 5752 Alii
2687 5685 3220 5761 pleriquemb'ijam,
3238 5691 3325 5743 ubi
3344 5689 3568 5752 habitas,
3586 5687 3756 5740 donec.
3775 5685 3865 5735 etc.
