4130 6194
3422 14 3427 17 ν
3472 16 3499 29 ,ν
3536 4 4053 61 τῖιιττῖιιξξτνμ

1648 300 2843 532 ΑΡΡΕΝυίὶ

1860 640 2159 727 ΤΟΜΙ
2216 638 2645 729 OCTAVI

735 844 1603 1001 OPERUM
1714 840 2453 996 SANCTI
2549 840 3718 1029 AUGUSTINI,

2130 1106 2190 1145 IN
2227 1104 2342 1153 QUO

1324 1233 1776 1297 SUBDITITIA
1818 1233 2123 1296 ISTH/EC
2168 1231 2577 1296 OPUSCULA
2619 1231 3155 1309 EXHIBENTUR,

2094 1380 2343 1421 SCILICET
2371 1380 2386 1420 Σ

529 1513 884 1560 TRACTATUS
932 1508 1172 1557 CONTRA
1216 1508 1475 1561 QUINQUE
1520 1507 1827 1553 BERESES.
2380 1506 2555 1551 LIBER
2609 1505 2834 1553 VIGILIO
2904 1505 3240 1553 TAPSITANO
3311 1505 3588 1553 EPISCOPO
3657 1506 3898 1553 RESTITU-

536 1611 735 1656 SEEIO
816 1608 1052 1655 CONTRA
1133 1606 1411 1664 JUDEOS,
1500 1605 1763 1651 PAGAIOS
1847 1605 1924 1649 ET
2004 1604 2167 1649 ΔΒΙΔ·

893 1608 1052 1655 NTRA
1133 1606 1411 1664 JUDEOS,
1500 1605 1763 1651 PAGAIOS
1847 1605 1924 1649 ET
2004 1604 2186 1649 ΔΒΙΔ-
2385 1606 2520 1650 TUS.

614 1709 748 1754 N08.
2039 1755 2041 1757 ,
2297 1704 2680 1756 QUESTIONES
2725 1703 2801 1747 DE
2844 1702 3167 1748 TRINITATE
3213 1703 3289 1749 ET
3330 1702 3406 1747 DE
3462 1702 3671 1750 GENEBI
3711 1704 3781 1748 EX
3814 1704 3899 1749 Αι-

535 1804 828 1853 DIALOGUS
870 1804 947 1849 DE
1000 1801 1464 1849 ALTERCATIONE
1527 1800 1826 1846 ECCLESIE
1870 1802 1947 1846 ET
1991 1800 2184 1846 SYNA-
2377 1801 2555 1845 ϐωΝο
2598 1801 2950 1846 DECEBPTE.

621 1903 812 1949 GOGE.
2296 1901 2372 1944 DE
2416 1900 2876 1946 INCARNATIONE
2910 1900 3096 1947 VEBBI
3139 1900 3219 1944 AD
3247 1900 3593 1947 JANUAIIIUII
3627 1900 3773 1947 LIBRI
3810 1900 3903 1947 DUO

540 2002 618 2047 DE
661 2001 799 2047 FIDE
845 1997 1082 2045 CONTRA
1143 1995 1504 2042 MANICEEOB
1561 1995 1734 2041 LIBER
1797 1991 2022 2041 EVODIO
2063 1995 2191 2041 TRI-
2376 1997 2656 2043 COLLECTI
2701 1998 2777 2043 EX
2823 1997 3106 2044 ORIGENE.

622 2099 840 2144 BUTUS.
2294 2096 2467 2140 LIBER
2510 2097 2586 2140 DE
2630 2096 2958 2142 TRINITATE
2994 2097 3073 2142 ET
3112 2097 3375 2143 UNITATE
3419 2097 3544 2143 DEI.

540 2193 1040 2243 couuom'romuu
1083 2174 1297 2257 (vulgo
1340 2173 1692 2253 aueus'rm)
1738 2190 1815 2234 ne
1873 2190 2185 2236 RECIPIEN-
2296 2195 2371 2238 ne
2418 2194 2702 2239 essemus
2748 2194 3154 2240 DIVINITATIS.

618 2296 711 2341 DIS
755 2293 1101 2340 IANICEEIS
1145 2291 1248 2344 QUI
1292 2290 1795 2336 CONVERTUNTUE.
2298 2290 2587 2337 DIALOGUS
2631 2292 2707 2335 DE
2750 2293 3022 2337 UNITATE
3067 2292 3321 2338 SANCTE
3364 2293 3717 2339 TEINITATIS.

537 2394 771 2441 CONTRA
814 2390 1184 2438 FELICIANUM
1214 2389 1489 2433 ARIANUM
1535 2390 1610 2433 DE
1642 2389 1779 2433 FIDE
1810 2389 2184 2447 TRINITATIS,
2297 2390 2468 2433 LIBER
2512 2390 2588 2433 DE
2634 2389 3113 2434 ECCLESIASTICIS
3157 2388 3560 2436 DOGILTIBUS.

860 2498 1334 2579 Conparavimus
1362 2514 1460 2558 eas
1490 2514 1681 2557 omnes
1710 2495 1987 2557 editiones
2017 2496 2188 2557 initio
2220 2498 2491 2557 Retract.
2526 2504 2581 2556 et
2614 2496 2909 2570 Confess,
2945 2504 2986 2557 ι.
3022 2498 3049 2557 1
3087 2506 3466 2558 memoratas.
3553 2497 3633 2559 M.

1192 2759 1712 2825 ADMONITIO
1778 2759 1877 2825 IN
1938 2760 2687 2835 SUBSEQUENTEM
2747 2760 3291 2826 SERMONEM.

616 3006 953 3062 Tractatum
986 3001 1260 3057 adversus
1291 2999 1551 3072 quinque
1580 3000 1859 3069 Haareses,
1893 3016 2067 3072 quem
2099 3000 2379 3056 Erasmus
2412 3000 2664 3057 hominis
2692 3000 2906 3056 eruditi
2924 2999 3247 3072 quidem,et
3276 2999 3467 3071 arguti
3490 3003 3548 3055 et
3576 2997 3795 3055 facundi
3815 3011 3915 3052 esse

540 3097 867 3161 censuerat,
892 3108 1007 3146 non
1039 3095 1229 3145 tamen
1245 3088 1580 3160 Augustini,
1612 3090 1726 3143 nisi
1742 3094 1882 3161 forte
1908 3089 2008 3160 ait,
2031 3092 2245 3160 juvenis
2265 3090 2499 3162 scripsit,
2526 3090 2850 3161 Augustino
2876 3089 3000 3144 sine
3022 3088 3395 3145 cunctatione
3418 3088 3488 3143 ad
3490 3088 3751 3160 judicant
3768 3086 3914 3142 Leva-

537 3185 772 3239 nienses
793 3186 849 3237 et
878 3178 1288 3246 Bellarminus,
1323 3177 1537 3249 aliique
1566 3179 1909 3233 auctoritate
1940 3178 2127 3246 Bedae,
2160 3180 2255 3249 qui
2287 3196 2354 3234 ex
2384 3180 2572 3251 capite
2602 3181 2867 3249 ejusdem
2921 3182 3209 3233 tractatus
3249 3181 3464 3248 quarto
3494 3183 3552 3232 et
3579 3179 3772 3248 quinto
3799 3175 3915 3231 citat

536 3274 805 3346 quaedam
838 3270 897 3323 in
928 3271 1103 3339 caput
1137 3267 1393 3339 primum
1426 3266 1696 3336 Epistolas
1729 3267 1888 3322 Pauli
1922 3268 1993 3322 ad
2026 3266 2425 3323 Romanos.Ea
2456 3269 2526 3323 de
2559 3268 2707 3323 facto
2737 3268 2915 3322 verba
2952 3266 3187 3322 nomine
3218 3266 3539 3337 Augustini
3571 3267 3743 3321 citata
3767 3279 3907 3336 repe-

532 3362 767 3417 riuntur
796 3373 911 3413 non
944 3355 1135 3411 solum
1169 3354 1227 3408 in
1258 3353 1492 3425 vulgata
1520 3354 1683 3408 Beda:
1719 3353 2056 3410 collectione
2078 3354 2177 3409 illa
2199 3356 2475 3419 auctiora,
2500 3371 2626 3426 quae
2644 3353 2837 3409 verius
2859 3359 2946 3409 est
2970 3354 3119 3409 Flori
3142 3353 3562 3425 Lugdunensis
3590 3373 3604 3421 ;
3638 3353 3733 3408 sed
3764 3356 3910 3407 etiam

488 3476 493 3481 -
532 3450 592 3503 in
623 3448 803 3503 altera
834 3448 992 3501 certa
1020 3444 1204 3508 Bedaa,
1242 3459 1371 3513 quae
1402 3458 1601 3514 paenes
1634 3459 1739 3497 nos
1764 3446 1853 3497 est
1880 3442 2106 3497 brevior
2135 3444 2193 3497 in
2226 3442 2469 3497 Paulum
2503 3442 2761 3512 colectio,
2794 3443 3053 3497 nondum
3097 3441 3251 3513 typis
3280 3440 3459 3496 edita.
3508 3441 3718 3496 Verum
3749 3454 3910 3495 sermo

530 3539 639 3594 iste
669 3537 861 3591 dictus
891 3550 957 3589 eo
988 3538 1245 3604 tempore
1275 3531 1751 3603 deprehenditur,
1777 3548 1893 3603 quo
1920 3532 2109 3587 Africa
2142 3533 2449 3587 tenebatur
2478 3532 2825 3587 Arianorum
2858 3531 3427 3602 dominatu,quando
3453 3531 3581 3601 jam
3611 3528 3909 3586 orthodoxis

532 3625 889 3698 pastoribus,
919 3622 1051 3678 aliis
1080 3621 1281 3677 exsilio
1313 3638 1416 3676 seu
1450 3622 1607 3693 fuga,
1640 3620 1770 3676 aliis
1802 3626 1988 3676 morte
2019 3621 2287 3691 sublatis,
2320 3621 2573 3676 haeretici
2613 3620 2940 3676 Catholicos
2985 3624 3042 3675 et
3088 3619 3627 3675 concertationibus
3674 3618 3914 3674 sollicita-

532 3718 693 3782 bant,
730 3719 787 3769 et
816 3712 1227 3785 largitionibus
1259 3710 1577 3782 pecuniave
1608 3726 1979 3782 corrumpere
2012 3712 2336 3765 tentabant.
2370 3715 2434 3765 In
2467 3711 2655 3782 capite
2685 3712 2739 3777 6,
2777 3712 2878 3768 Ubi
2906 3712 3056 3777 estis,
3092 3709 3299 3781 inquit,
3331 3712 3515 3779 fontes
3546 3708 3912 3781 lacrymarum!

525 3806 737 3877 Quibus
763 3802 1025 3875 agricolis
1054 3803 1243 3873 loquor
1271 3804 1295 3854 .9
1323 3802 1433 3855 Alii
1450 3805 1577 3855 sunt
1607 3802 1941 3865 mortui,ailii
1968 3803 2166 3871 fugati.
2201 3802 2269 3855 Et
2295 3818 2421 3873 cap.
2456 3806 2506 3857 7.
2534 3803 2872 3856 Adversatur
2900 3802 3215 3872 (Arianus).
3234 3801 3689 3871 elamat,litigiat.
3710 3801 3909 3871 pugnat,

528 3895 717 3949 turbas
747 3896 1056 3961 congregat,
1088 3900 1279 3945 contra
1308 3889 1583 3943 Christum
1612 3889 1860 3944 dimicat.
1894 3890 1990 3944 Ille
2018 3891 2342 3958 sanguinem
2358 3890 2521 3959 fudit,
2547 3899 2607 3944 ut
2636 3890 2907 3945 redimat:
2938 3892 3042 3945 iste
3069 3890 3359 3961 pecuniam
3388 3890 3659 3960 spagit,ut
3687 3890 3906 3959 perimat.

526 3980 756 4036 Similia
784 3978 1056 4051 leguntur
1084 3978 1143 4032 in
1175 3994 1444 4033 sermone
1474 3984 1507 4030 2
1537 3978 1605 4032 ad
1640 3978 2119 4043 Catechumenos,
2155 3996 2211 4032 n.
2242 3979 2332 4042 24,
2366 3982 2422 4032 et
2455 3994 2723 4033 sermone
2773 3978 2843 4033 de
2890 3978 3171 4049 Tempore
3213 3977 3546 4043 barbarico,
3582 3994 3639 4031 n.
3675 3978 3736 4031 10
3766 3994 3778 4043 ;
3807 3989 3905 4046 que

523 4075 682 4124 torno
716 4071 896 4136 sexto,
921 4066 979 4121 in
1010 4072 1242 4138 tempus
1266 4065 1594 4121 Vandalicas
1627 4067 2045 4137 persecutionis
2077 4070 2207 4138 post
2236 4067 2542 4137 Augustini
2578 4072 2824 4123 mortem
2856 4066 3111 4122 excitatas
3143 4067 3451 4121 convenire
3486 4064 3906 4122 observavimus.

522 4158 803 4211 Praeterea
833 4154 1007 4210 dictio
1038 4171 1144 4210 nec
1172 4154 1314 4209 satis
1346 4158 1641 4220 accurata,
1676 4169 1779 4209 nec
1810 4159 1927 4208 tam
1963 4155 2115 4209 seria
2145 4159 2253 4221 est,
2287 4171 2463 4225 quam
2497 4155 2643 4209 solet
2673 4171 2801 4210 esse
2831 4155 3168 4227 Augustini.
3202 4154 3464 4227 Exempli
3498 4155 3706 4227 gratia,
3724 4153 3776 4208 in
3805 4167 3904 4222 cap.

519 4246 573 4314 3,
612 4250 723 4300 Deo
756 4242 912 4297 Patri
945 4244 1016 4298 ad
1048 4243 1407 4315 gignendum
1441 4242 1649 4296 Filium
1683 4242 1949 4313 conjugis
1980 4243 2104 4297 vice
2136 4243 2314 4297 fuisse
2344 4244 2555 4297 bonam
2589 4242 2947 4298 voluntatem
2989 4244 3173 4311 docet,
3205 4243 3289 4297 Ad
3329 4243 3450 4299 haec
3482 4243 3640 4314 quod
3670 4239 3905 4313 Augusti-

518 4335 681 4389 tinus
712 4333 770 4387 in
802 4333 1132 4389 Donatistae
1165 4331 1422 4402 scripsit,
1454 4332 1510 4385 id
1544 4335 1745 4385 auctor
1776 4331 1833 4384 in
1865 4330 2110 4387 Arianos
2142 4335 2391 4401 torquet,
2411 4348 2535 4403 cap.
2568 4334 2603 4386 6
2637 4350 2648 4387 :
2675 4334 2853 4400 Quare
2880 4333 3159 4403 litigamus
3188 4333 3296 4387 ?Si
3322 4348 3441 4388 una
3471 4333 3630 4388 nobis
3659 4338 3733 4387 est
3762 4332 3905 4387 haere-

516 4430 680 4499 ditas,
734 4428 900 4482 simul
929 4422 1322 4495 possideamus,
1351 4423 1555 4489 fratres
1583 4435 1787 4485 sumus,
1823 4422 1934 4473 etc.
1959 4420 2263 4474 Credtmus
2294 4420 2490 4491 itaque
2530 4419 2743 4475 Bedam
2777 4419 2888 4491 hic,
2914 4421 3415 4490 quemadmodum
3465 4425 3525 4476 et
3555 4421 3615 4475 in
3641 4414 3905 4474 subdititia

518 4515 833 4572 Collatione
865 4529 998 4568 cum
1030 4508 1355 4577 Pascentio,
1390 4524 1565 4578 quam
1598 4506 1654 4561 in
1690 4507 1931 4562 secundi
1955 4507 2096 4562 tomi
2129 4508 2509 4578 appendicem
2544 4508 3261 4579 rejecimus,dececeptum
3291 4525 3421 4564 esse
3451 4524 3648 4564 errore
3682 4513 3904 4562 veterum

518 4605 785 4660 codicum
818 4604 919 4675 qui
952 4602 1108 4655 hunc
1138 4602 1454 4654 tractatum
1489 4598 1808 4667 Augustino
1843 4596 2165 4667 assignant.
2199 4598 2386 4667 Hujus
2416 4596 2546 4651 libri
2582 4598 2936 4653 mentionem
2989 4599 3126 4653 facit
3173 4598 3552 4664 Hincmarus,
3588 4598 3688 4652 lib.
3721 4596 3785 4650 de
3813 4608 3903 4648 non

516 4694 670 4749 trina
702 4692 940 4755 Deitate,
968 4694 1025 4745 et
1056 4688 1195 4760 quia
1224 4692 1634 4758 praeconceptae
1664 4684 1823 4740 illius
1853 4684 2112 4756 Opinioni
2145 4687 2309 4740 valde
2340 4686 2710 4741 incommoda
2740 4693 2904 4741 erant
2929 4688 3045 4742 haec
3076 4687 3282 4759 capitis
3310 4688 3345 4739 7
3383 4704 3396 4743 :
3432 4687 3651 4743 Gratias
3683 4686 3906 4750 tibi,vera

512 4786 565 4841 et
596 4799 709 4838 una
744 4782 1000 4846 Trinitas,
1032 4794 1144 4832 una
1174 4780 1222 4833 et
1255 4778 1403 4831 trina
1429 4776 1655 4841 Veritas,
1680 4776 1829 4829 trina
1860 4784 1911 4829 et
1942 4791 2056 4829 una
2090 4775 2299 4840 Unilas,
2334 4775 2413 4829 ibi
2450 4775 2650 4830 multis
2682 4776 3003 4843 contendit,
3035 4792 3066 4831 a
3096 4777 3311 4848 pagina
3343 4776 3567 4831 sciiicet
3596 4776 3700 4831 450
3728 4774 3792 4828 ad
3820 4769 3903 4824 464

514 4889 581 4928 ea
610 4889 642 4927 a
670 4869 904 4927 falsario
935 4871 992 4924 et
1021 4867 1339 4938 impoetore
1370 4864 1563 4935 aliquo
1592 4864 1772 4919 fuisse
1803 4863 2089 4918 immissa.
2123 4864 2183 4918 In
2209 4863 2403 4919 Indice
2434 4864 2683 4919 Possidii
2707 4869 2971 4919 notatum
2994 4865 3133 4920 dicit
3148 4864 3560 4932 Bellarminus,
3588 4866 3647 4919 in
3680 4880 3743 4918 eo
3767 4859 3902 4914 vide-

510 4959 667 5031 licet,
698 4976 871 5032 quem
902 4954 1315 5029 interpolatum
1349 4952 1529 5008 edidit
1556 4957 1808 5009 Joannes
1836 4952 2214 5008 Ulimmerius
2248 4969 2261 5009 :
2296 4969 2588 5025 nusquam
2612 4970 2744 5009 vero
2770 4953 2826 5008 in
2859 4954 3104 5022 caeteris;
3135 4957 3262 5008 tum
3293 4954 3490 5018 editis,
3513 4958 3642 5008 tum
3675 4949 3900 5020 scriptis,

511 5066 638 5121 quas
670 5049 864 5105 videre
891 5046 1059 5102 nobis
1091 5042 1274 5108 licuit,
1309 5041 1632 5097 Possidiani
1666 5041 1881 5096 Indicis
1913 5040 2343 5112 exemplaribus
2374 5041 3157 5115 invenitur.Recognovimus
3188 5042 3529 5097 Tractatum
3559 5046 3616 5096 et
3660 5036 3905 5095 emenda-

510 5140 705 5195 vimus
736 5140 808 5194 ad
840 5137 1069 5193 codices
1092 5134 1403 5190 Vaticanos
1426 5132 1645 5196 decem,
1669 5131 1738 5185 ad
1771 5134 2224 5186 Germanensem
2259 5148 2462 5201 unum,
2488 5131 2557 5185 ad
2592 5130 3028 5198 Michaelinum,
3054 5132 3125 5186 ad
3159 5131 3595 5203 Remigianum,
3622 5129 3691 5183 ad
3724 5121 3903 5180 Ebrul-

510 5229 814 5300 phensem,
849 5228 920 5282 ad
954 5223 1448 5296 Arnulphensem,
1482 5221 1554 5275 ad
1580 5220 2048 5290 Cisterciensem,
2081 5221 2153 5276 ad
2190 5222 2611 5285 Fossatensem,
2645 5221 2715 5275 ad
2749 5220 3173 5286 Coibertinum,
3209 5221 3280 5275 ad
3324 5220 3584 5275 codicem
3633 5217 3699 5271 V.
3731 5214 3789 5271 C.
3818 5212 3903 5268 doc

509 5320 652 5374 mini
685 5320 756 5374 de
786 5318 988 5373 Maran
1018 5314 1327 5383 Tolosatis,
1362 5312 1432 5368 ad
1465 5311 1864 5367 Turonensem
1894 5311 1951 5365 S.
1986 5310 2236 5375 Gatiani,
2264 5315 2320 5366 et
2349 5309 2530 5365 alium
2562 5309 2829 5365 Ecclesia:
2863 5310 3273 5381 Lugdunensis
3305 5309 3587 5375 codicem,
3621 5311 3679 5361 in
3712 5302 3901 5376 quibus

506 5410 847 5464 inscribitur
894 5407 1130 5462 Libellus
1171 5405 1433 5460 adversus
1463 5405 1703 5476 quinque
1724 5403 1971 5467 haereses,
2006 5402 2124 5457 sive
2152 5406 2345 5457 contra
2375 5403 2614 5473 quinque
2641 5400 2880 5457 hostium
2909 5418 3123 5476 genera
3142 5418 3163 5464 ;
3189 5400 3327 5473 quia
3352 5416 3564 5472 nempe
3607 5400 3696 5453 est
3725 5394 3906 5450 contra

506 5517 786 5573 paganos,
816 5500 1072 5571 Judaeos,
1105 5496 1475 5564 Manichaeos,
1510 5495 1873 5553 Sabellianos
1898 5498 1955 5550 et
1984 5492 2254 5549 Arianos.
