4130 6194
646 354 1525 458 ADVERSUS
1614 357 2374 493 QUINQUE
2457 360 3316 483 HERBSES,

1236 654 1547 717 CONTRA
1596 654 1946 726 QUINQUE
1989 655 2337 716 HOSTIUM
2387 657 2724 730 GENERA,

1616 795 2327 884 TliACTATUS.

343 1039 575 1095 CAPUT
608 1038 912 1094 PRIMUM.
944 1070 1014 1081 —
1046 1040 1096 1095 1.
1132 1041 1381 1112 Quinque
1427 1058 1629 1111 genera
1666 1044 1919 1098 hostium.

274 1112 518 1168 Debitor
547 1127 701 1185 sum,
736 1112 940 1185 fateor,
975 1127 1091 1185 non
1133 1114 1478 1185 necessitate
1507 1119 1767 1185 cogente,
1802 1115 1923 1181 sed,

278 1185 437 1255 quod
467 1188 557 1238 est
584 1181 1012 1251 vehementius,
1033 1182 1334 1255 charitate.
1367 1184 1493 1240 Non
1521 1181 1641 1240 tam
1673 1187 1743 1241 ad
1768 1201 1926 1241 com-

273 1254 612 1327 pellendum
648 1259 837 1327 potest
865 1268 997 1309 esse
1028 1254 1313 1311 molestus
1360 1263 1611 1325 exactor,
1646 1273 1824 1327 quam
1858 1259 1927 1312 ad

274 1326 639 1400 reddendum
658 1326 952 1400 {devotus
983 1330 1074 1381 est
1103 1327 1349 1400 debitor.
1390 1330 1503 1383 Sed
1554 1336 1619 1383 ut
1652 1326 1926 1400 impleam

272 1400 427 1469 quod
456 1396 722 1468 promisi,
750 1398 1018 1469 adjuvate
1047 1414 1139 1452 me
1168 1398 1387 1453 sanctis
1418 1396 1774 1454 orationibus
1805 1416 1927 1455 ves-

271 1468 403 1532 tris,
438 1476 502 1524 ut
528 1469 683 1523 Deus
714 1468 1087 1539 omnipotens
1117 1470 1214 1524 det
1260 1470 1509 1540 gratiam
1560 1470 1929 1526 sermonibus

273 1541 436 1607 meis,
463 1545 519 1595 et
568 1540 936 1595 satisfaciam
971 1540 1085 1611 piis
1118 1542 1416 1596 mentibus
1446 1548 1502 1595 et
1532 1542 1772 1597 auribus
1802 1558 1925 1596 ves-

269 1615 402 1667 tris.
425 1612 483 1666 Si
506 1611 847 1683 meminisse
866 1612 1194 1682 dignamini
1220 1613 1317 1683 qui
1343 1614 1398 1666 in
1422 1617 1682 1683 tempore
1705 1615 1770 1667 ad
1784 1614 1924 1668 fuis-

269 1685 375 1750 tis,
409 1683 670 1753 quinque
701 1681 958 1736 hostium
992 1698 1204 1753 genera
1236 1681 1363 1738 esse
1396 1681 1654 1738 diximus
1686 1702 1697 1739 :
1724 1692 1924 1739 contra

273 1771 405 1825 quae
435 1754 827 1825 expugnanda
857 1754 1126 1808 inducias
1157 1756 1603 1826 postulavimus,
1639 1761 1703 1809 ut
1726 1772 1919 1811 neces-

274 1826 432 1881 saria
470 1841 633 1879 arma
684 1841 1007 1897 praeparare
1052 1842 1381 1897 possemus.
1434 1827 1767 1882 Promissus
1797 1828 1922 1882 dies

275 1897 487 1965 illuxit,
520 1913 625 1951 nos
657 1912 892 1967 quoque
922 1896 1173 1967 impigre
1217 1898 1289 1951 ad
1343 1903 1635 1952 certamen
1678 1898 1923 1953 Domino

274 1970 587 2037 adjuvante
619 1967 1035 2038 processimus.
1070 1967 1440 2037 Adjutorium
1473 1975 1740 2023 nostrum
1764 1987 1797 2024 a
1821 1970 1926 2024 Do-

275 2042 455 2105 mino,
491 2038 588 2110 qui
626 2039 756 2093 fecit
786 2038 1007 2111 caelum
1030 2046 1086 2093 et
1127 2046 1342 2094 terram
1392 2041 1563 2110 (Psal.
1616 2057 1809 2111 cxxm,
1842 2042 1920 2111 8).

275 2111 523 2166 Donabit
549 2110 793 2164 oertanti
815 2110 1134 2178 victoriam,
1160 2111 1259 2181 qui
1280 2112 1539 2166 certandi
1563 2112 1723 2166 dedit
1747 2110 1923 2166 auda-

275 2184 446 2238 ciam.
484 2183 605 2238 Non
638 2198 745 2236 nos
776 2181 1033 2235 hostium
1066 2184 1258 2247 turba,
1294 2199 1407 2236 non
1444 2199 1549 2237 nos
1574 2182 1921 2237 bellantium

275 2258 501 2309 revocet
530 2255 735 2325 forma,
777 2270 891 2307 non
920 2253 1087 2324 quasi
1120 2254 1323 2317 vitrea,
1361 2252 1642 2325 fulgentia
1668 2260 1925 2309 terreant

274 2327 491 2380 arma?
521 2324 742 2379 Goliam
768 2340 1071 2393 magnum.
1097 2326 1426 2389 robustum,
1451 2324 1632 2379 armis
1655 2326 1924 2380 terribili-

276 2400 407 2467 bus,
441 2396 780 2467 ingentique
802 2396 975 2450 turba
997 2396 1289 2450 munitum
1306 2397 1348 2459 3,
1372 2396 1549 2450 David
1575 2395 1755 2463 solus,
1781 2414 1924 2467 puer

272 2485 489 2540 parvus
520 2472 692 2540 atque
719 2468 982 2540 inermis,
1017 2484 1132 2520 uno
1180 2467 1391 2540 lapidis
1437 2468 1552 2540 ictu
1585 2470 1920 2540 prostravit,

274 2538 511 2609 totaque
541 2538 989 2609 Allophylorum
1012 2543 1204 2592 castra
1224 2539 1482 2592 turbavit
1506 2544 1678 2609 atque
1703 2539 1923 2609 fugavit

271 2617 313 2678 (Ι
349 2608 471 2680 Reg.
500 2626 613 2676 xv1,
650 2608 773 2679 49).
804 2608 949 2672 Quid
982 2614 1175 2663 autem
1207 2610 1365 2663 aliud
1399 2615 1561 2679 petra
1586 2608 1792 2665 contra
1817 2610 1924 2666 Go-

277 2679 626 2737 liam’manu
659 2679 834 2734 David
869 2680 1071 2749 missa,
1106 2682 1219 2734 nisi
1251 2680 1547 2735 Christum
1575 2687 1775 2735 contra
1797 2683 1918 2737 dia-

272 2752 471 2809 bolum
507 2770 575 2808 ex
606 2751 831 2823 semine
866 2751 1043 2806 David
1077 2758 1387 2806 venturum
1419 2752 1815 2823 signiﬁcavit?

345 2826 399 2879 2.
432 2822 857 2895 Aggrediamur
898 2824 1047 2891 jam,
1100 2828 1157 2877 et
1204 2822 1632 2895 errorum’quae
1662 2823 1920 2895 diximus

273 2894 536 2976 quinque
566 2910 780 2976 genera
811 2894 1483 2976 proponamusfagani
1517 2896 1736 2956 dicunt.
1771 2894 1918 2976 Quid

272 2965 539 3038 estquod
564 2965 670 3021 nos
687 2965 1006 3038 exhorretis
1020 2968 1192 3034 atque
1206 2965 1456 3035 alijicitis
1470 2970 1751 3037 tanquam
1766 2965 1919 3038 mul-

272 3046 366 3093 tos
397 3037 651 3094 colentes
682 3038 822 3091 deos
848 3039 870 3089 Ρ
900 3037 1041 3107 Ecce
1071 3042 1127 3090 et
1154 3053 1253 3090 vos
1290 3039 1486 3103 Deum,
1519 3053 1688 3106 quem
1718 3037 1920 3107 praedi-

277 3109 422 3165 catis
456 3109 783 3172 colendum,
818 3107 1005 3161 ﬁlium
1030 3106 1244 3162 habere
1270 3107 1485 3171 dicitis,
1510 3106 1762 3178 eumque
1793 3108 1918 3163 sine

278 3179 520 3236 alterius
554 3179 966 3234 commixtione
986 3195 1159 3233 sexus
1181 3184 1384 3233 natum
1409 3195 1536 3233 esse
1557 3181 1912 3250 contingitis.

268 3252 459 3308 Judaei
483 3252 703 3319 dicunt,
728 3251 1026 3313 Quomodo
1046 3266 1228 3304 unum
1248 3250 1437 3305 colitis
1461 3252 1658 3319 Deum,
1680 3252 1915 3321 quando

268 3331 325 3378 et
352 3325 644 3378 hominem
669 3338 843 3391 quem
870 3328 1061 3391 patres
1083 3323 1263 3375 nostri
1289 3322 1699 3375 crucifixerunt
1718 3323 1912 3376 Domi-

268 3397 447 3475 num‘
472 3394 751 3475 dicente-5',
778 3393 1116 3447 hominibus
1153 3393 1508 3475 extorquetis
1545 3399 1909 3475 unt‘tanqu‘ani

266 3467 417 3521 Filiu
430 3483 479 3519 m
510 3466 601 3519 Dei
620 3465 854 3518 vobiscu
867 3480 920 3517 m
940 3468 1352 3518 venerenturet
1367 3464 1598 3519 colant?
1611 3464 1911 3518 Manichaei

264 3538 475 3592 dicunt
494 3538 840 3607 phantasma
858 3551 1005 3607 esse,
1028 3536 1180 3605 quod
1199 3535 1412 3589 dicitur
1426 3536 1736 3607 Dominum
1753 3535 1911 3607 Chri-

266 3616 431 3664 stum
460 3605 708 3662 femineo
733 3606 991 3677 potuisse
1019 3606 1176 3659 nasci
1205 3622 1271 3660 ex
1296 3610 1477 3660 utero.
1504 3606 1626 3660 Non
1650 3606 1804 3659 enim
1830 3605 1913 3660 di-

265 3696 453 3751 gnum
478 3686 584 3745 est,
609 3678 904 3751 inquiunt,
931 3681 995 3732 ut
1018 3683 1176 3751 tanta
1198 3678 1476 3751 majestas
1498 3694 1603 3751 per
1629 3678 1830 3751 sordes
1852 3680 1910 3751 et

266 3747 571 3824 squalores
622 3747 847 3824 femina:
879 3748 1181 3824 transisse
1229 3747 1516 3824 credatur.
1562 3747 1907 3824 _Sabell_iani,

263 3819 445 3878 iidem
477 3819 914 3891 Patripassiani,
954 3820 1190 3891 dicunt,
1240 3819 1402 3874 Unus
1442 3824 1531 3874 est
1561 3819 1712 3891 Deus
1743 3819 1911 3891 Pater

263 3899 322 3949 et
339 3892 521 3951 Filius
539 3912 552 3960 ;
572 3890 845 3963 quoniam
866 3890 1175 3963 quiPater,
1203 3891 1327 3961 ipse
1348 3896 1513 3963 estet
1538 3890 1737 3945 Filius.
1764 3890 1908 3963 Nam

264 3966 315 4020 si
350 3964 519 4019 aliter
544 3961 884 4027 dixerimus,
929 3962 1194 4017 dicemur
1240 3961 1569 4016 multicolaa.
1604 3961 1793 4015 Ariani
1822 3962 1909 4015 di-

262 4041 428 4098 cunt,
460 4035 621 4090 Alius
663 4039 749 4088 est
803 4034 987 4096 Pater,
1039 4033 1189 4087 alius
1219 4038 1309 4088 est
1350 4033 1551 4098 Filius,
1585 4033 1683 4087 sed
1720 4032 1911 4086 minor

263 4080 358 4164 est
389 4080 614 4185 filius.‘
638 4080 1121 4185 Quomodohenﬁim
1157 4104 1278 4159 ﬁeri
1328 4080 1551 4175 potest:
1572 4109 1634 4158 ut
1663 4103 1909 4175 genitori

263 4177 740 4252 seeitaaexistat
769 4174 1058 4252 aqualis?

337 4247 577 4303 CAPUT
599 4249 670 4302 II.
694 4278 761 4287 —
783 4244 853 4301 3f
874 4246 1099 4300 Fiducia
1139 4244 1398 4299 adversus
1437 4246 1737 4303 hwreticos.
1770 4246 1911 4299 Ecce

269 4326 413 4375 sunt
442 4336 701 4374 errorum
728 4318 1041 4388 proposita:
1062 4317 1437 4387 quaestiones,
1462 4317 1626 4386 quasi
1657 4316 1911 4371 hostium

266 4391 609 4461 compositae
635 4391 808 4445 acies.
832 4388 1047 4445 Contra
1070 4390 1210 4442 istas
1236 4388 1387 4461 acies
1420 4388 1742 4461 pestiferas,
1777 4404 1910 4461 san-

268 4457 523 4518 ctissimi
549 4463 773 4527 fratres,
799 4461 1081 4516 assumite
1104 4475 1267 4513 arma
1292 4459 1407 4520 Dei,
1424 4457 1497 4512 fut
1516 4458 1752 4527 possitis
1773 4457 1914 4513 resi-

270 4541 426 4588 stere
458 4535 516 4587 in
548 4534 639 4587 die
668 4532 818 4586 malo
849 4538 904 4587 et
929 4532 986 4585 in
1020 4530 1295 4585 omnibus
1328 4529 1562 4599 perfecti
1597 4534 1772 4584 stare.
1808 4533 1913 4583 Ac-

271 4605 577 4675 oingimini
605 4605 839 4658 lumbos
864 4604 921 4658 in
945 4603 1183 4675 veritate
1211 4617 1223 4655 :
1248 4617 1417 4654 nemo
1440 4601 1915 4675 trepidet,_nemo

275 4671 568 4731 formidet.
595 4678 695 4729 Est
717 4673 1170 4745 loricajustitiaa,
1190 4676 1280 4726 est
1298 4677 1527 4745 scutum
1550 4672 1701 4740 ﬁdei,
1724 4671 1781 4725 in
1802 4687 1916 4745 quo

274 4748 501 4818 sagittae
534 4742 944 4818 malignorum
974 4744 1167 4817 ignitae
1208 4742 1570 4818 excipiantur
1606 4749 1664 4818 rt
1704 4743 1916 4818 exstinj

273 4813 549 4890 guantur.
570 4813 846 4887 Estgalea
864 4813 1093 4881 salutis,
1116 4819 1204 4890 est
1225 4813 1457 4890 gladius
1478 4813 1738 4890 spiritus,
1765 4814 1917 4890 quod

268 4884 360 4943 Est
382 4890 621 4944 verbum
650 4884 741 4943 Dei
764 4890 975 4958 (Ephes.
1005 4904 1084 4951 v1,
1120 4886 1326 4953 14-17).
1355 4884 1633 4954 Quisquis
1662 4885 1918 4939 fidelium

266 4961 487 5016 Christi
513 4961 768 5015 militum
792 4960 881 5015 his
906 4958 1273 5014 t'ueritarmis
1291 4958 1573 5020 munitus,
1596 4973 1709 5011 non
1729 4958 1922 5026 cujus-

265 5048 448 5103 quam
484 5030 823 5086 formidabit
845 5046 1179 5103 personam,
1205 5045 1321 5103 non
1344 5033 1562 5083 terrore
1584 5033 1697 5082 tem
1708 5029 1922 5103 porisa

268 5100 595 5157 certamine
638 5100 1021 5157 revocabitur.
1076 5102 1193 5167 Eia,
1248 5101 1476 5166 fratres,
1527 5105 1821 5154 certamen
1862 5100 1919 5154 in

268 5180 548 5246 promptu
573 5179 681 5240 est,
707 5176 888 5229 tervet
908 5189 1077 5243 opus,
1102 5175 1270 5241 urget
1291 5171 1677 5246 adversa_rius,
1698 5169 1924 5246 spicula

268 5242 465 5317 parat,
483 5246 678 5317 jacere
698 5250 910 5312 tentat,
934 5242 1104 5299 nemo
1126 5248 1485 5313 expavescat.
1514 5243 1741 5298 Fratres
1792 5242 1923 5314 plu-

334 5432 355 5467 ί
397 5428 579 5481 Alias:
612 5429 716 5494 Ad_
751 5427 1157 5494 compellendum
1213 5438 1311 5494 non
1340 5428 1503 5485 potest
1550 5441 1654 5476 esse
1686 5426 1926 5478 molestus

272 5496 504 5557 exactor,
536 5492 748 5557 quando
780 5489 1216 5557 ad'reddendurn,
1250 5493 1354 5536 etc.

337 5558 359 5591 ³
392 5550 571 5603 Ριυτθῑι
600 5557 743 5615 Msa,
774 5570 877 5605 non
921 5554 1069 5619 quasi
1095 5553 1305 5615 fulgens
1346 5550 1507 5600 vitrea
1538 5553 1727 5601 terreat
1750 5566 1924 5602 arma-

272 5620 417 5669 tum.

337 5682 363 5717 ³
394 5677 540 5743 Μεθ.,
571 5681 744 5743 forma
782 5680 1056 5730 munitum.

341 5744 365 5783 δ
392 5742 576 5794 Plures
603 5744 748 5811 Mss.,
782 5744 965 5794 Deum.

2036 1060 2127 1098 res
2158 1043 2634 1118 sunt_nobiscum
2665 1062 2843 1118 quam
2888 1062 3022 1102 cum
3073 1046 3211 1112 illis,
3244 1045 3559 1103 Nobiscum
3593 1051 3684 1104 est

2035 1120 2256 1186 Moyses
2269 1114 2377 1189 ille
2399 1132 2650 1188 magnus
2672 1114 2896 1172 amicus
2914 1119 3037 1183 Dei,
3059 1119 3154 1189 qui
3172 1118 3475 1173 uthostem
3488 1119 3681 1176 vince-

2038 1191 2125 1260 ret
2148 1186 2529 1260 praeliantem',
2557 1204 2766 1260 manus
2790 1190 2859 1244 ad
2883 1186 3091 1244 ccsluni
3108 1190 3523 1260 extendit,jam
3540 1195 3683 1247 tunc

2040 1258 2284 1334 figuram
2312 1259 2501 1334 crucis
2523 1259 2739 1334 Christi
2757 1262 3107 1334 ostendens:
3129 1262 3252 1334 ipse
3273 1258 3469 1334 divino
3499 1262 3684 1334 impe-

2039 1328 2141 1391 rio,
2176 1330 2459 1385 tumentis
2490 1331 2651 1399 ponti
2684 1331 2976 1387 volventes
3010 1328 3280 1387 ﬂexuosis
3310 1331 3538 1387 sinibus
3573 1328 3683 1388 un-

2039 1400 2198 1475 dasl,
2235 1418 2349 1475 uno
2379 1402 2551 1471 virgas
2582 1418 2863 1475 percussu
2887 1404 3229 1471 trajiciendo
3252 1402 3465 1475 populo
3488 1404 3685 1461 aridos

2037 1470 2301 1547 vertitin
2327 1470 2935 1547 campost'ANobiscum
2969 1470 3056 1547 est
3084 1470 3267 1529 Jesus
3287 1470 3418 1547 post
3448 1478 3682 1547 Moysen

2038 1540 2239 1617 populi
2270 1543 2388 1596 dux
2420 1540 2742 1617 lsraelitici,
2778 1545 3136 1617 fortissimus
3169 1540 3479 1616 praeliator,
3511 1540 3683 1617 cujus

2036 1614 2456 1687 etiam‘nomen
2491 1615 2709 1670 indicat
2729 1616 3079 1671 Salvatorem
3108 1633 3125 1669 :
3150 1614 3274 1687 ipse
3298 1619 3552 1686 potentia
3575 1614 3683 1673 sua

2035 1690 2091 1739 et
2119 1684 2310 1739 divina
2346 1687 2579 1760 ﬁducia,
2614 1687 2790 1752 diem,
2824 1688 2914 1742 sui
2960 1684 3385 1742 cursus'metas
3413 1705 3485 1743 ne
3514 1706 3679 1760 pera-

2036 1762 2215 1831 geret,
2250 1758 2457 1810 statuit
2480 1782 2494 1823 ;
2525 1763 2582 1812 et
2602 1760 2757 1831 nocti
2784 1776 2853 1813 ne
2875 1760 3172 1831 accederet
3196 1758 3531 1829 imperaviti
3550 1762 3680 1831 Ipse

2035 1827 2297 1902 gentium
2330 1844 2519 1902 reges,
2549 1846 2661 1902 non
2707 1830 3073 1902 singillatim,
3124 1831 3223 1902 sed
3278 1827 3675 1902 congregatim

2035 1898 2348 1969 superavit,
2373 1901 2701 1970 captivavit,
2732 1898 3079 1965 hu'miliavit,
3106 1900 3332 1957 occidit.
3360 1898 3676 1958 Nobiscum

2032 1977 2120 2042 est
2153 1970 2330 2042 David
2361 1988 2574 2042 manus
2607 1971 2812 2038 fortis;
2846 1972 2987 2042 quid
3039 1972 3277 2026 dicam?
3320 1989 3519 2028 servus
3552 1975 3676 2042 Dei,

2034 2039 2252 2095 electus
2274 2041 2394 2108 Dei,
2419 2042 2645 2113 amicus
2672 2044 2788 2106 Dei,
2816 2039 3026 2113 parens
3052 2044 3180 2097 Dei:
3204 2049 3441 2098 noverat
3455 2048 3512 2099 et
3533 2039 3679 2101 bene

2034 2116 2292 2175 noverat,
2325 2129 2439 2167 non
2472 2112 2662 2167 solum
2709 2112 2943 2184 parcere
2976 2114 3254 2183 subjectis
3296 2120 3356 2169 et
3386 2116 3677 2172 debellare

2033 2187 2313 2253 superbos
2344 2184 2581 2255 (Αζηεὶα.
2634 2186 2731 2240 lib.
2783 2187 2862 2251 6.,
2910 2202 3048 2239 vers.
3087 2186 3236 2254 853),
3271 2202 3470 2240 verum
3501 2188 3675 2242 etiam

2031 2255 2271 2328 virtutes
2301 2256 2606 2310 ostendere
2634 2260 2690 2310 et
2710 2257 3048 2326 patientiam
3072 2257 3388 2312 custodire.
3418 2258 3542 2328 lpse
3564 2258 3677 2313 ini-

2034 2325 2215 2380 micos
2246 2343 2385 2380 suos
2415 2343 2547 2381 cum
2582 2325 3085 2398 persequeretur“,
3137 2344 3252 2382 non
3287 2325 3670 2399 perniciosus,

2032 2401 2240 2470 etcum
2263 2399 2537 2470 vinceret,
2562 2415 2676 2453 non
2700 2400 2919 2453 exstitit
2936 2399 3175 2470 impius.
3196 2399 3512 2454 Nobiscum
3536 2405 3676 2455 sunt

2032 2467 2129 2521 alii
2164 2472 2335 2539 atque
2357 2468 2453 2541 alii
2479 2470 2667 2524 sancti
2689 2471 2818 2536 viri,
2846 2472 2944 2541 qui
2968 2467 3157 2525 omnia
3182 2471 3378 2525 futura
3398 2471 3673 2541 praavide-

2032 2545 2171 2593 runt
2196 2547 2252 2594 et
2282 2540 2689 2610 praedixerunt.
2709 2542 2835 2596 Non
2857 2540 2945 2596 est
2966 2558 3101 2612 ergo
3124 2543 3276 2612 quod
3296 2540 3511 2596 terreat
3528 2557 3629 2597 vos
3656 2559 3668 2598 :

2031 2616 2089 2664 et
2117 2616 2359 2683 tantum
2379 2616 2722 2683 exspectate,
2765 2614 2962 2667 audite
2991 2618 3047 2667 et
3076 2618 3257 2677 orate,
3306 2612 3587 2668 intentior
3615 2619 3675 2668 et

2031 2682 2285 2735 auctior3
2316 2682 2614 2737 circa’me
2669 2690 2860 2737 vestra
2917 2685 2994 2738 sit
3035 2684 3239 2738 oratio.
3284 2684 3409 2739 Non
3450 2684 3671 2739 diutius

2032 2754 2438 2826 immoremurg
2460 2754 2585 2823 jam
2616 2770 2744 2824 quae
2773 2756 3186 2825 prOposuimus
3223 2772 3667 2826 prosequamur.

2099 2823 2323 2879 CAPUF
2369 2825 2584 2896 llI.—.
2622 2823 2702 2880 Ea:
2759 2823 3001 2881 Her-{nete
3054 2829 3105 2879 et
3152 2823 3365 2896 Sibylla
3412 2823 3670 2882 adversus

2028 2896 2297 2964 Paganos.
2334 2895 2480 2969 Quid
2514 2897 2684 2969 dicis,
2715 2913 2939 2969 pagane
2960 2897 2986 2951 ‘I
3008 2897 3183 2969 Deus,
3203 2898 3415 2969 inquis,
3440 2898 3489 2952 si
3514 2898 3666 2953 dele-

2028 2972 2219 3038 ctatus
2248 2970 2338 3021 est
2364 2966 2502 3030 filio,
2536 2966 3116 3038 indiguit'conjugio:
3142 2968 3189 3022 si
3214 2967 3439 3022 horruit
3460 2969 3667 3037 conju-

2027 3036 2209 3109 gium,
2234 3037 2394 3092 solus
2415 3043 2505 3092 est
2525 3038 2650 3092 sine
2668 3036 2813 3093 lilio.
2839 3039 2985 3105 Quid
3005 3036 3161 3094 enim
3180 3043 3406 3109 poterat
3422 3036 3667 3094 inveniri

2027 3108 2220 3181 simile
2240 3110 2370 3181 Deo,
2386 3110 2537 3181 quod
2553 3111 3007 3181 conjungeretur
3022 3115 3151 3172 Deo.
3168 3108 3223 3165 et
3242 3115 3467 3181 pareret
3482 3110 3668 3165 tilium

2027 3154 2489 3244 Deo?Deinde1si,
2506 3154 2990 3247 utdic’itis?habet
3013 3154 3166 3235 Deus
3185 3154 3529 3249 filium,jam
3549 3198 3665 3237 non

2026 3266 2209 3323 unum
2233 3250 2421 3323 colitis
2448 3257 2647 3306 Deum.
2671 3252 2818 3314 Quid
2842 3252 3110 3323 agimus?
3131 3253 3214 3306 Ab
3244 3252 3547 3322 Allophylo
3578 3259 3664 3308 te-

2026 3321 2143 3375 lum
2170 3322 2418 3376 missum
2440 3324 2775 3393 excepimus
2798 3343 2812 3385 ς
2836 3321 2970 3393 quid
2994 3324 3360 3378 remittemus
3380 3321 3661 3386 ?Quodli-

2024 3393 2116 3446 bet
2139 3392 2476 3467 miserimus
2499 3392 2700 3467 telum,
2723 3392 3172 3467 licet’perveniat
3195 3395 3266 3448 ad
3299 3394 3486 3467 illum,
3513 3394 3658 3467 nihil
3738 3456 3746 3467 .

2022 3464 2274 3532 prodest.
2299 3464 2521 3526 Quare?
2540 3465 2684 3528 Quia
2706 3465 3314 3528 durusest.Quantum
3330 3465 3513 3518 durus
3527 3466 3658 3520 est?

2024 3534 2310 3604 Lapideus
2333 3541 2448 3589 est:
2473 3534 2629 3589 idola
2649 3536 2822 3601 colit;
2847 3539 3199 3605 etscri’ptum
3223 3535 3557 3598 est,Similes
3578 3537 3655 3589 il-

2016 3607 2086 3658 lis
2112 3606 2246 3673 ﬁant
2275 3622 2461 3659 omnes
2492 3609 2589 3675 qui
2617 3609 2831 3675 faciunt
2858 3623 2943 3676 ea,
2976 3612 3028 3661 et
3050 3622 3234 3661 omnes
3255 3607 3350 3675 qui
3368 3607 3656 3675 conﬁdunt

2017 3678 2077 3748 in
2097 3678 2175 3748 eis
2207 3677 2371 3741 (Psal.
2407 3693 2541 3743 cxu,
2574 3677 2657 3748 8).
2694 3683 2936 3732 Sanctae
2985 3679 3314 3748 Scripturas
3353 3693 3469 3730 non
3501 3678 3653 3732 acci-

2017 3747 2119 3817 pit.
2136 3747 2471 3809 Quesramus
2490 3763 2627 3818 ergo
2647 3746 2899 3819 lapidem
2919 3765 3034 3819 quo
3052 3746 3431 3818 percutiatur,
3448 3751 3513 3804 ut
3525 3764 3654 3820 per-

2019 3834 2237 3890 cussus,
2253 3824 2527 3890 quassetu
2539 3836 2585 3886 r,
2608 3824 2924 3890 quassatus
2952 3819 3655 3887 comminuatur,commi-

2019 3898 2195 3943 nutus
2226 3888 2287 3942 in
2318 3888 2641 3961 pulveremﬁ
2664 3895 3053 3960 convertatur,
3101 3906 3414 3945 conversus
3442 3890 3501 3945 in
3534 3890 3657 3961 pul-

2016 3976 2209 4033 verem
2242 3960 2632 4033 compluatur,
2664 3963 2996 4033 complutos
3026 3968 3270 4028 seratur,
3303 3966 3467 4033 satus
3489 3960 3663 4016 faciat

2019 4031 2296 4096 fructum,
2331 4048 2444 4085 non
2477 4032 2576 4101 qui
2610 4033 2742 4103 igne
2773 4031 3173 4099 consumatur,
3202 4033 3299 4087 sed
3327 4032 3426 4103 qui
3453 4033 3510 4087 in
3534 4033 3664 4087 bor-

2020 4118 2116 4157 reo
2148 4103 2516 4175 recondatur.
2550 4103 2812 4169 Hermes,
2846 4105 2944 4175 qui
2974 4105 3153 4175 latine
3174 4104 3497 4175 Mercurius
3521 4103 3664 4159 dici-

2018 4178 2137 4250 tur,
2168 4173 2405 4250 scripsit
2433 4172 2785 4250 librum‘qui
2836 4172 3017 4250 Ᾰόχος
3059 4172 3267 4234 τέλειος
3311 4174 3662 4250 appellatur2

2022 4245 2079 4317 id
2112 4250 2222 4310 est,
2256 4246 2511 4317 Verbum
2548 4244 2865 4315 perfectum
2893 4244 3238 4317 :"magnum
3285 4244 3496 4299 nomen
3531 4244 3664 4317 libri

2025 4316 2221 4383 hujus,
2255 4316 2394 4385 quia
2424 4332 2674 4386 magnus
2703 4323 2791 4372 est
2834 4318 2905 4371 de
2936 4316 3340 4386 quo’scriptus
3371 4320 3479 4371 est.
3511 4316 3660 4380 Quid

2022 4386 2179 4459 enim
2211 4386 2521 4459 perfectius
2553 4387 2760 4454 Verbo,
2794 4388 2890 4459 qui
2926 4387 3084 4442 solus
3115 4393 3204 4441 est
3227 4387 3378 4459 inter
3395 4394 3662 4459 mortuos

2022 4458 2168 4512 liber
2200 4456 2369 4528 (Psal.
2406 4475 2647 4527 Lxxxvn,
2696 4456 3166 4527 6)?'Audiamus
3213 4458 3354 4527 quid
3394 4457 3666 4526 loquatur

2024 4528 2342 4601 Mercurius
2376 4528 2445 4582 de
2477 4529 2662 4582 Verbo
2701 4531 2988 4601 perfecto:
3033 4528 3578 4601 DominusLinquit,
3609 4532 3667 4584 et

2026 4600 2285 4654 omnium
2322 4600 2503 4653 factor
2529 4600 2792 4668 deorum,
2827 4601 3150 4655 secundum
3174 4600 3307 4654 fecit
3328 4600 3664 4656 Dominum.

2028 4676 2093 4725 Et
2122 4676 2254 4743 post
2283 4676 2586 4743 pauca,rut
2616 4673 2946 4727 ostenderet
2986 4671 3125 4741 quid
3176 4671 3410 4736 dixerit,
3438 4672 3669 4743 repetiit

2028 4688 2093 4725 b't.
2163 4688 2254 4724 ost
2283 4688 2486 4741 pauca,
2522 4688 2586 4724 lli:
2616 4688 2946 4727 ostenderet
2986 4688 3125 4741 quia
3176 4688 3410 4736 uixerit,
3438 4688 3667 4743 repetiit

2027 4748 2086 4796 et
2114 4688 2292 4797 gixit:
2328 4742 2613 4814 Quoniam
2645 4759 2780 4814 ergo
2810 4743 2965 4797 hunc
2996 4743 3130 4797 fecit
3171 4744 3449 4811 primum,
3482 4750 3539 4798 et
3570 4759 3667 4797 so-

2028 4814 2147 4867 lum
2181 4818 2237 4867 et
2265 4813 2518 4866 unum‘:
2548 4813 2736 4868 bonus
2767 4819 2960 4869 autem
2992 4814 3041 4868 ei
3072 4813 3234 4868 visus
3265 4820 3353 4868 est
3382 4820 3436 4867 et
3459 4814 3671 4883 plenis-

2030 4886 2217 4938 simus
2275 4884 2540 4938 omnium
2588 4885 2894 4940 bonorum.
2947 4887 3242 4949 Quantum
3291 4884 3670 4954 plenissimus

2027 4960 2282 5010 Joannes
2311 4953 2664 5024 evangelista
2693 4957 2884 5012 dicat:
2936 4958 3008 5011 De
3053 4955 3392 5027 plenitudine
3420 4956 3539 5023 eius
3572 4970 3672 5027 nos

2031 5042 2215 5080 omnes
2246 5027 2574 5099 accepimus,
2616 5031 2854 5097 gratiam
2906 5044 3002 5099 pro
3035 5025 3237 5099 ,‘grqtin
3281 5026 3456 5095 (Joan.
3489 5025 3670 5099 1,16).

2033 5098 2225 5153 Bonus
2257 5103 2452 5170 aute_m
2479 5097 2529 5151 ei
2560 5096 2717 5154 Visus
2748 5106 2859 5161 est.
2893 5096 2948 5153 et
2993 5096 3372 5170 plenissimus
3402 5097 3670 5170 omnium

2033 5170 2340 5224 bonorum.
2376 5168 2442 5223 Et
2470 5171 2773 5234 sequitur:
2824 5166 3075 5226 Lanatus
3119 5173 3226 5223 est.
3260 5166 3385 5234 Cui,
3418 5166 3505 5222 vel
3538 5183 3675 5221 cum

2033 5257 2149 5310 quo
2182 5240 2407 5295 laetatus
2438 5238 2573 5295 est?
2624 5244 2783 5296 Dicat
2828 5242 2956 5310 ipsa
3002 5238 3303 5308 Sapientia
3340 5238 3464 5306 Dei,
3495 5238 3678 5310 Filius

2033 5309 2135 5367 Dei
2161 5328 2173 5366 :
2211 5310 2312 5380 Ego
2341 5327 2496 5365 eram
2524 5314 2616 5368 cui
2646 5309 2984 5382 adgaudebat
3016 5312 3198 5378 (Prov.
3221 5326 3348 5377 vm,
3369 5310 3481 5382 30).
3505 5309 3677 5382 Ergo,

2036 5384 2265 5438 laetatus
2293 5388 2401 5452 est,
2433 5388 2490 5438 et
2531 5383 2697 5439 valde
2724 5381 2946 5438 dilexit
2994 5386 3272 5451 tanquam
3306 5381 3679 5453 unigenitum

2104 5490 2117 5553 ξ
2152 5487 2485 5553 ᾼῃῐίαιιὶοτεε
2508 5490 2659 5553 Msa,
2685 5487 2927 5553 volventis
2955 5485 3375 5553 ﬁuctuosissirnas
3406 5487 3586 5535 undas.

2098 5551 2120 5622 ?
2149 5549 2476 5622 Turonensis
2504 5549 2651 5611 Mss.,
2687 5553 2799 5615 [pse
2850 5549 3073 5599 inimicis
3108 5549 3232 5609 suis,
3264 5550 3387 5598 dum
3413 5562 3682 5614 perseque-

2034 5615 2179 5661 retur
2207 5612 2270 5660 ab
2301 5612 2388 5661 eis.
2708 5612 2719 5615 ⁷
3414 5612 3423 5613 ί

2098 5677 2120 5710 ⁸
2148 5674 2360 5738 Aliquot
2390 5675 2531 5738 Msa,
2562 5674 2772 5725 acutior.
2816 5675 2882 5726 At
2910 5671 3124 5738 quidam
3153 5672 3257 5738 alii,
3286 5673 3462 5726 altior.

2101 5739 2122 5774 δ
2150 5736 2375 5800 Quidam
2404 5736 2548 5801 Mss.,
2579 5741 2627 5790 et
2655 5752 2849 5789 verum.
2881 5736 3076 5802 Aliqui,
3107 5738 3157 5788 et
3195 5736 3401 5792 bonum.
