4130 6194
509 200 665 264 1103

506 352 703 391 suum.
726 337 907 399 Quem
927 331 1115 402 primo
1139 330 1356 385 factum
1378 329 1541 394 dixit,
1567 332 1769 402 postea
1790 327 2157 402 unigenitum

505 398 838 478 appellavit.
870 398 1009 458 Item
1035 402 1143 478 alio
1165 402 1291 456 loco
1308 402 1406 478 .sic
1438 398 1615 478 dixit;
1654 400 1837 454 Filius
1871 398 2159 478 benedicti

505 473 607 533 D'ei
636 484 808 547 atque
842 477 1004 529 bona;
1039 473 1374 547 voluntatis,
1408 474 1576 547 cujus
1600 487 1806 525 nomen
1832 487 1946 525 non
1969 473 2161 547 potest

506 543 767 604 humano
801 561 899 602 ore
930 546 1177 600 narrari.
1211 543 1540 609 Qumrehas,
1578 558 1820 614 pagane,
1850 545 2158 614 conjugem

509 617 823 696 Dei‘tAudi
846 617 1199 696 Mercurium
1228 633 1240 670 :
1267 632 1407 696 para
1429 611 1695 678 frontem,
1714 620 1775 696 et
1795 613 1991 696 excipe
2010 611 2158 693 lapis

514 690 797 762 lapidem:
826 689 991 753 cade,
1005 685 1350 762 uterigaris;
1367 686 1731 762 frangere,‘ut
1752 685 2157 762 confirmeris;

515 753 835 830 destruere,
857 764 923 814 ut
942 753 1246 814 mdiﬁceris
1271 774 1284 812 :
1309 758 1459 811 ictus
1482 753 1694 827 lapidis
1719 772 1833 830 non
1860 763 2051 809 cutem
2074 753 2160 807 di-

512 835 675 889 vidat
693 828 919 899 frontis,
940 847 1053 885 non
1070 846 1275 884 venam
1296 833 1530 899 rumpat
1548 828 1871 899 sanguinis,
1893 844 2005 882 non
2026 841 2162 899 ape-

516 906 627 961 riat
647 906 871 960 foveam
892 898 1149 956 Vulneris
1171 926 1185 969 ;
1204 901 1302 956 sed
1328 898 1564 971 signum
1589 898 1762 954 faciat
1782 899 1992 953 crucis.
2012 898 2159 953 Con-

511 978 714 1057 jugem
752 974 847 1030 Dei
897 972 1157 1057 quieris?
1190 970 1520 1057 _Abjiciatur
1550 987 1617 1025 ex
1646 970 1817 1057 corde
1849 976 1970 1057 tuo,
2002 984 2159 1057 rogo,

518 1041 752 1124 impura
768 1041 1041 1124 pravitas.
1063 1044 1292 1124 Coniugi
1308 1042 1401 1097 Dei
1427 1041 1861 1124 benevoluntas
1883 1047 1989 1096 est.
2012 1042 2164 1124 Quo-

518 1111 692 1174 mo-do
724 1111 919 1189 autem
950 1120 1117 1189 pater
1146 1111 1223 1170 sit
1254 1114 1425 1189 Deus,
1462 1119 1517 1168 et
1536 1111 1722 1189 (Filius
1754 1117 1929 1189 Deus,
1952 1128 2056 1166 nec
2080 1114 2164 1165 ta-

518 1206 654 1245 men
673 1190 790 1245 duo
810 1187 911 1259 dii,
937 1184 1229 1259 s'edgunusi
1242 1186 1318 1259 sit
1336 1189 1508 1259 Deus,
1526 1188 1721 1259 tecum
1740 1184 2038 1259 disputare
2051 1198 2166 1236 non

519 1261 734 1328 debeo;
767 1253 908 1329 quia
946 1257 1060 1313 nisi
1103 1256 1441 1329 credideris,
1476 1253 1800 1329 intelligere
1830 1253 2168 1309 nullatenus

514 1326 761 1404 poteris.
785 1326 855 1404 Et
875 1334 1071 1404 tamen
1094 1328 1305 1384 Filium
1335 1327 1423 1404 Dei
1454 1332 1631 1404 Deum
1656 1330 1669 1362 ¹
1706 1326 1923 1404 fatetur
1942 1329 2167 1380 Mercu-

520 1398 665 1459 i'ius.
692 1406 809 1457 Hoc
831 1402 1025 1473 lapide
1044 1416 1379 1473 percussus,
1396 1398 1635 1473 lapideo
1646 1398 1922 1473 sdesinat
1937 1413 2065 1452 esse
2082 1412 2171 1451 sa-

520 1474 795 1546 crilegus.
818 1468 1140 1546 Audiamus
1164 1472 1308 1546 quid
1328 1468 1509 1546 etiam
1533 1468 1751 1546 Sibylla
1776 1474 1947 1546 vates.
1962 1483 2169 1546 eorum

524 1547 595 1601 de
616 1539 818 1601 eodem
841 1544 992 1599 dicat
1016 1560 1029 1597 :
1054 1539 1503 1610 Aliu'mHinquit,
1529 1539 1687 1595 dedit
1711 1542 1859 1594 Deus
1893 1539 2029 1594 ﬁliis
2061 1540 2168 1593 ho-

526 1617 754 1672 minum
770 1618 790 1650 ²
805 1615 1133 1670 colendum.
1150 1614 1441 1675 Quantum
1456 1617 1713 1682 apparet,
1735 1611 1794 1665 in
1821 1611 1913 1666 his
1936 1615 2168 1665 senten-

525 1688 626 1744 tiis
661 1688 928 1743 Mercurii
956 1691 1012 1740 et
1038 1684 1284 1756 Sibyllze,
1320 1682 1629 1756 Sabellius,
1653 1682 2167 1756 etiamjudicatur.

528 1758 855 1814 Mercurius
882 1763 937 1812 et
959 1753 1185 1811 Patrem
1210 1756 1389 1810 Deum
1412 1755 1553 1809 dicit
1574 1761 1630 1809 et
1650 1754 1857 1809 Filium
1880 1772 1893 1808 :
1914 1764 1968 1808 et
1991 1753 2173 1824 Sibyl-

525 1831 589 1885 la
608 1832 745 1885 dicit
765 1829 947 1883 Deum
971 1827 1171 1882 alium.
1195 1825 1481 1881 Sabellius
1498 1825 1639 1879 dicit
1660 1842 1773 1880 non
1797 1824 1999 1889 alium,
2035 1824 2174 1894 quia

529 1902 803 1957 eumdem
824 1900 1051 1955 Patrem
1075 1898 1423 1953 asseritesse
1437 1913 1608 1968 quem
1627 1897 1855 1951 Filium.
1872 1896 2172 1968 Optimum

529 1972 697 2027 valde
719 1976 826 2037 est,
851 1972 900 2026 si
924 1971 1092 2025 modo
1116 1986 1229 2023 non
1264 1966 1732 2038 unum‘tantum,
1764 1968 1863 2023 sed
1894 1968 2066 2021 etiam
2101 1966 2171 2020 ad

529 2049 1037 2115 quantoscuﬁmque
1061 2040 1280 2115 missus
1305 2039 1600 2115 pervenire
1624 2039 2171 2115 potueritadversa-

530 2109 667 2181 rios,
702 2130 818 2193 uno
850 2109 966 2168 ictu
1001 2109 1415 2193 percutia‘mus:
1452 2112 1595 2193 Item
1626 2109 2051 2193 Sibyll‘a‘dicit:
2086 2109 2173 2179 Ip-

528 2202 663 2239 sum
696 2189 863 2240 tuum
914 2180 1197 2240 coénosce
1244 2183 1593 2239 Dominum3
1644 2180 1743 2236 Dei
1782 2180 1992 2236 Filium
2023 2196 2169 2235 esse.

525 2256 746 2312 Versus
782 2257 892 2311 iste
915 2259 971 2310 et
989 2252 1297 2326 Paganpm
1332 2255 1613 2326 increpat,
1641 2257 1698 2307 et
1721 2252 2012 2326 Judaeum.
2045 2252 2174 2326 Alio

532 2327 660 2383 loco
694 2328 906 2383 Filium
938 2327 1035 2381 Dei
1067 2320 1379 2395 ξύμϐουλον
1427 2320 1702 2396 appellat,
1744 2324 1808 2396 id
1843 2330 1950 2389 est,
1984 2323 2175 2377 consi-

530 2399 703 2464 lium,
735 2398 821 2453 vel
850 2394 1272 2452 consiliarium.
1306 2398 1374 2452 Et
1396 2394 1676 2467 propheta
1698 2394 1859 2459 dicit,
1889 2396 2177 2449 Vocabitur

528 2486 732 2524 nomen
759 2469 897 2536 ejus,
924 2468 1311 2532 Admirabitis,
1362 2469 1741 2531 consiliarius,
1774 2467 1912 2520 Deus
1934 2467 2097 2536 fortis
2125 2468 2178 2520 et

527 2550 719 2612 potens
748 2537 888 2612 (Isai
914 2557 994 2606 ιιι,
1024 2539 1528 2612 ῥ).-ΗὶρηΑι·ιειιιιιε
1563 2537 1861 2612 arguitur,
1905 2538 2015 2612 qui
2039 2552 2173 2590 cum

535 2608 1127 2683 dicitm‘inoremiDei
1181 2609 1411 2683 Filium,
1448 2610 1623 2683 dicit
1648 2608 1960 2683 aliquando
1981 2610 2176 2683 Deum

534 2700 651 2738 non
681 2681 961 2738 habuisse
991 2680 1200 2736 tilium.
1234 2686 1300 2735 Et
1338 2682 1387 2735 si
1437 2680 1548 2735 fuit
1578 2681 1704 2736 sine
1734 2679 1877 2748 tilio,
1913 2679 2022 2732 fuit
2052 2679 2179 2733 sine

533 2753 798 2810 consilio.
834 2754 973 2809 Ecce
1003 2753 1073 2807 ad
1106 2758 1327 2824 quanta
1355 2751 1613 2824 pericula
1638 2767 2039 2824 provocamur.
2065 2750 2176 2804 Sed

532 2826 672 2897 quia
716 2830 869 2881 Deus
900 2821 1203 2897 nunquam
1237 2821 1511 2897 fuit'sine
1535 2821 1801 2887 con—Silio,
1834 2821 2009 2897 etiam
2041 2837 2178 2897 con-

533 2892 856 2952 tradicente
885 2892 1118 2962 Ariano,
1151 2912 1455 2966 nunquam
1489 2896 1656 2966 Pater
1686 2894 1874 2965 potuit
1894 2909 2031 2966 esse
2053 2892 2179 2966 sine

529 2968 696 3024 Filio.
734 2968 879 3040 Quid
913 2966 1059 3040 agis,
1091 2962 1315 3038 pagane
1338 2968 1365 3020 ‘t
1391 2965 1563 3037 Aperi
1596 2962 1789 3031 aures,
1815 2964 2081 3040 noliesse
2105 2962 2180 3018 si-

531 3043 630 3094 cut
662 3039 820 3109 aspis
852 3036 1052 3104 surda,
1085 3036 1211 3109 quia
1241 3036 1477 3093 obturat
1515 3053 1715 3092 aurem
1741 3052 1821 3109 ne
1852 3036 2051 3091 audiat
2079 3051 2179 3089 vo-

531 3126 655 3165 cem
691 3107 1048 3164 incantantis
1079 3107 1248 3178 (Psal.
1280 3126 1410 3171 LVII,
1444 3109 1519 3176 5).
1553 3112 1677 3162 Non
1709 3107 1813 3162 tibi
1847 3123 2005 3161 meos
2037 3122 2179 3161 auc-

531 3185 687 3235 tores
720 3180 982 3251 profero:
1017 3184 1154 3251 tuus
1207 3185 1296 3233 est
1344 3180 1688 3251 Mercurius,
1736 3178 1826 3233 cui
1860 3178 2011 3231 inter
2040 3178 2178 3251 deos

530 3249 736 3306 tantus
762 3251 949 3321 honor
976 3249 1287 3321 cultusque
1316 3267 1349 3303 a
1372 3251 1535 3305 vobis
1566 3249 1794 3304 delatus
1825 3254 1932 3315 est,
1967 3253 2031 3301 ut
2051 3250 2178 3321 ejus

534 3323 768 3378 nomine
799 3320 951 3376 diem
980 3320 1281 3377 vocaretis.
1316 3321 1513 3390 Ipsum
1539 3322 1698 3383 audi.
1722 3322 1846 3391 ipse
1871 3326 1926 3374 te
1945 3320 2178 3374 convin-

535 3399 649 3457 cat,
673 3394 797 3465 ipse
828 3398 1121 3465 expugnet
1148 3411 1159 3458 ;
1188 3397 1252 3447 ut
1282 3397 1501 3465 cumte
1530 3390 1761 3465 vicerit,
1776 3390 1864 3465 illi
1899 3392 2092 3465 cedas,
2125 3394 2181 3445 et

537 3462 939 3520 mihi'credas.
974 3462 1291 3519 Mercurias
1322 3462 1504 3518 dixit:
1538 3463 1747 3518 Dilexit
1776 3462 1928 3517 Deus
1968 3462 2178 3532 Unige-

540 3539 730 3590 nitum
755 3552 951 3590 suum.
979 3537 1103 3605 Ipse
1133 3535 1316 3589 dixit:
1350 3535 1527 3589 Filius
1559 3533 1846 3589 benedicti
1868 3534 1975 3605 Dei
2011 3540 2180 3603 atque

537 3610 701 3663 bona:
725 3604 1064 3661 voluntatis.
1091 3607 1159 3660 Et
1178 3623 1247 3661 ne
1265 3606 1333 3660 de
1354 3608 1482 3676 ejus
1500 3606 1731 3661 nomine
1748 3604 1984 3659 taedium
2000 3606 2171 3659 interc

538 3678 857 3747 rogationis
877 3676 1753 3747 sustineret,seeutusadjunxit:
1768 3676 1947 3742 Cujus
1968 3692 2177 3730 nomen

544 3767 658 3832 non
680 3754 869 3832 potest
888 3748 1146 3832 humano
1168 3765 1264 3804 ore
1281 3749 1525 3832 narrt'i‘ri.
1540 3748 1693 3829 Quid
1712 3753 1797 3811 tu,
1820 3748 2086 3816 Mercuri,
2107 3747 2177 3832 ab

541 3818 882 3876 hominibus
900 3820 1048 3874 dicis
1069 3837 1279 3875 nomen
1304 3820 1401 3874 Dei
1430 3819 1552 3875 Filii
1577 3835 1810 3874 narrare
1833 3835 1945 3873 non
1966 3834 2134 3888 posse
2152 3818 2179 3872 ?

537 3894 583 3947 A
605 3898 659 3947 te
684 3895 971 3950 narretur.
995 3891 1094 3962 qui
1113 3908 1227 3945 non
1250 3891 1446 3955 homo,
1469 3891 1734 3962 seddeus
1751 3890 1823 3945 ab
1841 3889 2179 3943 hominibus

538 3963 867 4017 aastimaris.
896 3961 1170 4031 Loquitur
1193 3968 1383 4016 autem
1412 3962 1478 4015 ad
1507 3961 1714 4016 Filium
1740 3977 1912 4015 suum
1938 3962 2173 4015 dicens:

536 4034 639 4088 Est
660 4039 875 4088 autem.
895 4032 1072 4096 Quis?
1096 4032 1220 4088 Filii
1240 4032 1644 4088 inenarrabilis
1666 4049 1856 4086 sermo
1881 4032 2176 4100 sapientiae

538 4107 785 4159 Sanctus
809 4105 1099 4158 sanctus‘.
1127 4104 1328 4160 Nonne
1364 4102 1473 4157 hoc
1511 4109 1617 4167 est,
1658 4105 1717 4157 In
1754 4103 2030 4174 principio
2058 4105 2175 4174 erat

541 4176 769 4231 Verbum
791 4175 965 4245 (Joan.
992 4192 1029 4240 ι,
1057 4175 1111 4242 1)
1129 4175 1156 4227 ?
1181 4175 1296 4236 Dic,
1326 4174 1582 4239 Hermes,
1608 4173 1799 4245 sermo
1818 4175 1925 4227 iste
1944 4173 2173 4243 sapien-

534 4246 625 4301 tiae
659 4246 831 4301 habet
862 4250 1105 4299 matrem
1126 4245 1154 4298 ?
1186 4245 1495 4315 Sequitur:
1529 4245 1607 4299 De
1640 4244 1763 4299 solo
1788 4245 1901 4299 Deo
1928 4245 2174 4299 Domino

535 4325 643 4385 est,
666 4316 939 4372 omnibus
962 4316 1299 4371 dominante
1323 4321 1431 4371 Deo
1458 4316 1823 4371 mortalibus.
1850 4319 1916 4369 Et
1944 4316 2077 4386 quia
2101 4316 2173 4370 ab

533 4388 872 4444 hominibus
894 4387 1159 4459 indagari
1185 4405 1299 4459 non
1322 4392 1527 4456 potest,
1552 4386 1714 4441 addit
1735 4393 1791 4442 et
1811 4386 1970 4441 dicit.
1995 4396 2174 4459 super

533 4460 802 4515 homines
822 4464 928 4513 est.
951 4458 1094 4530 Ergo
1113 4458 1250 4529 quia
1264 4475 1439 4529 super
1452 4460 1715 4513 homines
1728 4463 1836 4523 est,
1853 4475 2061 4512 nomen
2081 4458 2171 4512 Fi-

532 4530 593 4583 lii
619 4530 713 4584 Dei
739 4546 973 4585 narrare
995 4546 1106 4584 non
1135 4547 1394 4599 possum,
1420 4530 1558 4600 quia
1578 4531 1721 4585 deus
1744 4546 1856 4584 non
1882 4546 2010 4583 sum
2039 4546 2051 4582 :
2077 4530 2169 4583 di-

531 4606 665 4655 cant
697 4600 961 4655 homines
992 4601 1157 4670 quasi
1190 4601 1459 4656 homines
1507 4601 1660 4672 quod
1710 4618 1824 4655 non
1849 4617 2029 4672 sum,
2062 4616 2167 4668 ego

530 4687 782 4752 agnosco
802 4672 952 4752 quod
978 4688 1131 4725 sum.
1154 4673 1351 4752 sermo
1370 4670 1667 4743 sapientiae
1685 4672 1762 4752 de
1779 4670 1901 4752 solo
1929 4676 2036 4752 Deo
2058 4678 2163 4726 est.

527 4743 650 4798 Non
667 4742 915 4814 ergoibi,
931 4757 1175 4814 pagane,
1191 4742 1517 4798 humanum
1534 4743 1852 4814 suspiceris
1866 4744 2167 4813 autlingas

526 4814 708 4869 fuisse
729 4813 1069 4885 eonjugium
1091 4830 1103 4866 :
1125 4814 1195 4885 de
1212 4814 1335 4868 solo
1357 4815 1472 4870 Deo
1494 4820 1600 4882 est,
1625 4813 1679 4870 et
1701 4831 1877 4885 super
1898 4814 2164 4868 homines

526 4892 634 4952 est,
652 4890 918 4955 Increpat
933 4889 993 4956 te
1005 4884 1222 4956 Sibylla
1240 4885 1459 4952 dicens,
1482 4891 1679 4956 [psum
1698 4884 1864 4939 tuum
1883 4901 2165 4956 cognosce

523 4954 837 5015 Dominum
865 4955 958 5010 Dei
978 4954 1185 5027 Filium
1211 4972 1338 5011 esse
1364 4954 1536 5011 Deum
1558 4974 1569 5011 :
1588 4959 1801 5027 ipsum,
1820 4973 1931 5010 non
1958 4954 2159 5027 alium,

522 5047 636 5085 non
656 5030 920 5092 Martem,
946 5043 1059 5081 non
1078 5025 1297 5091 Jovem,
1324 5044 1435 5082 non
1456 5025 1835 5094 Mercurium;
1862 5027 1961 5081 sed
1986 5025 2157 5098 quem

521 5101 830 5157 conﬁtetur
852 5097 1189 5154 Mercurius.
1218 5099 1362 5162 Quid
1382 5099 1634 5162 miraris,
1650 5099 1987 5163 Christiane,
2004 5097 2158 5168 quod

519 5171 776 5228 taliaisti
798 5173 868 5226 de
889 5171 1053 5225 Patre
1094 5176 1150 5223 et
1192 5169 1334 5225 Filio
1374 5170 1616 5225 dicant?
1653 5172 1715 5224 Et
1748 5170 2018 5226 dmmones
2038 5187 2158 5225 cre-

518 5247 683 5312 dunt,
740 5247 791 5299 et
844 5242 1271 5297 contremiscunt
1330 5242 1537 5311 (Jacobi
1586 5256 1644 5306 ιι,
1699 5242 1805 5303 19).
1852 5241 2069 5311 Nempe
2098 5243 2156 5296 in

515 5315 823 5381 Evangelio
854 5318 1194 5367 transeunte
1225 5312 1470 5368 Domino
1520 5312 1740 5367 dicunt.
1775 5313 2034 5367 Novz'mus
2064 5314 2160 5383 qui

512 5390 610 5447 sis,
660 5387 833 5442 Filius
890 5385 1029 5454 Dei,
1069 5386 1266 5439 venisti
1322 5389 1447 5440 ante
1499 5388 1715 5452 tempus
1768 5387 2017 5454 torquere
2058 5402 2157 5440 nos

514 5458 697 5525 (Marc.
733 5475 771 5523 ι,
804 5455 913 5525 24),
946 5453 1177 5509 Utinam
1229 5457 1521 5527 quomodo
1554 5458 1842 5511 daemones
1866 5453 2150 5525 judicem,

511 5529 596 5583 sic
627 5528 894 5583 homines
925 5531 1308 5598 agnoscerent
1337 5528 1677 5584 salvatorem
1709 5529 1719 5583 l

581 5636 592 5666 ι
625 5632 764 5689 Mss,
796 5630 1091 5679 Dominum.

572 5696 595 5727 ι
627 5690 1005 5754 AliquotMss.,
1034 5690 1269 5753 ﬁdelibus
1297 5693 1605 5746 hominibus.

569 5757 591 5790 ³
626 5753 794 5815 Alias,
820 5753 1001 5815 Deum.

569 5818 591 5856 ι
623 5813 786 5877 Alias,
815 5813 1041 5880 Spiritus
1065 5816 1290 5869 sanctus.

1997 193 2424 256 APPENDIX.

3717 198 3846 263 1104

2337 326 2567 383 CAPUT
2604 325 2694 379 IV.
2729 355 2796 363 —-
2826 326 2878 378 5.
2927 324 3010 378 Ex
3065 325 3243 379 Vetere
3285 324 3595 381 Testamento
3634 330 3845 387 adversus

2265 399 2498 454 Judazos.
2531 397 2678 461 Quid
2713 396 2854 450 dicit
2883 396 3123 467 Judaeus
3145 396 3173 449 ‘I
3193 394 3367 467 (Unus
3413 402 3501 467 est
3530 398 3679 453 nobis
3709 403 3848 467 Deus,

2270 474 2475 542 praeter
2506 470 2701 542 ipsum
2728 484 2840 522 non
2868 466 3047 521 alium
3071 466 3362 542 novimus.
3382 466 3549 542 illum
3570 485 3689 525 vero
3708 466 3849 542 quem

2269 537 2462 595 dicitis
2486 537 2584 594 Chi
2606 541 2801 601 istum,
2835 542 3025 603 patres
3048 537 3231 592 nostri
3251 554 3363 592 non
3380 537 3576 603 Deum,
3594 543 3683 595 sed
3702 537 3854 599 homi-

2269 628 2402 666 nem
2436 611 2792 666 occiderunt.
2825 608 3043 680 Nempe
3072 608 3183 665 hoc
3214 614 3305 664 est
3324 610 3471 680 quod
3496 611 3605 664 dixi
3629 629 3641 667 :
3662 612 3855 672 Utinam

2268 684 2560 754 quomodo
2593 681 3193 806 demonesgudicem,
3227 680 3309 736 sic
3338 680 3597 737 homines
3623 700 3855 755 agnosce-

2270 761 2399 806 rent
2450 755 2795 806 salvatorem
2824 754 2835 806 l
2938 768 3033 806 cce
3064 753 3357 806 daemones
3388 753 3663 806 viderunt.
3691 762 3739 806 et
3763 762 3855 806 tre.-

2270 753 2399 809 rent
2450 755 2795 809 salvatorem
2824 754 2835 808 1
2891 753 3033 807 Ecce
3064 753 3357 807 daemones
3388 753 3739 820 videruntfet
3763 762 3856 814 tre-

2270 842 2474 880 mueru
2487 831 2574 880 nt:
2593 824 2860 879 homines
2874 824 3165 889 viderunt,
3183 828 3239 879 et
3251 824 3859 886 occideruntDaemones

2270 897 2519 952 confessi
2542 901 2707 951 sunt:
2734 896 2997 950 homines
3016 894 3307 967 persecuti
3334 901 3487 951 sunt.
3512 899 3635 962 Quae
3658 898 3862 955 infelici-

2269 974 2359 1023 tas
2377 973 2467 1023 est
2484 973 2539 1023 et
2556 986 2587 1038 q
2600 971 2775 1022 uanta
2794 967 3052 1032 miseria,
3070 967 3147 1021 im
3159 982 3355 1038 parem
3370 968 3538 1021 etiam
3554 968 3864 1027 daemonibus

2270 1039 2515 1095 inveniri
2538 1037 2728 1094 tltem
2755 1037 3020 1093 homines
3047 1037 3314 1103 credunt,
3339 1039 3626 1096 daemones
3641 1048 3861 1103 pereunt:

2274 1111 2539 1166 homines
2571 1109 2895 1181 salvantur,
2928 1110 3220 1165 daemones
3266 1110 3609 1181 puniuntur.
3641 1109 3739 1167 Sed
3768 1113 3862 1171 huc

2272 1181 2607 1237 immutatio
2645 1179 2832 1253 gratia
2873 1186 2979 1253 est
3003 1181 3245 1253 dextera
3268 1179 3509 1253 iExcelsi
3533 1183 3864 1252 (Psal.t.xxv1,

2280 1255 2385 1326 It),
2409 1270 2521 1309 non
2548 1251 2926 1326 praesumptio
2967 1251 3227 1326 hominis
3258 1252 3329 1307 de
3354 1254 3477 1308 suis
3496 1254 3707 1326 viribus
3724 1251 3866 1311 conﬂé

2273 1323 2486 1381 dentis.
2511 1323 2920 1397 Gentra‘istum
2949 1340 3081 1397 vero
3103 1324 3373 1378 Judaeum
3408 1340 3520 1379 non
3544 1324 3728 1380 laboro
3750 1343 3761 1380 :
3784 1343 3866 1397 pu-

2274 1401 2455 1469 gnant
2475 1401 2676 1451 contra
2698 1395 2863 1469 illum
2891 1394 3119 1469 codices
3142 1396 3258 1469 sui,
3279 1399 3545 1469 pugnant
3565 1400 3670 1469 Lex
3686 1402 3740 1452 et
3761 1394 3867 1453 Pro-

2277 1465 2497 1539 pheta:
2532 1473 2589 1522 et
2609 1470 2712 1522 aut
2742 1466 2924 1520 victus
2955 1469 3010 1521 et
3052 1465 3403 1539 humiliatus
3447 1466 3763 1539 salyabitur,
3790 1473 3871 1524 aut

2276 1538 2567 1610 superbus
2598 1543 2655 1593 et
2684 1539 2947 1609 pertinax
2994 1538 3289 1608 punietur.
3340 1538 3497 1593 Dixit
3526 1538 3782 1594 Dominus
3808 1541 3864 1595 ad

2276 1611 2538 1679 Moysen:
2574 1611 2703 1664 Ecce
2714 1625 2813 1676 ego
2833 1610 2991 1664 mitto
3008 1610 3268 1682 angelum
3287 1626 3472 1682 meum
3508 1612 3602 1680 qui
3637 1615 3872 1682 praecedat

2275 1687 2345 1750 te,
2365 1691 2413 1736 et
2431 1682 2693 1737 custodiat
2716 1682 2778 1735 in
2794 1682 2903 1745 via,
2929 1682 2978 1734 et
3001 1679 3306 1735 introducat
3337 1680 3396 1734 in
3423 1679 3597 1735 locum
3618 1679 3759 1751 quem
3780 1700 3868 1751 pa-

2276 1756 2420 1807 ravi.
2448 1754 2679 1808 Observa
2694 1768 2837 1815 eum,
2862 1761 2913 1806 et
2938 1752 3080 1806 audi
3100 1768 3278 1807 vocem
3299 1752 3438 1822 ejus,
3461 1769 3560 1806 nec
3574 1762 3875 1809 contemnen-

2277 1827 2407 1879 dum
2425 1832 2598 1894 putes.
2624 1824 2849 1877 Audisti
2876 1822 3147 1894 angelum
3172 1838 3425 1895 agnosce
3447 1824 3772 1880 Dominum:
3793 1841 3877 1881 nec

2279 1895 2770 1967 contemnendum
2787 1910 2914 1949 esse
2929 1898 3115 1967 putes.
3132 1894 3282 1949 Audi
3298 1894 3650 1967 adhucquod
3670 1900 3875 1951 metuas:

2280 1968 2401 2031 Nec,
2434 1966 2649 2037 inquit,
2681 1964 3137 2020 contemnendum
3166 1970 3345 2037 putes.
3382 1964 3566 2029 Quare
3588 1966 3615 2021 ?
3644 1968 3767 2035 Quia
3792 1984 3878 2022 non

2280 2039 2512 2093 dimittet
2540 2054 2663 2091 cum
2689 2037 3019 2106 peccaveris,
3071 2041 3125 2091 et
3170 2041 3253 2092 est
3297 2053 3497 2092 nomen
3529 2055 3699 2093 meum
3727 2040 3780 2092 in
3805 2040 3881 2093 illo

2283 2110 2471 2182 (Exod.
2493 2126 2653 2178 mu,
2680 2108 2769 2173 20,
2809 2109 2922 2179 21).
2963 2107 3104 2171 Quis
3126 2114 3235 2182 est
3252 2107 3351 2164 ille
3388 2112 3509 2163 tam
3532 2125 3782 2182 magnus,
3808 2108 3882 2164 cui

2282 2181 2436 2236 Deus
2457 2186 2514 2235 et
2535 2184 2872 2251 potestatem
2897 2194 3063 2234 suam
3108 2179 3268 2234 dedit
3303 2185 3359 2234 et
3383 2196 3595 2236 nomen
3616 2179 3884 2236 ‘fDominus

2280 2254 2549 2308 virtutum
2576 2254 2690 2322 ipse
2720 2254 2797 2305 est
2829 2267 2927 2305 rex
2954 2253 3150 2323 gloria?
3168 2251 3345 2323 (Psal.
3364 2268 3527 2317 xxiii,
3555 2253 3658 2323 10).
3679 2253 3742 2309 Et
3761 2252 3885 2306 unde

2282 2321 2624 2396 probamus,
2640 2323 2792 2396 quod
2808 2338 2941 2396 cum
2957 2321 3452 2396 diciturangelus,
3467 2321 3887 2395 debeatintelligi

2287 2393 2434 2450 Deus
2456 2396 2483 2448 ?
2507 2394 2693 2448 Habes
2721 2393 2779 2465 in
2804 2393 2951 2447 libro
2984 2393 3082 2464 qui
3124 2394 3456 2465 appellatur
3475 2396 3709 2450 Gensis:
3749 2393 3889 2450 Vene-

2282 2470 2431 2527 runt,
2465 2465 2675 2535 inquit,
2728 2464 2832 2519 duo
2882 2465 3075 2534 angeli
3121 2464 3396 2520 Sodoman
3439 2481 3670 2536 vespere,
3708 2466 3890 2521 sedente

2282 2537 2418 2592 Loth
2437 2552 2556 2606 prae
2574 2536 2791 2607 foribus
2809 2538 3049 2590 civitatis
3064 2554 3082 2589 :
3096 2552 3225 2606 quos
3245 2554 3371 2592 cum
3390 2537 3634 2604 vidisset,
3665 2538 3888 2602 surrexit,

2283 2618 2332 2664 et
2354 2610 2455 2663 ivit
2477 2610 2689 2662 obviam
2711 2610 2788 2661 eis
2811 2607 2960 2681 (Gen.
2987 2623 3104 2676 χιχ,
3133 2609 3204 2679 1).
3229 2608 3377 2671 Quid
3404 2607 3573 2681 plura
3590 2608 3887 2681 ‘IASuscepit,

2285 2686 2339 2735 et
2361 2681 2674 2751 obsecutus
2698 2684 2786 2751 est
2807 2678 3194 2751 eisgtanquam
3218 2678 3567 2751 peregrinis.
3601 2678 3889 2751 Consuetu-

2285 2751 2417 2805 dine
2447 2749 2860 2820 hospitalitatis
2894 2748 3176 2805 liberatus
3206 2748 3240 2803 εἰ
3284 2748 3546 2822 periculo
3576 2750 3827 2822 civitatis,
3848 2754 3890 2806 et

2285 2824 2602 2893 temporale
2625 2821 2809 2876 evasit
2827 2821 3185 2893 incendium,
3206 2825 3261 2874 et
3278 2821 3562 2878 aeternum
3583 2830 3889 2877 consecutus

2285 2900 2372 2973 est
2402 2892 2996 2973 prmmium._piscite,
3047 2892 3374 2973 christiani,
3406 2894 3557 2973 _sine
3586 2894 3892 2973 discretione

2285 2962 2555 3020 exhibere
2584 2962 3064 3034 hospitalitatem,
3080 2979 3152 3018 ne
3167 2963 3311 3019 forte
3325 2962 3421 3019 cui
3443 2966 3679 3020 domum
3703 2966 3892 3021 clause-

2286 3036 2434 3105 ritis,
2459 3037 2548 3090 cui
2576 3034 3000 3089 humanitatem
3026 3036 3379 3104 negaveritis
3402 3037 3531 3107 ipse
3552 3036 3627 3091 sit
3646 3036 3890 3091 Christus.

2288 3108 2407 3162 Non
2442 3107 3038 3189 amplius'evagemu‘r
3067 3124 3100 3159 a
3132 3106 3439 3189 proposita
3457 3108 3700 3189 actione:
3725 3106 3895 3189 angeli

2285 3184 2568 3233 venerunt
2591 3179 2659 3231 ad
2696 3177 2860 3247 Loth,
2894 3182 2949 3232 et
2974 3177 3285 3232 dixerunt:
3319 3178 3523 3234 Videte
3555 3184 3609 3234 et
3635 3177 3895 3241 advertite,

2329 3250 2427 3304 uia
2458 3251 2643 3321 angeli
2678 3249 2836 3319 loqui
2870 3250 3163 3303 dicuntur.
3209 3249 3357 3312 Quid
3392 3251 3663 3305 dixerunt
3692 3248 3895 3321 angeli?

2324 3323 2456 3375 alva
2472 3320 2720 3374 animam
2742 3325 2915 3386 tuam,
2942 3321 3058 3375 noli
3077 3322 3348 3390 respicere
3362 3331 3489 3392 post
3516 3329 3721 3392 tergum
3744 3320 3893 3389 (Ibid,

2286 3392 2397 3461 47).
2428 3392 2570 3455 Quia
2592 3408 2747 3446 nemo
2765 3407 2972 3463 ponens
2994 3408 3220 3446 manum
3242 3408 3410 3462 super
3428 3397 3761 3455 aratrum.et
3780 3396 3896 3447 retro

2286 3465 2597 3535 respiciens,
2633 3472 2794 3532 aptus
2822 3466 2899 3517 est
2938 3479 3101 3532 regno
3149 3464 3246 3517 Dei
3289 3464 3446 3535 (Luc.
3501 3481 3577 3535 Ix.
3610 3465 3718 3535 62).
3748 3464 3897 3534 Neque

2284 3534 2387 3589 stes
2405 3538 2463 3589 in
2480 3536 2632 3589 omni
2654 3535 2808 3590 circa
2831 3536 3085 3603 regione;
3106 3534 3356 3589 terrenis
3378 3551 3496 3589 non
3530 3534 3796 3590 inhaerens
3817 3551 3894 3588 vo-

2285 3604 2606 3676 luptatibus
2633 3623 2645 3660 :
2669 3605 2764 3660 sed
2785 3607 2843 3659 in
2863 3609 3043 3660 monte
3063 3605 3281 3660 salvum
3299 3609 3355 3660 te
3372 3607 3469 3675 [ac
3486 3604 3639 3671 (Gen.
3662 3622 3769 3669 xxx.
3794 3604 3891 3676 l7);

2285 3675 2417 3748 spes
2445 3683 2545 3732 tua
2579 3681 2726 3731 Deus
2757 3677 2853 3747 sit,
2889 3692 2959 3748 ne
2988 3681 3045 3730 et
3077 3681 3137 3730 tu
3162 3675 3340 3748 simul
3366 3692 3573 3746 pereas
3595 3694 3721 3732 cum
3744 3677 3893 3732 Sodo-

2286 3746 2464 3803 mitis.
2491 3749 2764 3818 Dixitque
2788 3747 2915 3803 Loth
2936 3748 3008 3801 ad
3027 3763 3129 3802 eos.
3162 3746 3366 3801 Videte
3400 3748 3697 3803 hominem
3727 3748 3890 3801 viden-

2284 3824 2401 3874 tem
2426 3836 2541 3874 non
2568 3817 2804 3886 caecum,
2829 3819 2981 3873 sicut
2998 3818 3181 3873 Judaei
3203 3821 3261 3872 et
3283 3818 3603 3874 Sabelliani
3632 3838 3645 3886 ;
3679 3836 3783 3874 non
3800 3817 3890 3888 lip-

2284 3891 2559 3962 pientem,
2585 3891 2736 3944 sicut
2756 3889 2951 3962 Ariani
2977 3906 2990 3943 :
3016 3890 3113 3945 sed
3147 3889 3347 3962 oculos
3379 3906 3559 3945 sanos
3590 3890 3885 3955 habentem,

2282 3964 2434 4017 sicut
2456 3962 2723 4016 catholici
2746 3961 3077 4017 Christiani.
3101 3961 3604 4026 Angelosvidit,et
3618 3964 3887 4017 Dominum

2281 4033 2584 4097 intellexit,
2608 4033 2753 4097 Quid
2778 4033 2925 4087 dixit
2947 4031 3169 4102 angelis
3190 4031 3217 4086 ‘l
3236 4032 3503 4102 Dixitque
3544 4034 3676 4088 Loth
3712 4031 3885 4087 adeas:

2279 4105 2507 4159 Domine
2530 4106 2626 4172 mi,
2648 4106 2783 4174 quia
2803 4105 3013 4158 invenit
3032 4119 3217 4158 servus
3237 4105 3363 4157 tuus
3386 4105 3633 4171 gratiam
3651 4114 3769 4160 ante
3781 4113 3835 4168 te,
3850 4110 3890 4156 et

2279 4174 2651 4245 magniﬁcasti
2665 4174 3104 4230 misericordiam
3125 4178 3297 4243 tuam,
3316 4191 3486 4245 quam
3500 4177 3681 4245 fecisti
3693 4191 3886 4240 mecum,

2278 4253 2339 4300 ut
2356 4248 2603 4320 salvares
2622 4248 2870 4320 animam
2890 4262 3064 4320 metu):
3088 4246 3248 4320 (Ibid.
3275 4247 3383 4320 10).
3407 4249 3620 4320 Magna
3643 4264 3748 4320 res,
3777 4259 3885 4301 cum

2279 4318 2673 4372 voloJuda‘um
2690 4317 2859 4372 ferire
2871 4317 3207 4387 sic,Moyses
3220 4317 3584 4373 fortissimus
3598 4320 3683 4372 vir
3694 4319 3884 4387 hastam

2278 4390 2432 4443 verbi
2460 4389 2549 4443 sui
2570 4388 2837 4453 vibravit,
2859 4392 2915 4442 et
2934 4385 3114 4455 misit,
3136 4393 3200 4442 ut
3215 4404 3318 4459 per
3331 4388 3607 4443 Judaeum
3628 4390 3695 4443 ad
3718 4385 3882 4443 Sabel-

2278 4459 2433 4514 lianu
2446 4476 2498 4513 m
2518 4459 2812 4528 transiret,
2830 4459 3224 4529 Arianumque
3239 4464 3590 4529 percuteret.
3612 4459 3748 4526 Quid
3764 4459 3883 4529 agis,

2276 4531 2417 4585 Loth
2441 4536 2641 4585 sancte
2660 4531 2687 4585 ἱ)
2709 4530 2955 4598 Angelos
2977 4531 3158 4595 vides,
3182 4536 3238 4585 et
3259 4547 3374 4585 non
3406 4548 3618 4596 unum,
3652 4532 3744 4585 sed
3763 4531 3883 4584 duos

2274 4608 2330 4655 et
2353 4602 2517 4671 dicis,
2542 4604 2769 4656 Domine
2787 4604 2888 4656 mi.
2909 4603 2989 4656 Ad
3013 4619 3192 4656 unum
3213 4603 3386 4656 verba
3406 4602 3572 4667 facis,
3596 4618 3767 4656 unum
3786 4615 3885 4671 pre-

2275 4675 2458 4739 curis;
2483 4680 2672 4728 etnon
2700 4674 2915 4727 metuis
2938 4690 3008 4727 ne
3031 4673 3194 4727 alteri
3221 4673 3499 4742 injuriam
3526 4675 3711 4729 facere
3730 4672 3887 4742 videa-

2275 4746 2393 4799 ris?
2415 4745 2600 4809 Absit,
2626 4743 2833 4814 inquit,
2861 4744 3150 4805 Recedite,
3173 4740 3390 4810 Judaei;
3417 4744 3691 4809 recedite,
3715 4740 3884 4798 Sabel-

2274 4816 2434 4877 liani,
2459 4816 2594 4885 quia
2614 4832 2725 4869 non
2751 4816 2987 4877 videtis;
3009 4816 3276 4887 recedite,
3298 4816 3521 4880 Ariani,
3548 4814 3687 4887 quia
3707 4828 3886 4885 parum

2267 4887 2497 4942 videtis.
2519 4888 2636 4958 Ego
2653 4887 2815 4940 video
2837 4904 2849 4951 ;
2871 4891 2927 4940 et
2944 4888 3098 4957 quod
3121 4886 3284 4942 video
3303 4886 3645 4958 quiavideo,
3663 4903 3761 4958 nec
3773 4901 3884 4940 con-

2268 4963 2464 5013 temno
2495 4956 2599 5030 nec
2625 4974 2792 5030 erro._
2816 4956 2971 5011 Duos
2998 4958 3183 5030 video,
3215 4956 3469 5030 aequales
3498 4956 3884 5030 videgiUnum

2268 5046 2427 5101 rogo,
2452 5028 2595 5083 nulli
2618 5028 3065 5101 injuriamgl‘acio
3090 5045 3103 5084 :
3128 5031 3265 5100 quia
3286 5027 3527 5101 Patrem
3561 5046 3595 5083 a
3626 5027 3762 5083 Filio
3792 5042 3885 5081 non

2268 5099 2479 5155 divido.
2496 5101 2641 5154 Nam
2660 5099 3070 5171 utintelligatis
3088 5099 3301 5156 menon
3318 5100 3460 5163 falli,
3477 5117 3613 5154 cum
3630 5101 3887 5155 duostau-

2266 5188 2440 5241 quam
2474 5188 2656 5226 unum
2690 5172 2985 5242 deprecor,
3016 5172 3205 5226 videte
3236 5178 3431 5226 utrum
3477 5172 3618 5234 duo,
3650 5186 3721 5225 an
3753 5181 3884 5242 unus

2266 5242 2412 5298 meis
2434 5243 2781 5313 respondeat
2799 5242 3086 5313 precibus.
3105 5244 3275 5299 Petiit
3288 5244 3415 5297 utin
3437 5242 3667 5296 modica
3680 5241 3886 5313 civitate

2264 5320 2320 5369 et
2336 5312 2597 5385 proxima
2615 5312 2901 5385 refugium
2924 5314 3160 5370 haberet
3176 5320 3233 5370 et
3245 5315 3479 5369 viveret.
3505 5312 3886 5385 Respondetur

2262 5379 2675 5441 eifVideamus
2697 5379 2839 5456 quot
2859 5390 2999 5439 sunt
3020 5386 3119 5452 qui
3145 5385 3520 5457 respondent.
3557 5379 3743 5457 Vérba
3769 5379 3886 5457 libri

2263 5474 2328 5512 su
2340 5452 2731 5529 bsequuntu
2747 5458 3003 5527 Dixitque
3018 5457 3086 5511 ad
3101 5474 3225 5512 eum
3242 5452 3261 5510 Ξ
3280 5455 3443 5528 quasi
3464 5455 3764 5529 responsio
3781 5452 3883 5529 sin-

2302 5523 2481 5585 ularis
2498 5539 2602 5584 est.
2622 5528 2828 5583 Adhuc
2849 5523 3116 5598 sequere,
3137 5523 3439 5583 videamus
3465 5542 3477 5579 ε
3504 5523 3641 5581 Ecce
3657 5523 3884 5580 etiamin

2297 5617 2361 5656 oc
2379 5603 2591 5671 suscepi
2606 5616 2789 5671 preces
2820 5604 2964 5665 tuas,
2996 5602 3053 5653 ut
3081 5616 3191 5656 non
3214 5601 3529 5671 subvertant
3558 5598 3763 5662 urbem,
3793 5608 3882 5665 pro

2257 5688 2365 5743 qua
2390 5669 2616 5727 locutus
2626 5688 2700 5727 es.
2726 5672 2961 5743 Festina,
2984 5678 3041 5727 et
3058 5672 3274 5727 salvere
3292 5673 3412 5743 ibi:
3430 5669 3569 5743 quiq
3586 5674 3885 5743 nouitatem

2256 5735 2445 5871 Carere
2465 5744 2782 5814 quidquam,
2990 5743 3322 5871 ingrediaris
3343 5735 3480 5798 illu'c
3499 5738 3658 5813 (Ibid.
3679 5735 3880 5821 213?).

2307 5815 2454 5871 idea.
2471 5816 2755 5871 Judtee.et
2771 5815 2884 5871 dlcl
2905 5831 3050 5871 anne
3080 5832 3200 5871 um.
3213 5818 3411 5871 etesse
3434 5811 3629 5871 Deum
3647 5810 3675 5871 ?
3691 5809 3875 5871 Audis.

2307 5814 2454 5886 ides,
2471 5807 2755 5887 Judée,et
2769 5807 2884 5873 dici
2905 5807 3200 5890 angelum,
3213 5818 3271 5876 et
3285 5827 3411 5877 esse
3434 5807 3629 5875 Deum
3647 5810 3675 5872 ?
3691 5807 3875 5879 Audis:
