4128 6186
258 254 414 313 113³1

325 389 620 472 εγξυξαροστλ
633 389 954 472 respondit:
964 389 1130 472 Aliud
1147 389 1728 472 interrogav‘eramﬁt
1741 387 1791 472 a_l
1803 389 1900 444 iud

252 457 554 534 immisisti
578 476 590 514 :
616 457 1131 534 deresurrectione
1152 457 1421 534 cognovi,
1439 467 1495 517 et
1517 457 1671 532 quod
1689 462 1904 517 inferos

251 531 550 604 superavit
571 531 846 604 addidici.
877 533 985 588 Sed
1009 531 1287 604 quoniam
1312 533 1509 589 dixisti
1532 531 1600 588 de
1623 536 1792 588 tertia
1817 551 1902 589 re-

248 603 576 729 sprrexisse
599 603 911 658 Dominum
936 603 1311 674 Salvatorem,
1338 607 1491 678 quod
1515 623 1590 662 an
1615 606 1790 661 fuerit
1814 605 1906 660 fac

250 688 281 728 c
315 690 436 729 um.
472 691 695 729 IEDOI‘O.

250 688 436 739 etum,
472 691 695 739 ignoro.

327 691 412 727 1m
472 691 485 727 ι
535 691 695 729 noro.

327 691 602 819 Eadm-:gsu
652 746 829 801 dixit:
859 746 990 819 Scio
1024 747 1164 818 quia
1197 764 1421 804 memor
1449 763 1548 804 es:
1585 748 1686 804 sed
1719 747 1902 819 poeni-

249 817 444 872 tentiae
498 833 674 872 causa
723 833 853 891 _non_
889 818 975 873 vis
1024 817 1289 875 confiteri
1338 820 1493 891 quod
1528 817 1907 875 nosti—Error

249 893 511 943 macerat
540 888 982 954 conscientiam,
1015 895 1070 946 et
1101 892 1324 947 crimen
1355 888 1702 946 memoriam
1729 891 1901 946 tollit.

249 961 396 1015 Audi
430 977 566 1031 ergo
597 960 900 1016 Christum
933 964 1004 1017 ab
1058 963 1279 1028 inferis,
1333 969 1396 1017 ut
1428 980 1532 1018 nos
1564 964 1900 1030 viviﬁcaret,

249 1032 347 1105 die
379 1033 546 1086 tertia
577 1033 986 1105 resurrexisse.
1041 1038 1182 1104 Lege
1224 1037 1368 1089 Osee
1399 1034 1766 1105 prOphetam,
1803 1033 1902 1104 qui

246 1103 350 1169 ait,
387 1105 686 1173 Viviﬁcavit
709 1120 807 1158 nos
826 1103 915 1159 die
936 1107 1107 1160 tertia
1120 1103 1142 1173 ί(
1155 1105 1300 1159 Osee.
1327 1103 1664 1175 v1,’3).‘Etin
1691 1103 1900 1160 Deuts-

247 1176 518 1230 ronomio
545 1176 628 1230 sic
659 1175 774 1231 ait:
810 1177 962 1232 Dixit
1009 1177 1274 1230 Dominus
1303 1176 1373 1231 ad
1404 1177 1641 1244 Moysen,
1671 1178 1898 1231 Descen-

243 1245 335 1312 de,
367 1257 421 1301 et
449 1248 730 1316 sancti/ica
755 1249 1016 1318 populum
1047 1264 1249 1314 meum,
1281 1235 1566 1318 sanctifica
1590 1235 1721 1303 illos
1743 1248 1900 1303 hodie

243 1322 305 1392 et
333 1335 474 1386 cras,
488 1323 558 1392 _et
583 1319 764 1392 lavent
786 1324 982 1392 vestem
1004 1336 1180 1392 suam,
1204 1328 1258 1376 et
1276 1321 1392 1375 sint
1407 1321 1601 1392 parati
1621 1321 1686 1392 in,
1697 1336 1898 1390 peren-

243 1389 446 1444 dinum
467 1389 628 1456 diem,
654 1390 711 1444 id
733 1395 842 1458 est,
868 1391 928 1445 in
947 1391 1101 1445 diem
1119 1390 1271 1446 ultra
1285 1389 1607 1446 crastinum
1626 1408 1637 1446 :
1654 1389 1900 1446 dieenim

241 1460 711 1534 terrtiaidescendet
730 1463 997 1517 Dominus
1021 1464 1078 1517 in
1100 1469 1285 1518 monte
1306 1463 1438 1518 Sina
1455 1463 1646 1534 (Exod.
1667 1479 1786 1533 xxx,
1809 1464 1896 1528 10,

243 1532 458 1605 11);Ει
489 1533 548 1587 in
591 1532 898 1605 Evangelio
959 1534 1041 1588 sic
1091 1535 1208 1591 ait:
1259 1532 1553 1605 Progenies
1581 1532 1817 1605 nequam
1846 1539 1899 1590 et

238 1604 501 1660 adultera
529 1606 748 1675 signum
761 1604 925 1676 petit,
957 1610 1009 1660 et
1036 1607 1260 1674 signum
1292 1604 1403 1661 non
1430 1604 1760 1675 dabitur’ei,
1783 1607 1898 1660 nisi

240 1679 469 1744 signum
495 1677 650 1733 lenm
674 1678 970 1747 propheta.
1008 1677 1280 1744 Quomodo
1309 1677 1459 1731 enim
1501 1679 1666 1734 Jonas
1694 1679 1807 1747 fuit
1837 1678 1893 1732 in

239 1753 431 1803 ventre
450 1750 555 1802 ceti
575 1748 750 1802 tribus
761 1748 1011 1804 diebuset
1027 1749 1217 1817 tribus,
1234 1750 1499 1818 noctibus,
1518 1751 1595 1804 ita
1609 1751 1712 1804 erit
1723 1749 1895 1803 Filius

241 1820 490 1874 hominis
513 1820 691 1874 tribus
712 1821 912 1875 diebus
934 1826 987 1874 et
1005 1821 1180 1875 tribus
1198 1821 1446 1874 noctibus
1469 1823 1527 1875 in
1544 1821 1713 1877 corde
1729 1830 1895 1878 terra?

240 1890 461 1962 (Matth.
495 1907 595 1955 xu,
630 1892 718 1960 39,
744 1893 844 1947 4οι
880 1893 1009 1948 Luc.
1042 1909 1122 1956 x1,
1153 1893 1243 1957 29,
1277 1893 1392 1962 30).

316 1963 621 2018 SYNAGOGA
655 1963 955 2034 respondit
980 1981 992 2017 :
1027 1964 1419 2034 Recognosco,
1446 1978 1582 2017 vera
1603 1967 1741 2017 sunt
1763 1979 1891 2034 qua:

240 2033 390 2114 mihi
407 2039 559 2114 teste
579 2033 886 2114 prophetia
911 2033 1242 2114 narrantur.
1268 2039 1434 2114 iiuna
1457 2035 1604 2089 scire
1629 2033 1892 2114 desidero

239 2106 343 2161 ubi
367 2105 591 2177 sit,_ubi
620 2105 794 2161 lateat
816 2106 1107 2172 Christus,
1132 2106 1230 2177 qui
1255 2107 1326 2160 de
1350 2110 1505 2161 terra
1536 2107 1888 2177 resurrexit:

237 2177 372 2232 volo
393 2175 552 2250 enim
571 2177 785 2250 videre,
805 2178 848 2232 si
866 2183 1065 2249 postea
1080 2175 1511 2250 perProphetas
1525 2176 1740 2246 aliquid
1760 2181 1892 2250 post

233 2249 576 2375 passionem
595 2248 682 2302 vel
701 2248 1324 2320 postr’esurreCtionem’
1342 2248 1888 2319 habeatpotestatis.

283 2321 379 2375 egi
413 2320 589 2375 enim.
623 2321 692 2375 ad
727 2320 1073 2375 salvandum
1110 2320 1390 2375 nonulum
1421 2329 1730 2375 venturum
1763 2337 1888 2375 esse

283 2321 379 2394 egi
413 2320 589 2385 enim,
623 2321 692 2375 ad
727 2320 1073 2394 salvandum
1110 2320 1390 2394 populum
1421 2329 1730 2376 venturum
1763 2337 1891 2377 esse

231 2392 426 2447 Eliam
461 2396 703 2446 unctum
739 2393 854 2448 Dei.

306 2464 584 2519 Eccu-zsu
611 2463 790 2518 dixit:
844 2464 1013 2533 Ergo,
1063 2462 1293 2529 misera,
1346 2463 1499 2533 quod
1531 2478 1744 2533 negare
1773 2480 1890 2519 non

235 2540 433 2607 potes,
459 2535 849 2601 conﬁtere;et
889 2534 1024 2588 audi
1066 2535 1264 2590 omnia
1303 2549 1432 2607 quae
1457 2534 1682 2607 veritas
1704 2533 1892 2607 celare

232 2605 356 2663 non
392 2611 619 2678 potest:
653 2611 772 2662 tota
803 2621 864 2678 se
897 2622 1083 2678 usque
1114 2607 1185 2662 ad
1214 2605 1390 2678 ccelos
1419 2605 1700 2678 claritatis
1723 2606 1892 2661 liber-

231 2685 329 2734 tas
359 2677 633 2734 extendit.
668 2678 816 2750 Lege
843 2677 1139 2733 Danielem
1173 2677 1272 2748 qui
1303 2677 1420 2732 ait:
1453 2677 1702 2733 Videbam
1723 2680 1786 2750 in
1807 2680 1890 2733 vi—

231 2752 396 2806 sione
427 2752 615 2813 ncetis,
648 2759 700 2804 et
725 2749 840 2804 ecce
861 2752 916 2804 in
940 2751 1176 2804 nubibus
1197 2750 1321 2803 caeli
1339 2751 1499 2820 quasi
1518 2751 1692 2804 Filius
1713 2749 1890 2804 homi-

231 2823 328 2876 nis
363 2823 587 2875 veniens
617 2823 767 2876 venit
795 2837 966 2892 usque
994 2821 1062 2876 ad
1118 2823 1353 2876 Veterem
1383 2821 1627 2890 dierum,
1662 2826 1714 2875 et
1743 2823 1891 2876 stetit

233 2895 298 2946 in
331 2895 618 2963 conspectu
648 2893 786 2963 ejus,
819 2901 870 2947 et
903 2893 1000 2963 qui
1041 2895 1369 2947 assistebant
1395 2893 1711 2948 obtulerunt
1742 2909 1885 2948 eum.

229 2965 298 3020 Et
330 2962 467 3018 data
496 2968 574 3017 est
604 2965 660 3018 ei
675 2962 922 3034 potestas
950 2966 1125 3032 regia,
1159 2973 1209 3018 et
1227 2979 1417 3019 omnes
1437 2980 1587 3032 reges
1606 2969 1775 3021 terra?
1792 2981 1891 3036 per

231 3051 437 3105 genus,
471 3042 520 3089 et
549 3037 730 3088 omnis
770 3035 997 3089 claritas
1036 3036 1273 3090 serviens
1320 3036 1372 3090 ei
1389 3054 1406 3089 :
1438 3039 1488 3088 et
1515 3040 1744 3106 potestas
1773 3035 1888 3107 ejus

229 3113 470 3178 aeterna,
501 3122 618 3178 qua:
648 3122 754 3160 non
785 3113 1070 3177 auferetur
1087 3124 1107 3168 ,'
1139 3111 1189 3162 et
1210 3123 1442 3176 regnum
1463 3109 1580 3175 eius
1600 3111 1885 3174 aeternum,

230 3177 383 3252 quod
410 3177 522 3231 non
554 3182 931 3252 corrumpetur
960 3179 1250 3252 (Dan._vn,
1285 3179 1370 3252 13,
1407 3179 1514 3245 14).

306 3253 615 3322 ΒΥΝΑαροΑ
635 3250 964 3322 respondit:
991 3250 1246 3306 Gloriam
1271 3251 1482 3304 habere
1504 3253 1744 3322 unctum
1764 3250 1886 3322 Dei,

228 3321 350 3393 hoc
378 3326 468 3375 est
489 3321 806 3391 Christum,
832 3338 1043 3392 negare
1065 3338 1179 3377 non
1206 3338 1446 3393 possum
1469 3337 1482 3375 :
1503 3321 1601 3376 sed
1622 3321 1730 3376 hoc
1746 3321 1887 3377 mihi

232 3392 442 3475 dicito,
468 3393 516 3475 si
540 3399 921 3475 posteaquam
949 3411 1166 3475 passus
1182 3392 1288 3461 est,
1315 3397 1372 3448 et
1393 3393 1731 3460 resurrexit,
1765 3394 1888 3466 glo-

231 3466 392 3536 riam
421 3463 594 3520 istam
627 3463 870 3536 adipisci
903 3463 1090 3536 potuit
1119 3469 1176 3520 et
1205 3471 1423 3520 tenere.

309 3535 583 3608 Eccnssxs
614 3534 793 3591 dixit:
831 3534 978 3608 Lege
1027 3537 1238 3591 Isaiam
1291 3536 1656 3608 prophetam,
1692 3534 1791 3606 qui
1822 3552 1891 3590 ex

229 3623 497 3680 persona
549 3607 866 3664 Salvatoris
896 3607 1011 3663 ait:
1069 3609 1223 3663 Nunc
1269 3607 1585 3678 exsurgam,
1616 3607 1751 3680 dicit
1783 3613 1888 3662 Do-

231 3679 450 3742 minus,
481 3696 630 3734 nunc
657 3679 1022 3750 clariﬁcabor,
1045 3687 1095 3734 et
1114 3680 1419 3746 exaltabor,
1444 3694 1590 3732 nunc
1611 3679 1888 3748 videbitis,

230 3767 392 3824 nunc
413 3751 761 3824 intelligetis,
780 3767 926 3806 nunc
941 3751 1377 3824 confundemini,
1395 3767 1537 3824 vana
1553 3753 1656 3805 erit
1669 3751 1890 3818 fortitu-

232 3824 304 3878 do
325 3822 580 3893 Spiritus
604 3825 790 3888 vestri,
816 3823 959 3894 ignis
979 3822 1068 3876 vos
1090 3826 1368 3878 consumet
1389 3823 1539 3892 (lsai.
1561 3838 1758 3894 xxxm,
1779 3824 1887 3890 10).

230 3895 343 3950 Sed
377 3899 436 3948 et
465 3894 644 3949 David
682 3894 762 3949 ait
785 3910 797 3950 :
820 3895 972 3949 Dixit
996 3896 1258 3949 Dominus
1283 3896 1510 3949 Domino
1532 3909 1667 3960 meo,
1712 3893 1841 3947 Sede
1861 3911 1893 3947 a

230 3965 458 4022 dextris
487 3968 643 4029 meis,
675 3965 841 4021 donec
896 3982 1096 4036 ponam
1154 3968 1412 4021 inimicos
1442 3969 1561 4020 tuos
1588 3964 1894 4020 scabellum

229 4038 451 4110 pedum
481 4043 725 4092 tuorum.
767 4039 987 4108 Virgam
1015 4040 1236 4093 virtutis
1265 4044 1382 4093 tua?
1402 4038 1611 4091 emittet
1636 4038 1894 4091 Dominus

233 4126 305 4252 $.12):
332 4109 496 4233 Sion,
524 4113 574 4164 et
603 4110 980 4252 fongnaberis
1008 4111 1065 4164 in
1098 4110 1276 4166 medio
1296 4109 1651 4165 inimicorum
1673 4113 1896 4164 tuorum

305 4197 370 4234 sa
391 4219 418 4233 -.
453 4197 566 4245 cxx,
639 4222 652 4246 ,
750 4223 762 4236 .

258 4183 418 4236 Psal.
453 4197 566 4245 cxx,
603 4183 652 4246 1,
685 4183 762 4246 2).

235 4185 418 4253 (Psal.
453 4197 566 4245 cxx,
603 4185 652 4246 1,
685 4185 762 4252 2).

237 4252 613 4380 Desixcmoos
664 4252 1007 4325 respondit;
1069 4254 1218 4325 Ergo
1277 4255 1334 4308 et
1391 4256 1542 4308 Deus
1601 4254 1656 4306 et
1716 4251 1897 4307 Filius

289 4339 367 4378 θι.

311 4395 596 4467 Eccnssu
616 4393 759 4450 dixit
783 4411 796 4450 :
819 4394 1052 4467 Utique,
1076 4393 1274 4450 stulta.
1313 4395 1419 4461 Qui
1451 4394 1520 4448 de
1553 4392 1788 4467 homine
1808 4393 1897 4466 gi-

239 4468 470 4538 gnitur,
505 4465 680 4520 homo
739 4471 847 4534 est,
900 4465 981 4524 ita
1039 4472 1095 4523 et
1133 4467 1232 4538 qui
1263 4467 1335 4522 de
1365 4467 1480 4522 Deo
1511 4466 1714 4535 oritur,
1745 4465 1897 4521 Deus

240 4537 509 4610 profecto
541 4537 828 4609 signatur.

315 4611 625 4692 Srvseoex
671 4609 1006 4692 respondit:
1061 4609 1208 4692 Non.
1237 4609 1662 4692 assertionibus
1702 4609 1895 4692 credo,
1941 4672 1950 4684 ι

245 4681 343 4737 sed
384 4681 538 4753 Lege
570 4681 786 4736 revinci
827 4681 1111 4737 desidero.
1162 4681 1286 4737 Non
1333 4682 1489 4737 enim
1523 4685 1596 4749 te,
1633 4681 1734 4736 sed
1767 4681 1898 4736 Pro-

244 4753 455 4823 phetas
485 4753 693 4808 audire
724 4753 1028 4808 contendo.

322 4825 601 4880 Eccnssu
642 4825 816 4879 dixit:
853 4824 1094 4896 Respice
1115 4823 1267 4896 quod
1293 4823 1682 4896 Psalmidicus
1710 4821 1812 4886 ait,
1845 4823 1902 4876 et

247 4897 402 4951 scies
433 4895 749 4951 Do'minum
784 4895 1146 4951 Deum’esse’
1173 4895 1546 4951 Salvatorem.
1600 4895 1896 4962 Exsurgat,

247 4967 464 5038 inquit,
499 4969 662 5034 Deus,
693 4971 742 5022 et
769 4967 1101 5038 dissipentur
1145 4967 1362 5022 inimici
1389 4967 1527 5038 ejus
1556 4969 1605 5038 et
1637 4966 1904 5038 effugiant

246 5035 345 5111 qui
369 5035 603 5094 oderunt
633 5055 759 5094 eum
787 5056 817 5095 a
846 5035 995 5111 facie
1025 5039 1158 5110 ejus.
1194 5039 1344 5094 Sicut
1363 5035 1543 5108 deﬁcit
1564 5035 1751 5111 fumus
1769 5035 1900 5106 deﬁ-

247 5110 424 5178 Ciant,
447 5115 500 5166 et
522 5113 661 5166 sicut
683 5110 907 5166 tabesCit
951 5127 1080 5182 cera
1127 5126 1164 5165 a
1210 5112 1360 5182 [acie
1380 5111 1552 5182 ignis,
1573 5110 1653 5182 sic
1673 5117 1901 5182 pereant

247 5192 559 5254 peccatores
588 5201 620 5238 a
649 5185 795 5253 facie
823 5183 941 5237 Dei.
986 5181 1216 5254 Caritate
1263 5184 1389 5248 Deo,
1438 5181 1656 5253 psallite
1685 5181 1903 5254 nomini

247 5253 388 5326 ejus,
420 5257 571 5310 viam
591 5257 758 5325 facile
776 5257 833 5311 ei
852 5255 948 5326 qui
966 5253 1208 5326 ascendit
1231 5270 1396 5325 super
1418 5269 1683 5319 occasum,
1710 5253 1901 5326 Domi-

249 5323 356 5382 nus
379 5342 579 5382 nomen
592 5323 675 5382 est
697 5327 804 5381 illi.
832 5323 937 5395 Qui
959 5324 1214 5396 producit
1237 5323 1452 5380 vinctos
1475 5326 1535 5379 in
1554 5323 1901 5394 fortitudine,

249 5402 346 5467 qui
369 5399 629 5453 habitant
659 5400 719 5452 in
747 5400 1117 5454 monumentis
1146 5398 1320 5460 (Psal.
1365 5411 1534 5460 vau,
1565 5397 1617 5462 2,
1652 5397 1704 5465 3,
1735 5397 1790 5462 5,
1824 5396 1900 5466 7).

251 5470 319 5525 Et
346 5487 561 5525 rursus
593 5470 747 5524 idem
785 5469 997 5524 David:
1043 5471 1306 5538 Exsurge,
1361 5470 1609 5532 Domine,
1641 5471 1691 5522 et
1711 5467 1904 5540 judice

253 5552 485 5605 terram,
519 5545 780 5612 quoniam
812 5546 870 5596 tu
897 5540 1256 5612 haereditabis
1286 5542 1343 5595 in
1376 5541 1627 5596 omnibus
1656 5541 1906 5608 gentibus

254 5614 434 5678 (Psal.
467 5611 679 5676 xxxvii,
710 5614 822 5682 22).
858 5613 928 5667 Et
978 5611 1154 5668 alibi:
1217 5617 1363 5667 Deus
1393 5613 1616 5668 deorum
1647 5613 1906 5664 Dominus

255 5685 471 5739 locutus
495 5690 579 5739 est
609 5681 791 5754 (Psal.
819 5701 968 5749 XLIX,
1005 5686 1078 5753 1).
1131 5686 1219 5756 Et,
1271 5687 1454 5740 Pariet
1487 5687 1636 5752 virgo
1667 5681 1903 5747 Filium,

253 5761 309 5813 et
338 5757 634 5813 vocabitur
681 5772 879 5812 nomen
920 5763 1039 5828 ejus
1071 5758 1408 5821 Emmanuel,
1453 5756 1601 5827 quod
1629 5758 1707 5809 est
1737 5756 1904 5809 inter-

251 5837 564 5904 pretatum.
593 5831 889 5888 Nobiscum
928 5831 1068 5887 Deus
1100 5831 1250 5902 (lsai.
1284 5846 1359 5895 v1,
1388 5829 1466 5900 9).
1500 5829 1588 5884 Et.
1616 5828 1905 5899 Propterea

483 6011 502 6018 .-

205 6027 212 6042 ιΙ
359 6023 378 6034 ει

231 6121 344 6141 ,7-
377 6125 422 6137 ,4ο

1761 254 2177 317 APPENDIX.

3518 256 3674 317 1138

2014 390 2175 462 ungit
2205 394 2274 451 te,
2310 391 2477 462 Deus_,
2510 387 2650 462 Deus
2677 389 2802 443 tuus
2835 385 3006 462 (Psal.
3039 404 3184 457 xuv,
3217 388 3292 460 8).
3318 387 3507 445 Habes
3533 405 3668 462 ergo

2015 466 2070 516 et
2102 459 2310 525 Deum,
2343 464 2400 514 et
2438 458 2776 525 Dominum,
2810 464 2866 513 et
2897 459 3133 531 Regem.

2083 532 2376 586 ersoooa
2408 532 2739 602 respondit:
2777 531 2844 602 Et
2874 531 3144 594 Deum,et
3171 531 3485 586 Dominum
3517 549 3668 587 reco-

2012 618 2266 675 gngsco;
2301 601 2648 675 sedqRe’gem
2684 601 2826 675 mihi
2860 603 3098 673 probari
3127 603 3427 675 desidero.

2084 673 2350 728 ECCLESIA
2383 673 2565 728 dixit:
2610 673 2974 730 Stultissima
3018 674 3354 742 mulierum,
3401 674 3447 730 si
3477 679 3659 730 Deum

2009 746 2324 818 confiteris,
2360 749 2573 816 Regem
2608 745 2776 801 fateri
2810 763 2922 800 non
2969 747 3191 818 debes?
3219 749 3338 818 Aut
3371 747 3657 818 numquid

2008 816 2161 890 Deus
2196 822 2384 890 potest
2434 833 2606 890 esse,
2634 818 2748 871 nisi
2802 817 3168 886 regnaverit?
3199 817 3382 873 Omne
3416 816 3657 890 regnum

2008 889 2118 942 sub
2152 887 2398 959 pedibus
2448 890 2541 961 Dei
2585 889 2778 961 jacet;
2825 893 2881 942 et
2911 889 3197 960 quidquid
3228 906 3406 961 regna
3433 887 3652 956 tenent,

2009 961 2283 1033 maiestas
2317 959 2573 1033 possidet
2604 961 2725 1014 Dei.
2769 960 2916 1033 Ergo
2931 959 3160 1033 Regem
3194 959 3448 1030 dubitas,
3482 978 3657 1032 quem

2008 1031 2189 1085 Deum
2225 1032 2477 1100 profecto
2524 1032 2827 1101 cognoscis
2849 1031 2875 1085 ‘l

2076 1103 2376 1184 ‘Srmoocx
2427 1103 2763 1184 respondit:
2817 1103 2941 1184 Non
2991 1104 3230 1184 quidem
3283 1104 3506 1173 dubito,
3556 1105 3654 1161 sed

2003 1173 2128 1254 volp
2163 1173 2305 1227 mihi
2341 1174 2516 1254 Israel
2551 1173 2791 1254 veritate
2814 1173 3054 1254 signari.

2075 1245 2341 1299 ECCLESIA
2374 1245 2515 1298 dixit
2542 1262 2553 1317 ς
2591 1245 2733 1315 Lege
2760 1245 2958 1313 David,
2986 1253 3040 1300 et
3063 1246 3321 1301 invenies
3347 1246 3404 1300 in
3429 1246 3654 1317 psalmo

2004 1317 2436 1390 septuagesimo
2471 1315 2696 1390 primo:
2735 1317 2874 1371 Deus
2904 1318 3178 1390 judicium
3200 1326 3368 1390 tuum
3395 1315 3532 1390 Regi
3559 1318 3651 1386 da,

2000 1391 2051 1462 et
2071 1389 2353 1457 justitiam
2377 1396 2527 1462 tuam
2557 1387 2674 1462 ﬁlio
2708 1390 2880 1457 Regis.
2916 1389 2984 1441 Et
3007 1389 3061 1442 in
3090 1388 3317 1459 psalmo
3340 1387 3650 1462 septuage-

2002 1459 2151 1514 simo
2180 1459 2435 1514 secundo
2458 1459 2537 1513 ait
2559 1476 2571 1513 :
2593 1459 2932 1513 Deusautem
2955 1462 3065 1514 Rex
3083 1473 3264 1514 noster
3279 1459 3650 1530 ante'seecula,

2000 1540 2256 1601 operatus
2286 1535 2361 1585 est
2385 1531 2622 1585 salutem
2653 1532 2708 1584 in
2733 1530 2907 1586 medio
2927 1534 3112 1587 terrae.
3137 1533 3205 1586 Et
3227 1532 3283 1585 in
3309 1532 3532 1603 psalmo
3555 1549 3650 1589 se-

2000 1604 2190 1656 cundo
2212 1619 2223 1656 :
2246 1603 2350 1672 Ego
2371 1607 2548 1656 autem
2571 1604 2891 1676 constitutus
2911 1619 3031 1656 sum
3055 1605 3164 1676 Rex
3184 1604 3251 1657 ab
3270 1619 3327 1658 eo
3343 1620 3508 1676 super
3521 1604 3651 1660 Sion

1998 1683 2233 1729 montem
2262 1683 2509 1729 sanctum
2539 1675 2676 1742 eius,
2711 1676 3050 1728 annuntians
3091 1675 3382 1744 imperium
3413 1677 3550 1742 ejus.
3585 1681 3650 1732 Et

1999 1747 2151 1816 apud
2180 1745 2520 1800 Malachiam
2555 1745 2640 1799 sic
2673 1745 2788 1801 ait:
2822 1747 2935 1800 Rex
2966 1762 3196 1814 magnus
3225 1763 3348 1800 sum
3370 1762 3490 1815 ego,
3514 1749 3650 1806 dicit

1999 1820 2288 1889 Dominus,
2322 1821 2371 1870 et
2401 1832 2595 1889 nomen
2624 1833 2803 1889 meum
2829 1817 3127 1872 illustrabo
3148 1817 3298 1886 apud
3317 1821 3497 1888 gentes
3520 1820 3648 1889 (Ma-

2003 1888 2146 1943 lach.
2173 1907 2210 1958 1,
2241 1889 2347 1955 14).
2374 1889 2439 1942 Et
2461 1888 2516 1942 in
2545 1888 2768 1958 psalmo
2807 1889 3184 1960 nonagesimo
3223 1895 3383 1944 sexto
3409 1908 3420 1944 :
3450 1888 3647 1946 Demi-

1996 1977 2102 2014 nus
2128 1962 2372 2030 regnavit
2394 1979 2416 2023 ;
2434 1961 2666 2014 exsultet
2701 1965 2867 2025 terra,
2912 1961 3170 2016 laetentur
3207 1963 3644 2020 ins-ulmmultw.

1999 2032 2064 2086 Et
2096 2031 2271 2085 alibi:
2304 2033 2586 2086 Eructavit
2634 2048 2727 2085 cor
2773 2048 2954 2087 meum
3003 2035 3231 2087 verbum
3279 2034 3498 2099 bonum,
3529 2034 3649 2091 dico

2003 2119 2105 2175 ego
2135 2120 2298 2173 opera
2329 2119 2448 2157 mea
2481 2105 2612 2173 Regi
2639 2104 2811 2173 (Psal.
2842 2121 2991 2168 κων,
3023 2104 3101 2174 2).

2067 2176 2364 2229 SYNAGOGA
2397 2176 2734 2245 respondit:
2770 2175 3097 2229 Prmvenisti
3133 2191 3243 2244 me,
3283 2177 3645 2246 respondere

1995 2245 2138 2319 nihil
2175 2263 2413 2317 possum
2441 2263 2453 2299 :
2489 2264 2603 2302 non
2636 2246 2952 2301 assertione
2982 2246 3311 2315 verborum,
3345 2245 3444 2302 sed
3496 2248 3646 2319 Lege

1993 2318 2194 2373 videor
2225 2335 2352 2372 esse
2397 2319 2695 2372 damnata.

2067 2391 2329 2444 Econssu
2363 2389 2546 2445 dixit:
2603 2392 2898 2459 Interroga
2946 2403 3332 2460 quaecumque
3369 2387 3643 2458 volueris,

1995 2465 2052 2516 et
2081 2478 2182 2530 ego
2218 2465 2272 2515 te
2306 2462 2377 2515 de
2410 2466 2510 2515 tuo
2542 2461 2911 2516 Testamento
2945 2461 3257 2515 revincam.

2066 2533 2367 2587 SYNAGOGA
2400 2534 2736 2602 respondit:
2790 2532 2951 2585 Certe
2983 2531 3129 2587 dicis
3175 2537 3229 2586 te
3260 2531 3495 2586 diffiteri
3528 2549 3642 2588 non

1995 2621 2184 2674 posse,
2221 2604 2372 2674 quod
2409 2605 2674 2659 Christus
2707 2604 2859 2658 Deus
2890 2602 2967 2657 sit
2995 2603 3255 2673 Abrahae,
3282 2603 3432 2658 Deus
3455 2603 3638 2674 Isaac,

1994 2673 2050 2730 et
2082 2673 2462 2730 Deus’Jacob.
2497 2676 2702 2748 Utique
2734 2673 3024 2730 Abraham
3064 2676 3299 2748 Iudaeus
3331 2675 3462 2744 fuit,
3494 2673 3638 2748 quoé

1995 2748 2164 2802 modo
2197 2763 2332 2818 ergo
2365 2764 2452 2802 me
2485 2746 2630 2802 dicis
2661 2748 3058 2801 damnandam
3081 2746 3108 2802 ‘l

2064 2817 2490 2873 ECCLssiAdixit
2507 2837 2518 2874 :
2537 2824 2705 2886 Bene,
2723 2818 3012 2889 quodjam
3034 2817 3256 2889 coepisti
3280 2817 3642 2888 reciprocare

1996 2906 2316 2954 sermones,
2342 2897 2398 2945 et
2422 2891 2491 2944 de
2523 2891 2865 2960 obliquitate
2903 2890 3230 2960 verborum,
3257 2905 3357 2958 per
3389 2889 3639 2944 ﬂexuras

2035 2961 2338 3016 arabolaru
2351 2979 2404 3015 m
2427 2959 2690 3016 membra
2705 2961 2957 3031 palpare.
2978 2961 3122 3016 Nam
3137 2965 3193 3015 et
3211 2959 3415 3015 Petrus
3430 2966 3487 3014 et
3501 2962 3644 3016 Pau-

2019 2979 2404 3016 laranmarum
2427 2979 2690 3016 memora
2744 2979 2957 3031 alparc.
2979 2979 3122 3016 nam
3137 2979 3193 3015 ει
3211 2979 3644 3016 retrusetrau-

2019 3051 2087 3087 us
2105 3033 2511 3104 praedicatores
2535 3034 2668 3101 mei,
2696 2979 2876 3088 fudaei
2902 3035 3157 3095 fuerunt,
3180 3033 3275 3086 sed
3299 3031 3648 3088 derelictate

1995 3106 2064 3159 ad
2102 3105 2316 3159 fontem
2351 3105 2477 3158 vitae
2530 3110 2922 3176 aiternamque
2955 3104 3203 3176 gratiam
3251 3108 3647 3159 convenerunt

1993 3181 2138 3230 Nam
2164 3176 2481 3242 Abraham,
2508 3193 2682 3246 quem
2707 3175 3024 3230 nominasti
3047 3192 3176 3229 cum
3197 3179 3645 3246 paganusesset,

1995 3257 2047 3330 et
2072 3247 2226 3302 idola
2249 3245 2660 3330 confringeret,
2683 3247 2765 3303 sic
2786 3249 2859 3330 ad
2881 3247 3084 3330 divinas
3106 3245 3426 3330 majestalis
3443 3245 3644 3330 amici;

1994 3321 2107 3374 tias
2124 3319 2469 3383 convolavit,
2496 3318 2629 3374 inde
2649 3318 3099 3387 incolumisjam
3123 3319 3215 3371 Dei
3237 3319 3482 3384 amicus,
3505 3319 3647 3373 adte

1996 3408 2203 3446 rursus
2221 3391 2466 3446 accessit
2484 3408 2496 3445 :
2514 3392 2611 3446 sed
2629 3395 2682 3445 et
2697 3392 3070 3461 postmodum
3088 3395 3186 3443 ate
3201 3391 3269 3443 ad
3289 3393 3520 3461 Gentes,
3539 3389 3646 3444 hoc

1996 3468 2083 3517 est
2115 3463 2183 3515 ad
2221 3480 2345 3528 nos,
2401 3461 2611 3515 iterum
2670 3460 2855 3515 redire
2906 3461 3221 3514 mandavit.
3270 3460 3362 3513 Sic
3394 3461 3548 3514 enim
3583 3461 3642 3515 in

1995 3533 2198 3587 Genesi
2232 3535 2346 3587 ait:
2381 3534 2555 3601 Dicit,
2621 3533 2830 3603 inquit,
2880 3534 3137 3586 Dominus
3192 3532 3328 3603 Deus
3383 3530 3638 3598 Abrahae,

1995 3606 2102 3658 Exi
2123 3605 2196 3659 de
2211 3613 2363 3658 terra
2387 3613 2500 3669 tua,
2525 3603 2656 3657 etde
2672 3601 2993 3673 cognatione
3010 3611 3122 3671 tua,
3144 3607 3194 3656 et
3213 3602 3278 3655 de
3294 3601 3452 3655 domo
3467 3603 3642 3672 patris

1995 3678 2097 3739 tui,
2132 3681 2180 3729 et
2212 3676 2344 3728 vade
2378 3677 2432 3728 in
2467 3676 2625 3728 illam
2654 3684 2876 3740 terram,
2911 3691 3075 3746 quam
3105 3673 3210 3727 tibi
3248 3673 3526 3727 ostendero
3549 3689 3570 3734 ;
3589 3681 3640 3727 et

1996 3749 2200 3817 faciam
2222 3753 2274 3801 te
2298 3748 2352 3800 in
2367 3752 2577 3816 gentem
2593 3764 2872 3815 magnam,
2887 3755 2936 3801 et
2951 3746 3260 3800 benedicam
3274 3754 3346 3810 te,
3363 3752 3411 3799 et
3424 3746 3640 3817 magni-

1999 3815 2166 3889 ﬁcabo
2186 3834 2376 3873 nomen
2399 3818 2719 3887 tuum(Gen.
2741 3836 2841 3882 xu,
2863 3819 2912 3883 1,
2945 3819 3020 3885 2).
3059 3817 3232 3889 Vides
3263 3832 3367 3887 ego
3398 3815 3642 3889 Abrahae

2001 3887 2374 3962 praeceptum,
2403 3895 2466 3943 ut
2489 3891 2667 3944 exiret
2687 3891 2757 3945 de
2778 3895 2933 3962 terra
2954 3893 3077 3954 tua,
3111 3888 3267 3962 etde
3299 3887 3644 3962 cognatione

2000 3959 2120 4032 tua,
2151 3959 2206 4015 et
2236 3963 2305 4016 de
2336 3962 2507 4016 domo
2541 3962 2721 4032 patris
2753 3961 2877 4029 tui;
2941 3967 2994 4014 et
3054 3959 3275 4015 veniret
3328 3959 3397 4012 ad
3435 3964 3648 4014 terram

2002 4034 2296 4100 Gentium,
2323 4038 2379 4087 et
2399 4034 2667 4104 princeps
2684 4034 3030 4103 lieretsuper
3042 4032 3277 4098 Gentes,
3296 4037 3648 4104 etmagnum

2004 4122 2214 4161 nomen
2236 4105 2349 4158 acci
2363 4101 2540 4175 peret.
2566 4101 2710 4159 Nam
2730 4109 2784 4159 et
2809 4105 2866 4157 in
2888 4101 3075 4175 ﬁgura
3092 4101 3404 4158 Salvatoris
3418 4101 3653 4175 benedi-

2005 4177 2086 4234 xit
2121 4179 2276 4230 Isaac
2307 4174 2485 4231 Jacob
2512 4193 2523 4231 :
2558 4177 2802 4231 Servient
2836 4174 2956 4242 tibi,
2980 4175 3187 4244 inquit,
3214 4176 3424 4242 Gentes,
3448 4183 3497 4230 et
3517 4174 3649 4229 ado-

2003 4250 2207 4304 rabunt
2236 4256 2284 4301 te
2310 4249 2611 4319 principes,
2647 4256 2696 4302 et
2724 4250 2832 4303 eris
2862 4247 3113 4302 dominus
3139 4247 3405 4319 fratribus
3438 4247 3568 4316 tuis,
3594 4251 3651 4300 et

2006 4317 2320 4376 adorabunt
2342 4327 2389 4373 te
2417 4321 2527 4389 ﬁlii
2553 4322 2747 4374 matris
2776 4323 2889 4375 tua?
2921 4319 3017 4389 (Id.
3052 4335 3225 4380 xxvu,
3251 4317 3362 4388 29).

2077 4393 2378 4446 SYNAGOGA
2409 4391 2711 4462 respondit
2736 4409 2747 4445 :
2774 4391 2921 4462 Ergo
2946 4389 3245 4462 omnesad
3268 4392 3322 4443 te
3343 4390 3651 4462 venerunt,

2005 4467 2062 4518 et
2092 4480 2217 4532 ego,
2253 4479 2378 4532 quae
2412 4457 2523 4517 tot'
2546 4470 2601 4516 et
2652 4457 3042 4517 tantos'lilios
3075 4461 3273 4525 habui,
3306 4463 3368 4532 et
3392 4457 3648 4532 filiorum

2008 4529 2386 4589 multitudine
2415 4533 2662 4604 gloriata
2702 4550 2854 4596 sum,
2910 4538 2973 4586 ut
3014 4529 3650 4604 derelicta_despicior,

2009 4624 2134 4679 quis
2167 4601 2463 4679 fuimater
2496 4605 2762 4679 populis:
2799 4608 2899 4658 aut
2948 4605 2995 4658 si
3037 4603 3142 4658 tibi
3174 4607 3239 4679 ut
3270 4601 3470 4679 plures
3503 4601 3655 4656 ﬁlios

2008 4674 2224 4734 habeas
2256 4677 2315 4732 in
2347 4674 2509 4749 Lege
2544 4674 2887 4733 mandatum
2936 4679 3044 4745 est,
3100 4674 3344 4747 probare
3379 4674 3557 4729 debes
3587 4689 3657 4729 ex

2011 4752 2179 4810 Lege.

2079 4823 2351 4876 Eccnssm
2383 4818 2527 4873 dixit
2556 4835 2566 4874 :
2600 4820 2761 4873 Nunc
2794 4816 3066 4883 flecteris,
3103 4832 3260 4871 nunc
3291 4819 3344 4869 te
3376 4813 3654 4883 antiquus

2009 4893 2165 4964 rigor
2195 4890 2436 4964 extollit,
2473 4895 2686 4964 moxiet
2719 4890 2789 4964 ad
2822 4889 3107 4964 malitiam
3146 4885 3462 4964 replicaris.
3505 4884 3655 4964 Dicit

2009 4957 2163 5021 enim
2197 4963 2507 5018 Dominus:
2535 4963 2723 5016 Dilata
2748 4962 2925 5016 locum
2962 4959 3304 5015 tabernaculi
3343 4957 3442 5020 tui,
3468 4962 3519 5010 et
3549 4972 3650 5010 au-

2011 5039 2248 5093 lazorum
2277 5045 2496 5089 tuorum
2520 5035 2705 5103 longas
2725 5035 2814 5100 fac
2829 5048 3130 5097 mensuras,
3151 5039 3199 5084 et
3216 5030 3366 5100 palos
3390 5038 3506 5082 tuos
3526 5043 3652 5103 con-

2008 5111 2170 5179 ﬁrma
2194 5107 2378 5161 adhuc
2405 5109 2462 5161 in
2486 5098 2737 5160 dextram
2761 5113 2998 5179 tuam,_et
3016 5106 3072 5157 in
3091 5098 3372 5179 sinistram
3391 5098 3620 5179 artearte
3637 5117 3656 5154 :

2011 5171 2060 5236 et
2088 5196 2274 5233 semen
2306 5182 2458 5232 tuum
2489 5181 2669 5248 gentes
2707 5176 3020 5248 possidebit,
3053 5178 3101 5227 et
3151 5175 3395 5226 civitates
3423 5171 3656 5248 desertas

2012 5252 2370 5308 inhabitabis.
2389 5243 2510 5303 Noli
2523 5243 2732 5313 timere,
2751 5249 2878 5318 quia
2894 5247 3101 5300 devicta
3119 5261 3172 5299 es
3187 5259 3379 5312 meque
3391 5243 3654 5318 verearis,

2013 5326 2141 5396 quia
2161 5323 2448 5396 maledicta
2466 5337 2549 5375 es:
2568 5338 2707 5396 quon
2719 5314 2827 5396 iam
2845 5319 3213 5396 confusionem
3225 5321 3501 5396 aeternam
3514 5314 3660 5368 obli-

2013 5386 2238 5452 visceris
2264 5395 2412 5463 (lsai.
2464 5386 2589 5456 le,‘
2611 5394 2741 5458 2-4).
2770 5390 2868 5444 Fui
2911 5386 3113 5463 utique
3148 5386 3488 5463 maledicta,
3523 5401 3659 5463 cum

2014 5466 2170 5522 idola
2193 5457 2492 5535 sequerer;
2515 5463 2599 5535 fui
2617 5457 2876 5535 confusa,
2899 5457 3663 5535 cunidivinitatis‘mandata

2016 5529 2329 5601 nescirem;
2351 5533 2833 5603 fuisterilis,quia
2850 5532 3213 5603 Baptismum
3232 5547 3347 5583 non
3368 5529 3660 5603 habebam

2017 5628 2130 5682 quo
2154 5599 2392 5682 iiiiitleijio
2414 5599 2744 5682 majestatis
2777 5599 3264 5682 ﬁlios—enutrinrem
3285 5616 3480 5682 :hnunc
3503 5599 3659 5682 exal-

2017 5673 2135 5738 t-ata
2165 5673 2292 5732 ςηω
2320 5680 2375 5732 in
2404 5673 2570 5741 filios,
2602 5683 2655 5730 et
2680 5694 2778 5747 per
2803 5673 3660 5747 DominumChristumieterna

2018 5771 2197 5824 regna
2220 5751 2469 5820 suscepi.
2499 5744 2695 5804 Merito
2718 5753 2773 5824 et
2797 5750 2850 5802 in
2876 5744 3196 5813 Βασιλειῶν,
3221 5745 3407 5824 idest,
3433 5745 3656 5824 Regno-

2019 5814 2173 5896 ruifn,
2190 5823 2264 5879 ait
2284 5842 2294 5879 :
2312 5814 2473 5879 Steril
2482 5824 2525 5877 is
2538 5823 2746 5894 peperit
2765 5827 2998 5892 septem;
3026 5828 3076 5876 et
3098 5835 3215 5892 qua
3229 5818 3494 5890 plurimos
3511 5814 3654 5882 ﬁlios
