4128 6186
410 262 565 323 1139

409 396 643 451 habebat
688 395 986 468 inﬁrmata
1039 400 1122 468 est
1154 395 1214 468 A(I
1264 398 1391 464 Reg.
1441 414 1501 466 n,
1535 398 1611 465 5).
1644 396 1956 468 Apostolus
1984 398 2056 453 ad

410 473 631 592 septem
656 466 941 549 Ecclesiae
962 466 1240 538 epistolas
1264 468 1445 551 mittit
1463 469 1647 551 (Apoc.
1672 466 1734 533 Il,
1755 470 1863 551 11).
1884 469 1951 550 Et
1966 469 2058 525 Ja-

412 555 476 594 co
539 544 759 609 accepit
782 555 989 593 uxores
1009 540 1175 605 duas,
1203 556 1481 610 maJorem
1504 540 2057 603 l.1am,oculismfir-

414 583 719 683 mioribug,
746 616 947 681 typum
970 583 1326 683 Synag’ogmd;
1350 616 1405 665 et
1429 586 1712 666 minorem
1732 611 2058 683 speciosam

415 680 650 744 Rachel,
674 680 875 753 typum
904 680 1165 736 Ecclesiae
1191 680 1357 753 {quae
1379 688 1435 737 et
1457 683 1674 737 sterilis
1698 680 1796 737 diu
1818 684 2055 747 mansit,

414 759 469 808 et
499 758 700 822 postea
750 754 990 824 peperit,
1039 759 1092 808 et
1140 754 1440 807 benedicta
1481 761 1568 807 est
1598 755 1749 823 (Gen.
1783 772 1935 821 XXIX,
1967 755 2056 823 23,

413 826 525 893 28).
549 824 749 878 Merito
768 825 849 878 ait
870 825 926 877 in
949 826 1153 878 Genesi
1179 841 1192 878 :
1222 826 1285 879 Et
1308 827 1461 879 dixit
1488 826 1747 880 Dominus
1769 827 1837 879 ad
1865 826 2059 880 Rebec-

416 912 558 961 eam,
591 897 720 951 Duae
750 900 931 969 gentes
965 898 1020 949 in
1061 900 1211 950 utero
1246 901 1337 950 tuo
1380 906 1530 961 sunt,
1563 900 1615 951 et
1646 898 1751 951 duo
1778 898 1969 969 populi
1997 898 2064 950 de

415 974 608 1022 ven/re
629 971 719 1022 tuo
741 968 1083 1029 dividentur;
1096 970 1143 1022 et
1164 971 1397 1037 populus
1417 970 1681 1038 populum
1702 970 2064 1039 superabit,et

418 1040 597 1108 major
627 1040 822 1093 serviet
850 1040 1055 1093 minori
1084 1038 1183 1108 (Id.
1217 1056 1344 1104 xxv,
1393 1040 1507 1109 23).
1560 1040 1697 1094 Item
1735 1038 1887 1106 apud
1921 1040 2063 1094 Osee

461 1110 763 1181 ropbetam
786 1127 797 1166 ε
822 1111 1039 1173 Vocabn,
1068 1110 1401 1181 inquit,non
1414 1113 1679 1180 populum
1702 1128 1880 1165 meum
1894 1127 2063 1181 papu-

451 1198 543 1235 um
561 1198 761 1247 meum,
780 1186 831 1237 et
852 1197 958 1237 non
978 1181 1251 1248 dilectam,
1270 1182 1552 1237 dilectam‘
1575 1183 1722 1252 (Osee
1740 1200 1801 1249 II,
1821 1182 1932 1253 24),
1954 1188 2062 1237 etc.

490 1350 507 1384 ι
531 1349 697 1398 Hicin
721 1349 774 1399 Β.
794 1350 1010 1412 explicit
1024 1349 1321 1398 Altercatio.
1340 1350 1422 1397 Er.
1442 1349 1606 1410 Lugd.
1627 1350 1753 1398 Ven.
1773 1352 1823 1397 et
1842 1351 1965 1398 Lov.
1981 1350 2068 1399 ad-

428 1412 589 1461 dunt:
616 1432 637 1453 ‹‹
662 1412 769 1475 Erit
791 1413 950 1471 enim,
977 1426 1082 1475 quo
1107 1412 1219 1475 loco
1243 1413 1459 1475 dicetur.
1482 1414 1595 1460 Non
1617 1412 1849 1475 populus
1879 1427 2064 1462 meus:

428 1475 515 1524 illo
545 1475 661 1524 loco
693 1474 936 1523 dicentur
981 1474 1070 1522 filii
1119 1474 1209 1523 Dei
1243 1475 1364 1521 vivi.
1395 1474 1525 1523 Nam
1575 1474 1631 1523 et
1653 1474 1709 1522 in
1738 1475 1874 1523 Isaia
1904 1475 2066 1535 legis;

427 1538 588 1587 Terra
622 1542 795 1586 vestra
815 1537 1041 1595 deserta,
1068 1537 1304 1585 civitates
1327 1541 1513 1585 vestrae
1536 1541 1735 1599 exustae
1760 1551 1772 1596 ;
1796 1539 2067 1599 regionem

431 1604 659 1649 vestram
690 1600 744 1647 in
778 1603 1066 1658 conspectu
1099 1603 1273 1647 vestro
1305 1599 1391 1647 alii
1424 1598 1719 1655 comedent,
1751 1604 1803 1648 et
1832 1598 1952 1648 sece
1983 1600 2069 1648 de-

433 1666 574 1711 serta
603 1664 701 1718 est,
734 1665 785 1710 et
814 1663 1069 1711 subversa
1088 1661 1299 1724 populis
1322 1661 1522 1709 alienis.
1544 1662 1948 1723 Derelinquetur
1968 1662 2074 1710 filia

434 1725 560 1775 Sion
591 1724 728 1772 sicut
752 1737 874 1772 casa
903 1724 955 1771 in
992 1725 1161 1780 vinea,
1196 1728 1247 1771 et
1275 1724 1411 1771 sicut
1440 1724 1816 1771 custodiarium
1840 1725 1892 1771 in
1916 1738 2071 1772 cucu-

435 1788 682 1849 merario,
714 1790 764 1834 et
792 1787 940 1849 quasi
972 1786 1155 1834 civitas
1185 1799 1304 1847 quae
1327 1791 1681 1847 expugnatur.
1714 1788 1865 1849 Nunc
1885 1801 2009 1849 ergo
2028 1787 2073 1834 si

433 1850 585 1912 juxta
614 1848 787 1912 legem
816 1848 1180 1912 derelictaest
1208 1855 1260 1895 et
1296 1848 1550 1912 desolata,
1585 1852 1636 1896 et
1669 1848 1795 1910 quid
1828 1863 1924 1907 ego
1956 1848 2071 1907 ieci,

440 1910 559 1974 quae
589 1911 715 1973 quia
737 1911 938 1974 credidi
958 1910 1224 1974 dotalibus
1244 1911 1454 1974 tabulis,
1472 1924 1695 1974 regnum
1718 1925 1970 1973 magnum
1990 1926 2075 1960 ac-

440 1972 554 2045 cepi
573 1987 585 2045 ς
606 1972 747 2045 quod
772 1977 822 2021 et
843 1978 896 2021 tu
920 1972 1102 2045 procul
1127 1972 1291 2045 dubio
1312 1972 1507 2045 habere
1520 1972 1878 2045 ‘potuisses,’si
1900 1987 2004 2021 non
2026 1978 2075 2022 te

442 2034 677 2085 criminis
722 2034 898 2083 furore
943 2035 1264 2098 etpprofano
1306 2035 1589 2097 parricidio
1616 2036 2074 2098 przedamnasses:

443 2110 567 2147 nam
598 2110 802 2146 memor
830 2111 885 2145 es
906 2096 1119 2158 quid'ex
1140 2096 1366 2158 persona
1388 2102 1478 2146 tua
1498 2096 1690 2145 Esdras
1710 2097 1793 2145 ille
1819 2098 2079 2159 propheta

442 2164 568 2210 tuus
592 2159 863 2216 exclamet,
897 2160 984 2207 ubi
1017 2159 1133 2208 ﬁliis
1164 2160 1268 2208 tuis
1288 2160 1641 2208 miserabilem
1664 2161 1973 2209 servitutem
1996 2161 2077 2209 in-

445 2222 658 2272 dixisti:
684 2222 777 2277 lte,
809 2222 916 2276 ﬁlii,
949 2222 1071 2284 quia
1106 2222 1267 2270 vidua
1306 2236 1424 2271 sum
1462 2225 1515 2271 et
1541 2222 1824 2271 derelicta:
1857 2223 2081 2272 educavi

444 2298 539 2335 vos
568 2298 690 2333 cum
718 2284 917 2340 laetitia,
951 2285 1101 2332 amisi
1132 2298 1227 2333 vos
1258 2298 1376 2332 cum
1408 2284 1554 2332 luctu
1590 2289 1642 2331 et
1672 2284 1898 2333 tristitia.

510 2364 534 2390 ‹‹
560 2346 824 2409 Svmcooa
848 2347 1160 2408 respondit:
1192 2348 1325 2409 Ergo
1356 2346 1699 2409 homicidium
1730 2347 1872 2395 feci?

508 2409 744 2458 Eccusu
773 2408 940 2461 dixit:
971 2408 1146 2467 video,
1179 2410 1221 2457 si
1252 2408 1393 2468 apud
1425 2414 1495 2466 te,
1546 2408 1762 2456 humani
1807 2408 2085 2469 sanguinis

447 2472 796 2533 persecutrix,
827 2470 1099 2534 homicidii
1147 2472 1345 2520 crimen
1393 2471 1701 2534 admiseris;
1736 2484 1860 2519 nam
1892 2484 2085 2534 negare

448 2546 561 2583 non
591 2538 759 2595 potes,
791 2533 882 2595 qui
904 2533 1080 2595 justos
1107 2534 1197 2583 Dei
1230 2536 1517 2595 PrOphetas
1546 2533 1817 2582 occideris.

517 2614 539 2637 α
568 2594 832 2646 ετΝΑοοοᾹ
863 2595 1173 2657 respondit:
1205 2594 1343 2654 Quis
1361 2596 1489 2644 mibi
1516 2596 1722 2657 probat,
1746 2594 1889 2658 quod
1910 2608 2087 2645 macu-

444 2656 665 2708 laverim
694 2670 889 2708 manus
916 2656 1065 2708 meae
1096 2658 1358 2722 sanguine
1388 2656 1817 2720 Prophetarum“?

1497 263 1598 325 DE
1644 264 1824 325 FIDE
1870 264 2183 327 CONTRA
2228 263 2733 326 MANICHEOS.

3663 259 3823 320 1140

2232 416 2257 441 ‹‹
2286 398 2525 447 ΕεειεειΑ
2549 396 2681 445 dixit
2696 413 2709 447 ς
2729 394 2940 445 Gladius
2956 400 3082 445 tuus
3098 408 3193 457 per
3206 394 3411 456 apicem
3425 393 3700 457 mucronis
3713 406 3827 442 ma-

2168 459 2292 508 dido
2313 460 2488 508 adhuc
2522 473 2711 508 cruore
2750 459 2983 514 distillat,
3026 463 3077 507 et
3100 456 3315 506 irevinci
3352 456 3657 504 desiderat?
3684 457 3825 505 Audi

2170 535 2297 585 ergo
2329 522 2457 583 quid
2488 522 2628 570 Elias
2658 525 2913 571 testatur:
2946 520 3506 585 Emulando,_inqu_it,
3538 518 3828 585 aemulatus

2169 582 2285 633 sum
2320 582 2543 632 Domino
2578 599 2696 632 meo
2728 585 3097 646 omnipotenti
3135 583 3391 645 quoniam
3419 582 3830 646 dereliquerunt

2168 651 2220 696 te
2251 647 2341 695 ﬁlii
2375 647 2552 703 Israel,
2584 652 2637 695 et
2667 647 2854 695 altaria
2881 643 2992 695 'tua
3039 643 3414 697 dem—olierunt.
3444 648 3497 692 et
3528 643 3831 704 Prophetas

2169 713 2292 758 tuos
2322 710 2703 758 interfecerunt
2734 709 2934 772 gladio,
2964 713 3017 757 et
3060 709 3292 772 remansi
3324 721 3420 768 ego
3452 706 3745 772 solitarius,
3780 710 3836 754 et

2171 777 2427 835 quaerunt
2450 769 2907 835 animamhineam
2936 776 3014 835 rut
3055 770 3302 819 auferant
3330 783 3468 817 eam.
3499 769 3829 835 Videetiam

2172 831 2299 897 quid
2332 834 2521 882 Eedras
2558 833 2893 895 praedixerit.
2930 834 3294 897 Discesserunt
3322 846 3355 897 a
3389 836 3437 879 te
3464 836 3540 897 ‘et
3571 831 3833 897 abierunt

2172 892 2293 959 post
2322 898 2493 952 legem
2526 892 2687 951 tuam,
2721 902 2772 944 et
2820 896 3104 957 Prophetas
3149 900 3295 959 tuos
3318 892 3706 959 interfecerunt
3732 894 3834 954 qui

2173 956 2576 1007 obtestabantur
2605 972 2696 1007 eos
2726 963 2784 1006 ut
2812 956 3205 1007 reverterentur
3234 957 3299 1005 ad
3347 961 3415 1005 te.
3465 956 3549 1004 Sic
3580 958 3742 1003 etiam
3776 959 3833 1003 et

2172 1022 2426 1070 Jeremias
2456 1022 2700 1081 scripsit:
2734 1020 2847 1068 Misi
2880 1020 2946 1069 ad
2992 1034 3086 1068 vos
3128 1033 3312 1068 servos
3342 1019 3666 1079 Prophetas:
3704 1022 3834 1081 ante

2174 1084 2346 1131 lucem
2380 1080 2740 1135 mittebam,et
2769 1096 2879 1131 non
2913 1082 3290 1136 exaudiebatis,
3317 1094 3491 1143 neque
3514 1080 3835 1129 intendebat.

2172 1148 2239 1195 tis
2270 1146 2487 1194 auribus
2533 1146 2740 1201 vestris,
2792 1159 2859 1193 ne
2906 1145 3249 1193 ambularetis
3296 1142 3419 1204 post
3442 1142 3570 1191 deos
3599 1143 3832 1198 alienos,

2173 1212 2234 1257 ut
2262 1209 2530 1257 serviretis
2581 1209 2677 1264 eis,
2710 1212 2762 1255 et
2800 1210 3069 1269 praecepta
3098 1220 3216 1255 mea
3245 1206 3427 1255 audire
3460 1206 3737 1253 noluistis.

2240 1297 2263 1320 ‹‹
2294 1278 2557 1327 ΒΥΝΑΟΟΩΛ
2576 1278 2854 1339 respondit
2876 1292 2887 1324 :
2913 1279 3064 1326 Nunc
3086 1278 3281 1333 recolo,
3310 1290 3455 1325 nunc
3475 1290 3832 1338 recognosco.

2174 1340 2289 1403 Sed,
2308 1341 2433 1402 quid
2465 1341 2729 1403 diceretur
2757 1345 2901 1398 ante,
2944 1341 3143 1389 nescivi
3167 1354 3178 1365 ·
3208 1340 3336 1403 quia
3375 1339 3672 1401 Prophetas
3702 1339 3838 1387 istos

2177 1402 2507 1464 negligenter
2538 1402 2737 1450 audivi.

2240 1474 2473 1521 Eccassu
2503 1472 2670 1520 dixit:
2708 1473 2822 1521 Non
2855 1472 2999 1535 quod
3030 1473 3287 1535 loqueris,
3318 1472 3410 1519 sed
3446 1471 3593 1535 quod
3624 1471 3837 1520 intelle‘

2178 1536 2321 1583 xeris
2350 1536 2403 1584 in
2436 1537 2570 1595 Lege
2600 1535 2757 1583 etiam
2807 1535 3019 1584 videtur
3069 1549 3183 1583 esse
3230 1539 3627 1591 testamentum,
3676 1541 3737 1583 ut
3764 1537 3841 1581 ait

2182 1597 2379 1647 Isaias:
2411 1598 2577 1645 Erunt
2605 1597 2656 1645 hi
2689 1611 2876 1646 omnes
2905 1611 3196 1654 sermones,
3241 1598 3375 1645 sicut
3407 1610 3689 1647 sermones
3716 1596 3841 1645 libri

2182 1660 2273 1723 qui
2302 1660 2542 1723 signatus
2570 1664 2669 1723 est.
2699 1660 2863 1717 Quem
2896 1661 2939 1708 si
2969 1660 3180 1709 dederis
3209 1659 3412 1723 homini
3444 1660 3706 1708 nescienti
3759 1658 3845 1707 lit-

2182 1722 2325 1771 teras
2358 1722 2422 1769 ad
2457 1722 2763 1785 legendum,
2788 1723 2964 1771 dicet:
2989 1724 3103 1771 Non
3132 1736 3350 1785 possum
3373 1722 3567 1785 legere,
3591 1723 3847 1785 signatus

2184 1789 2263 1834 est
2293 1786 2452 1833 enim.
2487 1784 2586 1833 Sed
2619 1784 2673 1831 in
2696 1785 2780 1832 illa
2812 1786 2897 1832 die
2927 1784 3151 1833 audient
3179 1784 3325 1832 surdi
3346 1798 3648 1833 sermonem
3674 1784 3842 1837 libri:

2185 1852 2236 1895 et
2264 1848 2353 1908 qui
2386 1846 2437 1893 iu
2469 1847 2723 1902 tenebris,
2757 1852 2809 1895 et
2838 1848 2927 1909 qui
2952 1849 3005 1894 in
3030 1846 3225 1896 nebula
3244 1851 3385 1901 sunt,
3409 1848 3546 1895 oculi
3570 1860 3775 1896 caacoru
3791 1861 3845 1893 m

2185 1909 2463 1957 videbunt.
2498 1910 2574 1965 Et,
2610 1912 2666 1957 ut
2691 1910 2952 1958 Jeremias
2984 1910 3072 1967 ait,
3110 1911 3166 1957 ln
3190 1910 3479 1958 novissimo
3502 1910 3587 1957 die
3611 1923 3848 1971 cognos-

2187 1972 2316 2020 cetis
2346 1985 2466 2019 eum
2499 1985 2629 2029 vos;
2663 1972 2737 2018 sic
2785 1976 2837 2019 et
2888 1972 3069 2020 Daniel
3108 1972 3334 2034 scripsit,
3367 1972 3511 2019 Muni
3543 1984 3846 2025 sermones,

2188 2036 2337 2092 signa
2386 2034 2581 2081 librum
2633 2046 2801 2095 usque
2837 2033 2903 2082 ad
2939 2038 3153 2096 tempus
3182 2033 3677 2090 consummationis,
3731 2047 3848 2096 quo

2190 2096 2527 2144 adducantur
2559 2096 2711 2144 multi
2742 2100 2793 2144 et
2822 2097 3109 2157 impleatur
3152 2097 3403 2155 cognitio,
3431 2097 3686 2158 quoniam
3718 2110 3849 2144 cum

2192 2158 2248 2206 ﬁt
2277 2158 2554 2221 dispersio,
2587 2163 2912 2221 cognoscent
2944 2161 3141 2207 omnia.
3175 2160 3296 2208 Haec
3324 2161 3538 2219 cognita
3574 2162 3703 2207 sunt
3731 2172 3851 2207 om-

2190 2222 2298 2278 nia,
2330 2220 2384 2268 et
2412 2221 2466 2268 in
2497 2234 2593 2269 suo
2642 2220 2831 2269 ordine
2882 2226 3075 2270 cuncta
3130 2221 3351 2270 feliciter
3379 2226 3752 2270 cucurrerunt.
3784 2221 3855 2269 Et

2191 2283 2312 2331 ideo
2343 2287 2435 2331 tuo
2466 2287 2515 2331 te
2574 2282 2747 2344 gladio
2798 2283 2930 2331 scito
2961 2297 3076 2331 esse
3108 2283 3432 2341 damnatam,
3464 2288 3555 2332 tuo
3587 2289 3638 2332 te
3660 2284 3849 2332 Testa—

2194 2349 2374 2393 mento
2406 2358 2732 2408 percussam,
2764 2345 3416 2408 tuorumrl’rophetarum,
3436 2346 3539 2395 hoc
3556 2350 3638 2394 est
3666 2349 3850 2394 omni~

2193 2420 2283 2455 nm
2315 2408 2625 2471 Judisorum
2656 2407 2898 2471 eloquiis.
2929 2407 3006 2471 Ad
3037 2407 3137 2457 hoc
3166 2408 3363 2471 protuli
3386 2422 3504 2470 quae
3530 2410 3853 2463 monstravi,

2195 2469 2485 2534 Evangelia
2514 2470 2874 2534 ethApostolos
2906 2470 3032 2518 mihi
3066 2469 3303 2529 meisque
3329 2469 3611 2534 servando.
3644 2484 3768 2534 quae
3809 2471 3855 2518 si

2194 2531 2411 2605 legisses
2441 2532 2665 2605 amplius
2692 2533 3047 2605 immugisses.
3074 2533 3537 2605 (laudeteApop‘uli
3561 2549 3573 2593 ;
3594 2531 3855 2605 gaudete,

2197 2593 2512 2659 christicolaa
2536 2609 2547 2643 :
2580 2594 2772 2659 sterilis
2792 2596 3041 2659 peperit:
3064 2600 3117 2645 et
3146 2609 3265 2659 quae
3297 2593 3705 2656 ﬁlios'habebat,
3726 2610 3855 2645 cum

2200 2656 2320 2706 ﬁliis
2350 2657 2461 2706 suis
2481 2660 2604 2706 ante
2635 2657 2844 2707 defecit.
2868 2656 2903 2701 ἃ)
2999 2658 3069 2707 Μ.

1426 2923 1830 2980 ADMONITIO
1870 2923 1943 2979 IN
1982 2922 2555 2988 SUBSEQUENTEM
2596 2922 2889 2979 LIBRUM.

508 3138 827 3212 Augustino
848 3138 908 3193 in
930 3142 1064 3193 ante
1083 3137 1255 3192 editis
1279 3136 1575 3202 tribuitur,
1600 3138 1699 3192 sed
1727 3136 1871 3194 falso
1893 3137 1979 3192 uti
2003 3137 2253 3209 probant
2276 3136 2689 3207 Bellarminus,
2712 3138 3066 3212 Vindingus,
3092 3142 3148 3194 et
3170 3139 3290 3194 alii.
3315 3140 3437 3196 Non
3465 3140 3624 3195 enim
3650 3158 3862 3197 recen-

444 3234 606 3285 setur
630 3228 781 3283 inter
811 3226 971 3282 illius
993 3226 1293 3298 opuscula,
1315 3242 1420 3281 nec
1442 3226 1500 3281 in
1529 3226 2191 3295 Retractationibus,nec
2222 3226 2280 3282 in
2313 3228 2561 3283 Possidii
2594 3228 2809 3284 Indice.
2841 3228 3022 3285 Stilus
3050 3246 3283 3301 quoque
3313 3231 3383 3284 ab
3414 3231 3863 3301 Augustiniano

443 3317 710 3373 diversus
729 3320 837 3383 est,
861 3332 926 3371 ac
946 3314 1189 3370 debilior
1208 3315 1547 3386 disputandi
1572 3315 1737 3369 ratio.
1765 3316 1871 3369 Sed
1893 3315 2287 3387 Augustinum
2304 3320 2501 3370 tamen
2523 3315 2739 3371 imitari
2759 3322 2966 3373 auctor
2990 3318 3238 3386 studuit,
3265 3318 3511 3389 ejusque
3535 3335 3651 3374 non
3679 3320 3863 3375 modo

443 3423 675 3472 sensus,
702 3406 799 3461 sed
826 3405 954 3476 ipsa
975 3404 1267 3459 interdum
1286 3404 1461 3458 verba
1483 3420 1550 3459 ex
1570 3420 1637 3458 eo
1670 3405 1989 3475 praesertim
2026 3405 2169 3460 libro
2203 3405 2304 3477 qui
2336 3406 2407 3461 de
2439 3405 2657 3460 Natura
2682 3406 2819 3460 Boni
2849 3410 3053 3461 contra
3084 3406 3431 3462 Manicheaos
3462 3407 3725 3480 scriptus
3750 3415 3864 3479 est,

443 3495 747 3569 expressit.
774 3495 835 3550 In
859 3493 1115 3564 antiquis
1139 3493 1438 3547 codicibus
1461 3493 1747 3564 reperitur
1767 3494 2029 3565 proximo
2054 3492 2179 3549 loco
2202 3498 2333 3566 post
2353 3493 2661 3565 Augustini
2687 3496 3025 3550 Tractatum
3048 3496 3117 3549 de
3136 3496 3273 3551 Fide
3290 3502 3345 3550 et
3360 3496 3653 3566 Symbolo,
3676 3498 3867 3553 inter-

433 3586 591 3657 jecta
610 3584 1007 3648 annotatione,
1030 3600 1156 3654 qua
1179 3582 1236 3636 in
1264 3582 1591 3638 Fossatensi
1616 3599 1903 3638 annorum
1928 3583 2393 3655 octingentorum
2413 3583 2609 3639 codice
2626 3584 2710 3639 sic
2734 3584 2939 3639 habet:
2973 3585 3211 3655 Eeplicit
3240 3586 3301 3640 in
3329 3586 3540 3641 Christo
3576 3588 3706 3643 Jesu
3727 3589 3870 3643 Filio

441 3676 540 3731 Dei
566 3675 841 3730 Tractalus
872 3673 1087 3727 Aurelii
1120 3672 1424 3739 Augustini
1453 3674 1692 3743 episcopi
1719 3672 1785 3727 de
1814 3672 1944 3727 Fide
1972 3672 2262 3728 catholica.
2293 3674 2489 3743 Incipit
2518 3673 2773 3728 adversus
2806 3675 3139 3730 Manichaeos
3162 3691 3181 3728 :
3214 3674 3313 3729 ubi
3357 3680 3619 3745 spectata
3650 3693 3869 3732 vocum

438 3762 909 3835 interpunctione
936 3761 1090 3816 haud
1115 3760 1282 3816 facile
1305 3761 1551 3815 definias
1573 3777 1645 3815 an
1669 3760 1765 3816 ille
1785 3762 1855 3815 de
1877 3761 2013 3815 Fide
2035 3760 2317 3816 catholica
2338 3762 2645 3816 Tractatus
2668 3762 2999 3833 appellatur
3022 3763 3121 3833 qui
3147 3762 3401 3834 explicit,
3422 3780 3493 3818 an
3515 3765 3616 3835 qui
3636 3765 3867 3837 incipit.

439 3854 625 3923 Atque
653 3852 791 3906 inde
822 3851 1039 3906 factum
1072 3856 1351 3921 putamus
1383 3854 1447 3904 ut
1476 3849 1620 3905 liber
1651 3851 2021 3923 subsequens
2052 3850 2407 3905 tribueretur
2434 3851 2784 3922 Augustino,
2816 3856 2873 3906 et
2904 3852 2974 3907 de
3007 3852 3143 3906 Fide
3168 3851 3610 3907 inscriberetur.
3639 3853 3870 3910 Verum

440 3942 642 3997 isthmc
674 3939 972 4011 inscriptio
1006 3938 1350 4010 praecedenti
1382 3937 1529 3993 libro
1560 3939 1708 3994 bene
1739 3939 2141 4007 conveniebat,
2174 3956 2289 3994 non
2322 3939 2728 4011 subsequenti,
2764 3944 2822 3995 et
2850 3956 2981 3995 eam
3014 3941 3084 3994 ad
3122 3941 3542 4009 praecedentem
3567 3943 3868 4011 pertinere

443 4029 707 4085 indicant
735 4028 832 4083 alii
866 4029 1005 4083 Mss.
1040 4027 1268 4082 codices
1300 4028 1358 4081 in
1391 4027 1608 4098 quibus
1639 4030 1728 4082 est
1756 4028 2081 4082 accuratior
2111 4028 2501 4099 interpunctio
2532 4046 2544 4093 ;
2575 4028 2825 4089 maxime
2844 4045 2979 4083 vero
3004 4029 3444 4084 vetustissimus
3466 4029 3860 4096 Corbeiensis,

443 4120 615 4189 cujus
637 4118 981 4173 auctoritate
1004 4118 1161 4171 hunc
1185 4116 1401 4171 librum
1428 4116 1619 4170 Evodii
1647 4117 1943 4173 Uzalensis
1964 4118 2219 4189 episcopi
2246 4134 2374 4173 esse
2387 4117 2802 4172 Sirmondusin
2825 4118 3078 4173 Historia
3096 4118 3644 4188 Praedestinatiana,
3664 4137 3797 4193 cap.
3814 4124 3863 4188 1,

444 4209 604 4265 dicit.
630 4207 851 4278 Quippe
874 4207 944 4261 ab
969 4206 1068 4260 illa
1092 4222 1218 4276 quae
1243 4205 1584 4276 praecedenti
1612 4204 1758 4260 libro
1782 4209 2096 4278 apponitur
2116 4205 2401 4273 clausula,
2427 4208 2674 4277 Explicil
2698 4208 2757 4261 in
2780 4208 3006 4261 Domino
3029 4206 3242 4262 Christo
3264 4206 3409 4261 Filio
3446 4209 3542 4263 Dei
3575 4210 3864 4265 Tractatu:

441 4295 669 4354 Aurelii
696 4295 986 4366 Augustini
1013 4296 1077 4349 de
1105 4294 1233 4349 Fide
1263 4295 1557 4359 catholica,
1592 4293 1790 4349 relicto
1822 4299 2043 4362 septem
2074 4295 2305 4350 circiter
2334 4311 2611 4350 versuum
2671 4296 2860 4366 spatio
2913 4312 3114 4364 vacuo,
3160 4295 3469 4351 exhibetur
3520 4299 3774 4355 seorsim
3806 4300 3861 4354 iu

443 4387 688 4442 alterius
719 4384 838 4439 folii
867 4383 1054 4455 capite
1083 4380 1294 4438 titulus
1328 4382 1744 4453 subsequentis
1774 4382 1929 4448 libri,
1963 4383 2119 4439 hunc
2150 4383 2207 4437 in
2242 4384 2483 4438 modum
2511 4402 2524 4440 :
2558 4386 2757 4456 Incipit
2787 4384 3027 4457 ejusdem
3059 4393 3258 4439 contra
3286 4385 3637 4443 Manicharos.
3677 4389 3866 4444 Utrum

440 4475 697 4546 ejusdem,
725 4482 909 4529 utrum
939 4473 1118 4527 sancti
1147 4472 1382 4527 Euvodii
1410 4473 1715 4542 ignoratur.
1747 4473 2080 4528 Corbeiensi
2112 4473 2296 4528 codici
2329 4474 2618 4529 consentit
2648 4473 3045 4541 Colbertinus,
3077 4472 3294 4545 aliique
3326 4474 3593 4530 nonnulli
3627 4492 3865 4532 manus-

440 4562 611 4634 cripti
650 4562 917 4617 eamdem
948 4561 1018 4617 de
1050 4564 1283 4616 auctore
1313 4559 1642 4633 Augustino
1674 4564 1732 4616 et
1760 4561 1973 4617 Evodio
2005 4561 2431 4618 dubitationem
2460 4562 2852 4634 praeferentes.

1730 4861 2002 5014 DE
2112 4861 2597 5014 FIDE

1166 5120 1876 5231 com‘m
1994 5119 3142 5255 mannuli/nos,

1559 5328 1766 5385 LIBER
1806 5329 2016 5401 UNUS,
2058 5328 2325 5385 EVODIO
2365 5329 2743 5388 'I‘RIBUTUS.

525 5597 753 5653 CAPUT
775 5598 1081 5655 PRIMUM.
1104 5629 1175 5641 --
1194 5598 1355 5655 Unus
1383 5602 1529 5652 Deus
1552 5601 1721 5651 Pater
1740 5601 1793 5651 et
1818 5596 2016 5663 Filius,
2042 5603 2098 5653 et

455 5667 995 5741 Spiritussanctus,
1013 5670 1968 5741 invisibilis,incomprehensibilis
1991 5672 2107 5725 ine-

454 5738 1812 5813 narrabilis,inviolabilis,incoinquinahilis,qui
1827 5741 1987 5797 solus
2009 5742 2108 5798 ha-

458 5810 1067 5866 betimmortalitatem
1080 5818 1138 5868 et
1156 5812 1347 5868 lucem
1381 5810 1605 5870 habitat
1625 5810 2105 5874 inaccessabilem

2208 5600 2251 5671 (Ι
2286 5600 2429 5656 Tim.
2464 5616 2539 5670 v1,
2576 5600 2683 5668 16),
2718 5598 2844 5670 ipse
2873 5597 3073 5653 lumen
3124 5614 3347 5671 verum,
3380 5596 3497 5671 vita
3530 5600 3589 5652 et
3621 5600 3861 5668 veritas,

2220 5674 2329 5726 bon
2340 5688 2503 5739 us,su
2514 5668 2565 5725 ω
2578 5687 2707 5725 mus
2721 5668 2776 5725 et
2791 5686 3170 5741 quaecumque
3185 5671 3255 5725 de
3277 5668 3377 5724 illo
3410 5668 3714 5741 humanus
3735 5686 3855 5726 ser-

2216 5760 2312 5798 mo
2334 5744 2543 5813 poterit
2561 5740 2864 5797 enuntiare
2890 5760 2903 5809 ;
2928 5758 3058 5813 quae
3080 5740 3270 5797 tamen
3296 5742 3367 5795 ab
3391 5740 3490 5813 illo
3528 5741 3766 5807 dantur,
3792 5748 3857 5799 ut

2216 5812 2413 5887 aliquo
2445 5815 2617 5872 modo
2638 5814 2753 5872 dici
2775 5814 3004 5889 possint
3028 5830 3041 5870 :
3067 5830 3136 5870 ex
3157 5830 3272 5889 quo
3298 5812 3517 5880 omnia,
3538 5829 3645 5885 per
3677 5830 3857 5886 quem
