4128 6186
328 258 483 325 1141

324 389 544 461 omnia,
568 388 692 446 sive
716 389 917 459 Sedes,
944 388 1065 445 sive
1104 387 1567 461 Dominationss,
1607 387 1729 445 sive
1747 388 1970 461 Princi-

322 460 536 537 patus,’
562 462 684 518 sive
729 465 1053 537 Potestates
1078 478 1091 529 ;
1116 466 1193 537 et_
1218 460 1429 537 omnia
1466 476 1569 537 per
1607 461 1801 532 ipsum
1825 460 1970 537 et_in

318 533 448 608 ipso
469 540 663 608 creata
691 533 1074 608 suntholoss.
1110 550 1149 608 ξ,
1177 533 1285 603 16),
1322 533 1562 608 εἰοιιῌη
1590 539 1838 608 utroque
1860 533 1972 588 Te-

316 604 612 663 stamento
635 604 959 660 humilibus
982 610 1040 659 et
1068 605 1158 674 pie
1193 604 1590 675 qumrentibus
1632 605 1971 660 manifesta-

312 683 432 750 tur:
458 678 571 750 ipsi
594 676 775 748 gloria
798 682 855 732 et
883 676 1073 732 honor
1104 681 1161 731 et
1182 674 1443 747 potestas
1468 674 1527 731 in
1559 676 1772 732 saecula
1804 693 1979 732 saecu-

314 749 536 808 lorum.
570 755 778 805 Amen.

387 820 620 879 CAPUT
638 821 783 876 Il.——-
811 818 957 874 Huic
971 818 1875 875 Manichaeusadversariumesse
1889 818 1976 872 di-

326 893 405 948 cit
422 894 616 949 nescio
630 908 803 964 quem
822 891 1013 962 gentis
1028 893 1347 964 principem
1381 891 1750 946 tenebrarum
1764 935 1777 956 ,
1801 906 1975 961 quem

314 966 492 1020 etiam
522 963 1100 1046 asseritingenitum,
1131 963 1464 1046 nechaber-e
1496 970 1791 1046 auctorem
1824 977 1976 1046 aquo

314 1042 545 1092 creatus
562 1036 733 1091 sit.Et
765 1034 966 1106 utique
992 1036 1038 1089 si
1063 1034 1361 1106 ingenitus
1390 1040 1571 1089 etnon
1605 1037 1835 1089 creatus
1865 1037 1975 1106 est,

313 1124 416 1181 per
443 1108 642 1180 ipsum
683 1103 1199 1181 _est_immor_talis:
1234 1121 1283 1160 οι
1320 1105 1369 1161 si
1399 1122 1501 1181 per
1538 1122 1600 1181 se
1627 1103 1974 1181 immortalis

323 1176 433 1244 est,
467 1176 583 1234 non
614 1179 724 1234 erit
767 1179 919 1233 Deus
948 1177 1043 1247 qui
1091 1176 1304 1231 habeat
1346 1176 1515 1247 solus
1565 1176 1971 1231 immortalita-

312 1255 432 1306 tem
455 1268 468 1317 ;
488 1256 545 1307 et
565 1251 673 1305 erit
689 1252 813 1321 jam
842 1246 1091 1321 mendax
1123 1246 1435 1321 Apostolus
1458 1247 1558 1321 qui
1582 1248 1724 1303 dicit
1745 1248 1815 1303 de
1832 1247 1968 1321 Deo,

355 1322 465 1377 uod
522 1319 935 1377 solus‘habeat
966 1319 1466 1374 immortalitatem
1492 1320 1556 1391 7(1
1589 1321 1717 1374 Tim.
1744 1337 1829 1391 7v1,
1856 1320 1968 1391 16).

385 1393 421 1448 d
446 1394 585 1465 quia
607 1392 918 1465 Apostolus
940 1392 1187 1465 mendax
1210 1395 1453 1465 nonest,
1488 1390 1642 1446 Deus
1672 1390 1970 1465 solus‘ha-

315 1465 413 1521 bet
440 1461 970 1519 immortalitatem.
1004 1463 1071 1517 Et
1100 1463 1229 1517 ideo
1261 1462 1423 1518 solus
1455 1467 1646 1534 potest
1665 1467 1729 1534 et,
1756 1461 1968 1517 animis

307 1542 368 1593 et
398 1537 614 1607 quibus
636 1535 1116 1607 vultcorporibus
1139 1540 1412 1605 praestare
1437 1532 1963 1607 immortalitatem.

379 1604 608 1663 C'APU'l'
640 1607 733 1663 ΙΙΙ.
773 1637 840 1646 -—
873 1604 1106 1677 Falsum
1133 1604 1394 1677 estergo,
1422 1606 1577 1675 quod
1614 1605 1965 1662 Manichacus

306 1679 538 1742 asserit,
553 1679 747 1734 nescio
769 1694 944 1748 quam
960 1676 1099 1731 mali
1125 1676 1395 1749 naturam
1418 1692 1550 1749 cum
1576 1676 1834 1749 principe
1856 1694 1963 1733 suo

305 1766 423 1805 non
447 1750 659 1805 habere
698 1747 1017 1814 auctorem,
1043 1749 1142 1803 sed
1175 1764 1304 1803 esse
1350 1747 1691 1815 ingenitam.
1739 1747 1959 1805 Deinde

304 1823 354 1876 si
375 1822 674 1894 ingenitus
694 1822 871 1894 Deus,
886 1820 1147 1894 ingenita
1165 1819 1519 1894 etiamnunc
1540 1836 1684 1894 gens
1697 1822 1964 1894 tenebra-

304 1890 593 1961 rum;non
624 1892 735 1948 erit
764 1892 1124 1947 contrarium
1164 1890 1491 1962 ingenitum
1514 1890 1571 1945 et
1601 1891 1957 1963 ingenitum,

301 1966 504 2020 videns
524 1970 581 2019 et
605 1964 827 2029 videns,
872 1978 1124 2034 regnans
1149 1968 1207 2017 et
1251 1978 1523 2034 regnans,
1565 1962 1765 2017 vivens
1788 1968 1844 2018 et
1875 1962 1956 2018 vi-

299 2051 465 2101 vens,
498 2042 777 2091 aeternum
820 2039 875 2090 et
900 2042 1204 2089 aeternum.
1253 2035 1321 2089 Et
1371 2035 1422 2088 si
1473 2035 1833 2089 contrarium
1867 2039 1957 2090 est

301 2106 455 2162 bono
476 2106 721 2175 malum,
740 2122 809 2161 ex
823 2105 1019 2176 aliqua
1030 2122 1165 2176 ergo
1185 2111 1346 2175 parte
1361 2104 1721 2160 discordabit
1738 2108 1955 2162 bonum

302 2178 642 2234 amalozex
662 2178 851 2233 multa
894 2193 1024 2233 vero
1068 2178 1447 2247 conjunctum
1488 2180 1547 2247 et
1594 2178 1954 2233 concordans

299 2249 429 2317 erit,
453 2256 512 2304 et
521 2251 647 2320 jam
677 2266 790 2304 non
814 2248 924 2304 erit
948 2246 1444 2320 merum’malum,
1484 2246 1753 2303 habendo
1794 2254 1956 2304 tanta

299 2319 796 2375 communiabona
824 2336 955 2375 cum
972 2319 1193 2391 Deo.7Si
1213 2336 1344 2374 vero
1367 2319 1592 2382 dicunt,
1621 2322 1953 2391 [ngenitum

296 2397 388 2473 est
409 2393 465 2446 in
493 2408 599 2473 suo
626 2410 639 2459 ;
681 2391 827 2473 nihil
858 2390 1086 2473 dicunt.
1112 2390 1258 2473 Nam
1291 2391 1620 2473 ingenitum
1642 2390 1952 2473 et’ingeni:

294 2467 747 2527 tum,aaternum
772 2468 830 2518 et
861 2468 1166 2526 aeternum,
1192 2461 1253 2517 in
1295 2467 1582 2535 quantum
1605 2461 1868 2535 ingenita
1898 2467 1954 2519 et

296 2540 512 2591 aeterna
533 2540 693 2599 sunt,
724 2551 1030 2605 nunquam
1064 2538 1239 2589 erunt
1269 2533 1583 2589 contraria.
1613 2533 1766 2589 Num
1790 2536 1949 2590 enim

294 2607 435 2731 quia
465 2605 856 2677 imperatoria
882 2622 991 2660 sua
1021 2609 1310 2676 potestate
1337 2621 1587 2676 magnus
1618 2611 1726 2672 est,
1750 2612 1807 2661 et
1828 2623 1951 2662 me-

342 2677 595 2731 iastinus
614 2678 674 2731 in
695 2677 1033 2731 oneratione
1058 2693 1166 2731 sua
1193 2676 1649 2731 contemptibilis
1686 2682 1794 2731 est.
1821 2677 1949 2731 ideo

342 2676 595 2750 iastinu’s
614 2678 674 2732 in
695 2677 1166 2750 operationesua
1193 2676 1649 2750 contemptibilis
1686 2682 1794 2750 est,
1821 2677 1949 2734 ideo

293 2749 690 2874 mqgialstinus
736 2748 851 2803 non
875 2748 984 2803 erit
1035 2748 1232 2814 homo,
1281 2748 1418 2818 quia
1446 2748 1621 2803 homo
1648 2753 1736 2805 est
1765 2749 1948 2820 impe-

293 2836 361 2874 ra
429 2836 458 2874 r

293 2825 458 2875 rator

366 2890 605 2947 CAPUT
632 2890 721 2946 IV.
756 2920 825 2931 --
853 2890 966 2945 Sed
999 2890 1047 2962 si
1087 2890 1403 2962 quisquam
1452 2891 1659 2962 quan-it
1700 2889 1840 2961 quid
1873 2890 1951 2947 sit

290 2962 756 3031 malum,audial
777 2961 1119 3033 Apostolum
1150 2961 1435 3016 dicentem
1463 2961 1482 3017 ἑ
1504 2961 1685 3017 Radix
1699 2966 1950 3018 omnium

290 3035 569 3089 malorum
596 3043 674 3088 est
721 3034 991 3104 cupiditas
1030 3052 1049 3087 :
1086 3050 1253 3105 quam
1304 3034 1529 3105 quidam
1569 3037 1882 3103 appetentes
1911 3051 1949 3090 a

294 3105 850 3231 atiedabe‘ré'gverunt,
883 3114 933 3160 et
981 3104 1339 3161 inseruerunt
1367 3121 1423 3160 se
1451 3104 1726 3160 doloribus
1758 3106 1947 3161 multis

381 3193 400 3231 ι
447 3216 484 3231 ..
616 3216 629 3230 .

322 3177 484 3235 lbid..
517 3177 629 3242 40).

296 3177 698 3303 (Ιὺᾶιέῥῦἓὲἦ.
732 3276 801 3287 -
828 3245 1127 3318 Cupiditas
1150 3251 1343 3302 autem
1362 3245 1421 3301 in
1457 3262 1811 3318 unoquoque
1839 3247 1943 3303 ho-

295 3318 456 3390 mine
501 3322 609 3387 est,
657 3334 772 3373 non
822 3317 1126 3387 naturalis,
1159 3320 1259 3373 sed
1309 3318 1654 3373 voluntaria.
1704 3317 1945 3390 ideoque

287 3389 454 3455 dixit,
476 3406 645 3461 quam
683 3391 909 3461 quidam
930 3390 1428 3461 appetentes.0uod
1451 3392 1605 3444 enim
1620 3389 1944 3461 appetendo

290 3460 557 3531 habetur,
597 3462 644 3516 si
678 3460 790 3515 non
818 3465 1212 3531 appeteretur,
1234 3477 1347 3515 non
1369 3460 1868 3516 haberetuhNam
1886 3467 1945 3517 et

283 3532 573 3587 Dominus
616 3530 931 3587 ostendens
970 3531 1123 3601 quod
1160 3532 1216 3585 in
1248 3530 1505 3585 hominis
1528 3536 1813 3602 potestate
1843 3536 1939 3598 sit,

282 3603 400 3661 ait:
426 3605 533 3659 Aut
560 3604 732 3673 facite
751 3603 1002 3657 arborem
1020 3602 1293 3666 bonam,et
1312 3604 1554 3672 fructum
1576 3604 1697 3674 ejus
1718 3604 1940 3667 bonum;

281 3680 381 3730 aut
408 3678 581 3744 facile
609 3674 862 3730 arborem
914 3674 1143 3740 malam,
1190 3681 1242 3729 et
1288 3682 1530 3739 [ructum
1576 3674 1694 3744 ejus
1729 3678 1942 3730 malum

282 3743 503 3818 (Matth.
522 3763 624 3812 x11,
649 3745 765 3818 33).
790 3750 850 3800 in
882 3743 1122 3818 Actibus
1150 3743 1704 3818 etiam_conscriptis
1734 3762 1767 3799 a
1794 3747 1940 3802 Leu-

278 3815 370 3873 cio
390 3821 431 3881 ¹,
479 3834 627 3888 quos
656 3815 768 3889 ipsi
791 3817 1107 3887 accipiunt,
1135 3816 1217 3871 sic
1244 3815 1523 3889 scriptum
1565 3815 1655 3872 est
1679 3833 1691 3871 :
1724 3818 1939 3873 Etenim

274 3892 525 3960 speciosa
544 3889 808 3960 ﬁgmenta
830 3892 881 3943 et
898 3889 1191 3943 ostentatio
1211 3889 1479 3943 simulata
1508 3891 1559 3943 et
1585 3890 1790 3944 coactio
1814 3890 1938 3944 visi-

281 3960 503 4032 bilium,
526 3976 597 4015 ne
640 3960 862 4032 quidem
884 3974 954 4014 ex
968 3961 1198 4032 propria
1229 3963 1435 4032 natura
1463 3960 1727 4030 procedit,
1750 3960 1841 4015 sed
1870 3977 1940 4017 ea:

278 4046 341 4088 eo
390 4031 611 4087 homine
641 4030 738 4103 qui
775 4046 876 4102 per
901 4046 956 4103 se
984 4031 1162 4103 ipsum
1207 4030 1442 4103 deterior
1489 4032 1707 4102 eﬂectus
1735 4035 1813 4087 est
1841 4048 1940 4102 per

284 4102 680 4159 seductionem.
713 4106 844 4174 Ipse
864 4102 1039 4157 etiam
1074 4102 1432 4174 Manichacus
1464 4120 1577 4157 non
1603 4104 1790 4174 potuit
1822 4104 1936 4159 nisi

284 4174 456 4229 fateri
490 4173 941 4244 animas,stiam
968 4190 1115 4244 quas
1138 4173 1279 4228 dicit
1306 4175 1378 4229 ad
1410 4173 1510 4228 Dei
1543 4176 1937 4230 substantiam

291 4246 849 4319 pertinere,propri_a
869 4244 1163 4319 voluntate
1193 4246 1600 4317 peccare.Nam
1633 4245 1716 4301 sic
1746 4247 1805 4301 in
1843 4263 1937 4302 se-

280 4316 477 4373 cundo
498 4317 779 4372 Thesauri
810 4316 958 4371 libro
990 4316 1136 4371 dixit
1168 4316 1291 4373 :Hi
1320 4332 1443 4372 vero
1471 4319 1568 4387 qui
1593 4319 1937 4387 negligentia

278 4404 383 4444 sua
410 4406 445 4442 α
473 4388 592 4442 labe
613 4388 1018 4512 praedictorum
1037 4388 1346 4459 spirituum
1368 4390 1610 4458 purgari
1629 4405 1685 4444 se
1703 4392 1937 4446 minime

279 4461 608 4512 permiserin
640 4505 654 4512 -
676 4459 982 4512 mandatiso
992 4476 1058 4512 ue
1078 4460 1282 4512 divinis
1300 4476 1375 4512 ea:
1395 4461 1605 4512 integro
1627 4478 1825 4512 parum
1844 4461 1934 4512 ob-

276 4459 654 4532 permiserint,
676 4459 1058 4529 mandatisque
1078 4460 1282 4532 diuinis
1300 4476 1375 4513 ea:
1395 4461 1605 4532 integro
1624 4478 1825 4531 parum
1844 4461 1934 4516 ob-

278 4530 739 4602 tempera-verint,
772 4531 1054 4600 legemque
1084 4530 1195 4585 sibi
1231 4546 1266 4585 a
1305 4546 1398 4585 suo
1435 4530 1727 4588 liberatore
1746 4532 1937 4587 datum

278 4618 503 4658 servare
526 4603 753 4673 plenius
780 4602 1337 4673 uoluerint,nequeut
1366 4602 1589 4657 decebat
1611 4620 1724 4659 sese
1750 4604 1938 4673 guber-

277 4671 557 4743 naverint,
580 4678 692 4727 etc.
731 4674 870 4728 Item
902 4672 961 4726 in
984 4671 1230 4743 epistolo
1262 4672 1648 4728 Fundamenti
1674 4671 1766 4730 sic»
1797 4675 1938 4730 dicit

281 4746 353 4800 de
369 4743 491 4799 illis
514 4745 976 4814 animubusguae
996 4743 1192 4798 mundi
1210 4760 1395 4799 amore
1415 4760 1606 4800 errare
1628 4762 1685 4800 se
1709 4748 1938 4815 apriore

283 4816 474 4871 lucida
502 4832 604 4870 sua
632 4824 835 4870 natura
873 4831 1045 4886 passm
1075 4819 1225 4883 sunt,
1254 4818 1418 4886 atque
1446 4817 1687 4871 inimica:
1735 4817 1939 4873 lumini

280 4889 467 4943 sancto
500 4888 855 4953 exstiterunt,
888 4895 1177 4957 aperteque
1206 4889 1263 4942 in
1292 4888 1598 4957 perniciem
1625 4894 1938 4943 sanctorum

279 4958 671 5014 elementorum
699 4975 756 5014 se
784 4963 1094 5026 armarunt,
1127 4963 1180 5014 et
1209 4961 1367 5030 igneo
1408 4960 1638 5029 spiritui
1668 4959 1938 5017 obsecuta

283 5033 431 5097 sunt,
456 5031 661 5155 infesta
689 5032 855 5086 etiam
872 5032 1244 5097 persecutione
1256 5046 1357 5085 sua
1373 5040 1620 5086 sanctam
1636 5033 1937 5087 Ecclesium

284 5109 447 5155 atoue
474 5117 503 5155 e
531 5103 751 5155 ectasin
768 5099 963 5155 eadem
978 5103 1300 5155 constitutos
1326 5102 1623 5155 caelestium
1645 5111 1934 5155 praecento-

284 5109 447 5172 atque
474 5099 671 5155 electos
691 5103 751 5155 in
768 5099 963 5156 eadem
978 5103 1300 5157 constitutos
1326 5102 1623 5157 caelestium
1641 5111 1934 5173 praecepto-

285 5188 416 5227 rum
432 5173 799 5228 observatores
827 5173 1183 5241 afﬂixerunt,
1214 5190 1247 5227 a
1290 5172 1713 5229 beatitudine’et
1751 5172 1939 5244 gloria

283 5250 452 5299 terra?
491 5252 693 5298 sancta?
741 5251 1019 5297 arcentur.
1067 5247 1143 5297 Et
1171 5245 1301 5314 quia
1328 5261 1366 5298 a
1398 5246 1543 5299 malo
1583 5261 1639 5300 se
1686 5248 1940 5315 superari

280 5329 461 5389 passae
483 5317 630 5379 sunt,
663 5316 725 5368 in
752 5314 947 5389 eadem
970 5315 1109 5389 mali
1154 5315 1337 5389 stirpe
1363 5318 1806 5389 perseverabunt,
1836 5335 1936 5389 pa-

279 5385 410 5455 ciﬁa
442 5390 597 5441 terra
629 5394 680 5441 et
709 5386 1025 5454 regionibus
1056 5386 1461 5441 immortalibus
1506 5388 1722 5443 sibimet
1756 5385 1938 5445 inter-

282 5457 463 5532 dictis.
498 5456 806 5532 Quodideo
840 5457 957 5511 illis
977 5458 1206 5532 eveniet,
1235 5458 1477 5532 quiaita
1524 5459 1728 5530 iniquis
1758 5463 1937 5532 operi-

282 5528 379 5583 bus
408 5543 466 5583 se
495 5529 852 5584 obstrinxerit
873 5532 1021 5594 nt,ut
1049 5544 1085 5583 a
1112 5530 1230 5582 vita
1259 5536 1310 5583 et
1341 5528 1603 5584 libertate
1619 5528 1829 5587 sanctae
1849 5534 1937 5588 tu-

279 5600 356 5655 cis
376 5599 782 5654 alienarentur.
817 5601 933 5655 Nor.
962 5600 1141 5667 igitur
1168 5602 1426 5670 poterunt
1454 5602 1626 5669 recipi
1663 5604 1720 5657 in
1766 5619 1940 5672 regna

280 5673 380 5727 illa
425 5673 683 5742 paciﬁca,
734 5672 827 5726 sed
874 5673 1217 5743 conﬁgentur
1263 5674 1325 5727 in
1370 5672 1631 5743 prxdicto
1678 5676 1940 5730 horribili

350 5841 461 5902 {In
493 5840 722 5901 excusis,
744 5853 777 5888 a
804 5840 1035 5891 Leontio.
1072 5843 1132 5891 In
1156 5842 1407 5892 Vaticano
1442 5841 1639 5902 codice,
1662 5857 1692 5892 α
1715 5844 1939 5894 Locutio.

284 5901 348 5970 l_n
367 5901 721 5970 Corbglensis,
750 5902 1091 5970 Cisterciensj
1121 5910 1177 5970 _s_t
1203 5905 1320 5970 aliis
1349 5904 1669 5970 quibusdam
1711 5907 1862 5969 Msa,
1909 5921 1941 5957 a

284 5964 487 6023 Leucto.
513 5964 709 6022 Confer
734 5965 868 6024 Acts
898 5980 1021 6021 cum
1048 5967 1239 6035 Felice,
1268 5964 1440 6033 libis,
1468 5981 1585 6035 cap.
1616 5971 1663 6022 6.

1829 256 2252 317 APPENDIX.

3586 259 3742 319 “42

2083 389 2260 459 globo,
2292 392 2386 446 cui
2411 392 2587 448 etiam
2612 402 2826 447 necesse
2854 396 2939 446 est
2963 388 3272 449 custodiam
3285 389 3554 446 adhiberi.
3592 392 3745 449 Unde

2084 460 2445 519 adhaerebunt
2476 464 2562 518 his
2592 463 2758 519 rebus
2779 464 2994 520 anima:
3012 461 3215 518 eaedem
3236 479 3370 532 quas
3398 462 3737 531 dilexerunt,

2085 534 2329 591 relictae1
2362 538 2423 590 in
2453 535 2637 591 eodem
2666 538 3020 591 tenebrarum
3062 534 3237 604 globo,
3276 537 3388 587 suis
3432 536 3650 589 meritis
3681 536 3743 591 id

2087 605 2198 659 sibi
2225 608 2625 675 conquirentes.
2657 608 2838 677 Neque
2863 608 3012 661 enim
3041 610 3236 677 futura
3265 604 3382 661 hwc
3426 622 3741 673 regnoscere

2088 681 2449 742 studuerunt,
2496 683 2665 749 atque
2709 680 2778 734 ab
2812 680 3029 745 iisdem,
3060 694 3185 732 cum
3238 681 3446 747 tempus
3476 678 3734 747 dabatur,

2086 762 2141 802 se
2171 754 2610 816 segregaverunt.

2152 819 2385 874 CAPUT
2418 820 2509 876 VI.
2541 851 2611 863 --
2641 821 2798 877 Rogo
2820 838 2943 877 vos.
2976 820 3073 875 ubi
3106 820 3428 875 audiuntur
3459 818 3581 875 haec
3613 837 3735 877 ver-

2079 888 2174 956 ba,
2200 891 2482 947 dubitatis
2512 893 2701 947 adhuc
2726 864 3114 948 itanichssum
3149 893 3419 947 adactum
3444 909 3571 947 esse
3593 909 3730 949 con-

2077 959 2249 1031 fiteri,
2282 978 2409 1036 esse
2442 970 2741 1033 peccatum
2774 964 3017 1036 propria
3048 963 3391 1018 voluntatis?
3412 963 3536 1019 Non
3570 964 3726 1021 enim

2078 1048 2261 1107 unum
2288 1035 2530 1107 verbum
2551 1036 2685 1090 inde
2715 1035 3001 1107 dixit,’sed
3029 1042 3144 1107 tam
3179 1039 3379 1103 multa,
3424 1043 3484 1107 ut
3524 1052 3724 1105 quem-

2076 1104 2198 1159 vis2
2228 1105 2388 1176 gravi
2422 1123 2627 1179 somno
2662 1104 2920 1163 mersum
2970 1106 3266 1161 excitaret.
3324 1106 3491 1171 Dixit,
3526 1104 3723 1179 negli-

2071 1180 2258 1249 gentia
2272 1194 2375 1232 sua
2396 1193 2415 1230 :
2439 1177 2605 1249 dixit,
2631 1180 2865 1235 minime
2914 1180 3301 1249 permiserint:
3331 1179 3498 1240 Dixit.
3520 1177 3719 1246 parum

2073 1247 2499 1319 obtempaverint
2532 1270 2551 1303 ,ι
2575 1247 2746 1316 Dixit,
2785 1247 3004 1306 servare
3031 1251 3331 1305 noluerint.
3372 1250 3511 1304 Item
3553 1250 3719 1319 dixit,

2070 1318 2323 1392 obsecuta:
2350 1323 2481 1374 sunt
2507 1339 2525 1375 :
2547 1320 2711 1385 dixit,
2744 1337 2801 1377 se
2847 1323 3103 1392 superari
3134 1338 3304 1392 passae
3341 1332 3471 1376 sunt
3506 1340 3517 1376 :
3554 1318 3715 1392 dixit,

2067 1405 2126 1444 se
2154 1390 2570 1463 obstrinxerunt
2600 1410 2613 1447 :
2649 1392 2812 1457 dixit,
2844 1390 2957 1448 suis
3004 1390 3217 1448 meritis
3261 1393 3317 1447 id
3361 1394 3469 1447 sibi
3490 1390 3719 1463 conqui-

2069 1469 2249 1536 rentes
2286 1478 2298 1518 :
2332 1462 2502 1529 dixit,
2533 1466 2711 1536 Neque
2732 1466 2887 1536 enim
2909 1469 3101 1535 futura
3128 1465 3242 1519 hac
3264 1480 3581 1533 cognoscere
3599 1462 3716 1521 stu-

2066 1532 2323 1601 duerunt,
2347 1542 2510 1604 atque
2536 1532 2850 1601 ab‘iisdem,
2879 1532 3006 1590 cum
3036 1545 3240 1605 tempus
3267 1532 3522 1602 dabatur,
3552 1553 3608 1592 se
3636 1553 3717 1592 se-

2063 1611 2469 1678 gregaverunt:
2505 1613 2563 1662 et
2591 1625 2691 1663 vos
2716 1607 3001 1663 dubitatis
3028 1607 3219 1662 dicere
3250 1608 3482 1678 propria
3510 1608 3716 1664 volun-

2065 1683 2180 1731 tate
2216 1677 2482 1747 peccari?

2132 1748 2358 1821 CAPUT
2400 1749 2522 1803 VII.
2555 1779 2624 1789 -—-
2654 1750 2871 1805 lterum
2895 1748 3019 1821 ipse
3047 1748 3186 1803 dicit
3209 1750 3265 1821 in
3308 1749 3510 1804 eadem
3554 1751 3707 1821 epis—

2059 1818 2200 1883 tola,
2223 1822 2386 1875 Lucis
2405 1824 2590 1876 autem
2613 1818 2941 1876 succisivam
2966 1829 3201 1892 partem,
3237 1820 3333 1875 hoc
3352 1824 3453 1885 est,
3489 1818 3712 1877 (minias

2054 1893 2384 1961 peccatrices
2416 1908 2429 1945 :
2465 1897 2522 1946 et
2551 1909 2650 1947 vos
2680 1909 2795 1947 non
2828 1892 3023 1947 dicitis
3062 1908 3302 1961 peccare
3327 1892 3436 1946 nisi
3471 1904 3709 1961 gentem

2059 1963 2431 2018 tenebrarum
2452 1965 2479 2017 ‘l
2509 1964 2620 2019 Sed
2653 1964 2791 2034 quid
2826 1965 2896 2018 de
2930 1963 3040 2018 isto
3068 1962 3293 2034 loquar,
3318 1962 3416 2034 qui
3441 1965 3711 2034 quamvis

2058 2040 2296 2103 erraret,
2328 2040 2524 2090 tamen
2556 2034 2998 2091 evidentissima
3048 2038 3288 2089 veritate
3335 2034 3441 2089 hoc
3476 2041 3709 2092 coactus

2057 2110 2147 2177 est
2171 2105 2391 2173 dicere;
2426 2124 2559 2161 cum
2591 2106 2785 2177 ipsum
2824 2108 3130 2162 Dominum
3184 2111 3449 2177 nostrum
3502 2106 3708 2163 Jesum

2057 2176 2353 2231 Christum
2400 2177 2595 2232 nolitis
2622 2176 2947 2247 intelligere
2987 2178 3299 2243 dicentem,
3334 2176 3526 2247 ignem
3563 2195 3705 2247 prae-

2098 2252 2326 2302 aratum
2358 2265 2487 2304 esse
2520 2249 2943 2320 peccatoribus,
2976 2248 3206 2320 diabolo
3233 2254 3293 2320 et
3322 2248 3546 2320 angelis
3577 2250 3705 2319 ejus

2082 2320 2272 2374 Matth.
2307 2337 2436 2387 xxv,
2463 2318 2571 2390 Isi),
2606 2337 2753 2391 quos
2784 2336 2986 2376 omnes
3018 2319 3198 2375 voluit
3228 2318 3469 2391 intelligi
3500 2318 3701 2390 pecca-

2054 2391 2251 2446 tores?
2280 2391 2405 2463 Non
2435 2390 2901 2463 eniminjustitia
2930 2395 3017 2446 est
3034 2392 3187 2463 apud
3221 2390 3426 2457 Deum,
3452 2398 3514 2445 ut
3543 2392 3705 2447 dam-

2054 2467 2152 2535 net
2181 2479 2281 2517 eos
2313 2462 2681 2535 qruiomnino
2717 2462 2858 2518 nihil
2895 2467 3343 2535 peccaverunt.“
3414 2533 3424 2535 _
3482 2466 3483 2469 “

2125 2531 2360 2589 CAPUT
2380 2534 2528 2590 VIII.
2561 2565 2630 2575 --
2661 2531 2910 2590 Peccare
2923 2535 3079 2590 enim
3104 2535 3243 2605 quid
3271 2531 3430 2588 aliud
3448 2537 3555 2598 est,
3589 2533 3702 2589 nisi

2053 2603 2112 2677 in
2145 2605 2404 2661 veritatis
2425 2607 2726 2677 praceptis
2754 2606 2841 2662 vel
2872 2608 2931 2661 in
2967 2606 3094 2676 ipsa
3115 2603 3229 2660 non
3255 2610 3410 2660 stare
3435 2606 3705 2661 veritate?

2054 2676 2214 2748 Quod
2234 2676 2282 2731 si
2306 2694 2420 2732 non
2443 2676 2740 2733 voluntate
2761 2679 2981 2733 iaciunt
3003 2681 3351 2748 peccatores,
3377 2677 3705 2747 injusteju-

2051 2746 2342 2804 dicantur.
2371 2749 2672 2804 Pertinere
2702 2756 2898 2805 autem
2928 2754 2984 2803 et
3003 2746 3249 2815 angelos
3272 2748 3341 2802 ad
3383 2746 3707 2818 judicium,

2048 2819 2363 2890 Apostolus
2385 2821 2642 2875 ostendit
2670 2822 2903 2876 dicens:
2930 2821 3162 2876 Nescitis
3186 2820 3445 2889 quoniam
3476 2821 3703 2890 angelos

2050 2890 2422 2960 iudicabimus
2461 2891 2506 2961 (Ι
2538 2891 2658 2946 Cor.
2680 2909 2755 2957 v1,
2789 2892 2879 2963 3)?
2924 2892 3049 2947 Non
3106 2898 3300 2946 autem
3350 2891 3705 2961 pertinerent

2049 2964 2121 3017 ad
2148 2962 2436 3045 judicium
2470 2980 2584 3035 quo
2607 2962 2972 3045 judicantur,
3007 2963 3056 3018 si
3091 2979 3203 3017 non
3239 2965 3599 3045 pertinerent
3629 2965 3700 3045 ad

2050 3038 2351 3103 peccatum
2383 3034 2499 3105 quo
2544 3034 2624 3089 rei
2673 3034 2843 3099 fiunt,
2893 3050 2997 3088 nec
3031 3039 3267 3104 possent
3312 3034 3702 3104 meritojudi-

2047 3105 2184 3176 cari.
2217 3106 2341 3160 Non
2369 3105 2524 3159 enim
2558 3105 2824 3176 homines
2849 3105 2995 3174 justi
3029 3106 3097 3159 de
3131 3105 3311 3175 justis
3353 3105 3575 3176 angelis
3598 3107 3697 3176 ju-

2046 3175 2293 3258 dicaturi
2325 3182 2485 3258 sunt,
2515 3176 2731 3258 quibus
2771 3175 2992 3258 similes
3030 3181 3220 3243 erunt,
3254 3176 3353 3230 sed
3386 3175 3587 3258 utique
3608 3175 3699 3233 'de

2049 3248 2476 3318 peccatoribus;
2530 3248 2820 3304 Malefacti
2858 3249 2949 3303 sui
2995 3265 3130 3319 ergo
3164 3264 3265 3319 per
3314 3248 3692 3319 cupiditatem

2046 3320 2297 3390 quisque
2329 3326 2532 3375 auctor
2560 3326 2668 3375 est.

2115 3391 2345 3446 CAPUT
2384 3391 2473 3446 IX.
2509 3423 2573 3431 —
2596 3392 2697 3446 Est
2717 3406 2852 3459 ergo
2883 3391 2940 3444 in
2977 3394 3256 3460 potestate
3280 3394 3341 3444 ut
3362 3390 3439 3445 sit
3469 3390 3690 3461 cupidi-

2044 3465 2134 3516 tas
2156 3468 2212 3516 et
2235 3462 2360 3517 ideo
2378 3463 2554 3517 etiam
2580 3461 2797 3517 malum
2822 3462 2879 3515 in
2907 3466 3188 3533 potestate
3210 3466 3386 3515 est.In
3405 3468 3688 3533 potestate

2044 3548 2179 3613 ergo
2201 3539 2308 3595 est,
2332 3534 2482 3613 quod
2519 3533 2576 3613 in
2600 3532 3049 3613 voluntate’esse
3086 3549 3197 3613 non
3233 3532 3437 3613 debet:
3466 3532 3687 3613 malum

2044 3603 2200 3657 enim
2223 3621 2333 3658 non
2357 3610 2543 3674 potest
2564 3620 2692 3659 esse
2718 3610 2949 3670 natura,
2976 3620 3078 3658 nec
3102 3603 3450 3667 substantia,
3482 3620 3585 3657 nec
3606 3604 3686 3657 vi-

2045 3679 2138 3739 ta;
2164 3674 2302 3745 quia
2332 3675 2451 3730 haec
2475 3676 2626 3729 bona
2656 3679 2814 3740 sunt,
2837 3678 2893 3730 in
2923 3681 3207 3745 quantum
3242 3680 3399 3730 sunt.
3426 3675 3534 3728 Sed
3561 3679 3618 3729 et
3640 3674 3688 3728 si

2043 3744 2266 3816 aliquos
2297 3748 2641 3801 naturaliter
2699 3744 2953 3801 dicimus
3005 3744 3211 3810 malos,
3248 3752 3482 3816 propter
3522 3746 3692 3815 origi-

2042 3834 2175 3872 nem
2192 3819 2397 3873 veteris
2424 3818 2639 3888 peccati
2664 3817 2940 3881 dicimus,
2963 3817 3021 3872 in
3046 3816 3296 3886 quojam
3323 3820 3521 3871 nostra
3541 3833 3689 3871 mor-

2041 3888 2239 3944 talitas
2259 3890 2532 3945 nascitur.
2564 3890 2773 3944 Totum
2797 3889 2992 3958 itaque
3028 3888 3181 3959 quod
3212 3893 3448 3942 vocatur
3469 3888 3689 3943 malum

2041 3959 2102 4016 in
2135 3960 2493 4027 hominibus,
2526 3966 2827 4032 peccatum
2852 3963 2943 4015 est
2972 3966 3029 4015 et
3056 3975 3245 4032 poena.
3286 3959 3590 4032 Peccatum
3626 3960 3691 4014 fit

2041 4031 2114 4087 ab
2145 4032 2345 4089 anima
2368 4030 2766 4094 rationali.cui
2782 4032 3031 4087 liberum
3054 4030 3687 4086 voluntatisarbitrium

2040 4108 2434 4175 est:etpcana
2463 4102 2748 4175 inﬂigitur
2780 4104 3014 4175 justitia
3056 4102 3154 4175 Dei
3187 4120 3323 4175 quas,
3358 4101 3504 4175 nihil
3556 4102 3691 4175 facit

2040 4173 2278 4245 injuste;
2310 4173 2757 4231 Adversusth
2786 4173 2962 4231 solita
2991 4174 3243 4229 caecitate
3279 4174 3575 4230 Manichaai
3604 4173 3689 4227 la-

2038 4250 2233 4314 trant;
2268 4252 2325 4302 et
2355 4264 2485 4303 cum
2518 4246 2947 4303 convincuntur
2971 4252 3241 4302 naturam
3278 4262 3391 4300 non
3425 4261 3691 4299 essema-

2039 4317 2185 4390 lum,
2220 4319 2320 4374 sed
2352 4325 2409 4373 in
2444 4323 2727 4390 potestate
2756 4336 2886 4374 esse
2917 4318 3174 4390 hominis
3206 4318 3391 4371 facere
3414 4316 3558 4370 bene
3588 4320 3691 4370 aut

2040 4389 2212 4454 male,
2244 4387 2458 4444 dicunt'
2476 4407 2591 4446 non
2622 4406 2750 4444 esse
2781 4389 2991 4444 animis
3024 4387 3267 4443 liberam
3306 4389 3686 4457 voluntatem,

2039 4464 2097 4517 et
2127 4478 2242 4515 non
2274 4462 2471 4517 vident
2501 4461 2817 4516 caecitatem
2849 4476 3037 4515 suam.

2111 4532 2340 4588 CAPUT
2372 4532 2433 4587 X.
2460 4563 2528 4573 —-
2558 4531 2699 4595 Quis
2720 4532 2875 4586 enim
2899 4548 3012 4585 non
3037 4529 3245 4584 clamet
3269 4529 3512 4584 stultum
3538 4545 3688 4597 esse,

2040 4610 2332 4676 praecepta
2353 4605 2491 4676 dare
2510 4604 2584 4676 ei,
2608 4603 2702 4659 cui
2720 4602 2968 4658 liberum
2994 4618 3108 4657 non
3132 4605 3221 4676 est
3242 4600 3397 4671 quod
3424 4601 3688 4676 praecipi-

2040 4672 2137 4730 tur
2155 4672 2361 4740 facere;
2392 4680 2450 4730 et
2470 4674 2739 4746 iniquum
2771 4690 3093 4746 esse._eum
3138 4672 3541 4746 damnarecui
3575 4690 3689 4746 non

2041 4747 2149 4801 fuit
2172 4752 2427 4818 potestas
2436 4743 2609 4816 jussa
2632 4744 2953 4818 complere?
2974 4744 3165 4818 Et_has
3188 4743 3507 4818 injustitias
3519 4749 3576 4799 et
3584 4743 3694 4818 ini-

2040 4814 2295 4889 quitates
2319 4814 2517 4873 miseri
2541 4834 2663 4889 non
2679 4814 3017 4889 intelligunt
3037 4815 3150 4871 Deo
3176 4832 3237 4871 se
3254 4814 3687 4873 ascribere.Sed

2041 4888 2180 4960 quid
2204 4906 2404 4944 verum
2429 4896 2537 4954 est,
2558 4888 2670 4944 nisi
2693 4895 2765 4960 et,
2783 4888 3095 4943 Dominum
3120 4889 3267 4960 dare
3295 4891 3599 4958 praecepta,
3633 4892 3691 4939 et

2041 4958 2270 5016 animas
2304 4960 2498 5015 libera:
2536 4959 3020 5026 essevoluntatis,
3053 4964 3111 5013 et
3158 4958 3376 5012 malum
3417 4963 3686 5011 naturam

2042 5049 2157 5089 non
2173 5048 2321 5096 esse,
2347 5032 2446 5087 sed
2465 5049 2591 5087 esse
2612 5033 2970 5088 aversionem
2988 5048 3021 5086 a
3042 5030 3141 5085 Dei
3157 5028 3479 5100 prmceptis,
3489 5032 3545 5082 et
3560 5044 3689 5082 esse

2032 5105 2262 5175 justum
2279 5103 2569 5175 judicium
2596 5104 2693 5159 Dei
2717 5120 2831 5175 quo
2854 5104 3093 5175 damnet
3124 5098 3476 5175 peccantes

2111 5168 2342 5232 CAPUT
2365 5174 2456 5230 X1.
2482 5206 2548 5216 —
2568 5168 2793 5230 Interea
2814 5190 2947 5231 cum
2967 5168 3292 5227 dicat—idem
3309 5168 3685 5239 Manichacus,

2043 5250 2215 5302 Deum
2232 5247 2490 5301 omnibus
2514 5248 2670 5302 bonis
2691 5246 3079 5309 abundantem,
3103 5243 3261 5297 nullo
3292 5242 3353 5295 in
3372 5242 3557 5310 regnis
3572 5242 3688 5311 ejus

2040 5319 2347 5387 insignibus
2384 5319 2661 5389 indigente
2692 5327 2787 5389 aut
2817 5317 3036 5385 inﬁrmo
3073 5315 3379 5389 constituto,
3404 5314 3690 5389 ita__etiam

2038 5385 2273 5459 fundata
2301 5385 2543 5460 ejusdem
2578 5388 2969 5459 splendissima
3000 5388 3314 5460 sacul_a,_ut
3338 5403 3369 5438 a
3400 5385 3555 5460 nullo
3580 5401 3689 5439 un-

2040 5454 2205 5531 quam
2231 5454 2445 5517 concuti
2458 5454 2755 5517 velmoveri
2762 5461 2970 5530 possint
2987 5475 3003 5531 ξ
3019 5458 3076 5512 in
3099 5456 3211 5531 alio
3231 5456 3357 5512 loco
3372 5454 3542 5526 paulo
3558 5460 3690 5527 post

2041 5530 2434 5605 subjungit,et
2455 5532 2618 5594 dicit.
2655 5531 2812 5605 Lucis
2834 5546 2957 5587 vero
2990 5530 3318 5605 beatissima;
3335 5532 3502 5605 Pater
3516 5544 3692 5583 sciens

2045 5599 2225 5659 labem
2243 5599 2503 5671 magnam
2523 5619 2586 5658 ac
2604 5604 2913 5657 vastitatem
2932 5616 3057 5673 qua?
3076 5617 3145 5673 ea;
3160 5599 3399 5655 tenebris
3415 5609 3689 5673 surgeret,

2042 5677 2297 5731 adversus
2309 5692 2407 5729 sua
2426 5683 2618 5728 sancta
2638 5671 2951 5743 impendere
2969 5671 3314 5740 δειδυῖαβίδὶ
3332 5672 3557 5743 aliquod
3569 5672 3689 5727 exi-

2039 5750 2218 5803 mium
2230 5763 2293 5800 ac
2310 5746 2659 5816 praeclarum,
2672 5754 2723 5799 et
2742 5746 2944 5800 virtute
2959 5753 3148 5815 potens
3193 5760 3403 5799 numen
3428 5747 3687 5815 opponat,

2040 5836 2143 5890 quo
2159 5827 2375 5890 superet
2391 5817 2560 5872 simul
2579 5832 2644 5871 ac
2662 5816 2907 5872 destruat
2924 5820 3155 5889 stirpem
3177 5816 3546 5885 tenebrarum,
3578 5830 3688 5885 qua

2108 5909 2125 5944 ί
2150 5906 2450 5958 Vaticamus
2479 5905 2597 5967 Με..
2623 5903 2805 5957 relicta
2835 5905 2961 5958 luce.

2103 5969 2127 6008 ³
2146 5970 2209 6023 In
2234 5969 2380 6035 κιο..
2408 5969 2466 6021 ut
2490 5968 2742 6034 quamvis.
