4128 6186
498 222 654 284 1143

493 354 765 414 exstincta
793 350 944 422 quies
964 347 1105 404 lucis
1136 345 1330 401 incolis
1358 353 1668 422 parareiitr:

567 414 942 483 CAPUT'XII.
968 451 1035 460 —
1052 423 1212 474 Certe
1246 414 1382 489 ergo
1407 434 1439 472 a
1462 415 1622 489 nullo
1649 416 1890 489 inquam
1913 414 2143 489 concuti

491 499 584 555 vel
618 494 832 551 moveri
856 496 1170 564 potuerunt
1209 487 1386 564 regna
1409 490 1498 564 dei
1531 487 1855 543 Manichmi.
1896 487 1952 540 Si
1983 487 2140 564 enim

533 568 804 635 otuerint,
830 557 1116 619 mentitus
1147 567 1237 635 est
1259 557 1524 635 dicendo,
1550 577 1663 615 non
1689 575 1854 628 posse
1872 575 2049 635 regna
2070 557 2140 613 il-

516 659 549 697 a
571 643 641 697 ab
661 633 858 708 aliquo
878 635 1129 708 concuti.
1149 634 1221 708 Et
1234 633 1281 688 si
1305 649 1591 708 concussa
1609 636 1746 686 sunt
1771 633 2134 708 necessitate,

493 719 593 768 aut
624 702 848 775 timo-re;
876 725 992 762 non
1036 706 1147 761 erit
1191 705 1363 769 Deus,
1398 705 1497 775 qui
1547 704 1629 758 sic
1661 702 1889 757 concuti
1922 703 2127 773 potuit.

495 785 643 842 Nam
675 782 942 836 videmus
987 779 1160 832 deum
1192 776 1479 831 Manichai
1513 776 1836 830 secundum
1868 775 2140 828 eumdem

491 853 877 912 Manichzeum
913 849 1062 904 malo
1098 849 1463 904 necessitatis
1495 863 1783 917 pressum,
1816 862 1947 900 cum
1984 846 2141 900 labes

490 943 554 983 ac
583 925 824 981 vastitas
848 924 1126 977 adversus
1159 919 1372 975 saecula
1401 921 1529 989 ejus
1553 917 2139 988 impenderet,aliud-

489 1014 602 1072 que
626 996 1025 1072 quodiaceret
1055 992 1458 1072 noln‘haberet‘,
1485 997 1706 1072 partem
1740 1005 1920 1072 suam.
1937 989 2004 1070 ad
2030 1005 2139 1060 pu-

533 1060 670 1126 nam
703 1068 935 1123 dedisse
966 1069 1030 1119 ut
1063 1064 1144 1118 vel
1178 1063 1286 1118 hoc
1318 1060 1501 1116 modo
1523 1061 1777 1132 quietem
1810 1060 1958 1114 lucis
1990 1060 2142 1132 inco-

512 1131 562 1197 is
583 1141 968 1211 compararet,
1003 1136 1134 1211 Ipsa
1163 1151 1294 1211 vero
1326 1151 1460 1205 pars
1483 1131 1631 1211 ejus,
1658 1132 1770 1211 hoc
1797 1137 1906 1197 est,
1939 1132 2010 1211 de
2057 1131 2140 1185 lu-

493 1213 648 1268 mine
680 1206 899 1274 lumen,
932 1209 1002 1262 de
1029 1206 1180 1262 bono
1215 1208 1456 1271 bonum,
1497 1206 1566 1259 de
1613 1209 1813 1260 sancto
1847 1207 2137 1273 sanctum,

488 1285 559 1340 de
587 1288 799 1340 azterno
833 1285 1136 1340 internum.
1195 1278 1265 1332 de
1293 1277 1405 1332 Deo
1438 1282 1609 1345 Deus,
1647 1275 1717 1330 de
1748 1275 2142 1344 omnipotente

487 1355 886 1426 omnipotens,
938 1352 1213 1426 corrupta
1243 1348 1338 1426 sit,
1373 1348 1722 1402 mortificata
1755 1351 1851 1413 sit,
1905 1346 2142 1400 commi-

485 1433 585 1484 xta
613 1421 687 1482 sit
719 1442 819 1497 per
851 1425 1050 1497 omnia
1081 1421 1284 1475 mundi
1323 1436 1574 1497 corpora
1616 1436 1649 1474 a
1678 1434 1911 1497 summo
1959 1433 2141 1497 usque

488 1499 558 1554 ad
583 1490 792 1564 imum,
827 1512 861 1550 a
891 1493 1031 1549 coelo
1059 1491 1340 1564 usquead
1374 1496 1648 1564 stercora,
1685 1495 1749 1545 ut
1798 1490 2140 1564 et_meretri-

487 1586 583 1627 ces
613 1571 672 1624 in
703 1561 947 1623 theatris
981 1569 1039 1620 et
1071 1565 1130 1617 in
1151 1561 1306 1618 locis
1337 1562 1698 1634 turpioribus
1721 1561 2011 1634 turpiores
2038 1561 2140 1615 ha-

490 1642 697 1698 berent
741 1640 918 1718 inse‘
943 1651 1288 1718 oppressum
1333 1633 1534 1718 Deum,
1563 1633 1670 1716 .qui
1719 1633 1951 1718 liberari
1996 1633 2142 1718 forte

493 1730 608 1768 non
642 1709 848 1783 possit.
881 1703 1210 1783 Dicit—enim
1245 1706 1302 1760 in
1327 1705 1442 1783 fine
1466 1703 1653 1783 ipsius
1677 1703 1955 1783 epistolae,
1989 1705 2142 1783 unde

490 1777 675 1840 unum
710 1780 1032 1853 capitulum
1058 1781 1180 1847 jam
1213 1777 1540 1848 posuimus,
1565 1777 1753 1847 ipsam
1789 1777 1882 1830 Dei
1916 1782 2140 1853 partem

489 1871 620 1928 quae
642 1848 967 1928 com—mista
997 1855 1104 1928 est,
1139 1867 1256 1905 non
1302 1854 1484 1904 totam
1545 1865 1716 1920 posse
1766 1848 2021 1903 revocari
2069 1848 2140 1901 ad

489 1923 797 2000 Pri.$ti99_‘l‘
833 1923 1191 2000 libertates!-

561 1996 793 2052 CAPUT
833 1994 978 2051 XIII.
1013 2024 1080 2033 —
1113 1997 1253 2046 Ecce
1298 1989 1560 2056 victoria,
1603 2006 1732 2045 ecce
1781 1989 2140 2061 triumphus,

491 2068 727 2140 qualem
751 2067 883 2140 fecit
902 2064 1200 2140 Manichaei
1215 2064 1377 2140 deus.
1392 2062 1548 2140 ﬁam
1569 2067 1701 2140 post
1719 2061 2006 2140 amissam
2019 2079 2144 2140 par-

487 2133 605 2195 tem
629 2155 796 2194 suam
823 2139 881 2192 in
903 2137 1064 2192 luctu
1089 2139 1197 2204 est,
1216 2135 1369 2189 sicut
1392 2133 1748 2188 Manichmus
1771 2133 1927 2188 idem
1952 2133 2092 2187 dicit
2127 2150 2140 2188 :

483 2211 676 2268 velum
699 2214 900 2265 contra
923 2225 983 2264 se
1005 2208 1198 2272 habet,
1225 2204 1375 2277 quod
1397 2205 1654 2277 dolorem
1679 2205 1807 2275 ejus
1832 2207 2139 2277 temperet,

485 2298 556 2338 ne
577 2281 1012 2353 corruptionem
1046 2275 1603 2353 partis—suevideat.
1648 2275 2004 2353 Hodieenim
2054 2275 2141 2353 di:

482 2354 619 2410 vina
642 2346 820 2425 quam
857 2346 1288 2425 commemorai
1305 2348 1670 2425 substantia,
1693 2346 1959 2425 subjacet
1980 2346 2141 2425 genti

483 2418 881 2492 tenebrarum,
925 2427 990 2478 ut
1019 2421 1208 2477 lutum
1261 2418 1456 2491 figulo.
1491 2420 1608 2475 Hoc
1656 2419 1717 2474 in
1758 2420 1946 2491 primo
1995 2418 2144 2474 libro

483 2496 768 2554 Thesauri
803 2510 1007 2550 eorum
1043 2493 1328 2564 scriptum
1357 2495 1464 2545 est.

560 2565 951 2643 CAPUTXIV.
974 2595 1041 2606 —
1061 2560 1258 2643 Qualis
1288 2563 1508 2643 interea
1534 2561 1864 2643 turpitudo,
1882 2560 2144 2643 quam-in

487 2639 692 2696 eodem
738 2638 1037 2694 Thesauro
1075 2637 1228 2691 inter
1260 2640 1465 2689 eastern
1488 2631 1683 2704 turpia
1705 2633 1763 2704 in
1796 2631 2044 2704 septimo
2071 2631 2139 2686 li-

489 2711 596 2766 bro
626 2710 889 2782 scripsit,
912 2709 1001 2782 sic
1017 2708 1216 2782 dicens
1245 2723 1257 2760 :
1295 2708 1439 2782 Tunc
1471 2703 1654 2782 beatus
1686 2703 1790 2782 ille
1826 2703 2014 2768 Pater,
2040 2704 2148 2782 .qui

491 2782 702 2838 lucidas
717 2776 891 2838 naves
908 2779 1402 2836 habetdiversoria
1431 2785 1482 2832 et
1502 2777 1823 2831 habitacula
1844 2776 2147 2832 secundum

489 2853 968 2925 magnitudines‘,
987 2866 1089 2922 pro
1134 2851 1304 2925 insita
1339 2849 1450 2925 sibi
1479 2849 1778 2925 clementia
1811 2849 1918 2925 fert
1965 2863 2144 2917 Opem,

491 2920 600 2998 qua
621 2927 846 2980 exuitur
873 2927 922 2979 et
943 2920 1222 2998 liberatur
1248 2921 1537 2998 ab‘impiis
1564 2920 1895 2998 retinaculis
1917 2927 1968 2975 et
1980 2935 2149 2998 angu-

490 2991 611 3053 iliis
631 2999 794 3068 atque
814 2995 1107 3068 angoribus
1134 3007 1254 3050 suae
1272 2993 1462 3068 vitalis
1489 2991 1832 3068 substantiae.
1852 2992 2145 3068 Itaquein-

491 3063 819 3123 visibili‘suo
840 3063 982 3121 nutu
1004 3067 1132 3120 illas
1151 3081 1281 3120 suas
1312 3065 1556 3129 virtutes,
1591 3077 1715 3133 quae
1746 3064 1802 3116 in
1835 3063 2150 3117 clarissima

496 3139 602 3194 hac
630 3141 760 3193 navi
780 3138 1069 3203 habentur,
1095 3137 1450 3206 transﬁgurat
1471 3149 1669 3203 easque
1686 3149 1881 3206 parere
1901 3136 2034 3202 facit
2049 3134 2146 3206 ad-

492 3211 670 3266 versis
696 3210 1072 3281 potestatibus,
1099 3221 1223 3278 quae
1251 3209 1310 3281 in
1340 3206 1575 3275 singulis
1602 3205 1860 3259 caelorum
1883 3205 2147 3259 tractibus

497 3278 766 3338 ordinatae
793 3287 939 3335 sunt.
973 3280 1108 3347 Quae
1138 3278 1398 3350 quoniam
1418 3292 1488 3331 ea:
1516 3283 1740 3350 utroque
1766 3291 1900 3350 seacu
1931 3291 2147 3350 mascu-

503 3353 689 3408 lorum
717 3368 782 3406 ac
810 3347 1157 3423 feminarum
1173 3351 1493 3423 consistunt,
1537 3347 1655 3423 ideo
1682 3347 1988 3423 praedictas
2011 3349 2144 3423 _vir-

502 3428 637 3480 tates
663 3419 877 3494 partim
914 3424 1094 3494 specie
1119 3436 1412 3488 puerorum
1427 3420 1969 3494 investium'parere
1993 3419 2150 3494 jubet

497 3491 697 3565 generi
726 3491 952 3550 adverso
999 3495 1352 3561 feminarum,
1380 3491 2144 3565 partim_virginumlucida-

496 3560 624 3622 rum
650 3568 832 3638 forma
860 3560 1056 3638 generi
1082 3565 1357 3619 contrario
1380 3560 1777 3638 'masculorum
1808 3564 2030 3638 :sciens
2053 3577 2146 3617 eas

493 3633 681 3695 omnes
703 3633 926 3693 hostiles
963 3639 1271 3708 potestates,
1290 3638 1515 3708 propter
1544 3635 1855 3708 ingenitam
1882 3633 1991 3688 sibi
2012 3636 2145 3688 leta-

494 3711 600 3766 lem
628 3714 680 3764 et
707 3705 1124 3779 spurcissimam
1168 3705 1667 3779 concupiscentiam
1693 3705 1963 3776 facillime
1997 3707 2143 3775 capi,

493 3792 656 3853 atque
687 3777 888 3837 iisdem
922 3779 1216 3853 speciebus
1267 3777 1656 3853 pulcherrimis
1709 3787 2147 3853 gua’.__apparent

496 3795 656 3853 atque
687 3795 888 3837 iisdem
943 3795 1216 3848 speciebus
1267 3795 1656 3848 pulcherrimis
1704 3795 1829 3903 Eua?
1879 3795 2146 3847 apparent

496 3853 852 3922 mancipari,
912 3851 1112 3923 hocque
1160 3849 1313 3904 modo
1370 3849 1632 3923 dissolvi.
1730 3849 1905 3923 _ciat_is
1961 3856 2146 3903 autem

493 3923 641 3979 hunc
668 3919 916 3979 eumdem
946 3919 1202 3978 nostrum
1239 3923 1455 3976 beatum
1475 3922 1697 3975 Patrem
1722 3920 1818 3974 hoc
1834 3919 1978 3974 idem
2007 3935 2140 3987 esse,

496 3994 638 4066 quod
665 3997 835 4049 etiam
865 4011 977 4049 sua:
1009 3995 1252 4059 virtutes,
1286 4008 1429 4064 quas
1449 3992 1512 4047 ob
1538 3995 1901 4066 necessariam
1921 4007 2144 4046 causam

496 4064 863 4137 transformat
892 4066 949 4119 in
996 4080 1298 4137 puerorum
1343 4065 1719 4137 et_virginum
1759 4064 2144 4137 intemeratum

491 4135 932 4193 similitudinem.
964 4135 1151 4192 Utitur
1177 4143 1359 4189 autem
1391 4135 1477 4189 his
1503 4139 1767 4203 tanquam
1792 4135 2034 4204 propriis
2051 4151 2141 4188 ar-

463 4267 466 4271 ,
490 4211 616 4274 mis,
650 4217 812 4279 atque
837 4224 938 4278 per
965 4222 1058 4263 eas
1086 4223 1244 4261 suam
1269 4207 1502 4278 complet
1529 4205 1886 4279 voluntatem.

559 4275 788 4336 CAPUT
816 4275 931 4335 XV.
963 4309 1034 4319 —
1063 4281 1274 4334 Harum
1312 4275 1436 4332 vero
1482 4279 1752 4331 virtutum
1796 4275 2132 4345 divinarum,

491 4367 610 4422 qua
631 4353 701 4406 ad
721 4353 898 4406 instar
916 4352 1168 4420 conjugii
1186 4353 1385 4405 contra
1406 4351 1856 4422 infernagenera
1873 4351 2124 4422 statuun-

490 4419 606 4492 tur,
644 4439 869 4495 quaeque
897 4419 1188 4495 alacritate
1207 4437 1271 4495 ac
1289 4421 1557 4495 facilitate
1587 4419 1663 4474 id
1694 4420 1842 4495 quod
1864 4421 2131 4495 cogitave-

486 4491 624 4560 rint,
653 4491 924 4549 momento
944 4493 1129 4549 eodem
1157 4491 1426 4563 efﬁciunt,
1454 4493 1639 4565 plenae
1664 4495 1793 4565 sunt
1825 4491 2017 4546 lucidas
2040 4509 2140 4546 na-

485 4581 595 4621 ves.
625 4569 814 4637 Itaque
840 4581 964 4620 cum
992 4567 1136 4620 ratio
1152 4564 1464 4636 poposcerit
1481 4570 1542 4618 ut
1559 4564 2138 4637 masculisappareant

479 4637 681 4694 eaedem
704 4633 908 4693 sancti?
933 4633 1178 4706 virtutes,
1199 4633 1350 4692 illico
1379 4637 1548 4692 etiam
1563 4652 1722 4690 suam
1744 4633 1990 4706 effigiem
2022 4636 2134 4690 vir-

480 4710 672 4781 ginum
689 4707 1203 4781 pulcherrimarum
1252 4707 1442 4762 habitu
1487 4708 1887 4762 demonstrant.
1937 4707 2137 4781 Rursus

479 4779 607 4837 cum
630 4779 700 4835 ad
726 4781 966 4850 feminas
993 4787 1213 4834 ventum
1257 4781 1449 4848 fuerit,
1475 4783 1852 4851 postponentes
1905 4779 2134 4851 speciem

479 4849 788 4923 virginum,
839 4866 1137 4923 puerorum
1189 4849 1490 4923 investiuni
1533 4849 1762 4923 speciem
1821 4849 2131 4905 ostendunt.

479 4869 788 4923 virginum,
839 4869 1137 4922 puerorum
1189 4869 1487 4906 invesuum
1533 4869 1558 4906 s
1599 4869 1762 4906 eciem
1821 4869 2131 4905 οδῑϐηαῑιηι.

479 4929 597 4981 Hoc
625 4927 810 4979 autem
840 4924 959 4978 visu
986 4921 1176 4978 decoro
1205 4922 1433 4977 illarum
1465 4869 1630 4978 (ιν-(121*
1652 4928 1704 4978 et
1734 4924 2134 4992 concupiscen-

478 4998 560 5053 tia
611 4997 826 5062 crescit,
859 4998 1023 5066 atque
1070 4992 1169 5049 hoc
1201 4994 1377 5066 modo
1422 4995 1707 5050 vinculum
1755 4995 2136 5056 pessimarum

481 5068 881 5138 cogitationum
912 5065 1104 5122 earum
1132 5065 1381 5138 solvitur,
1414 5067 1644 5137 vivaque
1671 5067 1866 5138 antina
1895 5081 2014 5137 qua:
2043 5080 2136 5120 eo-

477 5137 726 5197 rumdem
757 5137 1001 5195 menbris
1029 5137 1318 5193 tenebatur
1347 5138 1448 5194 hac
1476 5138 1750 5192 occasione
1780 5137 1971 5192 laxata
2003 5153 2133 5192 eva-

477 5212 578 5279 dit,
627 5216 681 5268 et
735 5227 832 5267 suo
882 5212 1186 5282 purissimo
1274 5210 1745 5282 aeriqmiscetur;
1776 5207 1871 5262 ubi
1912 5211 2133 5282 penitus

477 5285 686 5341 abluta?
713 5279 922 5340 animae
965 5281 1270 5338 ascendunt
1299 5281 1370 5336 ad
1405 5279 1626 5335 lucidas
1655 5295 1840 5347 naves,
1874 5295 2000 5349 quae
2025 5281 2136 5335 sibi

475 5356 546 5410 ad
575 5355 959 5412 vectationem"
981 5358 1145 5427 atque
1166 5353 1238 5408 ad
1258 5369 1370 5410 suae
1385 5354 1590 5422 patriae
1622 5352 2134 5422 trans/relationem

476 5434 604 5480 sunt
627 5435 994 5499 praeparatae.

542 5567 557 5600 ί
583 5566 950 5618 Laudunensis
967 5567 1216 5619 Ecclesiae
1235 5565 1414 5624 codex,
1435 5578 1601 5614 secum
1616 5562 2132 5627 magnitudinis,Cor-

477 5628 726 5691 beiensis,
748 5642 868 5680 cum
887 5631 1118 5681 editione
1148 5631 1284 5688 Am.,
1305 5642 1473 5677 secum
1495 5625 1895 5691 magnitudines.
1917 5627 1976 5676 In
1995 5625 2132 5676 libro

479 5691 543 5740 de
565 5689 764 5755 Natura
796 5691 945 5755 Boni,
976 5707 1093 5755 cap.
1123 5694 1201 5752 44,
1234 5691 1444 5755 legitur,
1470 5704 1556 5739 seu
1582 5689 1988 5755 Magnitudines.

541 5755 562 5788 ³
581 5753 922 5806 Corbeiensis
937 5750 1086 5806 Msfa
1105 5750 1346 5804 secunda
1359 5750 1541 5810 manu,
1562 5750 1839 5816 puerorum
1861 5753 1912 5802 in
1931 5750 2132 5816 vestitu.

542 5815 565 5851 ⁸
584 5817 641 5866 In
663 5818 898 5870 tractatu
920 5815 1196 5866 deNatura
1213 5817 1363 5876 Boni,
1385 5830 1498 5878 cap.
1522 5815 1597 5874 44,
1623 5816 1676 5862 Β.
1696 5823 1747 5865 et
1768 5817 1912 5865 Lov..
1935 5815 2131 5876 terunt,

484 5880 786 5940 evectionem
812 5877 1134 5940 (mendose);
1155 5881 1208 5928 et
1227 5879 1332 5940 hic,
1353 5877 1678 5940 evectionem.
1700 5878 2026 5930 Auctoritate
2046 5879 2130 5929 Er.

483 5935 646 6000 Lugd.
665 5935 1049 6006 Venfubique,
1081 5935 1431 6004 venationem,
1453 5939 1780 6005 scripsimus.
1873 5940 1946 5995 Μ.

1566 210 1667 272 DE
1712 209 1894 273 FIDE
1937 210 2252 272 CONTRA
2296 209 2801 272 MANICIIIEOS.

3708 222 3831 282 illi

2327 341 2564 420 CAPUT
2594 342 2738 398 XVI.
2770 372 2840 386 —-
2861 343 2923 399 Id
2944 361 3067 402 vero
3098 345 3238 417 quod
3258 345 3432 402 adhuc
3452 346 3646 404 adversi
3660 356 3833 420 generis

2253 417 2503 490 maculas
2536 420 2746 486 portat,
2776 431 2875 490 per
2901 422 3060 473 aestus
3091 430 3252 489 atque
3288 420 3488 474 calores
3516 417 3832 490 particulatim

2252 487 2590 562 descendunt
2600 495 2725 557 tque
2749 489 3040 562 arboribus
3062 487 3374 562 caeterisque
3390 487 3834 561 plantationibusac

2249 561 2384 633 satis
2405 559 2964 633 omnibusmiscetur,
2999 570 3049 616 et
3071 559 3341 617 coloribus
3377 559 3591 618 diversis
3617 567 3833 633 inficitur.

2248 631 2312 686 Et
2341 647 2443 702 quo
2463 636 2624 708 pacto
2654 632 2757 708 ista
2778 649 2976 702 magna
3005 637 3055 688 et
3074 635 3382 688 clarissima
3402 636 3524 689 navi
3549 631 3721 704 ﬁgura:
3735 655 3840 708 pue-

2253 718 2449 778 rorum
2469 711 2520 756 et
2535 704 2814 778 virginum
2835 710 3030 774 parent
3042 707 3329 778 contrariis
3342 708 3671 774 potestatibus
3683 704 3783 778 qua
3792 712 3835 764 in

2253 777 2405 852 ctzlis
2427 777 2647 844 degunt,
2679 791 2907 852 quaeque
2933 779 3152 852 igneam
3181 777 3384 831 habant
3411 777 3838 852 naturam,‘atque

2251 861 2321 900 ea:
2360 849 2460 900 isto
2489 853 2708 919 aspectu
2751 847 2960 913 decoro,
3008 851 3141 904 vitm
3179 865 3306 919 pars
3349 865 3463 919 quae
3493 852 3548 903 in
3565 847 3828 907 earumdem

2254 919 2519 990 membris
2535 918 2787 990 habetur,
2809 920 3003 973 limata
3025 918 3312 974 deducitur
3338 918 3436 990 per
3453 924 3651 976 calores
3680 924 3730 975 in
3754 931 3836 979 ter-

2253 1005 2409 1063 ram:
2425 989 2611 1063 eodem
2639 989 2793 1044 modo
2823 993 2992 1045 etiam
3021 992 3121 1046 illa
3149 989 3420 1046 altissima
3466 992 3628 1046 virtus
3655 1009 3753 1063 qua
3791 997 3836 1048 in

2250 1062 2382 1114 navi
2413 1061 2663 1135 vilalium
2697 1078 2985 1135 aquarum
3021 1063 3251 1129 habitat,
3283 1064 3340 1117 in
3370 1061 3713 1118 similitudine
3735 1082 3840 1135 pue-

2253 1147 2440 1186 rorum
2469 1148 2533 1186 ac
2559 1133 2839 1200 virginum
2874 1142 3192 1202 sanctarum
3212 1151 3313 1206 per
3339 1150 3464 1189 suos
3491 1136 3693 1204 angelos
3709 1133 3839 1206 appa-

2254 1211 2333 1278 ret
2359 1206 2446 1278 his
2466 1205 2846 1274 potestatibus,
2896 1221 3132 1278 quarum
3169 1215 3370 1260 natura
3390 1207 3588 1274 frigida
3604 1216 3677 1261 est
3718 1205 3841 1278 atque

2253 1273 2496 1340 humida,
2517 1289 2744 1346 quaeque
2763 1278 2822 1329 in
2841 1273 2987 1331 cretis
3008 1276 3290 1333 ordinata
3315 1273 3536 1332 sunt.Et
3555 1278 3746 1348 quidem
3771 1273 3841 1332 bis

2252 1349 2617 1421 quaefeminze
2635 1351 2783 1421 sunt,
2836 1349 2890 1403 in
2914 1350 3048 1420 ipsis
3083 1353 3260 1421 forma
3295 1364 3588 1420 puerorum
3622 1361 3837 1421 apparet;

2251 1419 2512 1473 masculis
2547 1433 2688 1484 vero,
2722 1419 3021 1485 virginum.
3041 1419 3157 1475 Hac
3182 1419 3309 1476 vero
3333 1419 3839 1476 mutationeetdiver-

2251 1491 2418 1545 sitate
2429 1505 2788 1560 personarum
2808 1491 3125 1546 divinarum
3144 1508 3206 1546 ac
3233 1492 3729 1561 pulcherrimarum,
3763 1493 3841 1547 hu-

2250 1561 2417 1635 milia:
2427 1561 2750 1632 frigidaque
2767 1563 2956 1635 stirpis
2993 1564 3271 1635 principes
3296 1564 3527 1618 masculi
3547 1579 3636 1617 seu
3668 1566 3846 1634 femina

2250 1633 2557 1706 solvuntur,
2582 1640 2742 1706 atque
2764 1633 2820 1688 id
2857 1634 2912 1688 id
2932 1633 3070 1706 quod
3117 1633 3338 1706 in'ipsis
3383 1644 3459 1690 est
3503 1633 3844 1706 vitata/agit:

2254 1705 2393 1774 quod
2410 1720 2537 1759 vero
2558 1704 2841 1767 resederit,
2871 1704 3121 1760 lavatum
3142 1704 3426 1761 deducitur
3463 1708 3532 1760 ad
3571 1704 3758 1761 terram'
3772 1723 3848 1778 per

2249 1778 2467 1848 frigora
2475 1779 2560 1848 .ﬂet
2579 1779 2789 1830 cunctis
2807 1785 2970 1833 terra?
2990 1778 3281 1845 generibus
3307 1779 3648 1832 admiscetur.

2322 1847 2549 1920 CAPUT
2580 1848 2987 1920 XVII.——Quis
3015 1866 3125 1903 non
3154 1850 3360 1914 rideat,
3381 1849 3466 1905 vel
3499 1849 3678 1920 potius
3697 1846 3850 1902 doleat

2253 1921 2308 1972 et
2325 1919 2643 1974 detestetur
2664 1919 2844 1974 istum
2869 1920 3188 1988 hominem,
3214 1925 3334 1975 tam
3361 1919 3636 1976 horrenda
3653 1926 3703 1974 et
3723 1936 3848 1975 exse-

2253 1989 2494 2044 crabilia
2525 1991 2594 2045 de
2616 1991 2813 2046 divina
2835 1992 3167 2046 substantia
3215 1993 3503 2047 dicentem
3527 1997 3547 2035 ?
3588 1993 3715 2057 Ergo
3741 1992 3850 2046 sub-

2253 2061 2916 2135 stantiaaluciszeternaa,
2945 2065 3094 2134 parti
3121 2063 3238 2131 Dei,
3265 2064 3324 2118 in
3369 2063 3700 2135 captivitate,
3721 2062 3767 2116 iu
3787 2078 3854 2117 ca-

2251 2131 2701 2206 lamitatibus,in
2729 2131 2988 2198 aerumis,
3014 2135 3072 2188 in
3106 2135 3418 2206 pressuris,
3440 2131 3508 2191 in
3530 2134 3774 2190 sordibus
3788 2139 3852 2188 at-

2253 2220 2365 2275 que
2396 2205 2795 2272 immunditia,
2847 2205 3174 2261 secundum
3204 2212 3467 2261 vestrum
3505 2222 3753 2272 errorem,
3778 2222 3851 2260 ve-

2252 2281 2438 2350 stram
2482 2277 2986 2350 constitutionem,
3021 2295 3134 2332 non
3167 2283 3400 2350 poterat
3428 2277 3590 2333 aliter
3638 2277 3852 2350 quotidie

2253 2347 2569 2422 subveniri,
2604 2348 2718 2422 nisi
2751 2350 2957 2404 beatus
2988 2347 3185 2422 Pater,
3210 2350 3314 2422 qui
3346 2367 3521 2406 naves
3550 2349 3753 2422 lucidas
3775 2348 3852 2422 ha-

2252 2419 2348 2474 bet
2379 2419 2929 2495 diversoria,_quem
2984 2419 3244 2477 tertium—
3271 2421 3527 2495 legatum
3574 2419 3852 2495 appellatis,

2253 2495 2310 2544 et
2337 2489 2524 2546 virtus
2556 2489 2840 2547 altisSima
2873 2493 3118 2548 virtutes
3177 2489 3428 2548 suas‘in
3469 2489 3671 2548 diversi
3717 2507 3856 2546 sexus

2252 2566 2531 2635 naturam,
2557 2568 2877 2618 commutet
2909 2581 2921 2618 :
2948 2580 3094 2633 quas
3125 2565 3365 2635 quidem
3412 2565 3760 2620 intemeratas
3784 2561 3854 2635 di-

2253 2634 2404 2702 citis,
2438 2633 2538 2710 s_ed
2566 2638 2762 2710 tamen
2791 2639 2854 2689 ut
2883 2633 3255 2710 meretricum
3281 2653 3444 2710 more
3468 2633 3855 2710 pulchritudine

2254 2721 2363 2760 sua
2394 2705 2722 2777 principum
2778 2707 3154 2762 tenebrarum
3215 2705 3548 2763 letalem'et
3595 2705 3855 2778 spurcissi-

2255 2793 2410 2849 mam
2444 2778 2974 2849 concupiscentiam
2999 2779 3254 2834 confusas
3274 2779 3520 2834 invicem
3541 2778 3854 2849 accendant‘.

2250 2847 2376 2921 Non
2407 2847 2560 2921 enim
2594 2847 2899 2904 invenistis
2927 2866 3150 2921 verum,
3184 2867 3301 2921 quo
3337 2856 3556 2906 tantam
3588 2847 3856 2920 pulchritu-

2253 2920 2446 2991 dinem
2480 2918 2794 2991 aliquando
2818 2918 3146 2977 honestius
3184 2918 3477 2977 diceretis.
3502 2923 3568 2976 Et
3588 2918 3692 2991 qua
3717 2935 3857 2974 causa

2253 2989 2360 3045 hac
2392 2989 2656 3046 faciunt?
2689 2992 2758 3046 Ut
2788 2991 2871 3046 eis
2898 2992 2954 3046 in
2981 2993 3279 3048 libidinem
3314 2989 3630 3056 concitatis,
3651 2991 3855 3047 occasio-

2253 3079 2386 3134 nem
2417 3062 2782 3118 liberationis
2814 3065 3063 3134 reperiat
3111 3067 3445 3120 substantia
3492 3064 3693 3119 divina.
3738 3061 3854 3126 Quid

2254 3133 2408 3207 aliud
2442 3139 2628 3207 sonat,
2664 3135 2776 3190 nisi
2804 3133 3070 3190 utetiam
3106 3153 3206 3207 per
3255 3136 3531 3206 genitalia
3573 3138 3854 3190 daemonum

2252 3205 2374 3260 vias
2387 3206 2664 3260 evadendi
2687 3207 2944 3262 inveniat
2960 3205 3155 3263 divina
3171 3209 3484 3278 maiestas?
3501 3208 3648 3262 Deus
3669 3220 3853 3278 magna,

2253 3277 2732 3350 subvenimanimis
2757 3278 2868 3332 ista
2884 3280 3079 3350 turpia
3099 3280 3500 3344 credentibus,
3522 3279 3630 3334 ista
3650 3277 3856 3350 nefandi

2253 3348 2648 3420 sectandibus.
2704 3350 2842 3413 Quis
2885 3347 3002 3404 haec
3045 3367 3161 3406 non
3207 3351 3532 3420 exhorreat,
3568 3367 3694 3419 rogo
3736 3347 3856 3404 vos?

2254 3418 2396 3494 Quis
2416 3425 2538 3494 tam
2571 3437 2756 3494 cinctis
2787 3425 2875 3476 est
2904 3426 2968 3476 ut
2997 3421 3111 3477 ista
3136 3423 3365 3478 credat?
3397 3418 3532 3494 rogo
3562 3418 3693 3477 vos?

2323 3491 2544 3566 CAPUT
2575 3491 2770 3566 XVIII.
2802 3523 2863 3566 ἡ
2882 3493 2996 3566 Sed
3030 3501 3183 3548 certe
3205 3490 3626 3566 respondéatur
3652 3491 3777 3566 mihi
3803 3490 3855 3544 ab

2252 3561 2323 3617 iis
2347 3562 2662 3644 quiipsum
2687 3563 3071 3644 Manichzeum
3092 3561 3533 3644 sequutitur:_S_i
3554 3563 3855 3644 Deusincor-

2254 3632 2670 3704 ruptibilisest,
2698 3635 2783 3689 vel
2815 3632 3231 3692 omnisnatura
3254 3639 3478 3692 summi
3504 3637 3632 3692 boni
3653 3632 3855 3690 inviola-

2251 3705 2406 3780 bilis,
2469 3705 2942 3780 immaculabilis,
2982 3708 3302 3769 inadibilis.
3367 3704 3854 3780 incoinquinabilis,

2249 3775 2876 3852 incomprehensibilis,
2913 3775 3053 3849 quid
3086 3783 3316 3852 poterat
3347 3782 3533 3837 facere
3564 3775 3690 3834 mali
3718 3782 3856 3832 natu-

2248 3851 2380 3902 tura
2411 3848 2547 3902 huic
2578 3853 2750 3903 tantis
2784 3848 3024 3918 natura,
3059 3848 3109 3905 si
3144 3851 3327 3906 nollet
3348 3870 3480 3907 cum
3504 3852 3600 3907 illa
3623 3863 3853 3921 pugnare,

2249 3935 2320 3974 ne
2351 3921 2420 3973 ad
2455 3924 2679 3974 tantum
2712 3923 2961 3977 dedecus
2993 3917 3416 3979 deduceretur?
3448 3925 3562 3979 Hoc
3590 3917 3719 3990 dixi,
3739 3917 3853 3985 Quid

2249 3991 2473 4064 iactura
2503 3996 2628 4046 erat
2665 3998 2772 4047 Deo
2818 4009 2960 4064 gens
3013 3996 3415 4061 tenebrarum,
3451 3997 3497 4051 si
3542 3994 3710 4050 nollet
3750 4005 3851 4064 cum

2248 4061 2348 4138 illa
2380 4063 2670 4138 pugnare?
2699 4065 2753 4138 Si
2779 4061 2925 4119 mihi
2958 4066 3191 4131 dicitur,
3238 4067 3400 4121 Nihil
3433 4083 3624 4138 quaero
3653 4081 3745 4120 cur
3776 4063 3853 4138 ho-

2247 4134 2340 4189 die
2363 4131 2490 4204 εἱ]υέ
2535 4151 2688 4205 pars,
2741 4136 2849 4190 hoc
2892 4143 3000 4202 est,
3057 4138 3172 4205 Dei,
3226 4138 3284 4192 in
3337 4131 3770 4201 calamitatibus,
3809 4131 3852 4186 in

2247 4205 2558 4276 pressaris,
2584 4207 2640 4260 in
2675 4207 3023 4279 captivitate,
3067 4208 3124 4262 in
3168 4210 3534 4279 subjectione
3563 4209 3635 4265 sit
3675 4205 3853 4279 consti-

2245 4274 2465 4350 tuta,ut
2495 4282 2615 4332 tam
2647 4274 2908 4350 turpiter
2941 4279 3110 4334 etiam
3149 4274 3450 4350 liberetur,
3493 4288 3547 4337 et
3577 4297 3675 4336 nec
3693 4279 3765 4350 sic
3801 4274 3851 4350 lif

2247 4348 2402 4404 brari
2428 4353 2550 4403 tota
2580 4350 2794 4425 possit;
2827 4349 2914 4405 vel
2961 4351 3085 4422 ipse
3114 4356 3306 4419 Pater,
3341 4360 3407 4409 ut
3433 4348 3651 4408 luctum
3683 4348 3853 4425 habeat

2243 4425 2579 4495 memoratas
2608 4421 2791 4495 partis
2812 4491 2821 4495 _
2842 4439 2958 4476 suae
2987 4421 3176 4495 causa
3226 4441 3399 4495 quem
3459 4425 3676 4480 luctum
3706 4421 3851 4477 Mani-

2243 4491 2857 4565 chacusinisuislibris
2883 4491 3259 4565 apertissime.
3282 4497 3593 4565 praedicat?

2312 4563 2539 4636 CAPUT
2569 4564 2713 4618 XIX.
2748 4563 2931 4618 —-Ait'
2953 4565 3215 4636 quidam,
3242 4563 3402 4622 Nihil
3435 4570 3489 4623 ei
3523 4565 3850 4636 ﬁeripoterat,

2239 4635 2330 4689 sed
2350 4639 2409 4689 ut
2425 4636 2738 4708 ostenderet,
2761 4637 3168 4706 praescientiam
3195 4655 3251 4692 se
3274 4639 3477 4694 habere
3507 4635 3856 4708 cogitationum

2239 4708 2556 4777 principum
2593 4702 2971 4774 tenebrarum,
3007 4713 3055 4763 et
3105 4719 3164 4764 ut
3194 4721 3538 4766 monstraret
3567 4702 3700 4781 nihil
3725 4721 3777 4781 sc
3799 4702 3854 4781 Ιξτ

2238 4776 2387 4853 mere
2428 4776 3052 4853 proptereapugnavit.
3103 4782 3200 4835 Cui
3253 4799 3359 4853 ego
3401 4783 3541 4840 dixi.
3574 4779 3671 4843 Qui
3702 4776 3856 4847 potuit

2239 4850 2624 4925 cogitationes
2670 4849 2999 4920 principum
3044 4849 3422 4925 tenebrarum
3455 4854 3663 4925 videre,
3693 4863 3752 4925 ac
3781 4861 3855 4925 nc-

2240 4920 2459 4976 minem
2503 4922 2731 4986 timere,
2767 4937 2947 4992 quare
2979 4939 3089 4977 non
3119 4924 3263 4979 vidit
3288 4925 3514 4980 luctum
3551 4920 3857 4992 sibiimmi-

2240 4996 2471 5067 nentem
2505 4994 2575 5048 de
2607 4987 2930 5063 partis’suaa
2965 4993 3326 5062 infelicitate,
3355 5013 3533 5067 quam
3558 4991 3718 5067 hodie
3734 4987 3854 5060 pati-

2238 5065 2363 5139 tur?
2377 5068 2561 5130 Quam
2584 5067 2806 5139 partem
2830 5082 2996 5139 suam
3014 5081 3310 5139 nunquam
3331 5065 3852 5139 recipietintegram,

2239 5137 2375 5208 quia
2400 5127 2669 5210 remanet
2714 5134 2846 5210 inde
2885 5136 3128 5210 aliquid,
3156 5127 3336 5194 ‘sicut
3385 5127 3509 5210 ipse
3557 5127 3854 5210 dicilvquod

2237 5206 2470 5280 purgari
2496 5223 2608 5261 non
2630 5207 2873 5280 poterit,
2897 5212 2952 5264 et
2977 5206 3033 5262 in
3056 5209 3225 5280 globo
3248 5206 3619 5265 tenebrarum
3643 5207 3696 5280 in
3718 5206 3856 5280 teter-

2239 5272 2380 5334 hum
2404 5272 2801 5351 damnabitur.
2834 5272 3431 5351 Magnavprzecientia,
3455 5281 3537 5336 vel
3571 5278 3749 5350 potius
3783 5272 3856 5351 in:

2236 5351 2498 5418 scientia,
2533 5356 2590 5405 ct
2613 5350 2826 5405 misera
2854 5341 3189 5420 infirmi-tas,
3239 5353 3348 5409 hoc
3373 5341 3463 5409 est
3498 5341 3673 5407 totum
3725 5341 3855 5420 quod

2235 5415 2527 5479 neminem
2559 5421 2819 5477 timebat.
2878 5425 3044 5479 Certe
3083 5427 3130 5480 si
3177 5415 3247 5480 se
3293 5425 3444 5480 tueri
3491 5415 3857 5493 aliquomodo

2237 5511 2351 5549 non
2384 5498 2628 5568 poterat,
2663 5498 2890 5568 rogaret
2913 5499 2977 5548 ut
3001 5495 3116 5568 sibi
3149 5503 3488 5568 parceretur
3517 5490 3600 5568 ne.
3635 5490 3701 5546 ad
3747 5493 3854 5541 tan-

2234 5569 2364 5621 tum
2401 5565 3094 5636 dedecusintegritasilla
3123 5565 3178 5623 et
3208 5570 3383 5624 decus
3414 5566 3672 5624 omnium
3717 5573 3859 5615 orna-

2236 5640 2568 5693 mentorum
2601 5637 3036 5710 perduceretur.

2301 5816 2317 5850 ι
2348 5813 2754 5886 βὶίξγᾳιίεᾳῐιυε
2782 5813 2880 5862 Ms.
2916 5813 3280 5886 Cistercgeusis
3297 5831 3427 5886 vero
3448 5821 3500 5868 et
3529 5806 3848 5886 Corbeiengif.

2236 5875 2494 5952 confudit,
2525 5876 2742 5952 invicem
2772 5877 3070 5930 accendant.
3100 5879 3187 5933 Er.
3217 5885 3269 5932 et
3295 5881 3445 5943 Lov.,
3473 5879 3691 5942 con/uss:
3713 5875 3758 5924 et
3780 5875 3849 5920 in-

2236 5937 2353 5994 viti
2379 5937 2682 6006 accendant.
