4128 6186
266 239 422 302 1153

264 369 532 426 luctuoso
547 370 765 424 tectum
787 386 800 435 ;
823 368 954 438 subj
964 370 1218 422 acentem
1243 363 1546 421 daemoniis
1572 369 1634 419 ut
1649 364 1836 419 lutum
1851 365 1913 418 ti-

266 442 422 569 ﬁulo,
439 445 496 496 et
520 458 706 512 usque
722 441 792 496 ad
817 446 1045 512 turpem
1071 454 1379 509 personam
1414 438 1756 492 necessitate
1787 453 1913 508 per-

312 518 533 569 notum.
559 518 622 566 ut
653 513 709 566 in
738 528 946 569 pueros
969 517 1024 565 et
1044 511 1297 569 Virgines
1320 510 1772 569 transﬁguratus
1797 509 1913 563 daa-

312 518 533 579 uctum,
559 509 629 566 ut
653 513 709 566 in
738 509 946 583 pueros
969 517 1024 565 et
1044 511 1297 583 virgines
1320 510 1772 583 transﬁguratus
1797 509 1913 583 da;-

271 601 512 641 monum
536 579 836 638 libidinem
859 582 1215 646 accenderet,
1236 597 1408 651 quem
1436 582 1707 651 praedicat
1737 579 1914 633 Mani-

270 658 484 713 chacus.
511 659 627 710 Aut
645 661 816 722 certe,
841 655 887 708 si
911 658 1120 725 potest,
1141 659 1308 724 neget
1329 651 1686 725 conscientia
1703 657 1913 717 vestra,

270 733 416 785 teste
443 727 609 782 vobis
638 743 771 782 vero
805 724 1169 792 Deoiaaterno,
1187 725 1285 795 qui
1317 740 1520 780 omnes
1543 724 1916 795 judicaturus

271 806 381 868 est,
406 816 590 854 unum
624 799 872 853 istorum
903 798 1066 852 vobis
1098 798 1242 867 ipsis
1274 802 1498 867 negate.

343 864 577 927 CAPUT
599 871 850 924 XLVIII.
882 900 951 908 —
983 869 1040 923 Si
1075 864 1266 923 autem
1296 864 1431 922 vera
1464 869 1601 922 sunt
1622 883 1747 937 quae
1774 864 1919 937 dici-

276 958 429 1009 mus,
465 943 699 997 tandem
733 939 1035 1012 respicite,
1055 942 1290 995 tandem
1313 939 1520 1012 videte.
1548 940 1613 1012 in
1637 935 1750 1012 qua
1779 935 1922 1012 estis

276 1007 462 1069 morte
492 1013 812 1068 constituti.
831 1007 1108 1067 'Humiles
1138 1017 1343 1075 estote,
1369 1010 1415 1065 si
1436 1007 1919 1081 optatisliberari,

275 1092 332 1142 et
354 1085 530 1140 nolite
543 1086 789 1156 superbe
806 1083 1050 1154 etimpie
1070 1083 1280 1156 dicere,
1297 1099 1399 1136 vos
1420 1083 1578 1156 ipsos
1594 1097 1722 1136 esse
1747 1085 1924 1134 Deum

275 1154 753 1229 omnipotentem.
778 1156 895 1211 Hoc
916 1156 1070 1209 enim
1087 1155 1438 1229 dicitis,cum
1458 1154 1926 1229 animasvestras

275 1225 470 1301 partes
489 1230 618 1299 ejus
649 1244 776 1283 esse
797 1226 1142 1301 asseveratis
1158 1243 1178 1301 _:
1205 1242 1317 1301 non
1336 1227 1666 1301 enimDeus
1684 1225 1742 1301 in
1766 1227 1928 1301 parte

277 1296 550 1372 inajor,in
566 1298 932 1372 parteminor
946 1303 1052 1353 est.
1067 1298 1174 1352 Sed
1190 1297 1572 1372 potiusdicite
1585 1296 1930 1372 vobis,l_)eus

278 1367 780 1428 incommutabilis
793 1376 899 1439 est,
916 1386 1023 1425 nos
1044 1367 1491 1424 commutabiles
1509 1384 1745 1423 sumus:
1774 1367 1928 1421 Deus

276 1442 736 1516 incorruptibilis
758 1448 865 1516 est,
887 1458 992 1516 nos
1004 1458 1072 1516 cu
1083 1439 1421 1516 piditatibus
1437 1441 1931 1516 nostriscorrum-

279 1510 663 1588 pimurngeus
675 1510 1194 1588 incqinquinabilis
1209 1517 1401 1588 (ξεί,ηο
1413 1511 1698 1582 speccatis
1714 1510 1931 1588 nostrie

280 1581 762 1658 coinquinamur:
788 1581 941 1658 Deus
963 1585 1092 1656 ipsa
1113 1583 1396 1658 sapientia
1415 1581 1636 1658 est,nos
1658 1581 1823 1636 stulti
1856 1581 1928 1658 ad

281 1655 631 1729 sapientiam
656 1657 955 1729 pervenire
975 1655 1285 1729 conamur:
1310 1656 1465 1729 Deus
1494 1655 1622 1729 ipsa
1643 1659 1855 1707 aeterna
1876 1655 1934 1707 et

283 1726 450 1785 beata
477 1731 592 1784 vita
622 1726 725 1794 est,
752 1745 858 1783 nos
881 1728 1132 1800 peccatis
1155 1727 1368 1782 nostris
1394 1726 1588 1780 miseri
1621 1741 1848 1800 sumus,
1869 1729 1934 1800 et

280 1807 550 1874 optamus
568 1802 687 1874 ﬁeri
705 1797 897 1856 beati
913 1817 1026 1855 non
1051 1816 1185 1874 ergo
1207 1815 1413 1874 sumus
1439 1815 1572 1869 pars
1593 1797 1932 1874 substantiae

283 1869 429 1944 ejus.
454 1873 510 1927 Si
535 1872 687 1928 enim
706 1878 898 1943 partes
919 1888 1047 1938 ejus
1067 1873 1294 1944 estis,et
1323 1869 1441 1924 haec
1464 1874 1626 1944 tanta
1644 1869 1931 1944 patimini,

283 1941 462 2000 restat
484 1950 547 1999 ut
569 1949 625 1999 et
647 1941 770 2016 ipse
786 1945 923 2016 jam
943 1959 1009 1998 ex
1033 1947 1192 2016 parte
1211 1943 1334 2016 haec
1360 1943 1573 2016 omnia,
1589 1941 1936 2016 patiatur,_et

287 2016 539 2088 amplius
564 2011 686 2088 pati
704 2011 975 2088 potuerit,
1000 2011 1149 2088 quod
1171 2014 1298 2088 ejus
1323 2013 1604 2088 contingit
1627 2012 1797 2088 parti,
1823 2011 1934 2066 nisi

288 2085 403 2160 per'
436 2085 719 2142 vesti-emi
748 2086 1040 2160 miseriam
1083 2086 1194 2160 sibi
1230 2085 1570 2160 prpvideret.
1605 2085 1806 2160 Videte
1836 2099 1936 2160 vos

288 2153 424 2230 ergo
447 2160 587 2230 quid
607 2160 777 2214 estis:
804 2159 850 2213 si
878 2164 1068 2229 partes
1093 2153 1242 2227 ejus,
1276 2157 1426 2230 Deus
1457 2156 1630 2230 estis;
1665 2155 1712 2210 si
1744 2153 1934 2225 geneti

288 2228 944 2307 ab—illoestis,s_imiliter
968 2232 1116 2307 Deus
1131 2230 1302 2307 estis;
1330 2228 1470 2307 quid
1495 2230 1938 2307 tanta‘peccato-

290 2319 421 2382 rum
453 2301 823 2382 corruptione
852 2299 1211 2382 turpamini?
1339 2296 1534 2382 autem
1567 2296 1698 2382 facti
1732 2299 1816 2382 ab.
1838 2296 1936 2381 ilio

289 2374 450 2437 estis,
481 2374 589 2428 hoc
618 2368 996 2441 confitemini,
1033 2377 1089 2426 et
1117 2388 1232 2426 non
1257 2371 1374 2442 jam
1407 2370 1572 2426 eritis
1613 2368 1932 2442 Manichaei.

355 2445 586 2500 CAPUT
605 2444 793 2502 XLIX.
812 2475 880 2484 —
913 2441 1266 2498 Manichaeus
1296 2443 1449 2497 enim
1474 2443 1620 2496 duas
1651 2441 1936 2495 dicitesse

285 2522 546 2578 naturas.
563 2533 742 2572 unam
758 2517 969 2571 bonam
984 2515 1296 2571 etalteram
1321 2515 1564 2570 malam:
1583 2514 1792 2567 bonam
1810 2528 1934 2582 qua)

285 2588 416 2644 fecit
447 2589 756 2653 mundum,
783 2589 996 2642 malam
1021 2587 1090 2641 de
1113 2603 1226 2658 qua
1251 2586 1436 2658 factus
1457 2590 1546 2658 est
1577 2585 1854 2658 mundus.
1878 2583 1934 2658 Si

282 2666 476 2716 autem
505 2677 603 2716 vos
626 2665 778 2715 Deus
803 2660 959 2724 fecit,
986 2676 1099 2713 non
1129 2655 1353 2713 invenit
1384 2657 1738 2711 Manichzeus
1782 2655 1935 2709 unde

280 2749 380 2787 vos
411 2732 562 2788 Deus
596 2730 812 2786 fecerit.
846 2731 900 2785 Si
933 2733 1087 2785 enim
1129 2731 1198 2784 de
1240 2746 1301 2784 se
1331 2729 1459 2799 ipso
1493 2745 1593 2782 vos
1627 2727 1777 2792 fecit,
1829 2727 1935 2781 hoc

281 2805 422 2859 estis
449 2804 602 2875 quod
622 2803 766 2874 ipse.
785 2803 909 2857 Non
924 2819 1060 2873 ergo
1076 2800 1358 2875 debuistis
1381 2804 1542 2853 tanta
1566 2805 1934 2875 peccatorum

280 2872 917 2947 corruptione—turpari,
943 2872 1230 2947 sicutjam
1251 2872 1474 2947 dictum
1505 2877 1614 2947 est.
1649 2872 1706 2926 Si
1738 2876 1932 2947 autem

280 2949 349 3002 de
379 2941 566 3002 alieno
590 2963 688 3001 vos
707 2941 860 3015 fecit,
894 2941 1006 3000 non
1032 2945 1102 2999 ad
1127 2944 1291 3015 illum
1318 2943 1655 3015 pertinetisi;
1681 2942 1819 3015 quia
1850 2941 1935 2996 sic

280 3035 379 3074 vos
405 3019 536 3074 fecit
552 3013 1169 3090 quomodomundnm.
1195 3014 1251 3068 Si
1274 3020 1467 3068 autem
1489 3031 1590 3090 nec
1609 3014 1678 3067 de
1701 3031 1762 3090 se
1783 3013 1931 3084 ipso,

281 3106 384 3144 nec
407 3091 476 3145 de
497 3085 682 3145 alieno
707 3107 806 3145 vos
829 3089 978 3149 fecit.
1007 3088 1105 3143 sed
1131 3092 1354 3142 tantum
1380 3085 1802 3156 omnipotentia
1829 3101 1936 3138 sua

283 3161 575 3227 voluit,-.et
598 3162 730 3216 facti
763 3161 935 3225 estis;
970 3159 1077 3214 hoc
1099 3158 1272 3212 dicite
1289 3158 1623 3218 Manichaso.
1649 3163 1704 3211 et
1727 3173 1937 3212 renun-

284 3233 423 3289 tiate
437 3235 564 3303 ejus
578 3232 779 3288 errori.
797 3233 887 3287 Sic
904 3229 1727 3303 decetenimOmnipotentem
1751 3229 1935 3282 facere

283 3321 409 3376 quae
433 3301 694 3372 voluerit,
721 3305 870 3358 sicut
890 3301 1507 3376 Catholicadixithipse
1527 3301 1692 3363 dixit,
1719 3304 1934 3376 ϐρίθει-α

277 3371 410 3432 sunt
427 3394 448 3439 ,·
471 3379 584 3446 ipse
606 3377 890 3432 mandavit
921 3379 970 3430 et
992 3379 1174 3429 creata
1190 3382 1318 3427 sunt
1344 3373 1514 3446 (Psat.
1539 3389 1715 3441 xxxii,
1734 3373 1809 3440 9).
1846 3371 1937 3424 Di-

279 3448 390 3503 cite
421 3449 601 3503 vobis.
633 3448 755 3502 Non
781 3463 989 3501 sumus
1015 3450 1207 3516 partes
1225 3446 1373 3513 ejus,
1398 3445 1497 3499 sed
1521 3460 1729 3499 sumus
1760 3459 1936 3513 opera

279 3520 428 3590 ejus.
468 3519 647 3575 Dicile
667 3520 851 3574 vobis.
886 3518 944 3573 Si
974 3518 1126 3573 Deus
1155 3517 1494 3572 necessitate
1516 3532 1726 3587 passus
1748 3520 1856 3580 est,
1880 3518 1938 3568 et

1768 236 2186 296 APPENDIX.

3520 239 3674 301 1154

2025 367 2261 446 evadere
2291 365 2459 446 aliter
2491 384 2605 446 non
2633 369 2840 446 potuit,
2865 369 2974 446 nisi
3002 369 3201 446 partis
3222 388 3337 424 sua:
3379 375 3678 440 pateretur

2024 437 2464 520 detrimentum;
2481 437 2941 520 quisaliquapdo
2955 437 3240 520 poteritde
3255 437 3468 497 talibus
3484 460 3680 499 neces-

2027 511 2298 584 sitatibus
2323 511 2552 566 liberari
2574 513 2595 565 ‘?
2614 511 2879 582 Aut’quis
2899 511 3000 567 erit
3028 512 3126 584 qui
3158 520 3487 584 protegatur
3508 533 3540 569 a
3567 522 3675 570 Deo

2028 530 2298 564 suauous
2323 530 2552 566 unerari
2575 530 2594 565 ἴ
2614 530 2727 566 aut
2749 530 2879 582 quis
2899 530 3000 567 ξιτ-ιι
3073 531 3126 567 υι
3158 530 3487 584 prciegatur
3508 533 3540 569 a
3567 530 3675 570 ueo

2028 598 2142 655 non
2175 581 2399 636 valente
2429 600 2488 638 se
2521 585 2711 655 ipsum
2739 530 3066 655 protegeret}
3090 591 3202 638 Aut
3225 587 3459 655 quando
3493 605 3583 642 me
3606 589 3676 642 de

2028 651 2134 733 hac
2167 657 2509 733 necessitate
2542 651 3130 733 captivitatis‘poterit
3157 651 3418 733 liberare,
3448 659 3545 726 qui
3587 676 3677 733 me

2029 725 2087 778 in
2120 725 2364 796 integris
2395 727 2588 798 regnis
2621 725 3063 782 custodire—non
3096 729 3333 798 potuit?
3366 725 3484 783 Non
3519 731 3676 784 enim

2031 802 2364 877 peccantem
2383 815 2472 851 me
2497 799 2630 877 inde
2654 800 2897 877 dimisit,
2921 801 3021 877 sed
3044 799 3118 877 ad
3155 806 3386 877 peccata
3403 800 3560 877 ipsal
3588 817 3680 856 me

2031 870 2212 948 misit.
2245 870 2612 948 Autquanclo
2647 871 2862 948 mihiin
2884 871 3094 948 alienis
3115 872 3533 948 miserabiliter
3551 889 3682 928 con-

2032 941 2237 994 stituto
2253 941 2527 1014 prodesse
2549 943 2891 1014 poterit,qui
2922 950 2982 997 ut
3017 942 3126 997 sibi
3150 944 3469 1013 prodesset,
3504 944 3681 999 mead

2031 1014 2270 1092 tantum
2290 1012 2603 1092 perniciem
2627 1012 3230 1092 dcd_it_,'neApugnaret.
3255 1015 3683 1092 Siincorrupti-

2035 1082 2170 1163 bilis
2191 1087 2280 1163 est
2305 1084 2428 1163 ipse
2446 1087 2790 1163 _Deus,_q_uid
2825 1085 2872 1140 ei
2906 1082 3128 1141 fact—ara
3149 1092 3274 1141 erat
3294 1086 3391 1140 illa
3415 1088 3548 1163 mali
3573 1082 3684 1142 'na-

2037 1159 2186 1229 tura,
2211 1155 2258 1229 si
2284 1155 2463 1210 nollet
2482 1174 2614 1229 cum
2639 1155 2735 1212 illa
2758 1174 3035 1228 pugnare,
3052 1174 3122 1212 ne
3147 1175 3300 1213 nunc
3320 1175 3425 1229 ego
3449 1159 3532 1213 sic
3553 1176 3684 1213 cru-

2038 1226 2262 1301 ciarerft
2277 1233 2388 1282 Aut
2404 1226 2974 1301 quzeistainjustitia,
2992 1226 3054 1283 ut
3076 1230 3144 1283 ad
3171 1226 3407 1301 globum
3441 1231 3687 1285 damner

2038 1314 2172 1354 cum
2203 1297 2301 1353 ille
2333 1304 2396 1353 ut
2423 1297 2595 1354 modo
2612 1297 3042 1370 aliquantulum
3067 1297 3308 1356 securus
3330 1302 3425 1367 sit,
3449 1319 3552 1372 ego
3576 1303 3696 1356 haec

2038 1374 2202 1444 tanta
2231 1372 2554 1444 sustineam
2583 1372 2786 1426 PCerte
2818 1373 3094 1442 quoniam
3136 1378 3191 1426 et
3229 1388 3333 1443 ego
3365 1390 3495 1427 sum
3537 1374 3692 1444 quod

2037 1442 2164 1524 ipse
2183 1443 2464 1524 quoniam
2497 1459 2631 1524 pars
2661 1445 2788 1524 ejus
2817 1445 3138 1524 summullo
3158 1446 3212 1497 in
3237 1442 3430 1524 regnis
3459 1442 3587 1524 ejus
3612 1445 3698 1498 in-

2042 1514 2312 1596 signibus
2345 1515 2778 1596 indigenteOaut
2817 1515 3049 1570 infirmo
3097 1516 3436 1596 constituto,
3469 1514 3694 1596 vicibus

2040 1586 2215 1640 istam
2231 1586 2528 1642 miseriam
2550 1587 2932 1655 patiamur,ut
2953 1593 3007 1640 et
3029 1603 3131 1655 ego
3155 1587 3590 1657 aliquantulum
3611 1604 3694 1642 re-

2043 1658 2421 1728 quiescam,el
2442 1657 2735 1726 regnailla
2759 1659 2884 1712 sine
2906 1657 3155 1728 periculo
3182 1659 3543 1728 possintesse
3595 1675 3696 1728 pa-

2044 1735 2190 1783 cata.
2209 1731 2550 1799 Quanquam
2575 1731 2896 1784 timendum
2917 1731 2987 1783 sit
3009 1747 3078 1783 ne
3096 1729 3570 1784 istanaturamali
3595 1747 3698 1784 nec

2043 1802 2102 1856 in
2131 1800 2683 1872 globoipsoinclusa
2701 1800 2977 1855 custodiri
3005 1801 3204 1870 possit.
3239 1801 3292 1853 Si
3326 1801 3478 1854 enim
3506 1802 3695 1855 incor-

2046 1882 2216 1944 rupta
2251 1890 2425 1943 regna
2456 1873 2731 1944 corrupit.
2757 1877 2811 1929 et
2844 1871 3174 1944 inviolatam
3197 1872 3695 1926 [leisubstantiam

2046 1943 2303 2000 viclavit:
2323 1945 2612 2015 quomodo
2631 1943 2762 2013 pars
2788 1944 3066 2008 illalucis,
3084 1943 3190 1998 hoc
3213 1951 3321 2011 est,
3339 1944 3544 1997 animae
3563 1960 3697 2014 pec—

2047 2019 2310 2078 catrices,
2339 2033 2465 2086 qua:
2500 2016 2711 2070 vitiatae
2744 2015 2914 2086 globo
2949 2016 3332 2070 custodiendo
3375 2016 3700 2084 inligantur

2046 2091 2290 2144 inﬁrma:
2309 2105 2373 2142 ac
2404 2088 2643 2153 debiles,
2666 2088 2954 2157 quomodo
2979 2104 3087 2140 non
3109 2086 3496 2140 absorbentur
3516 2087 3588 2139 ab
3612 2103 3698 2151 ea,

2046 2167 2111 2217 ut
2129 2163 2339 2216 iterum
2357 2177 2535 2231 regna
2551 2160 2646 2212 illa
2661 2160 2856 2231 divina
2871 2157 3396 2231 nullojamvalente
3415 2157 3699 2231 obsistere

2047 2238 2170 2288 tota
2199 2228 2540 2287 conturbet?
2569 2231 2708 2296 Quis
2738 2230 2891 2283 enim
2917 2231 3039 2300 jam
3070 2229 3600 2298 audcatprocedere
3622 2228 3694 2284 ad

2048 2305 2287 2372 bellum,
2312 2304 2544 2374 quando
2567 2318 2697 2356 cum
2724 2301 2822 2355 illa
2853 2308 3013 2371 parte
3043 2304 3556 2374 quaprocesserat
3580 2305 3698 2374 tam

2045 2378 2244 2447 inique
2277 2370 2470 2430 actum
2502 2380 2609 2447 est,
2640 2378 2716 2447 Aut
2743 2370 3002 2447 proiejus
3036 2371 3231 2447 requie
3263 2370 3354 2425 sui
3403 2371 3554 2447 cives
3577 2371 3596 2404 ⁶²
3626 2371 3698 2447 ad

2046 2441 2463 2520 sempiternam
2496 2445 2650 2517 globi
2675 2441 2998 2520 custodiam
3030 2441 3492 2520 damnarentur?
3516 2446 3629 2520 Aut
3651 2441 3700 2520 si

2045 2539 2158 2576 non
2181 2513 2376 2591 potest
2395 2513 2768 2590 perrumpere
2790 2515 3049 2591 globum,
3077 2519 3140 2569 ut
3171 2515 3241 2569 ad
3273 2513 3532 2591 lucidum
3553 2513 3698 2591 illud

2045 2585 2351 2648 tectorium
2383 2585 3149 2644 damnatarum‘animarum
3196 2585 3507 2658 perveniat,
3559 2585 3700 2655 quid

2045 2682 2191 2736 opus
2205 2681 2330 2736 eam
2347 2668 2433 2717 est
2446 2661 2672 2732 contegi
2688 2659 3014 2714 divinorum
3031 2657 3402 2736 damnatione
3418 2657 3704 2736 mem-bro:

2047 2727 2294 2792 rum?5i
2327 2741 2521 2789 autem
2553 2727 2742 2804 potest
2767 2731 3436 2804 perrumpereglobum,
3484 2728 3616 2804 quis
3649 2727 3700 2782 ci

2046 2809 2276 2864 resistet
2299 2800 2570 2869 saucius,
2591 2803 2687 2876 qui
2715 2800 2970 2876 integros
3001 2800 3285 2876 sauciarit
3311 2800 3534 2876 i_A_bsit_
3579 2807 3697 2854 tam

2045 2880 2236 2954 gravis
2267 2885 2462 2932 etiam
2489 2871 2876 2954 abominanda
2896 2873 3278 2954 blasphemia.
3312 2871 3505 2954 Nolite
3520 2871 3698 2954 istam

2047 2941 2415 3022 iniquitatem
2449 2949 2518 3002 ad
2542 2952 2966 3022 auresvestras
2999 2941 3338 3022 admittere;
3394 2943 3569 3022 nolite
3598 2941 3697 2996 tali

2046 3013 2274 3090 negotio
2296 3021 2588 3076 mortifero
2611 3017 3040 3090 vosimplicare.
3070 3017 3271 3087 Fugite
3287 3013 3697 3090 Manichaeum,

2045 3103 2101 3151 et
2125 3087 2203 3149 ad
2233 3092 2489 3149 veritatis
2519 3087 2824 3146 catholicae
2848 3090 3029 3145 ubera
3067 3092 3186 3143 toto
3229 3087 3515 3142 desiderio
3560 3102 3698 3142 con-

2046 3167 2258 3224 volate.

2111 3323 2125 3355 ι
2160 3315 2520 3366 Cisterciensis
2553 3315 2670 3370 Ms.,
2701 3313 2826 3376 ipse.

2109 3384 2128 3418 ³
2157 3382 2300 3431 Idem
2333 3380 2518 3434 codex,
2551 3381 2605 3424 ut
2635 3371 2746 3439 eju's
2774 3374 2947 3439 requie
2973 3371 3194 3439 sue-sines
3222 3371 3293 3439 ad
3316 3372 3698 3436 sempiternam,

2045 3449 2144 3496 etc.
2183 3443 2282 3493 Alii
2313 3444 2453 3500 Mss.,
2491 3441 2545 3488 ut
2575 3434 2684 3503 eju}
2712 3434 2887 3501 requie
2916 3435 3047 3485 nulli
3073 3436 3154 3482 sui
3185 3434 3330 3482 cives.

284 3656 3685 3693 __________________________________________________—————————

1146 3767 1546 3824 ADMONITIO
1589 3768 1659 3824 IN
1698 3759 2310 3824 COMMONITORIUM
2349 3751 2823 3819 SUBSEQUENS.

1842 3896 2145 3911 ——

355 3987 478 4044 Sub
505 3984 815 4059 Augustini
849 3982 1084 4039 nomine
1112 3979 1414 4054 vulgatum
1455 3986 1544 4037 est
1569 3982 1626 4036 in
1659 3980 1992 4053 Appendice
2025 3979 2092 4034 ad
2128 3974 2414 4032 decimum
2456 3975 2681 4059 tomum
2723 3980 2965 4059 operum
2996 3958 3398 4059 Saeugustini
3428 3956 3704 4059 editionis

281 4077 547 4151 perfecta
579 4045 732 4131 anno
765 4075 918 4130 1586.
950 4073 1113 4128 Circa
1142 4045 1297 4126 idem
1329 4075 1562 4142 tempus
1596 4045 1916 4124 fuit-etiam
1958 4069 2304 4140 procurante
2355 4057 2593 4114 Baronio
2628 4057 2680 4109 in
2726 4053 2864 4108 lomi
2916 4050 3104 4151 quip'ti
3148 4047 3460 4151 Anpalium
3510 4045 3700 4151 Eccl‘e:

281 4133 660 4223 siasticorum
693 4163 1026 4236 Appendice
1059 4161 1420 4234 publicatum
1448 4177 1513 4216 ex
1545 4163 1733 4214 vetere
1763 4158 1960 4213 codice
1985 4151 2316 4212 Gervasiani
2351 4146 2577 4215 collegii
2606 4141 2985 4215 ,Parisiensis.
3019 4139 3184 4195 Nunc
3224 4138 3459 4236 demum
3511 4133 3706 4233 prodit

283 4255 648 4328 recognitum
680 4223 1022 4324 diligentius
1055 4223 1121 4306 ad
1155 4249 1453 4322 exemplar
1473 4249 1629 4321 quod
1662 4248 1719 4302 in
1749 4245 2096 4302 bibliotheca
2127 4241 2338 4313 reginae
2363 4235 2667 4328 Christinre
2709 4235 3026 4328 aservatur,
3060 4244 3281 4325 nec-non
3320 4227 3392 4328 ad
3436 4223 3706 4328 Prosperi

280 4312 594 4416 cujusdam
627 4359 696 4400 ex
727 4341 1063 4397 Manichaais
1094 4340 1354 4396 conversi
1391 4337 1950 4405 Anathematismos,
1984 4350 2130 4406 quos
2161 4328 2336 4386 edidit
2391 4323 2740 4382 Sirmondus
2783 4320 2841 4374 in
2877 4324 3030 4374 torno
3081 4315 3268 4388 primo
3317 4312 3706 4370 Conciliorum

281 4433 504 4490 Gallia.

285 4531 3697 4582 _________________________________

1119 4665 2892 4839 COMMONITORIUM

1871 4929 1974 4988 VU
1986 4927 2133 4987 LGO

456 5078 853 5168 SANCTI
913 5075 1543 5164 AUGUSTINI
1621 5069 2118 5158 EPISCOPI
2198 5056 2766 5150 ECCLESIZE
2835 5045 3540 5138 CATHOLIC/E,

989 5261 1269 5316 QUOMODO
1314 5262 1409 5306 SIT
1451 5260 1743 5306 AGENDUM
1789 5259 1914 5303 CUM
1958 5253 2307 5300 MANICUEIS
2353 5252 2452 5304 QUI
2495 5243 2996 5293 CONVERTUNTUR.

362 5511 512 5568 Cum
534 5505 853 5576 Manichmi,
877 5503 976 5576 qui
999 5504 1436 5576 convertuntur,
1462 5503 1519 5554 et
1539 5517 1687 5576 quos
1709 5499 1952 5576 pcenitet

291 5585 476 5654 hujus
494 5573 1150 5654 nefandissimi'erroris,
1164 5573 1949 5654 anathemav‘erinteamdem

286 5643 562 5712 haeresim
577 5651 898 5708 secundum
921 5645 1333 5704 formaminfra
1346 5645 1644 5770 scriptam,
1661 5643 1950 5699 libellum-

291 5744 409 5770 mm.
437 5723 1086 5770 dadaritnnnsnuismle
1113 5734 1316 5770 eorum
1343 5733 1449 5770 con
1478 5715 1725 5770 essionis
1755 5721 1811 5770 et
1843 5733 1950 5770 οω-

291 5744 410 5799 que
437 5725 662 5799 dederit
680 5723 1086 5799 unusquisque
1113 5734 1316 5799 eorum
1343 5715 1725 5799 confessionis
1755 5721 1811 5799 et
1843 5733 1953 5799 ρξε-

294 5787 562 5857 nitentiaa
582 5812 700 5854 suae
718 5787 894 5870 atque
914 5787 1304 5851 anathematis
1315 5804 1534 5860 eorum,
1560 5788 1834 5862 petensin
1854 5787 1953 5842 Ec-

2060 5494 2237 5551 clesia
2269 5493 2352 5549 vel
2386 5481 2916 5552 catechumeni,vel
2950 5478 3280 5556 pmnitentis
3311 5476 3501 5532 locum
3524 5471 3610 5556 ;.si
3634 5470 3710 5556 ‘li:

2266 5544 2692 5636 eius‘episcopo
2709 5544 3010 5636 placuerit,
3027 5569 3277 5636 eumque
3291 5544 3714 5636 suceplerit,det

2059 5621 2120 5695 ei
2142 5621 2732 5710 epistolam'cum‘die
2763 5634 2818 5683 et
2849 5624 3107 5710 consule,
3144 5621 3205 5710 ut
3231 5621 3514 5710 neqiieode
3546 5633 3714 5710 stipe-

2222 5690 2481 5780 tcmpore
2493 5704 2748 5780 aliquam
2768 5694 3208 5780 molestiam,ve!
3224 5690 3712 5780 publicis-legibus

2059 5766 2146 5839 vel
2180 5766 2490 5854 disciplina
2523 5766 2916 5834 ecclesiastica
2944 5767 3218 5843 patiatur.
3249 5766 3318 5821 Et
3356 5769 3487 5838 post
3515 5766 3711 5836 ipsum
