4128 6186
305 277 465 337 1173

304 413 422 464 tres
441 405 803 464 substantiis.
830 407 1074 463 Proinde
1098 407 1291 464 unitas
1312 408 1654 465 substantiae
1676 412 1793 465 tres
1816 411 1955 466 deos

305 478 576 554 prohibet
608 479 799 554 dic_ere
830 480 914 534 vel
950 480 1202 534 credere.

374 552 464 607 VI.
500 553 617 607 INT.
683 550 870 605 Deum
900 556 1017 605 tres
1040 567 1317 621 personas
1340 550 1618 618 dicimus,
1640 555 1867 605 Patrem
1896 557 1952 607 et

308 624 521 679 Filium
557 628 613 678 et
659 622 940 693 Spiritum
969 629 1263 688 sanctum,
1295 638 1475 693 quare
1506 640 1619 677 non
1652 628 1769 677 tres
1791 624 1951 689 deos,

305 711 411 749 nec
435 700 554 750 tres
576 694 1027 765 omnipotentes,
1055 710 1155 748 nec
1179 701 1296 748 tres
1322 694 1524 762 bonos,
1548 711 1653 749 nec
1681 699 1798 749 tres
1830 712 1951 749 ma-

305 783 452 838 gnos
484 766 675 821 dicere
707 768 794 820 fas
824 764 959 819 est?
989 767 1157 820 Resr.
1209 765 1354 828 Quia
1394 766 1565 831 Deus,
1600 772 1651 819 et
1685 766 1951 838 omnipo-

304 837 458 900 tens,
482 842 537 891 et
559 853 830 908 magnus,
851 841 908 889 et
938 838 1209 905 bonus,et
1238 842 1511 904 aeternus,
1540 837 1953 893 substantialia

306 908 545 965 nomina
576 914 735 977 sunt,
770 913 825 962 et
857 909 928 963 ad
963 925 1023 963 se
1054 908 1365 975 dicuntur;
1412 908 1539 963 ideo
1574 926 1686 963 non
1720 909 1855 963 licet
1885 925 1952 964 ea

304 980 511 1053 plurali
536 995 779 1053 numero
802 980 1012 1053 dicere,
1030 980 1128 1053 sed
1145 978 1429 1053 singulari
1448 996 1460 1032 :
1479 985 1721 1053 etomne
1741 996 1950 1034 nomen

306 1050 472 1125 quod,
488 1051 884 1125 substantiam
908 1051 1006 1105 Dei
1025 1050 1447 1125 velﬁessentiam
1470 1052 1779 1123 significat,
1801 1067 1951 1105 sem-

306 1122 409 1195 per
428 1122 709 1196 singulari
731 1138 973 1196 numero
992 1122 1407 1196 proferendum
1420 1126 1524 1177 est.
1547 1128 1714 1177 Pater
1730 1127 1948 1196 autem,

307 1193 363 1250 et
388 1193 588 1263 Filius,
613 1200 669 1249 et
688 1193 939 1264 Spiritus
964 1197 1222 1258 sanctus,
1247 1193 1486 1247 relative
1508 1197 1647 1247 sunt
1669 1194 1908 1248 nomina
1932 1213 1946 1261 ;

305 1272 362 1323 et
391 1266 517 1321 ideo
548 1269 669 1319 tres
703 1281 959 1335 personas
991 1269 1143 1318 recte
1173 1264 1469 1335 dicuntur.

374 1336 495 1391 Vll.
522 1338 637 1392 INT.
661 1333 960 1400 Quomodo
983 1335 1223 1390 relativa
1238 1334 1264 1388 τε
1282 1336 1452 1389 ΡιΕΒΡ.
1473 1334 1809 1390 Secundum
1826 1333 1949 1389 dia-

303 1407 589 1474 lecticam,
617 1407 854 1462 relativa
881 1408 1119 1461 nomina
1136 1411 1291 1473 sunt,
1314 1423 1439 1477 qua:
1458 1407 1527 1460 ad
1549 1406 1707 1461 aliud
1726 1404 1950 1475 aliquid

302 1481 636 1535 referuntur
660 1503 675 1546 ;
707 1478 863 1533 sicut
892 1478 1166 1532 dominus
1194 1478 1265 1532 ad
1298 1494 1551 1548 servum,
1576 1482 1633 1532 et
1655 1494 1856 1532 servus
1878 1477 1949 1531 ad

304 1552 607 1606 dominum
630 1567 643 1617 ;
665 1554 827 1621 pater
844 1550 914 1604 ad
935 1549 1142 1616 filium,
1162 1549 1319 1604 filius
1339 1550 1408 1604 ad
1433 1554 1679 1621 patrem.
1703 1548 1950 1603 Prorsus

304 1638 436 1677 cum
460 1622 588 1677 dico
613 1620 863 1693 patrem,
901 1621 1086 1693 ﬁlium
1129 1620 1415 1693 significo,
1436 1620 1579 1692 quia
1602 1637 1715 1675 non
1741 1626 1948 1693 estpa-

301 1698 408 1759 ter,
443 1693 554 1747 nisi
590 1690 743 1749 filius
776 1692 852 1747 sit
880 1693 973 1746 cui
1007 1692 1083 1747 sit
1112 1690 1311 1762 pater:
1344 1690 1482 1747 item
1516 1710 1628 1747 non
1657 1696 1746 1747 est
1772 1690 1947 1757 filius,

304 1765 418 1819 nisi
451 1768 613 1835 pater
642 1765 718 1819 sit
746 1763 839 1835 cui
871 1764 949 1818 sit
978 1764 1153 1835 ﬁlius.

374 1831 524 1893 VIII.
578 1835 693 1890 ΙΝτ.
740 1834 945 1889 Utrum
995 1834 1247 1893 Spiritus
1293 1837 1532 1887 sanctus
1582 1831 1816 1887 relative
1861 1832 1946 1886 vel

303 1907 768 1962 substantialiter
797 1902 1069 1960 dicatur?
1102 1906 1270 1960 Rese.
1297 1904 1505 1975 Utique
1529 1902 1785 1969 relative,
1811 1904 1948 1974 quia

303 1978 547 2049 spiritus
578 1978 835 2049 alicujus,
858 1977 1101 2049 spiritus
1130 1982 1218 2049 est
1246 1993 1258 2029 :
1294 1976 1393 2030 sed
1427 1992 1541 2049 non
1573 1975 1723 2029 sicut
1755 1976 1811 2029 in
1837 1980 1946 2030 Pa-

302 2046 390 2105 tre
420 2055 476 2104 et
506 2049 648 2103 Filio
678 2046 975 2104 relationis
1010 2047 1210 2120 regula
1240 2051 1471 2102 tenetur
1499 2046 1557 2120 in
1591 2063 1678 2120 eo.

373 2120 465 2175 IX.
490 2122 603 2175 INT.
624 2120 810 2183 Quare
832 2116 1115 2191 aequalem
1135 2136 1248 2174 non
1272 2120 1444 2191 habet
1456 2116 1763 2191 relationis
1783 2132 1948 2191 regu-

302 2191 416 2247 lam
429 2192 680 2263 Spiritus
694 2188 953 2260 sanctus,
971 2193 1121 2247 sicut
1137 2196 1372 2263 Pateret
1389 2188 1605 2244 Filius?
1621 2190 1786 2263 Resp.
1801 2188 1946 2251 Quia

302 2260 660 2319 circumferri
684 2268 874 2334 potest
900 2265 1088 2318 Patris
1113 2267 1169 2316 et
1192 2262 1315 2316 Filii
1340 2277 1549 2334 nomen
1575 2260 1942 2334 adhinvicem,

302 2340 365 2390 ut
397 2336 443 2391 si
480 2331 746 2389 dicamus
784 2337 946 2390 Pater
968 2335 1094 2389 Filii
1129 2335 1314 2399 Pater,
1346 2337 1402 2388 et
1432 2331 1613 2387 Filius
1645 2331 1828 2386 Patris
1859 2332 1948 2386 Fi-

301 2406 417 2461 lius
445 2424 457 2461 :
490 2423 604 2461 non
638 2406 718 2461 ita
761 2405 1053 2477 duplicem
1092 2404 1394 2460 relationis
1443 2403 1854 2459 circumversio
1886 2402 1943 2457 in

300 2479 536 2533 nomine
568 2477 754 2531 sancti
785 2478 1035 2548 Spiritus
1066 2477 1310 2531 inveniri
1351 2479 1561 2547 potest.

370 2549 435 2603 X.
465 2550 581 2605 [ΝΤ.
606 2551 728 2614 Qua
750 2545 1091 2603 necessitate
1114 2545 1433 2613 acciditfut
1457 2547 1540 2600 ita
1561 2562 1675 2600 non
1695 2545 1945 2599 circum-

301 2620 436 2676 ferri
466 2620 648 2692 possit
667 2620 917 2691 Spiritus
941 2621 1124 2674 sancti
1149 2619 1352 2675 relatio
1373 2619 1400 2672 ?
1422 2619 1592 2692 Resp.
1627 2617 1771 2692 Quia
1794 2622 1946 2692 recte

302 2688 495 2764 dicere
534 2688 849 2764 possumus
891 2692 1172 2762 Spiritum
1197 2696 1484 2764 sanctum
1525 2689 1709 2743 Patris
1740 2694 1797 2742 et
1817 2688 1943 2764 Filii

301 2760 623 2833 Spiritum:
660 2764 759 2818 sed
793 2760 1070 2818 converso
1108 2763 1311 2817 ordine
1354 2776 1826 2833 nonpossumus
1857 2760 1943 2813 di-

303 2831 453 2901 cere,
487 2835 712 2889 Patrem
744 2834 996 2904 Spiritus
1028 2833 1233 2900 sancti,
1268 2832 1693 2888 sicutdicimus
1716 2831 1943 2885 Patrem

300 2905 449 2970 Filii,
486 2922 556 2961 ne
585 2907 699 2961 duo
732 2905 836 2959 filii
885 2906 942 2960 in
996 2910 1199 2960 sancta
1244 2904 1529 2958 Trinitate
1558 2904 1941 2957 aestimentur.

303 2977 447 3032 Item
480 2994 590 3032 non
626 2994 939 3047 possumus
970 2977 1180 3041 dicere,
1216 2975 1426 3030 Filium
1460 2974 1713 3047 Spiritus
1735 2974 1943 3039 sancti,

304 3048 455 3103 sicut
477 3045 730 3103 dicimus
753 3048 960 3102 Filium
989 3048 1196 3116 Patris,
1221 3063 1290 3101 ne
1313 3047 1428 3100 duo
1452 3052 1645 3117 patres
1666 3045 1723 3098 in
1747 3049 1947 3117 sancta

304 3118 590 3175 Trinitate
638 3119 1058 3191 intelligantur.
1116 3119 1369 3191 Dicimus
1422 3116 1615 3191 itaque
1663 3116 1945 3187 Spiritum

304 3196 574 3247 sanctum
607 3192 797 3246 Patris
828 3188 885 3246 et
916 3191 1065 3254 Filii,
1088 3191 1213 3245 sine
1237 3188 1688 3261 reciprocatione
1708 3204 1945 3243 conver-

304 3262 488 3318 sionis
522 3263 826 3317 nominum
858 3261 1255 3317 relativorum.

372 3335 470 3388 XI.
491 3335 606 3388 INT.
627 3333 834 3405 Utrum
851 3333 1258 3405 inseparabilis
1275 3331 1391 3386 sint
1405 3335 1803 3405 operasanctze
1817 3329 1944 3385 Tri-

302 3404 540 3461 nitatis?
552 3410 720 3458 RESP.
740 3404 827 3459 Uti
839 3421 948 3474 que
962 3402 1245 3475 quidquid
1261 3402 1798 3475 operaturTrinitas
1811 3419 1943 3457 san-

300 3475 907 3557 cta,_i_nseparabiliter
929 3474 1048 3557 haec
1080 3474 1282 3557 eadem
1313 3480 1585 3557 operatur
1614 3474 1798 3557 {quia
1830 3490 1948 3527 una

299 3553 388 3604 est
418 3543 721 3601 Trinitatis
754 3548 1030 3616 operatio,
1065 3547 1218 3601 sicut
1240 3562 1356 3599 una
1378 3549 1465 3598 est
1486 3543 1835 3614 substantia,
1861 3560 1947 3598 es-

303 3619 491 3675 sentia
522 3622 579 3672 et
605 3617 895 3673 voluntas.

372 3690 494 3745 XII.
520 3694 635 3743 INT.
671 3688 875 3744 Utrum
906 3691 1108 3742 sancta
1129 3686 1386 3741 Trinitas
1408 3685 1464 3739 in
1490 3685 1753 3755 personis
1776 3701 1944 3755 sepa-

301 3762 504 3817 rabilis
536 3762 656 3816 sive
688 3758 1094 3830 inseparabilis
1127 3758 1373 3812 dicenda
1394 3761 1499 3827 est,
1524 3758 1663 3811 dum
1688 3756 1845 3830 alius
1860 3762 1948 3811 est

296 3833 485 3901 Pater,
504 3831 653 3886 alius
667 3827 866 3897 Filius,
885 3830 1034 3885 alius
1047 3831 1295 3899 Spiritus
1314 3830 1589 3883 sanctus?
1606 3834 1774 3901 BESP.
1801 3827 1944 3901 Vere

293 3904 445 3959 alius
468 3898 555 3957 est
582 3904 743 3957 Pater
774 3919 952 3973 quam
987 3898 1166 3973 Filius
1192 3901 1251 3955 in
1282 3916 1565 3973 persona,
1586 3899 1738 3954 sicut
1772 3898 1944 3954 Filius

294 3975 445 4030 alius
468 3978 555 4028 est
575 3974 634 4046 in
660 3971 907 4046 persona
929 3989 1103 4043 quam
1135 3972 1319 4046 Pater,
1345 3976 1402 4025 et
1420 3971 1674 4046 Spiritus
1705 3977 1944 4025 sanctus

296 3988 445 4030 alius
468 3988 555 4028 est
575 3991 634 4028 in
660 3990 907 4046 persona
929 3989 1103 4043 quam
1136 3988 1319 4036 Pater,
1345 3988 1402 4025 et
1420 3988 1674 4095 Spiritus
1705 3988 1943 4025 sanetus

296 4046 448 4101 alius
469 4049 558 4099 est
584 4045 645 4099 in
669 4062 917 4115 persona
957 4060 1133 4115 quam
1178 4045 1347 4097 Pater
1384 4046 1445 4115 et
1500 4042 1683 4115 ilius:
1711 4059 1826 4095 non
1858 4048 1943 4096 ta-

296 4134 429 4172 men
452 4116 611 4171 aliud
636 4113 731 4171 ille
756 4117 840 4172 vel
865 4115 960 4171 ille
979 4113 1041 4171 in
1090 4118 1319 4181 natura,
1364 4113 1451 4168 vel
1496 4113 1553 4166 in
1580 4114 1810 4181 deitate,
1844 4119 1946 4169 aut

296 4189 355 4245 in
380 4190 655 4245 essentia.
690 4188 803 4243 Nec
833 4188 989 4243 enim
1022 4188 1252 4241 Patrem
1281 4189 1441 4256 potes
1474 4184 1683 4249 dicere,
1714 4184 1826 4239 nisi
1858 4186 1942 4239 Fi-

298 4260 442 4315 lium
458 4258 751 4331 intelligas
769 4278 780 4326 ;
797 4275 902 4314 nec
916 4258 1194 4331 Spiritum
1208 4261 1499 4331 sanctum,
1516 4257 1629 4331 nisi
1644 4256 1943 4331 intelligas

298 4333 469 4401 cujus
500 4328 755 4402 Spiritus
786 4331 881 4386 sit.
923 4328 1201 4393 Quocirca
1250 4328 1407 4402 omni
1442 4329 1609 4402 modo
1640 4329 1944 4402 insepara-

298 4399 434 4460 bilis
455 4399 767 4458 est'sancta
788 4403 1061 4468 'l‘rinitas,
1087 4402 1238 4456 sicut
1258 4401 1316 4454 in
1341 4399 1634 4471 operibus,
1660 4400 1744 4454 sic
1768 4399 1942 4454 etiam

297 4476 357 4530 in
393 4475 656 4530 nersonis
687 4475 951 4530 dicenda.

426 4546 517 4601 III.
554 4548 668 4601 Irrr.
701 4547 754 4601 Si
789 4547 859 4602 ad
893 4543 1076 4601 solam
1108 4541 1296 4597 Patris
1325 4556 1633 4611 personam
1662 4541 1945 4610 pertineat

294 4619 451 4690 quod
482 4618 718 4685 dicitur,
750 4620 854 4686 Qui
881 4618 1015 4690 facit
1047 4614 1333 4690 mirabilia
1362 4629 1566 4690 magna
1593 4614 1739 4690 solus
1771 4613 1941 4690 (Paci.

297 4684 448 4757 ixxx,
479 4691 566 4757 18)
591 4692 612 4742 P
638 4684 1065 4759 et’A‘postolus,
1089 4686 1195 4753 Qui
1222 4686 1394 4759 sql_us__
1415 4684 1576 4737 habet
1613 4685 1942 4759 immortali-

300 4753 463 4833 tatem
495 4753 708 4833 (I'Tz'm.
740 4753 815 4827 vi,
866 4758 991 4833 16)?
1042 4753 1215 4833 Resp.
1266 4753 1613 4833 Nuliatenu‘s
1654 4757 1725 4810 ad
1758 4756 1941 4833 solam

302 4831 486 4889 Patris
502 4825 809 4901 personam
830 4825 1096 4902 pertinet,
1111 4828 1254 4902 dum
1277 4825 1492 4881 dicitur
1509 4825 1669 4881 solus
1690 4832 1859 4902 Dens,
1877 4826 1943 4883 si-

296 4918 364 4958 ve
387 4903 445 4956 in
465 4899 642 4969 Novo,
670 4903 790 4957 sive
811 4899 870 4956 in
896 4902 1085 4957 Veteri
1108 4900 1502 4962 Testamento,
1526 4902 1583 4952 et
1605 4900 1753 4969 quod
1792 4899 1944 4954 Deus

299 4973 463 5030 solus
486 4975 604 5029 sive
626 4974 735 5028 hoc
757 4973 875 5029 sive
920 4972 1064 5027 illud
1116 4972 1325 5026 habeat
1360 4969 1449 5025 vel
1491 4969 1700 5024 faciat:
1737 4971 1837 5024 sed
1873 4971 1943 5025 ad

299 5049 481 5100 totam
506 5045 851 5101 Trinitatem
878 5051 1163 5111 sanctam,
1189 5059 1316 5113 quea
1340 5046 1429 5097 est
1448 5058 1621 5113 unus
1638 5040 1789 5095 Deus
1820 5058 1944 5095 om-

299 5117 592 5188 nipotens,
621 5120 820 5173 omnia
852 5117 1066 5170 faciens
1098 5112 1223 5185 quae
1266 5116 1331 5188 in
1357 5112 1499 5168 caelo
1526 5120 1576 5167 et
1610 5112 1667 5166 in
1700 5119 1872 5188 terra.

373 5184 518 5244 XIV.
552 5184 667 5244 liv'r.
701 5189 1001 5254 Quomodo
1050 5184 1257 5239 beatus
1303 5186 1557 5239 Joannes
1590 5184 1945 5255 evangelista

300 5259 463 5331 dicit,
502 5266 677 5316 Deum
708 5276 867 5315 nemo
898 5260 1298 5331 vidztiunquam
1318 5256 1501 5331 (ann.
1528 5274 1565 5317 ι,
1590 5256 1679 5331 i8)
1700 5256 1727 5310 ‘?
1746 5262 1803 5310 et
1824 5256 1949 5331 ipse

302 5326 589 5387 Dominus
622 5334 678 5386 in
714 5332 826 5386 alio
858 5330 1001 5394 loco,
1037 5330 1198 5382 Beati
1226 5326 1433 5398 mundo
1464 5326 1949 5398 corde,'quoniam

299 5405 410 5486 ipsi
444 5409 617 5460 Deum
647 5403 908 5484 videbunt
938 5399 1145 5527 ἓΜαζιΙι.
1174 5415 1227 5463 v,
1251 5396 1357 5464 8)?
1380 5403 1435 5450 et
1465 5396 1773 5481 Apostolus
1798 5400 1948 5483 invi-

300 5474 527 5527 sibilem
555 5475 738 5527 Deum
763 5475 933 5527 dicit!
1001 5473 1135 5527 Tim.
1162 5486 1201 5527 ι.
1231 5470 1295 5521 17
1317 5468 1344 5522 ?
1368 5468 1537 5523 ΙΙΙ-πει).
1576 5468 1762 5524 Videri
1791 5488 1947 5527 enim

300 5468 527 5529 sibilem
555 5475 738 5530 Deum
763 5473 901 5528 dicit
920 5468 966 5539 (Ι
1001 5473 1135 5527 Tim.
1162 5486 1201 5535 ι,
1231 5470 1295 5521 17
1317 5468 1344 5522 ?
1368 5468 1537 5523 ΙΙΙ-ζει).
1576 5468 1762 5524 Videri
1791 5471 1947 5527 enim

299 5550 491 5617 potest
514 5546 690 5610 Deus,
713 5546 767 5599 id
796 5549 905 5609 est,
932 5541 1178 5617 intelligi
1210 5540 1535 5617 secundum
1578 5557 1695 5594 sua:
1728 5542 1946 5598 donum

298 5612 524 5689 gratiae,
550 5618 669 5673 sive
682 5619 754 5671 ab
768 5615 1021 5689 Angelis,
1040 5614 1158 5669 sive
1173 5613 1245 5667 ab
1260 5612 1570 5665 animabus
1587 5619 1944 5689 sanctm'um:

340 5689 532 5744 lenam
557 5706 690 5744 vero
714 5684 1035 5743 divinitatis
1063 5688 1333 5756 naturam
1357 5699 1461 5737 nec
1499 5684 1740 5756 angelus
1774 5686 1947 5756 quili-

340 5706 532 5744 ienam
557 5706 690 5744 vero
714 5706 1035 5743 nivmitaus
1063 5706 1330 5741 naturam
1358 5706 1461 5737 nec
1499 5706 1740 5755 angems
1774 5706 1945 5756 qum-

297 5706 415 5828 ζει,
451 5777 557 5817 nec
586 5765 925 5817 sanctorum
956 5757 1175 5831 aliquis
1186 5754 1459 5831 perfecte
1490 5755 1812 5831 iptelligere
1846 5776 1945 5831 po-

296 5826 437 5892 terit
464 5832 594 5892 ideo
624 5826 1234 5905 incomprehensibilis
1264 5826 1478 5886 dicitur
1505 5827 1678 5887 Deus.

1122 275 1637 348 QUIESTIONES
1684 278 1787 338 DE
1829 278 2257 340 TltINlTAThi
2304 280 2401 339 ET
2448 279 2548 339 DE
2596 276 2900 339 GENESI.

3561 280 3716 338 H74

2136 410 2250 465 XV.
2278 411 2389 466 ΙΝτ.
2418 410 2578 476 Quod
2604 409 2824 465 sanctis
2847 424 3153 481 summum
3172 408 3535 480 promittitur
3565 426 3709 481 prae—

2064 484 2250 536 mium
2285 488 2499 536 eeterna
2532 481 2629 535 Dei
2670 481 2838 547 visio,
2872 498 2945 536 an
2979 480 3276 551 aequaliter
3316 480 3593 535 videbunt
3623 482 3708 537 vel

2062 553 2437 624 intelligent?
2470 554 2643 607 RESP.
2678 552 3022 607 Nullatenus
3059 551 3358 624 mqualiter
3388 570 3590 607 omnes
3622 555 3709 609 vel

2065 623 2372 697 Angelivel
2396 626 2606 679 animai
2630 630 2962 697 sanctorum
2990 624 3170 697 Deum
3196 623 3281 677 vel
3306 641 3459 678 nunc
3487 625 3705 697 vident,

2062 695 2147 750 vel
2184 700 2314 764 post
2356 696 2843 751 resurrectionem
2876 695 3157 749 videbunt
3186 711 3196 749 :
3251 697 3349 749 sed
3384 695 3708 750 secundum

2062 768 2356 821 donatoris
2382 766 2879 837 dispensationem
2903 773 2959 821 et
2981 769 3320 820 meritorum
3341 767 3705 836 qualitatem.

2062 838 2479 910 Unusquisque
2501 845 2695 893 tamen
2717 838 3103 892 sufﬁcientem
3124 837 3180 891 in
3197 839 3327 910 ejus
3346 838 3564 892 visione
3584 841 3708 893 suis

2060 910 2283 963 meritis
2306 910 2544 963 habebit
2563 910 3006 979 beatitudinem,
3029 926 3133 963 nec
3153 909 3283 979 plus
3299 915 3513 979 quaeret
3529 927 3707 980 quam

2064 981 2316 1045 habebit,
2355 997 2458 1035 nec
2490 998 2550 1036 se
2584 982 2779 1035 minus
2811 980 3023 1035 habere
3054 997 3228 1051 quam
3279 980 3431 1035 volet
3460 983 3701 1037 dolebit.

2136 1053 2281 1107 XVI.
2313 1055 2429 1107 INT.
2454 1054 2538 1106 An
2563 1052 2782 1121 aliquid
2816 1053 2992 1107 distet
3030 1052 3085 1104 in
3128 1057 3260 1119 Deo,
3303 1068 3450 1117 esse,
3492 1052 3702 1121 vivere,

2059 1123 2403 1195 intelligere,
2432 1140 2602 1194 posse
2619 1125 2645 1178 ‘?
2670 1122 3207 1195 ReserNullatenus
3230 1122 3385 1176 aliud
3407 1123 3703 1195 estiniDeo

2058 1210 2207 1260 esse,
2241 1193 2400 1249 aliud
2432 1193 2638 1264 vivere,
2683 1195 2771 1249 vel
2815 1194 2970 1249 aliud
3025 1193 3369 1264 intelligere,
3422 1193 3506 1248 vel
3543 1194 3701 1249 aliud

2060 1283 2231 1347 posse
2247 1282 2268 1347 ,ε
2295 1266 2434 1347 quia
2458 1268 2693 1347 Deuseo
2720 1266 2844 1335 ipso
2869 1282 2982 1347 quo
3016 1265 3311 1347 esthvivit
3336 1285 3349 1331 ς
3398 1272 3455 1320 et
3495 1283 3560 1322 eo
3588 1283 3702 1337 quo

2057 1335 2215 1403 vivit,
2242 1335 2555 1408 intelligit;
2581 1342 2638 1409 et
2666 1352 2730 1391 eo
2753 1354 2873 1409 quo,
2892 1335 3184 1407 intelligit,
3211 1343 3399 1407 potest
3421 1341 3561 1392 eteo
3586 1335 3701 1409 quo

2060 1414 2267 1479 potest,
2288 1414 2407 1464 est:
2429 1410 2566 1479 quia
2586 1408 2835 1479 simplex
2852 1408 3079 1463 deitatis
3098 1415 3308 1463 natura
3325 1424 3506 1461 unum
3528 1408 3702 1464 habet

2058 1496 2205 1544 esse,
2237 1481 2449 1545 vivere,
2485 1480 2827 1551 intelligere,
2860 1483 2915 1533 et
2955 1479 3151 1533 omnia
3199 1484 3405 1549 potest.
3441 1481 3550 1535 Sed
3583 1497 3699 1535 non

2058 1558 2148 1606 est
2178 1553 2257 1606 ita
2286 1552 2343 1605 in
2378 1552 2567 1606 nobis.
2603 1549 2743 1605 dum
2775 1549 2930 1604 aliud
2967 1556 3054 1603 est
3084 1551 3138 1603 in
3165 1556 3374 1604 natura
3396 1555 3594 1606 nostra
3615 1552 3697 1605 vi-

2056 1639 2209 1692 vere,
2238 1622 2395 1677 aliud
2430 1597 2772 1693 intelligere,
2800 1621 2956 1675 aliud
2984 1637 3171 1691 posse.
3202 1622 3261 1675 In
3284 1622 3399 1677 Deo
3423 1640 3553 1678 vero
3577 1623 3698 1678 haec

2059 1694 2256 1750 omnia
2286 1711 2469 1748 unum
2502 1698 2674 1764 atque
2706 1693 2859 1747 idem
2902 1698 3056 1747 sunt.

2128 1765 2295 1820 XVII.
2322 1765 2436 1820 INT.
2464 1762 2665 1822 Utrum
2697 1764 2767 1818 de
2800 1764 2941 1818 Filio
2974 1764 3124 1817 sicut
3153 1762 3371 1817 dicitur
3396 1764 3593 1819 lumen
3627 1766 3697 1819 de

2056 1835 2297 1905 lumine,
2328 1838 2477 1891 Deus
2536 1837 2606 1891 de
2661 1836 2796 1899 Deo,
2850 1841 3040 1905 potest
3090 1835 3204 1888 dici
3234 1836 3603 1905 omnipotens
3630 1837 3699 1891 de

2055 1909 2477 1979 omnipotente,
2509 1908 2699 1979 bonus
2721 1909 2790 1960 de
2816 1907 2987 1979 bono,
3015 1922 3265 1979 magnus
3288 1907 3357 1960 de
3384 1924 3617 1979 magno,
3645 1912 3701 1962 et

2055 1977 2260 2034 caetera
2282 1979 2418 2033 talia
2437 1980 2465 2033 ‘?
2486 1983 2648 2032 Rssr.
2685 1978 3048 2048 Regulariter
3079 1977 3278 2046 utique
3308 1982 3500 2032 tenere
3528 1978 3697 2033 debe-

2056 2067 2211 2115 mus,
2234 2051 2387 2120 quod
2412 2050 2609 2105 omnia
2630 2054 2849 2103 natura:
2873 2048 3111 2103 nomina
3133 2049 3433 2120 aequaliter
3453 2050 3522 2103 de
3556 2049 3698 2104 Filio

2054 2122 2163 2175 dici
2192 2119 2439 2192 possunt
2460 2123 2609 2176 sicut
2632 2122 2701 2192 de
2721 2120 2919 2176 Patre:
2943 2121 2995 2173 id
3016 2124 3126 2183 est,
3146 2119 3298 2173 sicut
3315 2120 3529 2174 dicitur
3546 2120 3700 2177 Deus

2053 2193 2124 2247 de
2155 2191 2290 2259 Deo,
2325 2193 2521 2247 lumen
2555 2193 2624 2247 de
2656 2191 2914 2256 lumine;
2952 2192 3033 2245 ita
3063 2192 3372 2245 dicendum
3401 2197 3489 2245 est
3510 2192 3700 2246 omni-

2054 2270 2261 2336 potens
2292 2266 2362 2318 de
2404 2264 2801 2336 omnipotente
2824 2288 2843 2336 ςΔ
2888 2263 3082 2336 bonus,
3127 2262 3197 2336 de
3247 2262 3417 2327 bono,
3452 2279 3699 2333 magnus

2053 2332 2123 2391 de
2159 2352 2407 2406 magno;
2443 2336 2541 2391 sed
2572 2332 2692 2390 non
2723 2334 2805 2389 ita
2834 2334 2892 2387 in
2926 2332 3199 2406 relativis.

2124 2401 2316 2462 XVIH.
2352 2408 2467 2462 INT.
2504 2408 2615 2463 Sed
2653 2406 2945 2477 quomodo
2976 2406 3033 2457 in
3070 2401 3327 2477 relativis
3359 2402 3699 2477 nominibus

2054 2478 2365 2533 dicendum
2397 2479 2528 2534 est?
2573 2473 2736 2532 Resp.
2762 2477 2886 2532 Non
2905 2492 3220 2547 possumus
3238 2473 3427 2547 dicere
3446 2475 3696 2530 Verbum

2054 2551 2124 2605 de
2148 2552 2354 2616 Verbo,
2382 2550 2518 2621 quia
2543 2550 2846 2605 relativum
2871 2546 3081 2621 nomen
3113 2552 3201 2601 est
3229 2546 3505 2621 Verbum,
3541 2547 3696 2621 quod

2055 2621 2216 2676 solus
2240 2628 2328 2677 est
2353 2617 2565 2687 Filius;
2601 2622 2749 2675 sicut
2779 2621 3029 2675 dicimus
3060 2620 3238 2673 Deum
3274 2618 3343 2671 de
3374 2617 3514 2685 Deo,
3542 2618 3696 2687 quod

2054 2710 2167 2747 non
2192 2698 2280 2748 est
2301 2694 2459 2748 solus
2482 2692 2690 2747 Filius:
2714 2708 2817 2746 nec
2832 2690 3151 2761 Imaginem
3174 2691 3243 2743 de
3263 2689 3697 2761 Imagine,quia

2054 2764 2214 2819 solus
2238 2768 2326 2819 est
2346 2764 2526 2818 Filius
2570 2765 2764 2834 Imago
2802 2764 2871 2833 (ΙΙ
2915 2760 3033 2816 Cor.
3078 2779 3153 2829 1v,
3183 2762 3213 2814 4
3241 2786 3253 2825 ;
3280 2760 3473 2815 Coloss.
3504 2777 3540 2826 ι,
3568 2760 3655 2834 i_5)
3683 2778 3695 2827 ;

2054 2837 2207 2891 sicut
2230 2835 2481 2890 dicimus
2506 2831 3061 2894 lumen‘delumine,
3089 2834 3243 2901 quod
3276 2846 3390 2885 non
3423 2836 3511 2886 est
3539 2831 3698 2886 solus

2057 2906 2235 2961 Filius
2266 2907 2405 2961 quia
2436 2906 2822 2961 substantiale
2855 2921 3068 2959 nomen
3100 2908 3187 2958 est
3218 2903 3434 2957 lumen.

2124 2978 2254 3033 XIX.
2281 2972 2394 3032 INT.
2421 2977 2717 3048 Numquid
2742 2976 2894 3031 aliud
2914 2977 3121 3048 lumen
3143 2979 3231 3048 est
3256 2974 3435 3048 Pater,
3461 2977 3515 3026 et
3537 2972 3695 3027 aliud

2054 3049 2232 3103 Filius
2250 3053 2270 3102 Ρ
2286 3054 2446 3103 Resr.
2472 3045 2852 3119 Nequaquam
2877 3046 3056 3115 aliud,
3078 3047 3178 3119 sed
3195 3060 3379 3119 unum
3399 3045 3700 3119 lumenest

2056 3121 2221 3175 Pater
2242 3126 2297 3174 et
2320 3120 2519 3186 Filius,
2545 3115 2837 3174 sicut-una
2859 3118 3211 3172 substantia.
3241 3117 3371 3170 Ideo
3392 3121 3543 3170 recte
3563 3115 3700 3169 dici-

2056 3196 2153 3246 tur
2174 3193 2369 3246 lumen
2395 3193 2464 3245 de
2488 3191 2729 3257 lumine,
2754 3191 2906 3244 sicut
2931 3195 3079 3243 Deus
3101 3189 3171 3243 de
3203 3189 3337 3242 Deo.
3360 3188 3521 3241 Sicut
3542 3186 3697 3241 enim

2055 3280 2209 3318 unus
2239 3271 2327 3318 est
2357 3263 2512 3317 Deus
2546 3263 2714 3317 Pater
2742 3267 2799 3317 et
2826 3261 3024 3324 Filius,
3058 3260 3139 3313 ita
3172 3275 3357 3313 unum
3393 3260 3610 3313 lumen.

2126 3336 2237 3390 XX.
2280 3336 2391 3389 INT.
2439 3335 2728 3405 Legimus,
2781 3332 3053 3405 Apostoio
3104 3332 3377 3405 dicentek
3404 3330 3697 3405 Christum

2056 3407 2153 3461 Dei
2185 3422 2312 3461 esse
2342 3401 2615 3460 virtutem
2649 3410 2705 3459 et
2736 3401 2846 3460 Dei
2882 3404 3230 3473 sapientiam
3265 3402 3307 3470 (Ι
3344 3402 3463 3454 σμγ’.
3501 3418 3535 3465 ι,
3566 3401 3696 3468 24);

2056 3477 2339 3547 numquid
2368 3479 2533 3531 Pater
2555 3493 2668 3529 non
2695 3476 2869 3529 habet
2900 3472 3042 3527 inse
3074 3472 3566 3547 sapientiam,_vel
3587 3473 3702 3547 v_ir-_-

2054 3540 2265 3612 tutem,
2290 3546 2403 3601 nisi
2427 3548 2483 3601 in
2511 3546 2672 3614 Filio,
2699 3562 2869 3616 quem
2896 3540 3211 3616 Apostolus
3235 3541 3578 3616 sapientiam
3602 3540 3702 3595 Dei

2054 3625 2111 3674 et
2140 3620 2405 3672 virtutem
2447 3612 2818 3671 nominavit?
2845 3612 3015 3669 Resp.
3038 3614 3280 3668 Plurimi
3312 3613 3392 3666 ita
3440 3612 3698 3667 arianam

2055 3691 2365 3744 destruunt
2382 3689 2459 3741 im
2470 3688 2764 3759 pietatem,
2786 3687 3045 3759 dicentes
3062 3685 3309 3755 impium
3325 3700 3453 3759 esse
3472 3684 3702 3759 credere

2057 3777 2318 3832 unquam
2344 3755 2521 3813 Deum
2547 3760 2773 3814 Patrem
2804 3774 2933 3832 esse
2964 3758 3089 3812 sine
3113 3755 3569 3832 _sua__sapientia,
3603 3759 3705 3808 aut

2057 3827 2182 3888 sine
2210 3848 2316 3886 sua
2344 3832 2575 3886 virtute.
2609 3832 2713 3885 Sed
2749 3829 2959 3884 melius
2991 3834 3079 3883 est
3111 3827 3433 3896 intelligere
3470 3830 3697 3880 Patrem

2054 3920 2181 3959 esse
2196 3903 2544 3973 sapientiam
2561 3908 2615 3956 et
2627 3902 3048 3967 virtutem;imo
3063 3899 3343 3969 etSpiritu
3356 3915 3408 3973 m
3427 3903 3631 3951 sanctu
3644 3914 3697 3950 m

2054 3969 2402 4046 sapientiam
2428 3981 2485 4028 et
2505 3973 2779 4027 virtutem
2806 3989 2817 4026 :
2841 3990 2953 4046 non
2978 3979 3169 4046 tamen
3196 3976 3315 4024 tres
3335 3969 3579 4046 virtutes
3595 3985 3699 4023 nec

2053 4041 2171 4102 tres
2203 4045 2553 4126 sapientiae;
2589 4046 2727 4126 quia
2757 4044 3051 4126 sapientia.
3074 4041 3461 4126 subshtantiale
3485 4056 3698 4126 nomen

2052 4123 2161 4185 est,
2197 4111 2349 4172 sic'ut
2380 4116 2585 4171 virtus.
2608 4111 2733 4171 'Nec
2763 4111 2921 4171 aliud
2972 4119 3063 4169 est
3110 4115 3169 4167 in
3202 4118 3313 4167 Deo
3357 4129 3506 4181 esse,
3540 4111 3696 4166 aliud

2052 4206 2273 4260 sapere,
2308 4189 2465 4244 aliud
2503 4205 2705 4260 posse:
2740 4188 2841 4242 sed
2888 4203 3072 4241 unum
3122 4189 3210 4239 est
3261 4185 3375 4239 Deo
3422 4199 3571 4253 esse,
3603 4199 3698 4237 sa-

2060 4278 2215 4333 pere,
2248 4277 2436 4331 posse.

2126 4324 2268 4386 ΧΧΙῘ
2298 4333 2413 4386 ΙΝτ.
2445 4329 2649 4385 Utrum
2682 4329 2752 4383 ad
2786 4328 2971 4384 solam
3003 4325 3188 4382 sancti
3215 4324 3476 4396 Spiritus
3499 4340 3700 4394 perso-

2054 4420 2189 4458 nam
2224 4403 2509 4474 pertineat
2539 4401 2813 4466 charitas,
2844 4401 2988 4474 dum
3023 4396 3334 4474 apostolus.
3368 4395 3527 4474 dicit,
3561 4395 3703 4474 Deus

2051 4466 2294 4529 Charitas
2323 4478 2399 4528 est
2429 4475 2474 4543 (Ι
2506 4474 2659 4527 Joan.
2703 4488 2779 4539 IV,
2833 4470 2949 4543 16),
2993 4466 3088 4537 qui
3141 4467 3384 4543 di_lectio_
3426 4466 3611 4543 Patris
3645 4470 3702 4522 et

2058 4546 2181 4600 Filii
2203 4562 2331 4599 esse
2357 4537 2608 4614 legitur?
2628 4537 2797 4597 Resp.
2822 4537 3169 4614 Nu'llatenus
3190 4539 3271 4614 ita
3293 4537 3700 4614 Spiritus_s_an-

2054 4622 2184 4672 ctus
2205 4609 2837 4684 charitasintelligitur,
2855 4612 3023 4683 quasi
3040 4629 3151 4666 non
3172 4612 3434 4684 sitPater
3449 4614 3503 4664 et
3523 4609 3701 4684 Filius

2054 4688 2327 4744 charitas.
2364 4688 2525 4743 Sicut
2548 4680 2803 4757 Spiritus
2831 4680 3082 4757 sanctus
3104 4688 3193 4757 est
3222 4681 3502 4746 charitas,
3535 4680 3614 4736 ita
3645 4688 3701 4736 et

2055 4761 2221 4815 Pater
2242 4764 2329 4813 est
2351 4753 2624 4825 charitas,
2650 4762 2706 4810 et
2728 4755 2908 4811 Filius
2930 4760 3017 4810 est
3038 4753 3294 4809 charitas
3318 4771 3329 4808 :
3358 4770 3473 4807 non
3500 4756 3696 4825 tamen

2052 4837 2170 4887 tres
2193 4830 2526 4895 charitates,
2552 4824 2652 4884 sed
2677 4845 2796 4883 una
2832 4828 3110 4883 charitas.
3155 4827 3265 4881 Sed
3290 4824 3426 4895 quia
3446 4824 3697 4894 Spiritus

2054 4908 2294 4959 sanctus
2327 4902 2545 4955 donum
2602 4901 2695 4954 Dei
2745 4899 2975 4971 proprie
3021 4898 3234 4971 dicitur
3284 4897 3417 4966 (Act.
3454 4912 3515 4971 1i,
3547 4895 3616 4947 38
3647 4902 3701 4971 et

2052 4991 2174 5042 vm,
2207 4974 2320 5045 20),
2357 4977 2412 5027 et
2443 4971 2669 5045 nullum
2702 4966 2802 5045 Dei
2831 4966 3048 5045 donum
3073 4970 3352 5024 charitate
3377 4966 3568 5045 majus
3591 4968 3698 5034 est,

2055 5037 2173 5099 imo
2206 5037 2330 5098 sine
2352 5060 2417 5099 eo
2442 5042 2666 5097 nullum
2692 5044 2910 5098 donum
2937 5042 3004 5096 ad
3033 5047 3371 5111 perpetuam
3397 5037 3697 5111 hominem

3196 5108 3396 5163 roinde
3445 5108 3700 5177 Spiritus

2055 5117 2161 5171 ded
2175 5131 2343 5170 ucere
2396 5115 2607 5187 poterit
2636 5113 3101 5187 beatitudinem.

3192 5196 3296 5234 om.
3323 5196 3378 5249 v,
3408 5180 3485 5249 5).

2056 5192 2296 5243 sanctus
2329 5183 2559 5258 proprie
2590 5186 2802 5258 dicitur
2840 5183 3093 5258 Charitas
3124 5183 3139 5251 (

2127 5258 2292 5313 XXII.
2320 5249 2752 5327 INT.'Numquid
2777 5256 2853 5309 im
2867 5255 2939 5327 pii
2963 5254 3115 5327 dona
3136 5249 3235 5327 Dei
3260 5249 3700 5327 habent‘litesn.

2058 5330 2285 5385 Habent
2308 5331 2508 5401 utique
2538 5321 2808 5401 per'ieum,
2837 5321 2935 5396 qui
2959 5323 3503 5401 iliumin‘atornneﬁm
3518 5321 3701 5401 hornis

2058 5419 2190 5457 nem
2216 5392 2623 5457 venientem-in
2650 5398 2806 5453 hunc
2838 5392 3124 5452 mundum
3154 5396 3327 5465 (Joan.
3367 5412 3400 5460 I,
3434 5392 3508 5462 9).
3544 5392 3605 5465 ln
3635 5409 3702 5465 eo

2057 5475 2216 5529 enim
2251 5489 2478 5533 sumus,
2512 5485 2832 5533 movemur,
2866 5474 2921 5523 et
2949 5467 3201 5521 vivimus
3244 5467 3376 5532 (Act.
3421 5480 3559 5527 xvn,
3587 5464 3699 5529 ‘28).

2060 5546 2215 5601 Bona
2233 5550 2372 5599 sunt
2392 5544 2547 5597 enim
2572 5542 2723 5595 dona
2751 5540 2844 5595 Dei
2869 5542 2952 5595 eis
2976 5539 3075 5611 qui
3108 5540 3253 5593 bene
3286 5541 3532 5611 utuntur
3562 5534 3699 5611 illis.

2060 5619 2193 5672 Ideo
2244 5614 2496 5671 Charitas
2542 5612 2837 5683 singulare
2884 5608 3079 5666 est'in
3112 5609 3331 5683 sanctis
3364 5608 3604 5683 donum,
3640 5608 3697 5661 in

2059 5687 2306 5760 qualilii
2340 5687 2436 5760 Dei
2472 5680 2885 5760 discernuntur
2916 5700 2949 5738 a
2980 5683 3126 5760 filiis
3152 5680 3486 5760 impietatis.

2129 5759 2321 5814 XXIll.
2359 5758 2463 5812 im.
2499 5760 2687 5821 Quare
2744 5757 2791 5809 si
2848 5755 3000 5811 Deus
3053 5758 3209 5809 totus
3239 5749 3465 5823 ubique
3497 5754 3604 5811 est,
3640 5749 3698 5802 in

2066 5830 2207 5889 coelo
2238 5829 2449 5885 dicitur
2480 5829 2669 5901 magis
2697 5828 2965 5887 habitare
2995 5843 3174 5899 quam
3204 5825 3265 5883 in
3295 5823 3494 5883 terra?
3524 5823 3705 5879 lisse.
