4142 6200
368 206 526 268 H75

374 336 522 405 Quia
544 336 730 407 major
745 337 834 389 est
855 333 1109 408 cognitio
1123 333 1179 408 in
1197 335 1415 391 sanctis
1434 335 1672 408 Angelis
1693 336 2027 408 animabus-

376 414 846 481 quesanctorum
874 407 1221 481 divinitatis,
1248 424 1379 462 cum
1415 410 1535 481 sint
1567 410 1719 480 apud
1753 414 1934 481 Deum
1968 407 2026 461 in

378 478 559 548 caelis,
586 494 761 549 quam
787 480 843 531 in
869 479 1039 549 terris
1061 495 1072 507 ·
1096 478 1421 533 sicutenim
1442 482 1499 535 in
1524 478 1631 536 hoc
1654 479 1884 533 mortali
1905 495 2027 533 cor-

378 568 514 626 pore
528 548 767 626 quidam
786 550 973 626 magis
993 548 1330 626 intelligunt
1343 552 1595 626 divinam
1608 550 2025 626 _subs_tantiam,

377 620 616 695 quidam
640 623 870 688 minus;
891 620 975 695 lta_
995 624 1053 675 et
1069 622 1125 695 i_n
1143 620 1286 695 coelo
1301 625 1488 693 magis
1508 623 2029 695 diciturDeusesse

376 692 556 767 quam
594 694 654 747 in
679 698 852 767 terra,
878 692 1018 767 quia
1042 692 1272 767 plenius
1296 692 1559 767 ejuSdem
1585 694 1917 767 substantia
1935 694 2027 767 in-

374 763 659 836 telligitur
677 765 747 818 ab
769 763 1266 820 inhabitatoribus
1282 763 1406 819 caeli
1427 783 1602 836 quam
1616 772 1782 820 terra:
1798 765 2023 818 incolis.

443 843 635 899 XXIV.
672 843 787 898 INT.
820 842 874 897 Si
908 860 1026 897 una
1072 844 1404 899 substantia
1443 852 1532 900 est
1560 850 1731 899 Pater
1758 849 1814 899 et
1844 842 2023 898 Filius

378 921 436 995 et
467 914 724 995 Spiritus
755 919 1016 995 sanctus,
1050 932 1229 995 quare
1262 915 1423 971 solus
1474 916 1654 995 Filius
1684 917 2024 995 incarnatus

379 987 632 1059 dicitur?
656 987 818 1059 Resp.
848 988 991 1059 Quia
1013 986 1129 1041 alia
1149 990 1238 1059 est
1259 1004 1511 1059 persona
1532 987 1656 1042 Filii
1682 987 1797 1042 alia
1817 986 2024 1059 Patris,

380 1059 496 1115 alia
517 1058 772 1129 Spiritus
794 1057 1000 1112 sancti.
1029 1059 1095 1113 Et
1117 1057 1241 1113 sola
1260 1057 1505 1130 quidem
1531 1076 1777 1130 persona
1798 1058 1924 1130 Filii
1944 1058 2026 1111 in-

380 1136 620 1187 carnata
639 1134 747 1191 est,
771 1134 1046 1201 operante
1066 1135 1260 1184 tamen
1282 1129 1547 1186 eamdem
1565 1129 2025 1201 incarnationem

379 1206 501 1258 tota
521 1206 726 1257 sancta
739 1200 1045 1263 Trinitate,
1062 1202 1232 1272 cujus
1250 1218 1425 1273 opera
1439 1200 2024 1273 suntinseparabilia.

453 1280 620 1337 XXV.
650 1280 766 1335 INT.
806 1280 985 1335 Deum
1038 1280 1098 1334 in
1146 1280 1420 1351 Symbolo
1471 1279 1757 1336 catholico
1806 1279 2026 1351 cantari

383 1352 532 1409 solet
553 1351 650 1406 Dei
683 1350 892 1406 Filium
924 1352 994 1406 de
1024 1350 1242 1422 Spiritu
1276 1358 1477 1407 sancto
1508 1359 1564 1407 et
1595 1351 1777 1407 Maria
1805 1350 2029 1421 virgine

385 1424 755 1479 incarnatum
774 1448 788 1487 ;
804 1439 984 1494 quare
997 1440 1109 1477 non
1128 1422 1529 1478 diciturFilius
1547 1424 1799 1494 Spiritus
1820 1422 2026 1491 sancti,

386 1496 540 1551 sicut
556 1495 769 1550 dicitur
785 1496 963 1549 beatas
986 1494 1277 1565 Virginis?
1292 1495 1460 1550 Rssr.
1483 1496 1605 1550 Non
1624 1496 1828 1564 utique
1846 1494 1929 1549 sic
1960 1495 2030 1548 de

383 1566 482 1623 illo
502 1566 654 1622 sicut
671 1566 741 1620 de
760 1565 861 1637 illa
873 1570 1046 1637 natus
1064 1574 1152 1620 est
1170 1565 1350 1620 Filius
1367 1566 1484 1621 Dei.
1504 1567 1583 1621 De
1597 1566 1692 1620 illa
1717 1565 2028 1637 siquidem,

390 1639 447 1693 id
471 1642 580 1707 est,
604 1646 803 1692 sancta
822 1636 1059 1708 Virgine
1089 1642 1264 1691 natus
1302 1642 1390 1692 est
1430 1637 1609 1693 Filius
1653 1636 1748 1692 Dei
1779 1636 1932 1692 sicut
1960 1637 2031 1690 de

388 1715 578 1789 matre
602 1726 614 1763 :
641 1724 753 1789 non
779 1709 851 1763 de
871 1707 991 1789 illo,
1016 1708 1222 1789 iduest,
1264 1708 1479 1789 Spiritu
1522 1708 1933 1789 sanctoLsicut
1960 1708 2031 1789 de

387 1786 573 1852 patre,
600 1796 672 1835 ne
701 1780 815 1833 duo
842 1784 1033 1849 patres
1058 1780 1389 1834 dicerentur
1410 1780 1467 1834 in
1492 1785 1695 1836 sancta
1725 1780 2028 1835 Trinitate.

460 1859 647 1914 XXVI.
686 1860 795 1915 [NT.
829 1858 887 1913 Si
936 1875 1055 1913 una
1106 1864 1316 1913 natura
1364 1864 1452 1914 est
1487 1860 1673 1914 Patris
1708 1864 1764 1913 et
1798 1858 1941 1925 Filii,
1976 1862 2033 1912 et

391 1929 570 1985 Filius
601 1930 935 2002 incarnatus
960 1929 1164 2000 plenus
1186 1936 1273 1985 est
1303 1933 1450 1986 Deus
1472 1937 1529 1985 et
1550 1932 1864 2002 perfectus,
1890 1946 2031 1999 quo-

392 2002 565 2073 modo
589 2018 702 2055 non
725 2001 892 2055 Pater
915 2002 1253 2056 incarnatus
1275 2002 1409 2073 est?
1432 2001 1595 2057 Raab.
1626 2001 1802 2056 Filius
1826 2003 2033 2073 plenus

395 2077 483 2129 est
511 2072 665 2127 Deus
694 2076 750 2125 et
775 2073 1085 2143 perfectus,
1130 2074 1229 2143 qui
1278 2072 1439 2129 solus
1470 2074 1807 2128 incarnatus
1830 2072 1945 2140 est,
1979 2076 2036 2127 et

395 2143 570 2215 homo
602 2144 788 2215 factus
818 2148 925 2199 est.
958 2143 1103 2198 Nam
1136 2144 1290 2215 ignis
1313 2162 1430 2198 una
1451 2145 1779 2199 substantia
1802 2149 1908 2215 est,
1933 2144 2034 2198 sed

393 2214 553 2271 aliud
586 2215 645 2269 in
675 2214 811 2283 igne
842 2215 980 2270 facit
1011 2214 1185 2280 calor,
1219 2216 1377 2271 aliud
1420 2216 1536 2271 lux.
1571 2217 1690 2270 Lux
1719 2216 2033 2281 illuminat,

393 2285 551 2359 calor
581 2282 843 2359 calefacit
868 2303 881 2342 :
911 2303 1027 2359 una
1058 2290 1254 2342 tamen
1288 2288 1442 2359 ignis
1476 2291 1685 2343 natura
1719 2293 2036 2358 utrumque

390 2358 530 2413 facit
560 2364 617 2412 et
644 2356 893 2412 calorem
927 2361 983 2412 et
1014 2358 1223 2413 lucem.

462 2428 679 2483 XXVII.
713 2434 829 2485 INT.
864 2428 1072 2484 Utrum
1105 2429 1382 2484 divinitas
1405 2445 1537 2483 cum
1563 2445 1736 2483 carne
1760 2432 2039 2500 concepta

390 2503 446 2555 et
468 2504 607 2555 nata
626 2504 684 2554 et
705 2517 881 2571 passa
901 2504 1010 2566 est,
1032 2506 1089 2554 et
1108 2504 1315 2555 caetera
1341 2517 1470 2571 quae
1493 2500 1880 2555 humanitatis
1903 2517 2032 2571 pro-

389 2572 520 2643 pria
539 2587 666 2626 esse
684 2571 1049 2626 noscuntur?
1068 2573 1238 2628 Rssr.
1260 2573 1466 2643 Utique
1482 2572 1756 2627 divinitas
1775 2589 1891 2626 suae
1911 2589 2036 2626 car-

389 2642 482 2715 nis
505 2643 882 2714 conceptione
904 2648 1184 2715 concepta
1205 2650 1312 2713 est,
1337 2642 1392 2697 et
1415 2643 1711 2698 nativitate
1734 2648 1892 2710 nata,
1914 2660 2040 2697 sen-

391 2713 582 2784 sitque
594 2713 1039 2787 participatione
1054 2713 1294 2770 humani
1315 2716 1555 2770 aﬂ'ectus
1575 2720 1843 2783 mortem,
1860 2731 2037 2786 quam

391 2790 597 2870 sponte
618 2791 972 2858 susceperat,
1005 2804 1119 2870 non
1152 2792 1372 2870 naturae
1397 2803 1526 2870 suis
1557 2787 1873 2870 potentiam
1909 2803 2039 2870 per:

391 2858 557 2925 dens,
591 2875 694 2930 per
723 2874 900 2929 quam
925 2864 1134 2914 cuncta
1163 2858 1435 2913 vivificat.
1470 2858 1536 2913 Et
1563 2858 1687 2927 ipse
1719 2865 1919 2914 auctor
1939 2858 2041 2929 qui

391 2933 599 3001 sponte
630 2934 804 2986 natus
830 2934 939 3001 est,
971 2934 1178 3002 sponte
1209 2947 1424 3002 passus
1456 2934 1563 2987 est.
1594 2931 1662 2985 Et
1692 2930 1847 2986 idem
1870 2947 2039 3001 opus,

1860 204 2285 266 APPENDIX.

3615 209 3779 270 M16

2136 334 2274 407 quia
2291 338 2612 408 utrumque
2635 351 2808 401 unus,
2835 333 2958 408 licit
2978 352 3093 390 non
3113 334 3224 391 alio
3242 339 3785 408 cogente,solusta-

2137 406 2761 481 men_ipseperpetijur,
2778 406 2935 462 salva
2950 408 2980 461 d
2992 408 3268 481 ivinitatis
3284 406 3784 481 impossibilitate.

2208 478 2455 532 XXVlIl.
2490 479 2604 533 INT.
2626 479 2705 533 Ex
2724 494 2839 549 qua
2854 484 3065 533 natura
3083 479 3242 543 dicit,
3272 478 3593 536 Potcslatem
3616 483 3788 536 habeo

2133 549 2373 621 ponendi
2402 550 2649 603 animam
2678 566 2881 619 meam,
2916 552 3097 620 (Joan.
3130 566 3185 616 x,
3222 551 3309 619 18)
3329 553 3356 605 ?
3379 554 3550 607 Rssr.
3579 554 3788 607 Omni-

2138 638 2237 675 um
2271 637 2397 690 quae
2427 622 2483 674 in
2518 621 2747 675 Christo
2792 628 2932 675 sunt
2974 638 3212 692 operum
3248 626 3566 679 auctoritas
3598 641 3669 678 ex
3701 626 3792 678 di-

2136 692 2378 745 vinitate
2408 699 2531 747 est:
2564 698 2760 747 tamen
2806 692 2965 747 carni
2998 693 3264 747 convenit
3295 696 3501 751 dicere.
3538 699 3790 751 Potesta-

2139 772 2246 818 tem
2276 764 2449 819 habeo
2489 765 2733 832 ponendi
2774 766 3017 817 animum
3069 781 3271 832 meam,
3321 784 3433 821 non
3468 742 3790 822 divinitati.

2132 835 2416 910 Divinitas
2448 834 2604 910 enim
2638 852 2754 889 non
2797 835 3025 910 dimisit
3050 838 3305 910 animam
3340 843 3653 910 postquam
3688 856 3787 893 as-

2138 906 2393 976 sumpsit
2421 922 2546 960 eain
2580 906 2637 960 in
2680 911 2841 961 utero
2888 905 3147 976 virginis,
3200 905 3355 964 caro'
3380 905 3608 965 dimisit
3640 913 3787 966 dum

2134 978 2330 1032 emisit
2361 977 2633 1048 spiritum
2670 978 2725 1031 in
2759 994 2930 1032 cruce
2961 977 3247 1033 Christus.

2204 1048 2392 1121 XXIX.
2418 1048 2495 1119 (a)
2520 1049 2634 1103 INT.
2659 1050 2956 1121 Quomodo
2989 1051 3255 1104 convenit
3284 1052 3436 1121 quod
3472 1052 3531 1105 in
3566 1052 3783 1107 Genesi

2134 1118 2367 1195 legitur,
2398 1118 2675 1195 Reguievit
2708 1122 2845 1195 Deus
2872 1119 2962 1174 die
2984 1124 3213 1195 septimo
3233 1118 3577 1195 adomnibu:
3598 1125 3790 1195 operi-

2138 1190 2231 1245 bus
2277 1193 2392 1245 suis
2434 1190 2586 1260 (Gen.
2639 1208 2702 1261 ιι,
2751 1192 2848 1261 2);
2894 1197 2950 1246 et
2979 1190 3400 1263 in’Evangelio,
3432 1196 3602 1249 Pater
3634 1190 3791 1249 meus

2136 1262 2461 1335 usquemodo
2482 1271 2760 1332 operatur,
2780 1272 2830 1317 et
2850 1278 2944 1332 ego
2961 1279 3155 1332 operor
3175 1262 3350 1335 (JOan.
3376 1282 3428 1329 v,
3455 1267 3544 1335 17)
3563 1267 3592 1320 ‘?
3610 1268 3787 1321 R1351».

2136 1332 2438 1404 Requievit
2468 1350 2500 1387 a
2532 1350 2809 1388 novarum
2844 1332 3562 1403 conditione'creatururn,
3598 1355 3719 1392 non
3759 1356 3795 1391 a

2138 1404 2501 1460 conditarum
2526 1404 2965 1476 gubernatione.
2988 1407 3054 1460 Et
3072 1406 3200 1461 ideo
3227 1408 3375 1462 Deus
3399 1414 3537 1464 tunc
3557 1416 3795 1464 creator

2139 1477 2197 1554 in
2223 1493 2319 1531 sex
2332 1476 2565 1554 dierum
2584 1477 2873 1554 creatione
2892 1478 3190 1554 putandus
3212 1483 3319 1547 est,
3345 1496 3501 1535 nunc
3518 1498 3656 1536 vero
3677 1498 3791 1554 gu-

2140 1548 2414 1603 bernator
2444 1548 2499 1601 in
2533 1549 2712 1603 totius
2746 1548 2946 1602 mundi
2984 1549 3227 1604 naturis.

2212 1619 2377 1674 XXX.
2428 1623 2546 1674 INT.
2602 1621 2752 1684 Quot
2809 1624 3105 1675 creaturas
3164 1621 3476 1677 rationales
3525 1622 3798 1678 condidit

2140 1691 2294 1745 Deus
2309 1691 2336 1744 ‘l
2353 1695 2520 1745 Raso.
2538 1690 2715 1759 Duas,
2731 1694 3053 1761 angelicam
3070 1692 3454 1747 ethumanam
3475 1700 3561 1759 ;et
3573 1695 3794 1750 coelum

2140 1761 2398 1831 Angelis,
2434 1766 2490 1816 et
2523 1767 2735 1816 terram
2771 1762 3108 1817 hominibus
3140 1764 3579 1820 habitationem.

2214 1834 2563 1905 ΧΧΧΙηΙΝΤ.
2598 1836 2786 1905 Quare
2836 1833 3163 1905 angelicum
3218 1841 3518 1905 peccatum
3549 1837 3795 1891 silentio

2140 1904 2200 1958 in
2234 1903 2443 1980 Genesi
2475 1904 2880 1980 absconditum
2916 1903 3022 1973 est,
3056 1912 3110 1961 et
3128 1903 3397 1980 hominis
3430 1910 3793 1980 patefactum

2142 1980 2230 2051 est
2249 1976 2475 2051 ?_Rss_r.
2510 1976 2657 2040 Quia
2685 1976 3019 2051 angelicum
3051 1977 3263 2033 vulnus
3303 1976 3456 2034 Deus
3488 1997 3602 2035 non
3638 1998 3785 2051 pra-

2142 2047 2855 2121 dest_ir_ia_vit_curare,homi
2866 2050 2955 2103 nis
2967 2066 3098 2103 vero
3112 2067 3319 2104 sanare
3335 2047 3794 2121 przedestin'avit.

2214 2118 2428 2174 XXXI].
2448 2119 2558 2192 INT.
2574 2120 2688 2192 Cur
2710 2121 2927 2174 summi
2946 2121 3135 2192 angeli
3162 2118 3463 2191 peccatum
3488 2124 3797 2178 insanabi-

2143 2189 2195 2244 le
2217 2191 2347 2266 f_uit,
2371 2195 2426 2266 et
2448 2190 2987 2266 hominissanahile
3013 2189 3400 2266 P'ltss—p._Quia
3421 2195 3667 2266 angelus
3697 2197 3797 2250 sui

2145 2261 2380 2316 sceleris
2402 2262 2670 2317 inventor
2692 2262 2816 2329 fuit,
2843 2263 3016 2318 homo
3036 2280 3171 2318 vero
3194 2263 3435 2320 alterius
3463 2261 3669 2321 fraude
3702 2283 3802 2321 se-

2145 2333 2376 2422 ductus.
2396 2335 2536 2416 Item
2551 2334 3418 2422 quantosublimiorangelus‘in
3438 2337 3647 2422 gloria.
3662 2344 3801 2421 tan-

2148 2409 2205 2459 to
2238 2406 2426 2481 major
2456 2404 2513 2458 in
2546 2407 2749 2481 ru_inz_1_._
2772 2407 2955 2481 Homo
2996 2424 3127 2481 vero
3177 2413 3396 2478 quanto
3441 2404 3706 2481 Fragilior
3740 2411 3803 2464 in

2148 2481 2378 2537 natura.
2408 2480 2567 2531 tanto
2598 2475 2822 2532 facilior
2854 2478 2924 2532 ad
2956 2475 3207 2533 veniam:

2216 2547 2609 2621 XXXlllaliv'r.
2671 2554 2807 2621 Cur,
2840 2549 3014 2621 homo
3061 2566 3177 2603 suae
3227 2551 3533 2621 potestatis
3560 2556 3807 2606 creatus

2148 2623 2349 2692 auctor
2367 2619 2493 2673 est?
2512 2619 2781 2692 RssmUt
2800 2620 2920 2690 ipse
2945 2620 3056 2675 sibi
3079 2619 3281 2676 auctor
3309 2628 3463 2677 esset
3486 2623 3554 2676 ad
3589 2622 3806 2692 vitam,

2148 2690 2267 2745 sive
2288 2692 2358 2745 ad
2385 2695 2651 2763 mortem.
2675 2691 2731 2746 Si
2757 2708 2888 2746 vero
2922 2694 3255 2747 necessitati
3287 2700 3443 2748 esset
3468 2690 3807 2763 subjectus,

2149 2766 2290 2816 tunc
2321 2778 2439 2838 nec_
2458 2762 2592 2816 boni
2620 2762 3071 2838 operishaberet
3091 2763 3358 2835 gloriam,
3384 2782 3489 2820 nec
3512 2762 3655 2821 mali
3682 2784 3811 2838 p03-

2151 2850 2310 2901 nam,
2344 2833 2443 2888 sed
2477 2839 2629 2889 esset
2659 2834 2827 2906 quasi
2861 2852 3015 2889 unus
3045 2833 3115 2890 ei
3143 2838 3473 2908 pecoribus.

2214 2940 2283 3001 (a)
2313 2938 2550 3003 Reliquas
2582 2943 2708 2988 sunt
2737 2939 2977 3003 ejusdem
3011 2939 3216 2989 Alcuini
3237 2941 3292 2990 in
3321 2942 3583 2991 Genesim.

990 3182 1209 3304 DE
1310 3180 2591 3305 INCARNATIONE
2682 3183 3203 3305 VERBI

1724 3405 1846 3470 AD
1932 3401 2467 3470 JANUARIUM

1872 3556 2080 3617 LIBRI
2127 3555 2311 3629 DUO,

754 3688 1097 3746 GOLLECTI
1135 3688 1230 3746 EX
1269 3688 1599 3746 ORIGENIS
1636 3688 1860 3746 OPERE
1902 3692 2061 3742 ΠΕΡΙ
2099 3688 2349 3757 ΑΡΧΩΝ,
2391 3688 2621 3745 JUXTA
2660 3688 3081 3747 VERSIONEM
3123 3689 3428 3747 RUFFINI.

1538 3827 2645 3989 LIBER—FlﬁMUs.

462 4116 693 4173 CAPUT
725 4117 1028 4173 PRIMUM.
1064 4148 1132 4157 —-
1163 4116 1453 4187 Recolligit
1476 4134 1540 4173 ea
1588 4132 1712 4188 quae
1744 4116 1807 4172 de
1840 4118 1945 4173 Deo
1975 4117 2042 4173 ab

392 4190 1148 4270 Apostoliasurttpraedicata,
1164 4188 1483 4270 (a)Species
1505 4193 1668 4270 vero1
1694 4206 1891 4270 eorum
1914 4206 2039 4270 qua:

386 4260 971 4345 perpreedicgtionem
987 4260 1367 4345 apostolicam
1386 4261 1690 4345 manifeste
1704 4261 2039 4341 traduntur,

390 4332 512 4389 istis
534 4337 692 4387 sunt.
715 4333 909 4387 Primo
930 4333 1083 4403 quod
1106 4349 1260 4387 unus
1279 4337 1367 4387 est
1385 4332 1537 4387 Deus
1555 4333 1653 4402 qui
1673 4333 1871 4386 omnia
1887 4348 2043 4386 crea-

386 4405 471 4459 vit
492 4410 666 4474 atque
686 4404 1036 4475 composuit,
1072 4404 1291 4475 quique
1327 4420 1460 4458 cum
1502 4403 1647 4457 nihil
1672 4408 1887 4467 essent,
1913 4419 2041 4458 esse

388 4477 525 4531 fecit
546 4475 839 4531 universa.
870 4476 1023 4530 Deus
1049 4493 1080 4529 a
1112 4476 1299 4545 prima
1330 4480 1597 4529 creatura
1626 4479 1680 4531 et
1711 4475 2039 4530 conditione

388 4547 593 4602 mundi
628 4547 889 4601 omnium
918 4548 1240 4617 justorum,
1268 4551 1417 4601 Deus
1448 4548 1653 4610 Adam,
1688 4546 1849 4607 Abel,
1876 4546 2036 4611 Seth,

386 4618 562 4685 Enos,
596 4617 811 4683 Enoch,
861 4618 998 4684 Noe,
1052 4618 1207 4686 Sem,
1255 4618 1572 4683 Abraham,
1622 4620 1801 4683 Isaac,
1834 4618 2035 4684 Jacob,

386 4686 1212 4761 duodecimiPatriarcharum.
1237 4690 1415 4761 Moysi
1434 4695 1489 4745 et
1506 4691 1950 4761 Prophetarum.
1972 4691 2039 4745 Et

388 4761 543 4833 quod
559 4759 853 4815 hic’Deus
875 4760 935 4816 in
969 4761 1304 4833 novissimis
1333 4759 1561 4831 diebus,
1587 4759 1743 4817 sicut
1766 4778 1867 4831 pcr
1898 4761 2035 4816 Pro-

428 4832 594 4888 hetas
613 4847 751 4886 suos
774 4835 908 4903 ante
931 4831 1298 4903 promiserat,
1325 4834 1484 4887 misit
1502 4834 1818 4889 Dominum
1837 4836 2035 4887 lcsum

429 4850 594 4888 uetas
613 4850 751 4886 suos
774 4850 908 4886 ante
931 4850 1298 4903 promiserat,
1325 4850 1484 4887 misn
1502 4850 1818 4889 uominum
1837 4850 2035 4887 Jcsum

385 4850 706 4967 1Christum,
732 4902 921 4975 primo
944 4901 1181 4974 quidem
1200 4909 1539 4959 vocaturum
1560 4903 1758 4967 Israel,
1779 4905 2035 4960 secundo

382 4992 517 5058 vero
542 4975 718 5058 etiam
741 4980 945 5058 gentes
976 4979 1107 5045 post
1132 4976 1443 5058 perﬁdiam
1469 4976 1669 5058 populi
1707 4976 2037 5058 Israelzﬂic
2068 5002 2069 5005 η

382 5047 775 5131 Ι)“θυ.ε.,ξιιξῖυε
823 5052 879 5101 et
908 5046 1137 5131 bimus.
1184 5046 1636 5131 Patethomini
1682 5048 2033 5131 nostrialesu

383 5117 628 5201 Christi,
643 5119 843 5201 Legem
870 5122 925 5173 et
948 5117 1268 5201 Prophetas
1292 5118 1679 5201 et_E\'angelia
1699 5120 1824 5201 ipse
1850 5120 2032 5201 dedit,

382 5191 480 5260 qui
515 5194 571 5246 et
600 5188 1013 5260 Apostolorum
1068 5188 1225 5245 Deus
1284 5194 1390 5257 est,
1444 5193 1504 5245 et
1545 5188 1768 5245 Veteris
1799 5208 1863 5244 ac
1895 5191 2031 5245 Novi

382 5261 761 5318 Testamenti.
796 5262 945 5316 Tum
978 5260 1189 5315 deinde
1239 5262 1379 5332 quia
1423 5261 1595 5318 Jesus
1635 5261 1901 5318 Christus
1935 5262 2034 5333 qui

380 5336 540 5389 venit
570 5338 704 5389 ante
736 5348 971 5388 omnem
1003 5338 1354 5398 creaturam,
1406 5338 1579 5389 natus
1610 5350 1678 5388 ex
1708 5337 1876 5389 Patre
1906 5339 2030 5389 est:

391 5405 490 5476 qui
523 5422 655 5460 cum
678 5405 735 5459 in
762 5403 921 5459 omni
945 5404 1277 5461 conditione
1302 5406 1453 5460 Patri
1499 5405 1890 5460 ministrasset
1910 5408 2038 5475 (per

385 5478 563 5547 ipsum
576 5493 831 5546 namque
844 5477 1031 5531 omnia
1041 5480 1187 5546 facta
1199 5478 1517 5547 suntann.
1534 5496 1572 5546 ι,
1590 5477 1911 5547 3]),novissi
1923 5494 1973 5530 m
1985 5477 2033 5531 is

450 5584 467 5618 ί
504 5581 598 5630 Hic
628 5580 888 5633 addimus.
926 5595 1058 5639 vero,
1093 5596 1161 5633 ex
1204 5584 1325 5631 Mss.
1357 5584 1609 5634 Vaticudo
1647 5588 1699 5635 et
1726 5583 2032 5637 Victorino:

391 5643 724 5709 quodetiam
761 5644 902 5709 apud
931 5645 1215 5709 origenem
1246 5646 1455 5709 legitur.

450 5708 472 5743 ³
500 5705 801 5756 Victorinus
830 5706 943 5763 Ms.,
978 5707 1087 5755 hoc.

450 5770 527 5833 (a)
557 5768 634 5820 Ex
657 5767 922 5820 Procemio
953 5767 1075 5818 libri
1105 5772 1127 5819 1
1151 5770 1270 5832 peri
1296 5769 1516 5822 Are/adn.

2154 4121 2265 4172 tem
2276 4116 2515 4188 poribus
2536 4132 2601 4171 se
2622 4116 2817 4189 ipsum
2836 4114 3369 4189 exinanienshomo
3388 4116 3578 4172 factus
3596 4121 3709 4189 est,
3732 4119 3821 4173 in-

2153 4194 2427 4244 carnatus
2448 4194 2536 4243 est
2560 4205 2694 4243 cum
2719 4188 2873 4243 Deus
2897 4191 3072 4254 esset,
3097 4193 3152 4243 et
3174 4188 3348 4243 homo
3378 4188 3567 4245 factus
3591 4191 3821 4245 mansit

2152 4262 2306 4333 quod
2340 4265 2462 4314 erat
2490 4260 2675 4333 Deus.
2699 4262 2921 4333 Corpus
2970 4261 3294 4333 assumpsit
3343 4266 3543 4315 nostro
3576 4264 3811 4333 corpori

2151 4332 2361 4411 simile,
2396 4348 2462 4386 eo
2493 4331 2617 4386 solo
2650 4332 2941 4411 differens,
2974 4332 3367 4411 quodnatnum
3401 4348 3469 4411 ex
3494 4331 3813 4411 virgineet

2149 4402 2359 4473 Spiritu
2389 4409 2587 4458 sancto
2613 4408 2717 4457 est.
2744 4403 2812 4457 Et
2833 4402 3111 4471 quoniam
3135 4402 3227 4456 hic
3248 4404 3399 4458 Deus
3417 4402 3811 4459 Jesus'Chris-

2148 4480 2244 4529 tus
2277 4480 2450 4529 natus
2480 4481 2536 4528 et
2568 4491 2779 4546 passus
2811 4479 2900 4528 est
2932 4475 2987 4528 in
3012 4474 3273 4539 veritate,
3294 4492 3405 4529 non
3434 4492 3536 4545 per
3556 4475 3809 4546 phanta-

2149 4546 2318 4606 siam.
2355 4544 2727 4600 communem
2760 4544 2912 4598 hanc
2937 4551 3184 4600 mortem
3207 4563 3341 4600 vere
3364 4544 3632 4601 mortuus
3657 4550 3810 4602 est’.

2148 4618 2291 4672 Vere
2321 4618 2478 4672 enim
2505 4623 2563 4671 et
2584 4635 2615 4671 a
2638 4617 2887 4670 mortuis
2911 4619 3249 4688 resurrexit,
3276 4624 3331 4671 et
3351 4624 3482 4688 post
3505 4635 3812 4672 resurrec-

2146 4691 2363 4743 tionem
2397 4693 2773 4743 conversatus
2801 4703 2933 4742 cum
2968 4687 3274 4759 discipulis
3306 4687 3429 4744 suis
3453 4696 3810 4758 assumptus

2147 4767 2253 4815 est.
2290 4762 2437 4815 Tum
2469 4762 2707 4815 demum
2743 4764 2971 4832 natura,
3011 4760 3227 4814 honore
3249 4777 3313 4814 ac
3336 4761 3620 4832 dignitate
3648 4761 3810 4815 Patri

2147 4850 2212 4887 ac
2244 4832 2417 4886 Filio
2456 4832 2741 4886 sociatum
2766 4831 3006 4885 tradidit
3029 4832 3312 4901 Spiritum
3337 4831 3624 4887 sanctum.
3652 4837 3814 4888 Sane

2147 4904 2299 4976 quod
2336 4905 2371 4956 l.‘
2394 4912 2442 4956 9e
2474 4903 2729 4976 Spiritus
2756 4912 2996 4976 sanctus
3040 4920 3528 4976 unumquemque
3559 4910 3806 4976 sancto-

2146 4974 2273 5031 rum
2307 4984 2391 5029 νινε
2430 4975 2849 5046 Prophetarum
2882 4974 2973 5046 vel
3015 4975 3425 5044 Apostolorum
3474 4974 3804 5046 inspirare-

2146 5047 2240 5115 rit,
2274 5053 2331 5102 et
2362 5063 2478 5101 non
2512 5047 2661 5100 alius
2689 5044 2932 5116 spiritus
2964 5045 3021 5098 in
3055 5046 3366 5111 veteribus,
3399 5045 3552 5102 alius
3577 5044 3714 5101 vero
3738 5047 3804 5102 in

2144 5119 2237 5174 his
2269 5120 2363 5188 qui
2424 5118 2478 5171 in
2530 5117 2780 5171 adventu
2830 5116 3036 5171 Christi
3091 5118 3355 5186 inspirati
3398 5123 3557 5187 sunt,
3598 5119 3801 5185 fuerit,

2146 5188 2624 5245 manifelissime
2658 5189 2713 5241 in
2757 5188 3010 5243 Ecclesia
3045 5189 3407 5258 praedicatur.

2215 5261 2449 5316 CAPUT
2479 5260 2544 5314 ll.
2579 5291 2647 5301 ω-
2680 5260 2896 5315 Animae
2927 5261 3167 5314 liberum
3210 5262 3509 5315 arbitrium
3540 5268 3590 5315 et
3616 5262 3801 5331 origo.

2145 5338 2281 5388 Post
2303 5333 2421 5387 haec
2444 5332 2641 5387 anima
2658 5331 2812 5401 quod
2829 5332 2951 5400 jam
2974 5331 3365 5386 substantiam
3380 5332 3675 5401 vitamque
3692 5332 3803 5387 ha-

2146 5407 2286 5486 bens
2310 5404 2628 5486 propriam,
2656 5419 2788 5457 cum
2816 5418 2892 5486 ρξ’
2915 5402 3021 5457 hoc
3045 5404 3385 5486 discesserit
3418 5404 3654 5486 mundo,
3692 5421 3804 5485 pr_o

2145 5478 2269 5531 suis
2294 5473 2518 5530 meritis
2537 5473 2992 5546 dispensabitur,
3009 5475 3127 5529 sive
3145 5475 3270 5530 vita:
3290 5481 3513 5530 aternaa
3531 5491 3597 5530 ac
3613 5473 3808 5530 beati-

2208 5648 2225 5681 1
2263 5647 2359 5695 Ms.
2388 5644 2726 5709 Victorinus,_
2740 5656 2921 5704 passu:
2939 5643 2993 5691 in
3014 5643 3246 5704 veritate,
3269 5646 3436 5693 etnon
3453 5659 3548 5709 per
3568 5643 3803 5708 phanta-

2142 5709 2272 5758 siam
2288 5708 2681 5758 communicavit
2705 5706 2835 5755 hanc
2856 5712 3067 5755 mortem
3095 5721 3209 5758 vere
3228 5706 3477 5759 mortuus}
3503 5706 3795 5760 Vereemm.

2208 5773 2230 5809 ⁸
2260 5772 2389 5823 Mss.
2415 5771 2687 5834 omittunt,
2710 5768 2858 5821 Patri
2882 5783 2947 5831 ac.
2970 5769 3124 5821 Filio.
