  <div class='ocr_page' id='page_1' title='image "/cluster/home/n/w/nwhite01/storage/ocr_20150623/42/hvd.32044096580642/605.png"; bbox 0 0 4128 6186; ppageno 0'>
   <div class='ocr_carea' id='block_1_1' title="bbox 458 125 614 190">
    <p class='ocr_par' dir='ltr' id='par_1_1' title="bbox 458 125 614 190">
     <span class='ocr_line' id='line_1_1' title="bbox 458 125 614 190; baseline -0.019 0"><span class='ocrx_word' id='word_1_1' title='bbox 458 125 614 190; x_wconf 79' lang='grc'>1199</span> 
     </span>
    </p>
   </div>
   <div class='ocr_carea' id='block_1_2' title="bbox 461 256 2103 340">
    <p class='ocr_par' dir='ltr' id='par_1_2' title="bbox 461 256 2103 340">
     <span class='ocr_line' id='line_1_2' title="bbox 461 256 2103 340; baseline -0.002 -25"><span class='ocrx_word' id='word_1_2' title='bbox 461 262 660 332; x_wconf 79' lang='lat' dir='ltr'>utique</span> <span class='ocrx_word' id='word_1_3' title='bbox 688 277 815 315; x_wconf 90' lang='lat' dir='ltr'>vere</span> <span class='ocrx_word' id='word_1_4' title='bbox 839 260 1023 340; x_wconf 78' lang='lat' dir='ltr'>possit</span> <span class='ocrx_word' id='word_1_5' title='bbox 1054 259 1164 340; x_wconf 49' lang='lat' dir='ltr'>diei</span> <span class='ocrx_word' id='word_1_6' title='bbox 1201 258 1255 312; x_wconf 89' lang='lat' dir='ltr'>iu</span> <span class='ocrx_word' id='word_1_7' title='bbox 1293 256 1833 340; x_wconf 34' lang='lat' dir='ltr'>p‘ai&#39;ict&#39;e,uquo_sine</span> <span class='ocrx_word' id='word_1_8' title='bbox 1857 259 2103 340; x_wconf 65' lang='lat' dir='ltr'>lucerna:</span> 
     </span>
    </p>
   </div>
   <div class='ocr_carea' id='block_1_3' title="bbox 456 330 2103 405">
    <p class='ocr_par' dir='ltr' id='par_1_3' title="bbox 456 330 2103 405">
     <span class='ocr_line' id='line_1_3' title="bbox 456 330 2103 405; baseline -0.002 -18"><span class='ocrx_word' id='word_1_9' title='bbox 456 330 591 405; x_wconf 84' lang='lat' dir='ltr'>igne</span> <span class='ocrx_word' id='word_1_10' title='bbox 623 330 880 404; x_wconf 74' lang='lat' dir='ltr'>pervenit</span> <span class='ocrx_word' id='word_1_11' title='bbox 906 332 1077 403; x_wconf 85' lang='lat' dir='ltr'>ignis.</span> <span class='ocrx_word' id='word_1_12' title='bbox 1106 331 1292 401; x_wconf 87' lang='lat' dir='ltr'>Super</span> <span class='ocrx_word' id='word_1_13' title='bbox 1322 331 1428 385; x_wconf 90' lang='lat' dir='ltr'>hoc</span> <span class='ocrx_word' id='word_1_14' title='bbox 1463 331 1642 385; x_wconf 77' lang='lat' dir='ltr'>Filius</span> <span class='ocrx_word' id='word_1_15' title='bbox 1676 330 1836 399; x_wconf 87' lang='lat' dir='ltr'>dicit,</span> <span class='ocrx_word' id='word_1_16' title='bbox 1871 332 1977 398; x_wconf 86' lang='lat' dir='ltr'>Qui</span> <span class='ocrx_word' id='word_1_17' title='bbox 2017 346 2103 384; x_wconf 83' lang='lat' dir='ltr'>me</span> 
     </span>
    </p>
   </div>
   <div class='ocr_carea' id='block_1_4' title="bbox 456 516 2101 576">
    <p class='ocr_par' dir='ltr' id='par_1_4' title="bbox 456 516 2101 576">
     <span class='ocr_line' id='line_1_4' title="bbox 456 516 2101 576; baseline -0.003 -8"><span class='ocrx_word' id='word_1_18' title='bbox 456 522 623 568; x_wconf 81' lang='lat' dir='ltr'>autem</span> <span class='ocrx_word' id='word_1_19' title='bbox 655 519 881 567; x_wconf 76' lang='lat' dir='ltr'>missusa</span> <span class='ocrx_word' id='word_1_20' title='bbox 914 519 1063 567; x_wconf 81' lang='lat' dir='ltr'>Patre</span> <span class='ocrx_word' id='word_1_21' title='bbox 1079 518 1235 566; x_wconf 80' lang='lat' dir='ltr'>Filius</span> <span class='ocrx_word' id='word_1_22' title='bbox 1264 517 1445 576; x_wconf 78' lang='lat' dir='ltr'>dicere,</span> <span class='ocrx_word' id='word_1_23' title='bbox 1470 517 1620 565; x_wconf 81' lang='lat' dir='ltr'>Pater</span> <span class='ocrx_word' id='word_1_24' title='bbox 1647 531 1841 565; x_wconf 84' lang='lat' dir='ltr'>mecum</span> <span class='ocrx_word' id='word_1_25' title='bbox 1862 519 1952 565; x_wconf 80' lang='lat' dir='ltr'>est.</span> <span class='ocrx_word' id='word_1_26' title='bbox 1972 516 2101 565; x_wconf 87' lang='lat' dir='ltr'>Sen-</span> 
     </span>
    </p>
   </div>
   <div class='ocr_carea' id='block_1_5' title="bbox 456 580 2101 644">
    <p class='ocr_par' dir='ltr' id='par_1_5' title="bbox 456 580 2101 644">
     <span class='ocr_line' id='line_1_5' title="bbox 456 580 2101 644; baseline -0.004 -13"><span class='ocrx_word' id='word_1_27' title='bbox 456 584 674 632; x_wconf 85' lang='lat' dir='ltr'>tentiam</span> <span class='ocrx_word' id='word_1_28' title='bbox 693 583 916 644; x_wconf 87' lang='lat' dir='ltr'>turpiter</span> <span class='ocrx_word' id='word_1_29' title='bbox 931 582 1189 629; x_wconf 85' lang='lat' dir='ltr'>deformat</span> <span class='ocrx_word' id='word_1_30' title='bbox 1205 582 1613 642; x_wconf 80' lang='lat' dir='ltr'>exscriptor;nec</span> <span class='ocrx_word' id='word_1_31' title='bbox 1630 580 1831 644; x_wconf 84' lang='lat' dir='ltr'>aliquid</span> <span class='ocrx_word' id='word_1_32' title='bbox 1852 580 2101 641; x_wconf 83' lang='lat' dir='ltr'>deinceps</span> 
     </span>
    </p>
   </div>
   <div class='ocr_carea' id='block_1_6' title="bbox 454 643 2100 707">
    <p class='ocr_par' dir='ltr' id='par_1_6' title="bbox 454 643 2100 707">
     <span class='ocr_line' id='line_1_6' title="bbox 454 643 2100 707; baseline -0.003 -14"><span class='ocrx_word' id='word_1_33' title='bbox 454 645 699 707; x_wconf 86' lang='lat' dir='ltr'>adjungit</span> <span class='ocrx_word' id='word_1_34' title='bbox 714 649 905 707; x_wconf 66' lang='lat' dir='ltr'>praeter</span> <span class='ocrx_word' id='word_1_35' title='bbox 921 649 1171 705; x_wconf 81' lang='lat' dir='ltr'>exccepta</span> <span class='ocrx_word' id='word_1_36' title='bbox 1184 658 1244 707; x_wconf 65' lang='lat' dir='ltr'>ex</span> <span class='ocrx_word' id='word_1_37' title='bbox 1259 644 1446 692; x_wconf 88' lang='lat' dir='ltr'>eodem</span> <span class='ocrx_word' id='word_1_38' title='bbox 1460 644 1738 707; x_wconf 77' lang='lat' dir='ltr'>Augustini</span> <span class='ocrx_word' id='word_1_39' title='bbox 1762 643 1897 707; x_wconf 88' lang='lat' dir='ltr'>libro</span> <span class='ocrx_word' id='word_1_40' title='bbox 1916 646 2100 707; x_wconf 81' lang='lat' dir='ltr'>contra</span> 
     </span>
    </p>
   </div>
   <div class='ocr_carea' id='block_1_7' title="bbox 455 704 2100 764">
    <p class='ocr_par' dir='ltr' id='par_1_7' title="bbox 455 704 2100 764">
     <span class='ocr_line' id='line_1_7' title="bbox 455 704 2100 764; baseline -0.002 -9"><span class='ocrx_word' id='word_1_41' title='bbox 455 704 766 757; x_wconf 72' lang='lat' dir='ltr'>Sermonem</span> <span class='ocrx_word' id='word_1_42' title='bbox 790 704 1125 764; x_wconf 84' lang='lat' dir='ltr'>Arianorum,</span> <span class='ocrx_word' id='word_1_43' title='bbox 1146 706 1282 755; x_wconf 87' lang='lat' dir='ltr'>male</span> <span class='ocrx_word' id='word_1_44' title='bbox 1316 710 1592 764; x_wconf 89' lang='lat' dir='ltr'>compacta</span> <span class='ocrx_word' id='word_1_45' title='bbox 1615 708 1666 755; x_wconf 92' lang='lat' dir='ltr'>et</span> <span class='ocrx_word' id='word_1_46' title='bbox 1688 705 1823 753; x_wconf 69' lang='lat' dir='ltr'>foede</span> <span class='ocrx_word' id='word_1_47' title='bbox 1845 704 2100 753; x_wconf 76' lang='lat' dir='ltr'>truncatis</span> 
     </span>
    </p>
   </div>
   <div class='ocr_carea' id='block_1_8' title="bbox 456 766 1959 832">
    <p class='ocr_par' dir='ltr' id='par_1_8' title="bbox 456 766 1959 832">
     <span class='ocr_line' id='line_1_8' title="bbox 456 766 1959 832; baseline -0.003 -13"><span class='ocrx_word' id='word_1_48' title='bbox 456 771 551 819; x_wconf 88' lang='lat' dir='ltr'>aut</span> <span class='ocrx_word' id='word_1_49' title='bbox 579 769 910 832; x_wconf 86' lang='lat' dir='ltr'>interpolatis</span> <span class='ocrx_word' id='word_1_50' title='bbox 939 770 1214 819; x_wconf 79' lang='lat' dir='ltr'>sententiis</span> <span class='ocrx_word' id='word_1_51' title='bbox 1242 766 1691 832; x_wconf 87' lang='lat' dir='ltr'>ineptalectuque</span> <span class='ocrx_word' id='word_1_52' title='bbox 1719 766 1959 830; x_wconf 81' lang='lat' dir='ltr'>indigna.</span> 
     </span>
    </p>
   </div>
   <div class='ocr_carea' id='block_1_9' title="bbox 1948 116 2373 185">
    <p class='ocr_par' dir='ltr' id='par_1_9' title="bbox 1948 116 2373 185">
     <span class='ocr_line' id='line_1_9' title="bbox 1948 116 2373 185; baseline -0.002 0"><span class='ocrx_word' id='word_1_53' title='bbox 1948 116 2373 185; x_wconf 81' lang='lat' dir='ltr'>APPENDIX.</span> 
     </span>
    </p>
   </div>
   <div class='ocr_carea' id='block_1_10' title="bbox 3711 120 3873 185">
    <p class='ocr_par' dir='ltr' id='par_1_10' title="bbox 3711 120 3873 185">
     <span class='ocr_line' id='line_1_10' title="bbox 3711 120 3873 185; baseline 0.025 -4"><span class='ocrx_word' id='word_1_54' title='bbox 3711 120 3873 185; x_wconf 73' lang='lat'>1200</span> 
     </span>
    </p>
   </div>
   <div class='ocr_carea' id='block_1_11' title="bbox 2213 250 3870 325">
    <p class='ocr_par' dir='ltr' id='par_1_11' title="bbox 2213 250 3870 325">
     <span class='ocr_line' id='line_1_11' title="bbox 2213 250 3870 325; baseline 0 -15"><span class='ocrx_word' id='word_1_55' title='bbox 2213 259 2382 318; x_wconf 78' lang='lat' dir='ltr'>misit,</span> <span class='ocrx_word' id='word_1_56' title='bbox 2416 272 2625 311; x_wconf 63' lang='lat' dir='ltr'>iret-um</span> <span class='ocrx_word' id='word_1_57' title='bbox 2656 262 2732 309; x_wconf 69' lang='lat' dir='ltr'>es!</span> <span class='ocrx_word' id='word_1_58' title='bbox 2766 259 2950 319; x_wconf 86' lang='lat' dir='ltr'>(Joan.</span> <span class='ocrx_word' id='word_1_59' title='bbox 2986 270 3109 315; x_wconf 80' lang='lat' dir='ltr'>vm,</span> <span class='ocrx_word' id='word_1_60' title='bbox 3146 250 3233 313; x_wconf 77' lang='grc'>42.</span> <span class='ocrx_word' id='word_1_61' title='bbox 3268 254 3353 319; x_wconf 84' lang='lat'>16,</span> <span class='ocrx_word' id='word_1_62' title='bbox 3386 253 3690 325; x_wconf 80' lang='lat' dir='ltr'>29):quod</span> <span class='ocrx_word' id='word_1_63' title='bbox 3736 273 3870 310; x_wconf 80' lang='lat' dir='ltr'>vere</span> 
     </span>
    </p>
   </div>
   <div class='ocr_carea' id='block_1_12' title="bbox 2254 328 3872 399">
    <p class='ocr_par' dir='ltr' id='par_1_12' title="bbox 2254 328 3872 399">
     <span class='ocr_line' id='line_1_12' title="bbox 2254 328 3872 399; baseline -0.001 -16"><span class='ocrx_word' id='word_1_64' title='bbox 2254 330 2401 383; x_wconf 88' lang='lat' dir='ltr'>otuit</span> <span class='ocrx_word' id='word_1_65' title='bbox 2432 329 2611 382; x_wconf 86' lang='lat' dir='ltr'>Filius</span> <span class='ocrx_word' id='word_1_66' title='bbox 2648 328 2858 387; x_wconf 81' lang='lat' dir='ltr'>dicere.</span> <span class='ocrx_word' id='word_1_67' title='bbox 2907 329 3073 380; x_wconf 84' lang='lat' dir='ltr'>Pater</span> <span class='ocrx_word' id='word_1_68' title='bbox 3113 342 3324 380; x_wconf 76' lang='lat' dir='ltr'>mecum</span> <span class='ocrx_word' id='word_1_69' title='bbox 3374 337 3469 399; x_wconf 83' lang='lat' dir='ltr'>est.</span> <span class='ocrx_word' id='word_1_70' title='bbox 3502 328 3646 382; x_wconf 88' lang='lat' dir='ltr'>Cum</span> <span class='ocrx_word' id='word_1_71' title='bbox 3690 329 3872 399; x_wconf 79' lang='lat' dir='ltr'>igitur</span> 
     </span>
    </p>
   </div>
   <div class='ocr_carea' id='block_1_13' title="bbox 2214 346 3869 467">
    <p class='ocr_par' dir='ltr' id='par_1_13' title="bbox 2214 346 3869 467">
     <span class='ocr_line' id='line_1_13' title="bbox 2254 346 3869 399; baseline -0.001 -16"><span class='ocrx_word' id='word_1_72' title='bbox 2254 346 2401 383; x_wconf 77' lang='grc' dir='ltr'>οωη</span> <span class='ocrx_word' id='word_1_73' title='bbox 2432 346 2611 382; x_wconf 83' lang='lat' dir='ltr'>riuus</span> <span class='ocrx_word' id='word_1_74' title='bbox 2648 346 2858 387; x_wconf 82' lang='lat' dir='ltr'>uicere,</span> <span class='ocrx_word' id='word_1_75' title='bbox 2907 346 3073 380; x_wconf 67' lang='grc' dir='ltr'><em>ναῖεν</em></span> <span class='ocrx_word' id='word_1_76' title='bbox 3113 346 3324 380; x_wconf 81' lang='lat' dir='ltr'>mecum</span> <span class='ocrx_word' id='word_1_77' title='bbox 3374 346 3469 381; x_wconf 74' lang='lat' dir='ltr'>est.</span> <span class='ocrx_word' id='word_1_78' title='bbox 3502 346 3646 382; x_wconf 67' lang='lat' dir='ltr'>unm</span> <span class='ocrx_word' id='word_1_79' title='bbox 3690 346 3869 399; x_wconf 77' lang='lat' dir='ltr'>igitur</span> 
     </span>
     <span class='ocr_line' id='line_1_14' title="bbox 2214 346 3869 467; baseline 0 -13"><span class='ocrx_word' id='word_1_80' title='bbox 2214 346 2334 454; x_wconf 70' lang='lat' dir='ltr'>iiaec</span> <span class='ocrx_word' id='word_1_81' title='bbox 2365 417 2397 453; x_wconf 90' lang='lat' dir='ltr'>a</span> <span class='ocrx_word' id='word_1_82' title='bbox 2429 400 2592 453; x_wconf 80' lang='lat' dir='ltr'>Patre</span> <span class='ocrx_word' id='word_1_83' title='bbox 2626 399 2826 453; x_wconf 85' lang='lat' dir='ltr'>missio</span> <span class='ocrx_word' id='word_1_84' title='bbox 2860 398 2984 452; x_wconf 84' lang='lat' dir='ltr'>Filii</span> <span class='ocrx_word' id='word_1_85' title='bbox 3025 415 3264 467; x_wconf 81' lang='lat' dir='ltr'>prorsus</span> <span class='ocrx_word' id='word_1_86' title='bbox 3289 398 3602 452; x_wconf 73' lang='lat' dir='ltr'>ineffabilia</span> <span class='ocrx_word' id='word_1_87' title='bbox 3637 399 3736 467; x_wconf 88' lang='lat' dir='ltr'>sit,</span> <span class='ocrx_word' id='word_1_88' title='bbox 3766 415 3869 454; x_wconf 88' lang='lat' dir='ltr'>nec</span> 
     </span>
    </p>
   </div>
   <div class='ocr_carea' id='block_1_14' title="bbox 2214 470 3873 541">
    <p class='ocr_par' dir='ltr' id='par_1_14' title="bbox 2214 470 3873 541">
     <span class='ocr_line' id='line_1_15' title="bbox 2214 470 3873 541; baseline -0.001 -14"><span class='ocrx_word' id='word_1_89' title='bbox 2214 472 2338 541; x_wconf 91' lang='lat' dir='ltr'>capi</span> <span class='ocrx_word' id='word_1_90' title='bbox 2375 470 2555 525; x_wconf 84' lang='lat' dir='ltr'>ullius</span> <span class='ocrx_word' id='word_1_91' title='bbox 2577 472 2920 539; x_wconf 76' lang='lat' dir='ltr'>cogitatione</span> <span class='ocrx_word' id='word_1_92' title='bbox 2955 470 3158 540; x_wconf 84' lang='lat' dir='ltr'>possit,</span> <span class='ocrx_word' id='word_1_93' title='bbox 3186 473 3289 524; x_wconf 91' lang='lat' dir='ltr'>hoc</span> <span class='ocrx_word' id='word_1_94' title='bbox 3320 471 3498 523; x_wconf 88' lang='lat' dir='ltr'>etiam</span> <span class='ocrx_word' id='word_1_95' title='bbox 3549 472 3641 525; x_wconf 91' lang='lat' dir='ltr'>hic</span> <span class='ocrx_word' id='word_1_96' title='bbox 3676 476 3873 540; x_wconf 83' lang='lat' dir='ltr'>potest</span> 
     </span>
    </p>
   </div>
   <div class='ocr_carea' id='block_1_15' title="bbox 2213 541 3873 613">
    <p class='ocr_par' dir='ltr' id='par_1_15' title="bbox 2213 541 3873 613">
     <span class='ocr_line' id='line_1_16' title="bbox 2213 541 3873 613; baseline -0.002 -17"><span class='ocrx_word' id='word_1_97' title='bbox 2213 541 2479 613; x_wconf 88' lang='lat' dir='ltr'>intelligi.</span> <span class='ocrx_word' id='word_1_98' title='bbox 2515 548 2577 595; x_wconf 91' lang='lat' dir='ltr'>ut</span> <span class='ocrx_word' id='word_1_99' title='bbox 2607 559 2639 595; x_wconf 89' lang='lat' dir='ltr'>a</span> <span class='ocrx_word' id='word_1_100' title='bbox 2670 546 2830 611; x_wconf 82' lang='lat' dir='ltr'>patre</span> <span class='ocrx_word' id='word_1_101' title='bbox 2864 542 3079 613; x_wconf 83' lang='lat' dir='ltr'>missus</span> <span class='ocrx_word' id='word_1_102' title='bbox 3110 557 3237 595; x_wconf 86' lang='lat' dir='ltr'>esse</span> <span class='ocrx_word' id='word_1_103' title='bbox 3286 542 3534 607; x_wconf 82' lang='lat' dir='ltr'>dicatur,</span> <span class='ocrx_word' id='word_1_104' title='bbox 3569 543 3725 611; x_wconf 90' lang='lat' dir='ltr'>quod</span> <span class='ocrx_word' id='word_1_105' title='bbox 3778 542 3873 595; x_wconf 69' lang='lat' dir='ltr'>Fi-</span> 
     </span>
    </p>
   </div>
   <div class='ocr_carea' id='block_1_16' title="bbox 2211 612 3870 683">
    <p class='ocr_par' dir='ltr' id='par_1_16' title="bbox 2211 612 3870 683">
     <span class='ocr_line' id='line_1_17' title="bbox 2211 612 3870 683; baseline 0.001 -16"><span class='ocrx_word' id='word_1_106' title='bbox 2211 613 2327 668; x_wconf 89' lang='lat' dir='ltr'>lius</span> <span class='ocrx_word' id='word_1_107' title='bbox 2358 612 2698 668; x_wconf 83' lang='lat' dir='ltr'>heminibus</span> <span class='ocrx_word' id='word_1_108' title='bbox 2730 612 2998 683; x_wconf 82' lang='lat' dir='ltr'>apparuit</span> <span class='ocrx_word' id='word_1_109' title='bbox 3043 613 3101 667; x_wconf 92' lang='lat' dir='ltr'>in</span> <span class='ocrx_word' id='word_1_110' title='bbox 3153 629 3344 679; x_wconf 86' lang='lat' dir='ltr'>carne,</span> <span class='ocrx_word' id='word_1_111' title='bbox 3379 629 3493 667; x_wconf 91' lang='lat' dir='ltr'>non</span> <span class='ocrx_word' id='word_1_112' title='bbox 3526 613 3718 668; x_wconf 86' lang='lat' dir='ltr'>Pater.</span> <span class='ocrx_word' id='word_1_113' title='bbox 3745 614 3870 678; x_wconf 91' lang='lat' dir='ltr'>Quo</span> 
     </span>
    </p>
   </div>
   <div class='ocr_carea' id='block_1_17' title="bbox 2214 683 3869 751">
    <p class='ocr_par' dir='ltr' id='par_1_17' title="bbox 2214 683 3869 751">
     <span class='ocr_line' id='line_1_18' title="bbox 2214 683 3869 751; baseline 0.001 -11"><span class='ocrx_word' id='word_1_114' title='bbox 2214 685 2371 740; x_wconf 91' lang='lat' dir='ltr'>enim</span> <span class='ocrx_word' id='word_1_115' title='bbox 2403 684 2656 739; x_wconf 88' lang='lat' dir='ltr'>mittitur</span> <span class='ocrx_word' id='word_1_116' title='bbox 2686 684 2884 751; x_wconf 87' lang='lat' dir='ltr'>Filius,</span> <span class='ocrx_word' id='word_1_117' title='bbox 2920 683 3019 739; x_wconf 90' lang='lat' dir='ltr'>ubi</span> <span class='ocrx_word' id='word_1_118' title='bbox 3050 700 3164 739; x_wconf 90' lang='lat' dir='ltr'>non</span> <span class='ocrx_word' id='word_1_119' title='bbox 3196 690 3285 739; x_wconf 86' lang='lat' dir='ltr'>est</span> <span class='ocrx_word' id='word_1_120' title='bbox 3306 684 3333 738; x_wconf 82' lang='lat'><strong>?</strong></span> <span class='ocrx_word' id='word_1_121' title='bbox 3388 684 3493 740; x_wconf 90' lang='lat' dir='ltr'>Ubi</span> <span class='ocrx_word' id='word_1_122' title='bbox 3528 689 3725 740; x_wconf 88' lang='lat' dir='ltr'>autem</span> <span class='ocrx_word' id='word_1_123' title='bbox 3751 702 3869 741; x_wconf 88' lang='lat' dir='ltr'>non</span> 
     </span>
    </p>
   </div>
   <div class='ocr_carea' id='block_1_18' title="bbox 2216 755 2898 828">
    <p class='ocr_par' dir='ltr' id='par_1_18' title="bbox 2216 755 2898 828">
     <span class='ocr_line' id='line_1_19' title="bbox 2216 755 2898 828; baseline -0.003 -17"><span class='ocrx_word' id='word_1_124' title='bbox 2216 761 2305 811; x_wconf 88' lang='lat' dir='ltr'>est</span> <span class='ocrx_word' id='word_1_125' title='bbox 2329 756 2593 828; x_wconf 76' lang='lat' dir='ltr'>sapiente</span> <span class='ocrx_word' id='word_1_126' title='bbox 2620 755 2757 810; x_wconf 84' lang='lat' dir='ltr'>Dei?</span> <span class='ocrx_word' id='word_1_127' title='bbox 2789 761 2898 811; x_wconf 86' lang='lat' dir='ltr'>etc.</span> 
     </span>
    </p>
   </div>
   <div class='ocr_carea' id='block_1_19' title="bbox 1356 1000 2943 1072">
    <p class='ocr_par' dir='ltr' id='par_1_19' title="bbox 1356 1000 2943 1072">
     <span class='ocr_line' id='line_1_20' title="bbox 1356 1000 2943 1072; baseline -0.001 -9"><span class='ocrx_word' id='word_1_128' title='bbox 1356 1002 1794 1065; x_wconf 81' lang='lat' dir='ltr'>ADMONITIO</span> <span class='ocrx_word' id='word_1_129' title='bbox 1837 1001 1916 1063; x_wconf 88' lang='lat' dir='ltr'>IN</span> <span class='ocrx_word' id='word_1_130' title='bbox 1962 1000 2599 1072; x_wconf 87' lang='lat' dir='ltr'>SUBSEQUENTEM</span> <span class='ocrx_word' id='word_1_131' title='bbox 2643 1000 2943 1063; x_wconf 82' lang='lat' dir='ltr'>LIBRUM</span> 
     </span>
    </p>
   </div>
   <div class='ocr_carea' id='block_1_20' title="bbox 524 1249 3874 1325">
    <p class='ocr_par' dir='ltr' id='par_1_20' title="bbox 524 1249 3874 1325">
     <span class='ocr_line' id='line_1_21' title="bbox 524 1249 3874 1325; baseline -0.001 -15"><span class='ocrx_word' id='word_1_132' title='bbox 524 1254 651 1311; x_wconf 91' lang='lat' dir='ltr'>Non</span> <span class='ocrx_word' id='word_1_133' title='bbox 683 1254 784 1310; x_wconf 90' lang='lat' dir='ltr'>uni</span> <span class='ocrx_word' id='word_1_134' title='bbox 813 1254 1159 1325; x_wconf 85' lang='lat' dir='ltr'>Augustino,</span> <span class='ocrx_word' id='word_1_135' title='bbox 1192 1253 1294 1309; x_wconf 89' lang='lat' dir='ltr'>sed</span> <span class='ocrx_word' id='word_1_136' title='bbox 1328 1252 1456 1308; x_wconf 88' lang='lat' dir='ltr'>aliis</span> <span class='ocrx_word' id='word_1_137' title='bbox 1489 1250 1693 1307; x_wconf 83' lang='lat' dir='ltr'>multis</span> <span class='ocrx_word' id='word_1_138' title='bbox 1724 1251 2060 1307; x_wconf 84' lang='lat' dir='ltr'>auctoribus</span> <span class='ocrx_word' id='word_1_139' title='bbox 2091 1268 2254 1323; x_wconf 65' lang='lat' dir='ltr'>asque</span> <span class='ocrx_word' id='word_1_140' title='bbox 2286 1250 2432 1307; x_wconf 88' lang='lat' dir='ltr'>falso</span> <span class='ocrx_word' id='word_1_141' title='bbox 2464 1250 2721 1305; x_wconf 89' lang='lat' dir='ltr'>tributus</span> <span class='ocrx_word' id='word_1_142' title='bbox 2754 1249 3219 1319; x_wconf 83' lang='lat' dir='ltr'>fuit,Ambrosio,</span> <span class='ocrx_word' id='word_1_143' title='bbox 3250 1250 3623 1323; x_wconf 78' lang='lat' dir='ltr'>Hieronymo,</span> <span class='ocrx_word' id='word_1_144' title='bbox 3661 1250 3874 1307; x_wconf 82' lang='lat' dir='ltr'>Ansel-</span> 
     </span>
    </p>
   </div>
   <div class='ocr_carea' id='block_1_21' title="bbox 450 1339 3873 1413">
    <p class='ocr_par' dir='ltr' id='par_1_21' title="bbox 450 1339 3873 1413">
     <span class='ocr_line' id='line_1_22' title="bbox 450 1339 3873 1413; baseline -0.001 -12"><span class='ocrx_word' id='word_1_145' title='bbox 450 1361 569 1413; x_wconf 89' lang='lat' dir='ltr'>mo,</span> <span class='ocrx_word' id='word_1_146' title='bbox 602 1349 1033 1399; x_wconf 68' lang='lat' dir='ltr'>Bonaventuraz.</span> <span class='ocrx_word' id='word_1_147' title='bbox 1064 1346 1409 1413; x_wconf 84' lang='lat' dir='ltr'>Quanquam</span> <span class='ocrx_word' id='word_1_148' title='bbox 1441 1343 1596 1413; x_wconf 91' lang='lat' dir='ltr'>apud</span> <span class='ocrx_word' id='word_1_149' title='bbox 1628 1341 2041 1413; x_wconf 84' lang='lat' dir='ltr'>Hieronymum</span> <span class='ocrx_word' id='word_1_150' title='bbox 2075 1359 2190 1397; x_wconf 92' lang='lat' dir='ltr'>non</span> <span class='ocrx_word' id='word_1_151' title='bbox 2222 1345 2379 1397; x_wconf 88' lang='lat' dir='ltr'>totus</span> <span class='ocrx_word' id='word_1_152' title='bbox 2412 1345 2619 1409; x_wconf 84' lang='lat' dir='ltr'>exstat,</span> <span class='ocrx_word' id='word_1_153' title='bbox 2651 1339 2752 1395; x_wconf 91' lang='lat' dir='ltr'>sed</span> <span class='ocrx_word' id='word_1_154' title='bbox 2784 1344 3013 1394; x_wconf 90' lang='lat' dir='ltr'>tantum</span> <span class='ocrx_word' id='word_1_155' title='bbox 3048 1356 3231 1412; x_wconf 89' lang='lat' dir='ltr'>usque</span> <span class='ocrx_word' id='word_1_156' title='bbox 3262 1341 3333 1396; x_wconf 90' lang='lat' dir='ltr'>ad</span> <span class='ocrx_word' id='word_1_157' title='bbox 3356 1344 3552 1409; x_wconf 84' lang='lat' dir='ltr'>verba,</span> <span class='ocrx_word' id='word_1_158' title='bbox 3587 1342 3721 1397; x_wconf 57' lang='lat' dir='ltr'>Hac</span> <span class='ocrx_word' id='word_1_159' title='bbox 3749 1358 3873 1396; x_wconf 88' lang='lat' dir='ltr'>om-</span> 
     </span>
    </p>
   </div>
   <div class='ocr_carea' id='block_1_22' title="bbox 446 1428 3873 1505">
    <p class='ocr_par' dir='ltr' id='par_1_22' title="bbox 446 1428 3873 1505">
     <span class='ocr_line' id='line_1_23' title="bbox 446 1428 3873 1505; baseline -0.001 -15"><span class='ocrx_word' id='word_1_160' title='bbox 446 1437 544 1490; x_wconf 87' lang='lat' dir='ltr'>nia</span> <span class='ocrx_word' id='word_1_161' title='bbox 581 1451 699 1505; x_wconf 59' lang='lat' dir='ltr'>qum</span> <span class='ocrx_word' id='word_1_162' title='bbox 719 1433 994 1505; x_wconf 64' lang='lat' dir='ltr'>praedicta</span> <span class='ocrx_word' id='word_1_163' title='bbox 1051 1441 1204 1497; x_wconf 88' lang='lat' dir='ltr'>sunt,</span> <span class='ocrx_word' id='word_1_164' title='bbox 1228 1435 1362 1501; x_wconf 88' lang='lat' dir='ltr'>etc.,</span> <span class='ocrx_word' id='word_1_165' title='bbox 1399 1430 1507 1486; x_wconf 93' lang='lat' dir='ltr'>col.</span> <span class='ocrx_word' id='word_1_166' title='bbox 1544 1432 1701 1495; x_wconf 87' lang='lat'>1208,</span> <span class='ocrx_word' id='word_1_167' title='bbox 1735 1446 1862 1502; x_wconf 89' lang='lat' dir='ltr'>cap.</span> <span class='ocrx_word' id='word_1_168' title='bbox 1897 1433 1958 1496; x_wconf 82' lang='lat'>2;</span> <span class='ocrx_word' id='word_1_169' title='bbox 1994 1431 2268 1502; x_wconf 90' lang='lat' dir='ltr'>apudque</span> <span class='ocrx_word' id='word_1_170' title='bbox 2304 1430 2499 1501; x_wconf 92' lang='lat' dir='ltr'>ipsum</span> <span class='ocrx_word' id='word_1_171' title='bbox 2534 1428 2893 1494; x_wconf 87' lang='lat' dir='ltr'>inscribitur,</span> <span class='ocrx_word' id='word_1_172' title='bbox 2943 1430 3017 1484; x_wconf 89' lang='lat' dir='ltr'>De</span> <span class='ocrx_word' id='word_1_173' title='bbox 3046 1429 3132 1484; x_wconf 86' lang='lat' dir='ltr'>his</span> <span class='ocrx_word' id='word_1_174' title='bbox 3172 1445 3297 1500; x_wconf 69' lang='lat' dir='ltr'>quae</span> <span class='ocrx_word' id='word_1_175' title='bbox 3333 1431 3437 1485; x_wconf 87' lang='lat' dir='ltr'>Deo</span> <span class='ocrx_word' id='word_1_176' title='bbox 3468 1434 3529 1485; x_wconf 88' lang='lat' dir='ltr'>in</span> <span class='ocrx_word' id='word_1_177' title='bbox 3560 1430 3873 1502; x_wconf 82' lang='lat' dir='ltr'>Scripturis</span> 
     </span>
    </p>
   </div>
   <div class='ocr_carea' id='block_1_23' title="bbox 448 1517 3871 1593">
    <p class='ocr_par' dir='ltr' id='par_1_23' title="bbox 448 1517 3871 1593">
     <span class='ocr_line' id='line_1_24' title="bbox 448 1517 3871 1593; baseline -0.001 -14"><span class='ocrx_word' id='word_1_178' title='bbox 448 1524 849 1579; x_wconf 84' lang='lat' dir='ltr'>attribuuntur.</span> <span class='ocrx_word' id='word_1_179' title='bbox 872 1521 1038 1593; x_wconf 87' lang='lat' dir='ltr'>Apud</span> <span class='ocrx_word' id='word_1_180' title='bbox 1070 1520 1434 1589; x_wconf 90' lang='lat' dir='ltr'>Anselmum,</span> <span class='ocrx_word' id='word_1_181' title='bbox 1468 1521 1541 1575; x_wconf 89' lang='lat' dir='ltr'>De</span> <span class='ocrx_word' id='word_1_182' title='bbox 1576 1519 1907 1574; x_wconf 75' lang='lat' dir='ltr'>vestimentis</span> <span class='ocrx_word' id='word_1_183' title='bbox 1938 1523 1991 1574; x_wconf 88' lang='lat' dir='ltr'>et</span> <span class='ocrx_word' id='word_1_184' title='bbox 2030 1519 2288 1574; x_wconf 75' lang='lat' dir='ltr'>membris</span> <span class='ocrx_word' id='word_1_185' title='bbox 2331 1521 2381 1574; x_wconf 85' lang='lat' dir='ltr'>et</span> <span class='ocrx_word' id='word_1_186' title='bbox 2413 1518 2618 1573; x_wconf 75' lang='lat' dir='ltr'>actibus</span> <span class='ocrx_word' id='word_1_187' title='bbox 2649 1518 2752 1572; x_wconf 91' lang='lat' dir='ltr'>Deo</span> <span class='ocrx_word' id='word_1_188' title='bbox 2781 1517 3027 1573; x_wconf 86' lang='lat' dir='ltr'>tribulis.</span> <span class='ocrx_word' id='word_1_189' title='bbox 3060 1520 3226 1589; x_wconf 89' lang='lat' dir='ltr'>Apud</span> <span class='ocrx_word' id='word_1_190' title='bbox 3261 1519 3757 1586; x_wconf 83' lang='lat' dir='ltr'>Bonaventnram,</span> <span class='ocrx_word' id='word_1_191' title='bbox 3796 1521 3871 1575; x_wconf 81' lang='lat' dir='ltr'>De</span> 
     </span>
    </p>
   </div>
   <div class='ocr_carea' id='block_1_24' title="bbox 448 1607 3872 1681">
    <p class='ocr_par' dir='ltr' id='par_1_24' title="bbox 448 1607 3872 1681">
     <span class='ocr_line' id='line_1_25' title="bbox 448 1607 3872 1681; baseline -0.001 -14"><span class='ocrx_word' id='word_1_192' title='bbox 448 1615 690 1667; x_wconf 78' lang='lat' dir='ltr'>essentia</span> <span class='ocrx_word' id='word_1_193' title='bbox 713 1617 766 1667; x_wconf 89' lang='lat' dir='ltr'>et</span> <span class='ocrx_word' id='word_1_194' title='bbox 786 1609 1178 1666; x_wconf 85' lang='lat' dir='ltr'>invisibilitate</span> <span class='ocrx_word' id='word_1_195' title='bbox 1198 1618 1251 1665; x_wconf 85' lang='lat' dir='ltr'>et</span> <span class='ocrx_word' id='word_1_196' title='bbox 1278 1611 1640 1665; x_wconf 81' lang='lat' dir='ltr'>immensitate</span> <span class='ocrx_word' id='word_1_197' title='bbox 1660 1611 1776 1665; x_wconf 88' lang='lat' dir='ltr'>Dei.</span> <span class='ocrx_word' id='word_1_198' title='bbox 1806 1610 1867 1663; x_wconf 89' lang='lat' dir='ltr'>In</span> <span class='ocrx_word' id='word_1_199' title='bbox 1900 1613 2037 1665; x_wconf 85' lang='lat' dir='ltr'>Mss.</span> <span class='ocrx_word' id='word_1_200' title='bbox 2073 1610 2351 1664; x_wconf 87' lang='lat' dir='ltr'>Vaticano</span> <span class='ocrx_word' id='word_1_201' title='bbox 2382 1612 2440 1663; x_wconf 89' lang='lat' dir='ltr'>et</span> <span class='ocrx_word' id='word_1_202' title='bbox 2469 1607 2765 1661; x_wconf 87' lang='lat' dir='ltr'>Victorino</span> <span class='ocrx_word' id='word_1_203' title='bbox 2814 1608 2924 1662; x_wconf 91' lang='lat' dir='ltr'>sub</span> <span class='ocrx_word' id='word_1_204' title='bbox 2967 1608 3281 1681; x_wconf 84' lang='lat' dir='ltr'>Augustini</span> <span class='ocrx_word' id='word_1_205' title='bbox 3332 1608 3569 1663; x_wconf 88' lang='lat' dir='ltr'>nomine</span> <span class='ocrx_word' id='word_1_206' title='bbox 3622 1609 3872 1665; x_wconf 86' lang='lat' dir='ltr'>titulum</span> 
     </span>
    </p>
   </div>
   <div class='ocr_carea' id='block_1_25' title="bbox 450 1696 3874 1770">
    <p class='ocr_par' dir='ltr' id='par_1_25' title="bbox 450 1696 3874 1770">
     <span class='ocr_line' id='line_1_26' title="bbox 450 1696 3874 1770; baseline -0.001 -14"><span class='ocrx_word' id='word_1_207' title='bbox 450 1701 646 1767; x_wconf 84' lang='lat' dir='ltr'>habet,</span> <span class='ocrx_word' id='word_1_208' title='bbox 676 1702 752 1755; x_wconf 89' lang='lat' dir='ltr'>De</span> <span class='ocrx_word' id='word_1_209' title='bbox 782 1702 1025 1756; x_wconf 79' lang='lat' dir='ltr'>essentia</span> <span class='ocrx_word' id='word_1_210' title='bbox 1055 1699 1370 1754; x_wconf 86' lang='lat' dir='ltr'>divinitatis</span> <span class='ocrx_word' id='word_1_211' title='bbox 1393 1704 1443 1754; x_wconf 88' lang='lat' dir='ltr'>et</span> <span class='ocrx_word' id='word_1_212' title='bbox 1473 1698 1537 1754; x_wconf 87' lang='lat' dir='ltr'>de</span> <span class='ocrx_word' id='word_1_213' title='bbox 1564 1698 1954 1755; x_wconf 85' lang='lat' dir='ltr'>invisibilitate</span> <span class='ocrx_word' id='word_1_214' title='bbox 1983 1706 2143 1770; x_wconf 85' lang='lat' dir='ltr'>atque</span> <span class='ocrx_word' id='word_1_215' title='bbox 2172 1696 2730 1754; x_wconf 85' lang='lat' dir='ltr'>incommutabilitate</span> <span class='ocrx_word' id='word_1_216' title='bbox 2779 1696 2895 1751; x_wconf 86' lang='lat' dir='ltr'>Dei.</span> <span class='ocrx_word' id='word_1_217' title='bbox 2930 1696 3126 1753; x_wconf 88' lang='lat' dir='ltr'>Prima</span> <span class='ocrx_word' id='word_1_218' title='bbox 3166 1702 3223 1753; x_wconf 92' lang='lat' dir='ltr'>et</span> <span class='ocrx_word' id='word_1_219' title='bbox 3256 1698 3511 1753; x_wconf 87' lang='lat' dir='ltr'>maxima</span> <span class='ocrx_word' id='word_1_220' title='bbox 3542 1715 3682 1769; x_wconf 89' lang='lat' dir='ltr'>pars</span> <span class='ocrx_word' id='word_1_221' title='bbox 3735 1698 3874 1753; x_wconf 83' lang='lat' dir='ltr'>libri</span> 
     </span>
    </p>
   </div>
   <div class='ocr_carea' id='block_1_26' title="bbox 450 1784 3864 1861">
    <p class='ocr_par' dir='ltr' id='par_1_26' title="bbox 450 1784 3864 1861">
     <span class='ocr_line' id='line_1_27' title="bbox 450 1784 3864 1861; baseline -0 -17"><span class='ocrx_word' id='word_1_222' title='bbox 450 1805 518 1844; x_wconf 83' lang='lat' dir='ltr'>ex</span> <span class='ocrx_word' id='word_1_223' title='bbox 540 1788 809 1844; x_wconf 89' lang='lat' dir='ltr'>Eucherii</span> <span class='ocrx_word' id='word_1_224' title='bbox 852 1787 1254 1861; x_wconf 83' lang='lat' dir='ltr'>Lugdunensis</span> <span class='ocrx_word' id='word_1_225' title='bbox 1286 1804 1455 1859; x_wconf 91' lang='lat' dir='ltr'>opere</span> <span class='ocrx_word' id='word_1_226' title='bbox 1484 1788 1554 1843; x_wconf 88' lang='lat' dir='ltr'>de</span> <span class='ocrx_word' id='word_1_227' title='bbox 1594 1786 1882 1843; x_wconf 90' lang='lat' dir='ltr'>Formulis</span> <span class='ocrx_word' id='word_1_228' title='bbox 1913 1787 2235 1859; x_wconf 90' lang='lat' dir='ltr'>spiritualis</span> <span class='ocrx_word' id='word_1_229' title='bbox 2267 1784 2667 1858; x_wconf 65' lang='lat' dir='ltr'>intelligentiae</span> <span class='ocrx_word' id='word_1_230' title='bbox 2700 1791 2955 1858; x_wconf 90' lang='lat' dir='ltr'>sumpta,</span> <span class='ocrx_word' id='word_1_231' title='bbox 2988 1788 3246 1844; x_wconf 87' lang='lat' dir='ltr'>continet</span> <span class='ocrx_word' id='word_1_232' title='bbox 3274 1793 3467 1844; x_wconf 88' lang='lat' dir='ltr'>totum</span> <span class='ocrx_word' id='word_1_233' title='bbox 3498 1792 3679 1858; x_wconf 88' lang='lat' dir='ltr'>caput</span> <span class='ocrx_word' id='word_1_234' title='bbox 3700 1789 3864 1859; x_wconf 85' lang='lat' dir='ltr'>ejus-</span> 
     </span>
    </p>
   </div>
   <div class='ocr_carea' id='block_1_27' title="bbox 454 1876 2166 1949">
    <p class='ocr_par' dir='ltr' id='par_1_27' title="bbox 454 1876 2166 1949">
     <span class='ocr_line' id='line_1_28' title="bbox 454 1876 2166 1949; baseline 0.001 -17"><span class='ocrx_word' id='word_1_235' title='bbox 454 1878 587 1933; x_wconf 91' lang='lat' dir='ltr'>dem</span> <span class='ocrx_word' id='word_1_236' title='bbox 620 1878 809 1949; x_wconf 86' lang='lat' dir='ltr'>0peris</span> <span class='ocrx_word' id='word_1_237' title='bbox 841 1878 1119 1948; x_wconf 89' lang='lat' dir='ltr'>primum,</span> <span class='ocrx_word' id='word_1_238' title='bbox 1147 1877 1301 1948; x_wconf 89' lang='lat' dir='ltr'>quod</span> <span class='ocrx_word' id='word_1_239' title='bbox 1336 1881 1424 1933; x_wconf 88' lang='lat' dir='ltr'>est</span> <span class='ocrx_word' id='word_1_240' title='bbox 1453 1877 1523 1932; x_wconf 92' lang='lat' dir='ltr'>de</span> <span class='ocrx_word' id='word_1_241' title='bbox 1554 1876 1775 1933; x_wconf 88' lang='lat' dir='ltr'>Divinis</span> <span class='ocrx_word' id='word_1_242' title='bbox 1807 1876 2166 1934; x_wconf 87' lang='lat' dir='ltr'>nominibus.</span> 
     </span>
    </p>
   </div>
   <div class='ocr_carea' id='block_1_28' title="bbox 1031 2136 2126 2247">
    <p class='ocr_par' dir='ltr' id='par_1_28' title="bbox 1031 2136 2126 2247">
     <span class='ocr_line' id='line_1_29' title="bbox 1031 2136 2126 2247; baseline 0.001 -1"><span class='ocrx_word' id='word_1_243' title='bbox 1031 2136 1235 2246; x_wconf 81' lang='lat' dir='ltr'>DE</span> <span class='ocrx_word' id='word_1_244' title='bbox 1321 2136 2126 2247; x_wconf 77' lang='lat' dir='ltr'>ESSENTIA</span> 
     </span>
    </p>
   </div>
   <div class='ocr_carea' id='block_1_29' title="bbox 1797 2328 2125 2402">
    <p class='ocr_par' dir='ltr' id='par_1_29' title="bbox 1797 2328 2125 2402">
     <span class='ocr_line' id='line_1_30' title="bbox 1797 2328 2125 2402; baseline 0 0"><span class='ocrx_word' id='word_1_245' title='bbox 1797 2328 2125 2402; x_wconf 82' lang='lat' dir='ltr'>LIBER.</span> 
     </span>
    </p>
   </div>
   <div class='ocr_carea' id='block_1_30' title="bbox 521 2575 2097 2650">
    <p class='ocr_par' dir='ltr' id='par_1_30' title="bbox 521 2575 2097 2650">
     <span class='ocr_line' id='line_1_31' title="bbox 521 2575 2097 2650; baseline -0.002 -13"><span class='ocrx_word' id='word_1_246' title='bbox 521 2580 563 2637; x_wconf 92' lang='grc' dir='ltr'><strong>Ι.</strong></span> <span class='ocrx_word' id='word_1_247' title='bbox 593 2577 974 2649; x_wconf 86' lang='lat' dir='ltr'>Omnipotens</span> <span class='ocrx_word' id='word_1_248' title='bbox 1023 2575 1196 2650; x_wconf 14' lang='lat' dir='ltr'>Deus,</span> <span class='ocrx_word' id='word_1_249' title='bbox 1225 2576 1391 2633; x_wconf 86' lang='lat' dir='ltr'>Pater</span> <span class='ocrx_word' id='word_1_250' title='bbox 1438 2580 1497 2632; x_wconf 89' lang='lat' dir='ltr'>et</span> <span class='ocrx_word' id='word_1_251' title='bbox 1544 2577 1724 2633; x_wconf 86' lang='lat' dir='ltr'>Filius</span> <span class='ocrx_word' id='word_1_252' title='bbox 1755 2581 1812 2633; x_wconf 88' lang='lat' dir='ltr'>et</span> <span class='ocrx_word' id='word_1_253' title='bbox 1846 2578 2097 2650; x_wconf 88' lang='lat' dir='ltr'>Spiritus</span> 
     </span>
    </p>
   </div>
   <div class='ocr_carea' id='block_1_31' title="bbox 448 2648 2095 2720">
    <p class='ocr_par' dir='ltr' id='par_1_31' title="bbox 448 2648 2095 2720">
     <span class='ocr_line' id='line_1_32' title="bbox 448 2648 2095 2720; baseline -0.002 -12"><span class='ocrx_word' id='word_1_254' title='bbox 448 2657 709 2717; x_wconf 84' lang='lat' dir='ltr'>sanctus,</span> <span class='ocrx_word' id='word_1_255' title='bbox 744 2648 896 2705; x_wconf 84' lang='lat' dir='ltr'>unus</span> <span class='ocrx_word' id='word_1_256' title='bbox 924 2654 1097 2720; x_wconf 89' lang='lat' dir='ltr'>atque</span> <span class='ocrx_word' id='word_1_257' title='bbox 1129 2648 1339 2713; x_wconf 91' lang='lat' dir='ltr'>trinus,</span> <span class='ocrx_word' id='word_1_258' title='bbox 1373 2665 1530 2704; x_wconf 91' lang='lat' dir='ltr'>unus</span> <span class='ocrx_word' id='word_1_259' title='bbox 1557 2650 1826 2704; x_wconf 88' lang='lat' dir='ltr'>videlicet</span> <span class='ocrx_word' id='word_1_260' title='bbox 1846 2648 1903 2704; x_wconf 83' lang='lat' dir='ltr'>in</span> <span class='ocrx_word' id='word_1_261' title='bbox 1929 2656 2095 2705; x_wconf 87' lang='lat' dir='ltr'>natu-</span> 
     </span>
    </p>
   </div>
   <div class='ocr_carea' id='block_1_32' title="bbox 448 2721 2095 2792">
    <p class='ocr_par' dir='ltr' id='par_1_32' title="bbox 448 2721 2095 2792">
     <span class='ocr_line' id='line_1_33' title="bbox 448 2721 2095 2792; baseline -0.002 -13"><span class='ocrx_word' id='word_1_262' title='bbox 448 2742 532 2791; x_wconf 89' lang='lat' dir='ltr'>ra,</span> <span class='ocrx_word' id='word_1_263' title='bbox 566 2724 758 2777; x_wconf 88' lang='lat' dir='ltr'>trinus</span> <span class='ocrx_word' id='word_1_264' title='bbox 790 2738 921 2777; x_wconf 88' lang='lat' dir='ltr'>vero</span> <span class='ocrx_word' id='word_1_265' title='bbox 953 2726 1137 2776; x_wconf 83' lang='lat' dir='ltr'>exstat</span> <span class='ocrx_word' id='word_1_266' title='bbox 1166 2721 1225 2775; x_wconf 91' lang='lat' dir='ltr'>in</span> <span class='ocrx_word' id='word_1_267' title='bbox 1258 2721 1523 2792; x_wconf 91' lang='lat' dir='ltr'>personis</span> <span class='ocrx_word' id='word_1_268' title='bbox 1548 2737 1560 2776; x_wconf 88' lang='lat'><strong>:</strong></span> <span class='ocrx_word' id='word_1_269' title='bbox 1584 2721 2095 2788; x_wconf 89' lang='lat' dir='ltr'>solusinvisibilis,</span> 
     </span>
    </p>
   </div>
   <div class='ocr_carea' id='block_1_33' title="bbox 448 2792 2097 2864">
    <p class='ocr_par' dir='ltr' id='par_1_33' title="bbox 448 2792 2097 2864">
     <span class='ocr_line' id='line_1_34' title="bbox 448 2792 2097 2864; baseline -0.003 -13"><span class='ocrx_word' id='word_1_270' title='bbox 448 2795 609 2851; x_wconf 88' lang='lat' dir='ltr'>solus</span> <span class='ocrx_word' id='word_1_271' title='bbox 654 2796 981 2849; x_wconf 89' lang='lat' dir='ltr'>immensus</span> <span class='ocrx_word' id='word_1_272' title='bbox 1030 2798 1201 2864; x_wconf 88' lang='lat' dir='ltr'>atque</span> <span class='ocrx_word' id='word_1_273' title='bbox 1252 2792 1884 2864; x_wconf 87' lang='lat' dir='ltr'>incomprehensibilis,</span> <span class='ocrx_word' id='word_1_274' title='bbox 1936 2792 2097 2847; x_wconf 91' lang='lat' dir='ltr'>solus</span> 
     </span>
    </p>
   </div>
   <div class='ocr_carea' id='block_1_34' title="bbox 446 2863 2096 2936">
    <p class='ocr_par' dir='ltr' id='par_1_34' title="bbox 446 2863 2096 2936">
     <span class='ocr_line' id='line_1_35' title="bbox 446 2863 2096 2936; baseline -0.002 -15"><span class='ocrx_word' id='word_1_275' title='bbox 446 2867 1019 2936; x_wconf 87' lang='lat' dir='ltr'>incircumscriptus,</span> <span class='ocrx_word' id='word_1_276' title='bbox 1065 2863 1225 2919; x_wconf 88' lang='lat' dir='ltr'>solus</span> <span class='ocrx_word' id='word_1_277' title='bbox 1274 2863 1687 2929; x_wconf 88' lang='lat' dir='ltr'>immutabilis,</span> <span class='ocrx_word' id='word_1_278' title='bbox 1722 2866 2096 2935; x_wconf 90' lang='lat' dir='ltr'>incorporeus</span> 
     </span>
    </p>
   </div>
   <div class='ocr_carea' id='block_1_35' title="bbox 448 2935 2095 3006">
    <p class='ocr_par' dir='ltr' id='par_1_35' title="bbox 448 2935 2095 3006">
     <span class='ocr_line' id='line_1_36' title="bbox 448 2935 2095 3006; baseline -0.002 -12"><span class='ocrx_word' id='word_1_279' title='bbox 448 2943 505 2994; x_wconf 89' lang='lat' dir='ltr'>et</span> <span class='ocrx_word' id='word_1_280' title='bbox 537 2935 908 3005; x_wconf 84' lang='lat' dir='ltr'>immortalis,</span> <span class='ocrx_word' id='word_1_281' title='bbox 944 2936 1159 3006; x_wconf 90' lang='lat' dir='ltr'>ubique</span> <span class='ocrx_word' id='word_1_282' title='bbox 1194 2952 1465 3004; x_wconf 70' lang='lat' dir='ltr'>prmsens,</span> <span class='ocrx_word' id='word_1_283' title='bbox 1501 2936 1598 2989; x_wconf 91' lang='lat' dir='ltr'>sed</span> <span class='ocrx_word' id='word_1_284' title='bbox 1632 2935 1855 2990; x_wconf 85' lang='lat' dir='ltr'>latens:</span> <span class='ocrx_word' id='word_1_285' title='bbox 1883 2937 2095 3005; x_wconf 87' lang='lat' dir='ltr'>ubique</span> 
     </span>
    </p>
   </div>
   <div class='ocr_carea' id='block_1_36' title="bbox 447 3006 2093 3078">
    <p class='ocr_par' dir='ltr' id='par_1_36' title="bbox 447 3006 2093 3078">
     <span class='ocr_line' id='line_1_37' title="bbox 447 3006 2093 3078; baseline -0.001 -15"><span class='ocrx_word' id='word_1_286' title='bbox 447 3014 626 3070; x_wconf 87' lang='lat' dir='ltr'>totus.</span> <span class='ocrx_word' id='word_1_287' title='bbox 658 3010 757 3063; x_wconf 90' lang='lat' dir='ltr'>sed</span> <span class='ocrx_word' id='word_1_288' title='bbox 791 3008 1137 3062; x_wconf 81' lang='lat' dir='ltr'>immensus.</span> <span class='ocrx_word' id='word_1_289' title='bbox 1174 3007 1489 3061; x_wconf 90' lang='lat' dir='ltr'>Invisibilis</span> <span class='ocrx_word' id='word_1_290' title='bbox 1520 3010 1609 3061; x_wconf 88' lang='lat' dir='ltr'>est</span> <span class='ocrx_word' id='word_1_291' title='bbox 1639 3008 1776 3078; x_wconf 89' lang='lat' dir='ltr'>quia</span> <span class='ocrx_word' id='word_1_292' title='bbox 1806 3006 1863 3060; x_wconf 92' lang='lat' dir='ltr'>in</span> <span class='ocrx_word' id='word_1_293' title='bbox 1896 3024 2093 3061; x_wconf 88' lang='lat' dir='ltr'>essen-</span> 
     </span>
    </p>
   </div>
   <div class='ocr_carea' id='block_1_37' title="bbox 447 3077 2093 3149">
    <p class='ocr_par' dir='ltr' id='par_1_37' title="bbox 447 3077 2093 3149">
     <span class='ocr_line' id='line_1_38' title="bbox 447 3077 2093 3149; baseline -0.001 -16"><span class='ocrx_word' id='word_1_294' title='bbox 447 3080 531 3133; x_wconf 87' lang='lat' dir='ltr'>tia</span> <span class='ocrx_word' id='word_1_295' title='bbox 554 3097 662 3133; x_wconf 89' lang='lat' dir='ltr'>sua</span> <span class='ocrx_word' id='word_1_296' title='bbox 691 3078 872 3133; x_wconf 89' lang='lat' dir='ltr'>videri</span> <span class='ocrx_word' id='word_1_297' title='bbox 904 3097 1015 3132; x_wconf 91' lang='lat' dir='ltr'>non</span> <span class='ocrx_word' id='word_1_298' title='bbox 1046 3083 1252 3149; x_wconf 84' lang='lat' dir='ltr'>potest,</span> <span class='ocrx_word' id='word_1_299' title='bbox 1288 3077 1557 3148; x_wconf 87' lang='lat' dir='ltr'>Apostolo</span> <span class='ocrx_word' id='word_1_300' title='bbox 1580 3077 1971 3148; x_wconf 85' lang='lat' dir='ltr'>testante,qui</span> <span class='ocrx_word' id='word_1_301' title='bbox 1994 3078 2093 3142; x_wconf 80' lang='lat' dir='ltr'>ait,</span> 
     </span>
    </p>
   </div>
   <div class='ocr_carea' id='block_1_38' title="bbox 449 3149 2098 3219">
    <p class='ocr_par' dir='ltr' id='par_1_38' title="bbox 449 3149 2098 3219">
     <span class='ocr_line' id='line_1_39' title="bbox 449 3149 2098 3219; baseline -0.001 -15"><span class='ocrx_word' id='word_1_302' title='bbox 449 3152 616 3219; x_wconf 85' lang='lat' dir='ltr'>Quem</span> <span class='ocrx_word' id='word_1_303' title='bbox 650 3150 838 3204; x_wconf 88' lang='lat' dir='ltr'>nullus</span> <span class='ocrx_word' id='word_1_304' title='bbox 890 3150 1177 3204; x_wconf 84' lang='lat' dir='ltr'>hominum</span> <span class='ocrx_word' id='word_1_305' title='bbox 1206 3149 1363 3214; x_wconf 84' lang='lat' dir='ltr'>vidit,</span> <span class='ocrx_word' id='word_1_306' title='bbox 1415 3150 1513 3203; x_wconf 83' lang='lat' dir='ltr'>sed</span> <span class='ocrx_word' id='word_1_307' title='bbox 1560 3164 1654 3203; x_wconf 87' lang='lat' dir='ltr'>nec</span> <span class='ocrx_word' id='word_1_308' title='bbox 1704 3151 1886 3203; x_wconf 80' lang='lat' dir='ltr'>videre</span> <span class='ocrx_word' id='word_1_309' title='bbox 1925 3153 2098 3219; x_wconf 82' lang='lat' dir='ltr'>potest</span> 
     </span>
    </p>
   </div>
   <div class='ocr_carea' id='block_1_39' title="bbox 448 3219 2098 3294">
    <p class='ocr_par' dir='ltr' id='par_1_39' title="bbox 448 3219 2098 3294">
     <span class='ocr_line' id='line_1_40' title="bbox 448 3219 2098 3294; baseline -0.001 -18"><span class='ocrx_word' id='word_1_310' title='bbox 448 3224 491 3294; x_wconf 97' lang='grc' dir='ltr'>(Ι</span> <span class='ocrx_word' id='word_1_311' title='bbox 525 3224 655 3276; x_wconf 91' lang='lat' dir='ltr'>Tim.</span> <span class='ocrx_word' id='word_1_312' title='bbox 693 3222 904 3294; x_wconf 10' lang='lat' dir='ltr'>v71,16).</span> <span class='ocrx_word' id='word_1_313' title='bbox 957 3221 1114 3294; x_wconf 76' lang='lat' dir='ltr'>Etin</span> <span class='ocrx_word' id='word_1_314' title='bbox 1158 3219 1487 3294; x_wconf 77' lang='lat' dir='ltr'>Evangelio,</span> <span class='ocrx_word' id='word_1_315' title='bbox 1546 3225 1715 3274; x_wconf 79' lang='lat' dir='ltr'>Deum</span> <span class='ocrx_word' id='word_1_316' title='bbox 1757 3236 1913 3294; x_wconf 80' lang='lat' dir='ltr'>nemo</span> <span class='ocrx_word' id='word_1_317' title='bbox 1960 3219 2098 3294; x_wconf 78' lang='lat' dir='ltr'>vidit</span> 
     </span>
    </p>
   </div>
   <div class='ocr_carea' id='block_1_40' title="bbox 448 3291 2096 3364">
    <p class='ocr_par' dir='ltr' id='par_1_40' title="bbox 448 3291 2096 3364">
     <span class='ocr_line' id='line_1_41' title="bbox 448 3291 2096 3364; baseline 0 -16"><span class='ocrx_word' id='word_1_318' title='bbox 448 3291 693 3364; x_wconf 78' lang='lat' dir='ltr'>unquam</span> <span class='ocrx_word' id='word_1_319' title='bbox 717 3293 967 3364; x_wconf 58' lang='lat' dir='ltr'>(Iouini,</span> <span class='ocrx_word' id='word_1_320' title='bbox 1002 3292 1111 3362; x_wconf 90' lang='lat'>18).</span> <span class='ocrx_word' id='word_1_321' title='bbox 1170 3292 1549 3364; x_wconf 85' lang='lat' dir='ltr'>Incorporeus</span> <span class='ocrx_word' id='word_1_322' title='bbox 1598 3292 1873 3364; x_wconf 66' lang='lat' dir='ltr'>estquia</span> <span class='ocrx_word' id='word_1_323' title='bbox 1918 3291 2096 3348; x_wconf 88' lang='lat' dir='ltr'>nullis</span> 
     </span>
    </p>
   </div>
   <div class='ocr_carea' id='block_1_41' title="bbox 449 3361 2093 3433">
    <p class='ocr_par' dir='ltr' id='par_1_41' title="bbox 449 3361 2093 3433">
     <span class='ocr_line' id='line_1_42' title="bbox 449 3361 2093 3433; baseline -0.001 -14"><span class='ocrx_word' id='word_1_324' title='bbox 449 3361 849 3419; x_wconf 79' lang='lat' dir='ltr'>membrorum</span> <span class='ocrx_word' id='word_1_325' title='bbox 883 3362 1255 3417; x_wconf 88' lang='lat' dir='ltr'>lineamentis</span> <span class='ocrx_word' id='word_1_326' title='bbox 1269 3363 1649 3433; x_wconf 90' lang='lat' dir='ltr'>compositus,</span> <span class='ocrx_word' id='word_1_327' title='bbox 1675 3361 1793 3418; x_wconf 86' lang='lat' dir='ltr'>sive</span> <span class='ocrx_word' id='word_1_328' title='bbox 1823 3379 2093 3431; x_wconf 84' lang='lat' dir='ltr'>compac-</span> 
     </span>
    </p>
   </div>
   <div class='ocr_carea' id='block_1_42' title="bbox 447 3433 2095 3504">
    <p class='ocr_par' dir='ltr' id='par_1_42' title="bbox 447 3433 2095 3504">
     <span class='ocr_line' id='line_1_43' title="bbox 447 3433 2095 3504; baseline 0 -15"><span class='ocrx_word' id='word_1_329' title='bbox 447 3440 545 3490; x_wconf 87' lang='lat' dir='ltr'>tus</span> <span class='ocrx_word' id='word_1_330' title='bbox 574 3436 791 3502; x_wconf 81' lang='lat' dir='ltr'>existit,</span> <span class='ocrx_word' id='word_1_331' title='bbox 825 3434 978 3490; x_wconf 88' lang='lat' dir='ltr'>sicut</span> <span class='ocrx_word' id='word_1_332' title='bbox 1012 3434 1237 3489; x_wconf 88' lang='lat' dir='ltr'>Veritas</span> <span class='ocrx_word' id='word_1_333' title='bbox 1265 3436 1323 3488; x_wconf 93' lang='lat' dir='ltr'>in</span> <span class='ocrx_word' id='word_1_334' title='bbox 1358 3433 1659 3503; x_wconf 85' lang='lat' dir='ltr'>Evangelio</span> <span class='ocrx_word' id='word_1_335' title='bbox 1708 3434 1806 3503; x_wconf 89' lang='lat' dir='ltr'>ait,</span> <span class='ocrx_word' id='word_1_336' title='bbox 1858 3434 2095 3504; x_wconf 80' lang='lat' dir='ltr'>Spiritus</span> 
     </span>
    </p>
   </div>
   <div class='ocr_carea' id='block_1_43' title="bbox 446 3506 2098 3577">
    <p class='ocr_par' dir='ltr' id='par_1_43' title="bbox 446 3506 2098 3577">
     <span class='ocr_line' id='line_1_44' title="bbox 446 3506 2098 3577; baseline -0.002 -13"><span class='ocrx_word' id='word_1_337' title='bbox 446 3513 528 3564; x_wconf 79' lang='lat' dir='ltr'>est</span> <span class='ocrx_word' id='word_1_338' title='bbox 562 3512 729 3567; x_wconf 80' lang='lat' dir='ltr'>Deus;</span> <span class='ocrx_word' id='word_1_339' title='bbox 759 3511 807 3562; x_wconf 82' lang='lat' dir='ltr'>et</span> <span class='ocrx_word' id='word_1_340' title='bbox 837 3522 923 3561; x_wconf 83' lang='lat' dir='ltr'>eos</span> <span class='ocrx_word' id='word_1_341' title='bbox 952 3507 1047 3577; x_wconf 86' lang='lat' dir='ltr'>qui</span> <span class='ocrx_word' id='word_1_342' title='bbox 1069 3506 1309 3560; x_wconf 81' lang='lat' dir='ltr'>adorant</span> <span class='ocrx_word' id='word_1_343' title='bbox 1329 3522 1473 3570; x_wconf 85' lang='lat' dir='ltr'>eum,</span> <span class='ocrx_word' id='word_1_344' title='bbox 1494 3508 1553 3559; x_wconf 89' lang='lat' dir='ltr'>in</span> <span class='ocrx_word' id='word_1_345' title='bbox 1578 3507 1778 3575; x_wconf 82' lang='lat' dir='ltr'>spiritu</span> <span class='ocrx_word' id='word_1_346' title='bbox 1798 3514 1847 3560; x_wconf 86' lang='lat' dir='ltr'>et</span> <span class='ocrx_word' id='word_1_347' title='bbox 1870 3506 2098 3561; x_wconf 85' lang='lat' dir='ltr'>veritate</span> 
     </span>
    </p>
   </div>
   <div class='ocr_carea' id='block_1_44' title="bbox 447 3577 2095 3649">
    <p class='ocr_par' dir='ltr' id='par_1_44' title="bbox 447 3577 2095 3649">
     <span class='ocr_line' id='line_1_45' title="bbox 447 3577 2095 3649; baseline -0.002 -15"><span class='ocrx_word' id='word_1_348' title='bbox 447 3583 649 3649; x_wconf 83' lang='lat' dir='ltr'>oportet</span> <span class='ocrx_word' id='word_1_349' title='bbox 699 3578 928 3633; x_wconf 85' lang='lat' dir='ltr'>adorare</span> <span class='ocrx_word' id='word_1_350' title='bbox 991 3577 1364 3649; x_wconf 31' lang='lat' dir='ltr'>(Id.IV,A24).</span> <span class='ocrx_word' id='word_1_351' title='bbox 1428 3578 1757 3649; x_wconf 77' lang='lat' dir='ltr'>lmuiensus</span> <span class='ocrx_word' id='word_1_352' title='bbox 1815 3583 1922 3645; x_wconf 85' lang='lat' dir='ltr'>est,</span> <span class='ocrx_word' id='word_1_353' title='bbox 1956 3578 2095 3647; x_wconf 88' lang='lat' dir='ltr'>quia</span> 
     </span>
    </p>
   </div>
   <div class='ocr_carea' id='block_1_45' title="bbox 456 3647 2096 3721">
    <p class='ocr_par' dir='ltr' id='par_1_45' title="bbox 456 3647 2096 3721">
     <span class='ocr_line' id='line_1_46' title="bbox 456 3647 2096 3721; baseline -0.001 -17"><span class='ocrx_word' id='word_1_354' title='bbox 456 3647 759 3721; x_wconf 86' lang='lat' dir='ltr'>quantitas</span> <span class='ocrx_word' id='word_1_355' title='bbox 791 3651 918 3720; x_wconf 85' lang='lat' dir='ltr'>ejus</span> <span class='ocrx_word' id='word_1_356' title='bbox 947 3647 1057 3721; x_wconf 15' lang='lat' dir='ltr'>vel,</span> <span class='ocrx_word' id='word_1_357' title='bbox 1095 3647 1345 3721; x_wconf 79' lang='lat' dir='ltr'>qualitas</span> <span class='ocrx_word' id='word_1_358' title='bbox 1376 3665 1431 3721; x_wconf 89' lang='lat' dir='ltr'>a_</span> <span class='ocrx_word' id='word_1_359' title='bbox 1468 3648 1629 3703; x_wconf 89' lang='lat' dir='ltr'>nullo</span> <span class='ocrx_word' id='word_1_360' title='bbox 1662 3665 1754 3721; x_wconf 17' lang='lat' dir='ltr'>,ex</span> <span class='ocrx_word' id='word_1_361' title='bbox 1812 3650 2096 3704; x_wconf 90' lang='lat' dir='ltr'>creaturis</span> 
     </span>
    </p>
   </div>
   <div class='ocr_carea' id='block_1_46' title="bbox 445 3718 2091 3792">
    <p class='ocr_par' dir='ltr' id='par_1_46' title="bbox 445 3718 2091 3792">
     <span class='ocr_line' id='line_1_47' title="bbox 445 3718 2091 3792; baseline 0 -17"><span class='ocrx_word' id='word_1_362' title='bbox 445 3718 639 3775; x_wconf 79' lang='lat' dir='ltr'>metiri</span> <span class='ocrx_word' id='word_1_363' title='bbox 689 3718 919 3791; x_wconf 85' lang='lat' dir='ltr'>potest:</span> <span class='ocrx_word' id='word_1_364' title='bbox 968 3718 1061 3774; x_wconf 89' lang='lat' dir='ltr'>cui</span> <span class='ocrx_word' id='word_1_365' title='bbox 1097 3720 1370 3775; x_wconf 89' lang='lat' dir='ltr'>Salomon</span> <span class='ocrx_word' id='word_1_366' title='bbox 1420 3719 1479 3774; x_wconf 90' lang='lat' dir='ltr'>in</span> <span class='ocrx_word' id='word_1_367' title='bbox 1531 3719 1787 3774; x_wconf 90' lang='lat' dir='ltr'>oratione</span> <span class='ocrx_word' id='word_1_368' title='bbox 1814 3737 1922 3775; x_wconf 88' lang='lat' dir='ltr'>sua</span> <span class='ocrx_word' id='word_1_369' title='bbox 1946 3738 2091 3792; x_wconf 87' lang='lat' dir='ltr'>sup-</span> 
     </span>
    </p>
   </div>
   <div class='ocr_carea' id='block_1_47' title="bbox 442 3791 2090 3864">
    <p class='ocr_par' dir='ltr' id='par_1_47' title="bbox 442 3791 2090 3864">
     <span class='ocr_line' id='line_1_48' title="bbox 442 3791 2090 3864; baseline 0.001 -18"><span class='ocrx_word' id='word_1_370' title='bbox 442 3792 769 3864; x_wconf 89' lang='lat' dir='ltr'>plicansait,</span> <span class='ocrx_word' id='word_1_371' title='bbox 824 3794 886 3848; x_wconf 92' lang='lat' dir='ltr'>Si</span> <span class='ocrx_word' id='word_1_372' title='bbox 939 3791 1137 3845; x_wconf 70' lang='lat' dir='ltr'>coelum</span> <span class='ocrx_word' id='word_1_373' title='bbox 1168 3799 1241 3864; x_wconf 73' lang='lat' dir='ltr'>et</span> <span class='ocrx_word' id='word_1_374' title='bbox 1292 3792 1418 3845; x_wconf 75' lang='lat' dir='ltr'>cali</span> <span class='ocrx_word' id='word_1_375' title='bbox 1463 3792 1720 3846; x_wconf 65' lang='lat' dir='ltr'>caelorum</span> <span class='ocrx_word' id='word_1_376' title='bbox 1761 3799 1828 3864; x_wconf 75' lang='lat' dir='ltr'>te</span> <span class='ocrx_word' id='word_1_377' title='bbox 1849 3807 1959 3845; x_wconf 85' lang='lat' dir='ltr'>non</span> <span class='ocrx_word' id='word_1_378' title='bbox 2001 3791 2090 3864; x_wconf 56' lang='lat' dir='ltr'>cae</span> 
     </span>
    </p>
   </div>
   <div class='ocr_carea' id='block_1_48' title="bbox 434 3862 2090 3935">
    <p class='ocr_par' dir='ltr' id='par_1_48' title="bbox 434 3862 2090 3935">
     <span class='ocr_line' id='line_1_49' title="bbox 434 3862 2090 3935; baseline 0.001 -18"><span class='ocrx_word' id='word_1_379' title='bbox 434 3862 619 3935; x_wconf 61' lang='lat' dir='ltr'>piunt,</span> <span class='ocrx_word' id='word_1_380' title='bbox 670 3869 878 3935; x_wconf 86' lang='lat' dir='ltr'>quanto</span> <span class='ocrx_word' id='word_1_381' title='bbox 935 3864 1115 3935; x_wconf 77' lang='lat' dir='ltr'>magis</span> <span class='ocrx_word' id='word_1_382' title='bbox 1143 3862 1332 3918; x_wconf 87' lang='lat' dir='ltr'>domus</span> <span class='ocrx_word' id='word_1_383' title='bbox 1362 3865 1467 3935; x_wconf 86' lang='lat' dir='ltr'>ista</span> <span class='ocrx_word' id='word_1_384' title='bbox 1497 3879 1659 3932; x_wconf 88' lang='lat' dir='ltr'>quam</span> <span class='ocrx_word' id='word_1_385' title='bbox 1690 3862 1967 3931; x_wconf 81' lang='lat' dir='ltr'>cediﬁcavi</span> <span class='ocrx_word' id='word_1_386' title='bbox 1984 3863 2090 3935; x_wconf 69' lang='grc' dir='ltr'>(ΙΙΙ</span> 
     </span>
    </p>
   </div>
   <div class='ocr_carea' id='block_1_49' title="bbox 438 3933 2091 4057">
    <p class='ocr_par' dir='ltr' id='par_1_49' title="bbox 438 3933 2091 4057">
     <span class='ocr_line' id='line_1_50' title="bbox 438 3933 2091 4057; baseline 0 -68"><span class='ocrx_word' id='word_1_387' title='bbox 438 3933 573 4006; x_wconf 79' lang='lat' dir='ltr'>Reg.</span> <span class='ocrx_word' id='word_1_388' title='bbox 648 3933 770 3998; x_wconf 77' lang='lat' dir='ltr'>vin,</span> <span class='ocrx_word' id='word_1_389' title='bbox 836 3933 983 4003; x_wconf 85' lang='lat'>27)?</span> <span class='ocrx_word' id='word_1_390' title='bbox 1042 3933 1590 4057; x_wconf 60' lang='lat' dir='ltr'>Incircnmscriptus</span> <span class='ocrx_word' id='word_1_391' title='bbox 1652 3942 1741 3989; x_wconf 72' lang='lat' dir='ltr'>est</span> <span class='ocrx_word' id='word_1_392' title='bbox 1817 3934 2091 4004; x_wconf 90' lang='lat' dir='ltr'>quoniam</span> 
     </span>
     <span class='ocr_line' id='line_1_51' title="bbox 438 4004 2087 4057; baseline 0 0"><span class='ocrx_word' id='word_1_393' title='bbox 438 4004 840 4057; x_wconf 87' lang='lat' dir='ltr'>circumscribi</span> <span class='ocrx_word' id='word_1_394' title='bbox 875 4022 989 4057; x_wconf 90' lang='lat' dir='ltr'>non</span> <span class='ocrx_word' id='word_1_395' title='bbox 1044 4010 1251 4057; x_wconf 80' lang='lat' dir='ltr'>potest.</span> <span class='ocrx_word' id='word_1_396' title='bbox 1280 4005 1453 4057; x_wconf 90' lang='lat' dir='ltr'>Illoca</span> <span class='ocrx_word' id='word_1_397' title='bbox 1480 4004 1528 4057; x_wconf 89' lang='lat' dir='ltr'>is</span> <span class='ocrx_word' id='word_1_398' title='bbox 1565 4009 1673 4057; x_wconf 88' lang='lat' dir='ltr'>est.</span> <span class='ocrx_word' id='word_1_399' title='bbox 1709 4006 1979 4057; x_wconf 76' lang='lat' dir='ltr'>quoniam</span> <span class='ocrx_word' id='word_1_400' title='bbox 2016 4007 2087 4057; x_wconf 85' lang='lat' dir='ltr'>de</span> 
     </span>
    </p>
   </div>
   <div class='ocr_carea' id='block_1_50' title="bbox 437 4004 2087 4075">
    <p class='ocr_par' dir='ltr' id='par_1_50' title="bbox 437 4004 2087 4075">
     <span class='ocr_line' id='line_1_52' title="bbox 437 4004 2087 4075; baseline 0 -14"><span class='ocrx_word' id='word_1_401' title='bbox 437 4004 840 4061; x_wconf 75' lang='lat' dir='ltr'>circumscribi</span> <span class='ocrx_word' id='word_1_402' title='bbox 875 4022 989 4059; x_wconf 91' lang='lat' dir='ltr'>non</span> <span class='ocrx_word' id='word_1_403' title='bbox 1044 4010 1251 4075; x_wconf 89' lang='lat' dir='ltr'>potest.</span> <span class='ocrx_word' id='word_1_404' title='bbox 1280 4004 1528 4059; x_wconf 88' lang='lat' dir='ltr'>Illocalis</span> <span class='ocrx_word' id='word_1_405' title='bbox 1565 4009 1673 4073; x_wconf 89' lang='lat' dir='ltr'>est,</span> <span class='ocrx_word' id='word_1_406' title='bbox 1709 4006 1980 4075; x_wconf 86' lang='lat' dir='ltr'>quoniam</span> <span class='ocrx_word' id='word_1_407' title='bbox 2016 4007 2087 4061; x_wconf 87' lang='lat' dir='ltr'>de</span> 
     </span>
    </p>
   </div>
   <div class='ocr_carea' id='block_1_51' title="bbox 440 4076 2085 4146">
    <p class='ocr_par' dir='ltr' id='par_1_51' title="bbox 440 4076 2085 4146">
     <span class='ocr_line' id='line_1_53' title="bbox 440 4076 2085 4146; baseline -0.001 -14"><span class='ocrx_word' id='word_1_408' title='bbox 440 4077 566 4132; x_wconf 90' lang='lat' dir='ltr'>loco</span> <span class='ocrx_word' id='word_1_409' title='bbox 592 4078 663 4131; x_wconf 88' lang='lat' dir='ltr'>ad</span> <span class='ocrx_word' id='word_1_410' title='bbox 707 4076 900 4131; x_wconf 90' lang='lat' dir='ltr'>locum</span> <span class='ocrx_word' id='word_1_411' title='bbox 946 4092 1314 4146; x_wconf 83' lang='lat' dir='ltr'>nequaquam</span> <span class='ocrx_word' id='word_1_412' title='bbox 1375 4076 1605 4141; x_wconf 83' lang='lat' dir='ltr'>transit,</span> <span class='ocrx_word' id='word_1_413' title='bbox 1633 4076 1731 4130; x_wconf 92' lang='lat' dir='ltr'>sed</span> <span class='ocrx_word' id='word_1_414' title='bbox 1792 4094 1975 4146; x_wconf 87' lang='lat' dir='ltr'>neque</span> <span class='ocrx_word' id='word_1_415' title='bbox 2029 4078 2085 4132; x_wconf 91' lang='lat' dir='ltr'>in</span> 
     </span>
    </p>
   </div>
   <div class='ocr_carea' id='block_1_52' title="bbox 440 4148 2091 4220">
    <p class='ocr_par' dir='ltr' id='par_1_52' title="bbox 440 4148 2091 4220">
     <span class='ocr_line' id='line_1_54' title="bbox 440 4148 2091 4220; baseline 0 -16"><span class='ocrx_word' id='word_1_416' title='bbox 440 4148 569 4204; x_wconf 91' lang='lat' dir='ltr'>loco</span> <span class='ocrx_word' id='word_1_417' title='bbox 633 4148 892 4220; x_wconf 90' lang='lat' dir='ltr'>quolibet</span> <span class='ocrx_word' id='word_1_418' title='bbox 950 4149 1289 4220; x_wconf 70' lang='lat' dir='ltr'>retinetur&#39;,</span> <span class='ocrx_word' id='word_1_419' title='bbox 1334 4148 1461 4218; x_wconf 91' lang='lat' dir='ltr'>ipso</span> <span class='ocrx_word' id='word_1_420' title='bbox 1501 4148 1573 4203; x_wconf 86' lang='lat' dir='ltr'>de</span> <span class='ocrx_word' id='word_1_421' title='bbox 1615 4148 1930 4220; x_wconf 82' lang='lat' dir='ltr'>semetipso</span> <span class='ocrx_word' id='word_1_422' title='bbox 1989 4165 2091 4218; x_wconf 88' lang='lat' dir='ltr'>per</span> 
     </span>
    </p>
   </div>
   <div class='ocr_carea' id='block_1_53' title="bbox 440 4218 2087 4292">
    <p class='ocr_par' dir='ltr' id='par_1_53' title="bbox 440 4218 2087 4292">
     <span class='ocr_line' id='line_1_55' title="bbox 440 4218 2087 4292; baseline 0 -17"><span class='ocrx_word' id='word_1_423' title='bbox 440 4218 1025 4292; x_wconf 49' lang='lat' dir='ltr'>Isaiam&#39;prophetam</span> <span class='ocrx_word' id='word_1_424' title='bbox 1084 4219 1492 4292; x_wconf 89' lang='lat' dir='ltr'>testimonium</span> <span class='ocrx_word' id='word_1_425' title='bbox 1543 4218 1880 4289; x_wconf 89' lang='lat' dir='ltr'>perhibente</span> <span class='ocrx_word' id='word_1_426' title='bbox 1911 4224 2087 4289; x_wconf 86' lang='lat' dir='ltr'>atque</span> 
     </span>
    </p>
   </div>
   <div class='ocr_carea' id='block_1_54' title="bbox 433 4291 2082 4360">
    <p class='ocr_par' dir='ltr' id='par_1_54' title="bbox 433 4291 2082 4360">
     <span class='ocr_line' id='line_1_56' title="bbox 433 4291 2082 4360; baseline -0.001 -13"><span class='ocrx_word' id='word_1_427' title='bbox 433 4291 699 4359; x_wconf 67' lang='lat' dir='ltr'>dicente,</span> <span class='ocrx_word' id='word_1_428' title='bbox 746 4292 951 4347; x_wconf 74' lang='lat' dir='ltr'>Caium</span> <span class='ocrx_word' id='word_1_429' title='bbox 1029 4291 1179 4346; x_wconf 81' lang='lat' dir='ltr'>sedes</span> <span class='ocrx_word' id='word_1_430' title='bbox 1228 4308 1372 4360; x_wconf 84' lang='lat' dir='ltr'>mea,</span> <span class='ocrx_word' id='word_1_431' title='bbox 1434 4299 1580 4346; x_wconf 85' lang='lat' dir='ltr'>terra</span> <span class='ocrx_word' id='word_1_432' title='bbox 1640 4295 1824 4345; x_wconf 82' lang='lat' dir='ltr'>autem</span> <span class='ocrx_word' id='word_1_433' title='bbox 1881 4291 2082 4346; x_wconf 85' lang='lat' dir='ltr'>scabel-</span> 
     </span>
    </p>
   </div>
   <div class='ocr_carea' id='block_1_55' title="bbox 434 4362 2082 4434">
    <p class='ocr_par' dir='ltr' id='par_1_55' title="bbox 434 4362 2082 4434">
     <span class='ocr_line' id='line_1_57' title="bbox 434 4362 2082 4434; baseline -0.001 -16"><span class='ocrx_word' id='word_1_434' title='bbox 434 4364 551 4419; x_wconf 86' lang='lat' dir='ltr'>lum</span> <span class='ocrx_word' id='word_1_435' title='bbox 570 4365 767 4434; x_wconf 86' lang='lat' dir='ltr'>pedum</span> <span class='ocrx_word' id='word_1_436' title='bbox 797 4380 1046 4419; x_wconf 84' lang='lat' dir='ltr'>meorum</span> <span class='ocrx_word' id='word_1_437' title='bbox 1076 4363 1224 4433; x_wconf 83' lang='lat' dir='ltr'>(Isai.</span> <span class='ocrx_word' id='word_1_438' title='bbox 1254 4380 1398 4418; x_wconf 76' lang='lat' dir='ltr'>LXVI.</span> <span class='ocrx_word' id='word_1_439' title='bbox 1435 4363 1489 4430; x_wconf 87' lang='lat'>1)</span> <span class='ocrx_word' id='word_1_440' title='bbox 1533 4363 1598 4415; x_wconf 88' lang='lat' dir='ltr'>Et</span> <span class='ocrx_word' id='word_1_441' title='bbox 1629 4379 1728 4434; x_wconf 89' lang='lat' dir='ltr'>per</span> <span class='ocrx_word' id='word_1_442' title='bbox 1746 4362 2082 4429; x_wconf 84' lang='lat' dir='ltr'>Jeremiam,</span> 
     </span>
    </p>
   </div>
   <div class='ocr_carea' id='block_1_56' title="bbox 430 4433 2083 4504">
    <p class='ocr_par' dir='ltr' id='par_1_56' title="bbox 430 4433 2083 4504">
     <span class='ocr_line' id='line_1_58' title="bbox 430 4433 2083 4504; baseline -0.001 -13"><span class='ocrx_word' id='word_1_443' title='bbox 430 4433 621 4491; x_wconf 84' lang='lat' dir='ltr'>Nonne</span> <span class='ocrx_word' id='word_1_444' title='bbox 642 4437 837 4490; x_wconf 62' lang='lat' dir='ltr'>cretum</span> <span class='ocrx_word' id='word_1_445' title='bbox 879 4444 928 4491; x_wconf 87' lang='lat' dir='ltr'>et</span> <span class='ocrx_word' id='word_1_446' title='bbox 972 4444 1174 4490; x_wconf 87' lang='lat' dir='ltr'>terram</span> <span class='ocrx_word' id='word_1_447' title='bbox 1224 4450 1318 4504; x_wconf 87' lang='lat' dir='ltr'>ego</span> <span class='ocrx_word' id='word_1_448' title='bbox 1369 4435 1586 4504; x_wconf 87' lang='lat' dir='ltr'>impleo,</span> <span class='ocrx_word' id='word_1_449' title='bbox 1636 4433 1771 4489; x_wconf 84' lang='lat' dir='ltr'>dicit</span> <span class='ocrx_word' id='word_1_450' title='bbox 1816 4436 2083 4489; x_wconf 85' lang='lat' dir='ltr'>Dominus</span> 
     </span>
    </p>
   </div>
   <div class='ocr_carea' id='block_1_57' title="bbox 428 4504 2082 4631">
    <p class='ocr_par' dir='ltr' id='par_1_57' title="bbox 428 4504 2082 4631">
     <span class='ocr_line' id='line_1_59' title="bbox 428 4504 2082 4631; baseline 0 -71"><span class='ocrx_word' id='word_1_451' title='bbox 428 4507 649 4631; x_wconf 52' lang='lat' dir='ltr'>gerem.</span> <span class='ocrx_word' id='word_1_452' title='bbox 682 4525 841 4577; x_wconf 83' lang='lat' dir='ltr'>xxm,</span> <span class='ocrx_word' id='word_1_453' title='bbox 872 4508 991 4575; x_wconf 70' lang='lat'>24)?</span> <span class='ocrx_word' id='word_1_454' title='bbox 1022 4507 1202 4573; x_wconf 84' lang='lat' dir='ltr'>Cuius</span> <span class='ocrx_word' id='word_1_455' title='bbox 1233 4504 1686 4559; x_wconf 90' lang='lat' dir='ltr'>immensitatem</span> <span class='ocrx_word' id='word_1_456' title='bbox 1722 4506 2082 4576; x_wconf 88' lang='lat' dir='ltr'>prophetain</span> 
     </span>
     <span class='ocr_line' id='line_1_60' title="bbox 475 4576 2082 4631; baseline 0 0"><span class='ocrx_word' id='word_1_457' title='bbox 475 4576 663 4631; x_wconf 87' lang='lat' dir='ltr'>salmo</span> <span class='ocrx_word' id='word_1_458' title='bbox 695 4580 978 4631; x_wconf 85' lang='lat' dir='ltr'>conﬁtens</span> <span class='ocrx_word' id='word_1_459' title='bbox 1007 4579 1077 4631; x_wconf 89' lang='lat' dir='ltr'>ad</span> <span class='ocrx_word' id='word_1_460' title='bbox 1110 4577 1305 4631; x_wconf 81' lang='lat' dir='ltr'>ipsum</span> <span class='ocrx_word' id='word_1_461' title='bbox 1342 4582 1515 4631; x_wconf 91' lang='lat' dir='ltr'>Deum</span> <span class='ocrx_word' id='word_1_462' title='bbox 1565 4576 1664 4631; x_wconf 90' lang='lat' dir='ltr'>ait.</span> <span class='ocrx_word' id='word_1_463' title='bbox 1698 4576 1758 4631; x_wconf 88' lang='lat' dir='ltr'>Si</span> <span class='ocrx_word' id='word_1_464' title='bbox 1787 4577 2082 4631; x_wconf 82' lang='lat' dir='ltr'>ascendere</span> 
     </span>
    </p>
   </div>
   <div class='ocr_carea' id='block_1_58' title="bbox 475 4576 2082 4648">
    <p class='ocr_par' dir='ltr' id='par_1_58' title="bbox 475 4576 2082 4648">
     <span class='ocr_line' id='line_1_61' title="bbox 475 4576 2082 4648; baseline 0.001 -17"><span class='ocrx_word' id='word_1_465' title='bbox 475 4576 663 4631; x_wconf 87' lang='lat' dir='ltr'>salmo</span> <span class='ocrx_word' id='word_1_466' title='bbox 695 4580 978 4633; x_wconf 85' lang='lat' dir='ltr'>conﬁtens</span> <span class='ocrx_word' id='word_1_467' title='bbox 1007 4579 1077 4632; x_wconf 89' lang='lat' dir='ltr'>ad</span> <span class='ocrx_word' id='word_1_468' title='bbox 1110 4577 1305 4648; x_wconf 89' lang='lat' dir='ltr'>ipsum</span> <span class='ocrx_word' id='word_1_469' title='bbox 1342 4582 1529 4648; x_wconf 12' lang='lat' dir='ltr'>Deum,</span> <span class='ocrx_word' id='word_1_470' title='bbox 1565 4576 1664 4642; x_wconf 88' lang='lat' dir='ltr'>ait,</span> <span class='ocrx_word' id='word_1_471' title='bbox 1698 4576 1758 4631; x_wconf 88' lang='lat' dir='ltr'>Si</span> <span class='ocrx_word' id='word_1_472' title='bbox 1787 4577 2082 4633; x_wconf 81' lang='lat' dir='ltr'>ascendere</span> 
     </span>
    </p>
   </div>
   <div class='ocr_carea' id='block_1_59' title="bbox 428 4647 2080 4717">
    <p class='ocr_par' dir='ltr' id='par_1_59' title="bbox 428 4647 2080 4717">
     <span class='ocr_line' id='line_1_62' title="bbox 428 4647 2080 4717; baseline 0 -14"><span class='ocrx_word' id='word_1_473' title='bbox 428 4649 489 4703; x_wconf 86' lang='lat' dir='ltr'>in</span> <span class='ocrx_word' id='word_1_474' title='bbox 519 4651 729 4713; x_wconf 67' lang='lat' dir='ltr'>castum,</span> <span class='ocrx_word' id='word_1_475' title='bbox 757 4654 816 4703; x_wconf 85' lang='lat' dir='ltr'>tu</span> <span class='ocrx_word' id='word_1_476' title='bbox 847 4650 964 4703; x_wconf 85' lang='lat' dir='ltr'>illic</span> <span class='ocrx_word' id='word_1_477' title='bbox 993 4665 1068 4709; x_wconf 82' lang='lat' dir='ltr'>es;</span> <span class='ocrx_word' id='word_1_478' title='bbox 1116 4647 1164 4704; x_wconf 79' lang='lat' dir='ltr'>et</span> <span class='ocrx_word' id='word_1_479' title='bbox 1211 4650 1263 4703; x_wconf 87' lang='lat' dir='ltr'>si</span> <span class='ocrx_word' id='word_1_480' title='bbox 1309 4647 1631 4704; x_wconf 78' lang='lat' dir='ltr'>descendere</span> <span class='ocrx_word' id='word_1_481' title='bbox 1667 4648 1747 4702; x_wconf 83' lang='lat' dir='ltr'>ad</span> <span class='ocrx_word' id='word_1_482' title='bbox 1777 4650 2080 4717; x_wconf 78' lang='lat' dir='ltr'>infernum,</span> 
     </span>
    </p>
   </div>
   <div class='ocr_carea' id='block_1_60' title="bbox 428 4719 2080 4791">
    <p class='ocr_par' dir='ltr' id='par_1_60' title="bbox 428 4719 2080 4791">
     <span class='ocr_line' id='line_1_63' title="bbox 428 4719 2080 4791; baseline -0.001 -15"><span class='ocrx_word' id='word_1_483' title='bbox 428 4719 555 4776; x_wconf 80' lang='lat' dir='ltr'>ade:</span> <span class='ocrx_word' id='word_1_484' title='bbox 588 4719 763 4791; x_wconf 84' lang='lat' dir='ltr'>(Psal.</span> <span class='ocrx_word' id='word_1_485' title='bbox 797 4736 1065 4791; x_wconf 66' lang='lat' dir='ltr'>cxxxvui,</span> <span class='ocrx_word' id='word_1_486' title='bbox 1097 4721 1173 4789; x_wconf 90' lang='lat'>8).</span> <span class='ocrx_word' id='word_1_487' title='bbox 1210 4724 1283 4773; x_wconf 88' lang='lat' dir='ltr'>De</span> <span class='ocrx_word' id='word_1_488' title='bbox 1315 4721 1484 4790; x_wconf 81' lang='lat' dir='ltr'>cujus</span> <span class='ocrx_word' id='word_1_489' title='bbox 1534 4719 1927 4774; x_wconf 84' lang='lat' dir='ltr'>immensitate</span> <span class='ocrx_word' id='word_1_490' title='bbox 1979 4720 2080 4775; x_wconf 89' lang='lat' dir='ltr'>ad-</span> 
     </span>
    </p>
   </div>
   <div class='ocr_carea' id='block_1_61' title="bbox 425 4789 2082 4859">
    <p class='ocr_par' dir='ltr' id='par_1_61' title="bbox 425 4789 2082 4859">
     <span class='ocr_line' id='line_1_64' title="bbox 425 4789 2082 4859; baseline -0.001 -11"><span class='ocrx_word' id='word_1_491' title='bbox 425 4792 543 4848; x_wconf 91' lang='lat' dir='ltr'>huc</span> <span class='ocrx_word' id='word_1_492' title='bbox 575 4789 634 4847; x_wconf 84' lang='lat' dir='ltr'>in</span> <span class='ocrx_word' id='word_1_493' title='bbox 664 4792 812 4846; x_wconf 89' lang='lat' dir='ltr'>libro</span> <span class='ocrx_word' id='word_1_494' title='bbox 844 4792 992 4846; x_wconf 86' lang='lat' dir='ltr'>beati</span> <span class='ocrx_word' id='word_1_495' title='bbox 1024 4789 1130 4844; x_wconf 89' lang='lat' dir='ltr'>Job</span> <span class='ocrx_word' id='word_1_496' title='bbox 1159 4789 1441 4859; x_wconf 88' lang='lat' dir='ltr'>scriptum</span> <span class='ocrx_word' id='word_1_497' title='bbox 1486 4796 1593 4856; x_wconf 86' lang='lat' dir='ltr'>est,</span> <span class='ocrx_word' id='word_1_498' title='bbox 1636 4792 1917 4846; x_wconf 76' lang='lat' dir='ltr'>Excelsior</span> <span class='ocrx_word' id='word_1_499' title='bbox 1953 4792 2082 4847; x_wconf 74' lang='lat' dir='ltr'>malo</span> 
     </span>
    </p>
   </div>
   <div class='ocr_carea' id='block_1_62' title="bbox 425 4861 2076 4935">
    <p class='ocr_par' dir='ltr' id='par_1_62' title="bbox 425 4861 2076 4935">
     <span class='ocr_line' id='line_1_65' title="bbox 425 4861 2076 4935; baseline -0.002 -15"><span class='ocrx_word' id='word_1_500' title='bbox 425 4874 530 4934; x_wconf 83' lang='lat' dir='ltr'>est,</span> <span class='ocrx_word' id='word_1_501' title='bbox 560 4874 612 4919; x_wconf 87' lang='lat' dir='ltr'>et</span> <span class='ocrx_word' id='word_1_502' title='bbox 640 4865 769 4933; x_wconf 87' lang='lat' dir='ltr'>quid</span> <span class='ocrx_word' id='word_1_503' title='bbox 791 4864 994 4935; x_wconf 79' lang='lat' dir='ltr'>facies?</span> <span class='ocrx_word' id='word_1_504' title='bbox 1022 4861 1361 4935; x_wconf 75' lang='lat' dir='ltr'>Profundior</span> <span class='ocrx_word' id='word_1_505' title='bbox 1382 4862 1622 4931; x_wconf 82' lang='lat' dir='ltr'>inferno,</span> <span class='ocrx_word' id='word_1_506' title='bbox 1642 4866 1690 4916; x_wconf 85' lang='lat' dir='ltr'>et</span> <span class='ocrx_word' id='word_1_507' title='bbox 1723 4862 1863 4917; x_wconf 85' lang='lat' dir='ltr'>unde</span> <span class='ocrx_word' id='word_1_508' title='bbox 1883 4879 2076 4935; x_wconf 85' lang='lat' dir='ltr'>cog-no-</span> 
     </span>
    </p>
   </div>
   <div class='ocr_carea' id='block_1_63' title="bbox 423 4933 2080 5004">
    <p class='ocr_par' dir='ltr' id='par_1_63' title="bbox 423 4933 2080 5004">
     <span class='ocr_line' id='line_1_66' title="bbox 423 4933 2080 5004; baseline -0.002 -12"><span class='ocrx_word' id='word_1_509' title='bbox 423 4951 537 4993; x_wconf 82' lang='lat' dir='ltr'>sces</span> <span class='ocrx_word' id='word_1_510' title='bbox 568 4937 703 5003; x_wconf 83' lang='lat' dir='ltr'>(Job.</span> <span class='ocrx_word' id='word_1_511' title='bbox 726 4933 805 5002; x_wconf 75' lang='lat' dir='ltr'>xi,</span> <span class='ocrx_word' id='word_1_512' title='bbox 840 4934 937 5001; x_wconf 81' lang='lat'>8)?</span> <span class='ocrx_word' id='word_1_513' title='bbox 971 4933 1407 5004; x_wconf 86' lang='lat' dir='ltr'>Longior_terra</span> <span class='ocrx_word' id='word_1_514' title='bbox 1437 4949 1713 4987; x_wconf 87' lang='lat' dir='ltr'>mensura</span> <span class='ocrx_word' id='word_1_515' title='bbox 1742 4935 1892 5003; x_wconf 87' lang='lat' dir='ltr'>ejus,</span> <span class='ocrx_word' id='word_1_516' title='bbox 1925 4940 1980 4988; x_wconf 89' lang='lat' dir='ltr'>et</span> <span class='ocrx_word' id='word_1_517' title='bbox 1998 4934 2080 4990; x_wconf 87' lang='lat' dir='ltr'>la-</span> 
     </span>
    </p>
   </div>
   <div class='ocr_carea' id='block_1_64' title="bbox 424 5002 2078 5077">
    <p class='ocr_par' dir='ltr' id='par_1_64' title="bbox 424 5002 2078 5077">
     <span class='ocr_line' id='line_1_67' title="bbox 424 5002 2078 5077; baseline 0 -16"><span class='ocrx_word' id='word_1_518' title='bbox 424 5007 541 5062; x_wconf 89' lang='lat' dir='ltr'>tior</span> <span class='ocrx_word' id='word_1_519' title='bbox 598 5008 766 5064; x_wconf 89' lang='lat' dir='ltr'>mari.</span> <span class='ocrx_word' id='word_1_520' title='bbox 814 5006 921 5069; x_wconf 87' lang='lat' dir='ltr'>Qui</span> <span class='ocrx_word' id='word_1_521' title='bbox 953 5002 1348 5077; x_wconf 27' lang='lat' dir='ltr'>enimicmlum</span> <span class='ocrx_word' id='word_1_522' title='bbox 1376 5008 1439 5077; x_wconf 19' lang='lat' dir='ltr'>Aet</span> <span class='ocrx_word' id='word_1_523' title='bbox 1460 5010 1671 5077; x_wconf 83' lang='lat' dir='ltr'>terram</span> <span class='ocrx_word' id='word_1_524' title='bbox 1705 5002 2078 5077; x_wconf 85' lang='lat' dir='ltr'>implet,pro-</span> 
     </span>
    </p>
   </div>
   <div class='ocr_carea' id='block_1_65' title="bbox 424 5074 2075 5146">
    <p class='ocr_par' dir='ltr' id='par_1_65' title="bbox 424 5074 2075 5146">
     <span class='ocr_line' id='line_1_68' title="bbox 424 5074 2075 5146; baseline -0.002 -11"><span class='ocrx_word' id='word_1_525' title='bbox 424 5078 519 5135; x_wconf 91' lang='lat' dir='ltr'>cul</span> <span class='ocrx_word' id='word_1_526' title='bbox 553 5080 729 5134; x_wconf 92' lang='lat' dir='ltr'>dubio</span> <span class='ocrx_word' id='word_1_527' title='bbox 772 5077 971 5132; x_wconf 90' lang='lat' dir='ltr'>nullus</span> <span class='ocrx_word' id='word_1_528' title='bbox 1003 5081 1092 5131; x_wconf 84' lang='lat' dir='ltr'>est</span> <span class='ocrx_word' id='word_1_529' title='bbox 1122 5074 1281 5130; x_wconf 90' lang='lat' dir='ltr'>locus</span> <span class='ocrx_word' id='word_1_530' title='bbox 1336 5075 1408 5129; x_wconf 86' lang='lat' dir='ltr'>ab</span> <span class='ocrx_word' id='word_1_531' title='bbox 1461 5075 1588 5144; x_wconf 89' lang='lat' dir='ltr'>ejus</span> <span class='ocrx_word' id='word_1_532' title='bbox 1621 5074 1926 5146; x_wconf 71' lang='lat' dir='ltr'>praesentia</span> <span class='ocrx_word' id='word_1_533' title='bbox 1948 5074 2075 5131; x_wconf 48' lang='lat' dir='ltr'>_ab-</span> 
     </span>
    </p>
   </div>
   <div class='ocr_carea' id='block_1_66' title="bbox 423 5146 2079 5221">
    <p class='ocr_par' dir='ltr' id='par_1_66' title="bbox 423 5146 2079 5221">
     <span class='ocr_line' id='line_1_69' title="bbox 423 5146 2079 5221; baseline -0.001 -16"><span class='ocrx_word' id='word_1_534' title='bbox 423 5167 577 5206; x_wconf 88' lang='lat' dir='ltr'>sens.</span> <span class='ocrx_word' id='word_1_535' title='bbox 643 5151 828 5221; x_wconf 89' lang='lat' dir='ltr'>Super</span> <span class='ocrx_word' id='word_1_536' title='bbox 883 5164 1116 5203; x_wconf 90' lang='lat' dir='ltr'>omnem</span> <span class='ocrx_word' id='word_1_537' title='bbox 1175 5146 1391 5221; x_wconf 88' lang='lat' dir='ltr'>quippe</span> <span class='ocrx_word' id='word_1_538' title='bbox 1429 5151 1752 5221; x_wconf 80' lang='lat' dir='ltr'>creaturam</span> <span class='ocrx_word' id='word_1_539' title='bbox 1810 5148 2079 5221; x_wconf 70' lang='lat' dir='ltr'>praesidet</span> 
     </span>
    </p>
   </div>
   <div class='ocr_carea' id='block_1_67' title="bbox 421 5216 2074 5292">
    <p class='ocr_par' dir='ltr' id='par_1_67' title="bbox 421 5216 2074 5292">
     <span class='ocr_line' id='line_1_70' title="bbox 421 5216 2074 5292; baseline -0.001 -16"><span class='ocrx_word' id='word_1_540' title='bbox 421 5222 674 5289; x_wconf 80' lang='lat' dir='ltr'>regendo</span> <span class='ocrx_word' id='word_1_541' title='bbox 696 5216 870 5292; x_wconf 79' lang='lat' dir='ltr'>atque</span> <span class='ocrx_word' id='word_1_542' title='bbox 892 5216 1249 5289; x_wconf 81' lang='lat' dir='ltr'>imperando,</span> <span class='ocrx_word' id='word_1_543' title='bbox 1268 5216 1397 5292; x_wconf 61' lang='lat' dir='ltr'>non</span> <span class='ocrx_word' id='word_1_544' title='bbox 1430 5216 1645 5292; x_wconf 77' lang='lat' dir='ltr'>laboris</span> <span class='ocrx_word' id='word_1_545' title='bbox 1680 5216 1951 5289; x_wconf 89' lang='lat' dir='ltr'>pondere.</span> <span class='ocrx_word' id='word_1_546' title='bbox 1975 5220 2074 5275; x_wconf 91' lang='lat' dir='ltr'>sed</span> 
     </span>
    </p>
   </div>
   <div class='ocr_carea' id='block_1_68' title="bbox 424 5288 2075 5365">
    <p class='ocr_par' dir='ltr' id='par_1_68' title="bbox 424 5288 2075 5365">
     <span class='ocr_line' id='line_1_71' title="bbox 424 5288 2075 5365; baseline 0 -19"><span class='ocrx_word' id='word_1_547' title='bbox 424 5288 791 5365; x_wconf 68' lang='lat' dir='ltr'>infatigabili</span> <span class='ocrx_word' id='word_1_548' title='bbox 819 5288 1029 5347; x_wconf 89' lang='lat' dir='ltr'>virtute</span> <span class='ocrx_word' id='word_1_549' title='bbox 1060 5308 1071 5365; x_wconf 72' lang='grc' dir='ltr'><strong>ς</strong></span> <span class='ocrx_word' id='word_1_550' title='bbox 1102 5289 1378 5365; x_wconf 84' lang='lat' dir='ltr'>quoniam</span> <span class='ocrx_word' id='word_1_551' title='bbox 1415 5288 1573 5365; x_wconf 76' lang='lat' dir='ltr'>nulla</span> <span class='ocrx_word' id='word_1_552' title='bbox 1603 5288 1867 5365; x_wconf 79' lang='lat' dir='ltr'>creatura</span> <span class='ocrx_word' id='word_1_553' title='bbox 1907 5292 1978 5345; x_wconf 90' lang='lat' dir='ltr'>ab</span> <span class='ocrx_word' id='word_1_554' title='bbox 2011 5308 2075 5346; x_wconf 91' lang='lat' dir='ltr'>eo</span> 
     </span>
    </p>
   </div>
   <div class='ocr_carea' id='block_1_69' title="bbox 422 5360 2074 5446">
    <p class='ocr_par' dir='ltr' id='par_1_69' title="bbox 422 5360 2074 5446">
     <span class='ocr_line' id='line_1_72' title="bbox 422 5360 2074 5446; baseline -0.001 -29"><span class='ocrx_word' id='word_1_555' title='bbox 422 5360 653 5446; x_wconf 74' lang='lat' dir='ltr'>condita</span> <span class='ocrx_word' id='word_1_556' title='bbox 686 5382 796 5446; x_wconf 62' lang='lat' dir='ltr'>per</span> <span class='ocrx_word' id='word_1_557' title='bbox 822 5381 882 5420; x_wconf 87' lang='lat' dir='ltr'>se</span> <span class='ocrx_word' id='word_1_558' title='bbox 915 5360 1431 5446; x_wconf 43' lang='lat' dir='ltr'>subsistere‘valet,</span> <span class='ocrx_word' id='word_1_559' title='bbox 1464 5360 1822 5446; x_wconf 36' lang='lat' dir='ltr'>nisi_abip‘so</span> <span class='ocrx_word' id='word_1_560' title='bbox 1846 5368 2074 5446; x_wconf 77' lang='lat' dir='ltr'>susten-</span> 
     </span>
    </p>
   </div>
   <div class='ocr_carea' id='block_1_70' title="bbox 421 5434 2073 5508">
    <p class='ocr_par' dir='ltr' id='par_1_70' title="bbox 421 5434 2073 5508">
     <span class='ocr_line' id='line_1_73' title="bbox 421 5434 2073 5508; baseline 0 -21"><span class='ocrx_word' id='word_1_561' title='bbox 421 5438 575 5508; x_wconf 77' lang='lat' dir='ltr'>tetur</span> <span class='ocrx_word' id='word_1_562' title='bbox 604 5434 702 5508; x_wconf 89' lang='lat' dir='ltr'>qui</span> <span class='ocrx_word' id='word_1_563' title='bbox 737 5436 894 5491; x_wconf 88' lang='lat' dir='ltr'>illam</span> <span class='ocrx_word' id='word_1_564' title='bbox 948 5436 1180 5508; x_wconf 86' lang='lat' dir='ltr'>creavit.</span> <span class='ocrx_word' id='word_1_565' title='bbox 1215 5435 1389 5508; x_wconf 83' lang='lat' dir='ltr'>Extra</span> <span class='ocrx_word' id='word_1_566' title='bbox 1438 5434 1637 5508; x_wconf 83' lang='lat' dir='ltr'>omnia</span> <span class='ocrx_word' id='word_1_567' title='bbox 1680 5439 1791 5508; x_wconf 75' lang='lat' dir='ltr'>est,</span> <span class='ocrx_word' id='word_1_568' title='bbox 1822 5434 1917 5487; x_wconf 91' lang='lat' dir='ltr'>sed</span> <span class='ocrx_word' id='word_1_569' title='bbox 1958 5450 2073 5488; x_wconf 89' lang='lat' dir='ltr'>non</span> 
     </span>
    </p>
   </div>
   <div class='ocr_carea' id='block_1_71' title="bbox 421 5503 2072 5576">
    <p class='ocr_par' dir='ltr' id='par_1_71' title="bbox 421 5503 2072 5576">
     <span class='ocr_line' id='line_1_74' title="bbox 421 5503 2072 5576; baseline 0 -17"><span class='ocrx_word' id='word_1_570' title='bbox 421 5503 706 5563; x_wconf 81' lang='lat' dir='ltr'>inclusus.</span> <span class='ocrx_word' id='word_1_571' title='bbox 738 5507 1126 5563; x_wconf 85' lang='lat' dir='ltr'>lmmutabilis</span> <span class='ocrx_word' id='word_1_572' title='bbox 1158 5513 1243 5560; x_wconf 88' lang='lat' dir='ltr'>est</span> <span class='ocrx_word' id='word_1_573' title='bbox 1276 5506 1414 5575; x_wconf 90' lang='lat' dir='ltr'>quia</span> <span class='ocrx_word' id='word_1_574' title='bbox 1443 5506 1514 5559; x_wconf 90' lang='lat' dir='ltr'>ab</span> <span class='ocrx_word' id='word_1_575' title='bbox 1546 5521 1611 5560; x_wconf 91' lang='lat' dir='ltr'>eo</span> <span class='ocrx_word' id='word_1_576' title='bbox 1644 5505 1796 5576; x_wconf 89' lang='lat' dir='ltr'>quod</span> <span class='ocrx_word' id='word_1_577' title='bbox 1832 5509 1920 5559; x_wconf 86' lang='lat' dir='ltr'>est</span> <span class='ocrx_word' id='word_1_578' title='bbox 1946 5522 2072 5559; x_wconf 87' lang='lat' dir='ltr'>mu-</span> 
     </span>
    </p>
   </div>
   <div class='ocr_carea' id='block_1_72' title="bbox 420 5576 2072 5653">
    <p class='ocr_par' dir='ltr' id='par_1_72' title="bbox 420 5576 2072 5653">
     <span class='ocr_line' id='line_1_75' title="bbox 420 5576 2072 5653; baseline 0.002 -21"><span class='ocrx_word' id='word_1_579' title='bbox 420 5577 531 5633; x_wconf 88' lang='lat' dir='ltr'>tari</span> <span class='ocrx_word' id='word_1_580' title='bbox 562 5577 802 5635; x_wconf 87' lang='lat' dir='ltr'>omnino</span> <span class='ocrx_word' id='word_1_581' title='bbox 825 5597 941 5635; x_wconf 90' lang='lat' dir='ltr'>non</span> <span class='ocrx_word' id='word_1_582' title='bbox 964 5583 1174 5653; x_wconf 88' lang='lat' dir='ltr'>potest,</span> <span class='ocrx_word' id='word_1_583' title='bbox 1202 5577 1328 5649; x_wconf 88' lang='lat' dir='ltr'>ipso</span> <span class='ocrx_word' id='word_1_584' title='bbox 1354 5578 1579 5635; x_wconf 86' lang='lat' dir='ltr'>dicente</span> <span class='ocrx_word' id='word_1_585' title='bbox 1602 5594 1704 5651; x_wconf 89' lang='lat' dir='ltr'>per</span> <span class='ocrx_word' id='word_1_586' title='bbox 1725 5576 2072 5637; x_wconf 86' lang='lat' dir='ltr'>Malachiam</span> 
     </span>
    </p>
   </div>
   <div class='ocr_carea' id='block_1_73' title="bbox 471 5732 1299 5801">
    <p class='ocr_par' dir='ltr' id='par_1_73' title="bbox 471 5732 1299 5801">
     <span class='ocr_line' id='line_1_76' title="bbox 471 5732 1299 5801; baseline 0.002 -13"><span class='ocrx_word' id='word_1_587' title='bbox 471 5738 487 5779; x_wconf 74' lang='grc'>1</span> <span class='ocrx_word' id='word_1_588' title='bbox 517 5737 611 5795; x_wconf 75' lang='lat' dir='ltr'>Ms.</span> <span class='ocrx_word' id='word_1_589' title='bbox 653 5732 966 5801; x_wconf 80' lang='lat' dir='ltr'>Vaticanus,</span> <span class='ocrx_word' id='word_1_590' title='bbox 994 5737 1299 5791; x_wconf 72' lang='lat' dir='ltr'>continetur.</span> 
     </span>
    </p>
   </div>
   <div class='ocr_carea' id='block_1_74' title="bbox 2219 2138 3269 2250">
    <p class='ocr_par' dir='ltr' id='par_1_74' title="bbox 2219 2138 3269 2250">
     <span class='ocr_line' id='line_1_77' title="bbox 2219 2138 3269 2250; baseline 0.004 -4"><span class='ocrx_word' id='word_1_591' title='bbox 2219 2138 3269 2250; x_wconf 71' lang='lat' dir='ltr'>DIVINITA&#39;TIS</span> 
     </span>
    </p>
   </div>
   <div class='ocr_carea' id='block_1_75' title="bbox 2209 2329 2509 2403">
    <p class='ocr_par' dir='ltr' id='par_1_75' title="bbox 2209 2329 2509 2403">
     <span class='ocr_line' id='line_1_78' title="bbox 2209 2329 2509 2403; baseline -0.003 0"><span class='ocrx_word' id='word_1_592' title='bbox 2209 2329 2509 2403; x_wconf 66' lang='lat' dir='ltr'>UNUS</span> 
     </span>
    </p>
   </div>
   <div class='ocr_carea' id='block_1_76' title="bbox 2214 2581 3875 2653">
    <p class='ocr_par' dir='ltr' id='par_1_76' title="bbox 2214 2581 3875 2653">
     <span class='ocr_line' id='line_1_79' title="bbox 2214 2581 3875 2653; baseline 0.002 -18"><span class='ocrx_word' id='word_1_593' title='bbox 2214 2581 2585 2653; x_wconf 84' lang='lat' dir='ltr'>prophetam,</span> <span class='ocrx_word' id='word_1_594' title='bbox 2617 2582 2724 2653; x_wconf 85' lang='lat' dir='ltr'>Ego</span> <span class='ocrx_word' id='word_1_595' title='bbox 2755 2582 3017 2636; x_wconf 86' lang='lat' dir='ltr'>Dominus</span> <span class='ocrx_word' id='word_1_596' title='bbox 3044 2588 3097 2636; x_wconf 86' lang='lat' dir='ltr'>et</span> <span class='ocrx_word' id='word_1_597' title='bbox 3114 2595 3249 2653; x_wconf 14' lang='lat' dir='ltr'>non,</span> <span class='ocrx_word' id='word_1_598' title='bbox 3271 2588 3457 2636; x_wconf 85' lang='lat' dir='ltr'>mutor</span> <span class='ocrx_word' id='word_1_599' title='bbox 3485 2581 3750 2648; x_wconf 80' lang='lat' dir='ltr'>(Malach.</span> <span class='ocrx_word' id='word_1_600' title='bbox 3792 2599 3875 2652; x_wconf 74' lang='lat' dir='ltr'>in,</span> 
     </span>
    </p>
   </div>
   <div class='ocr_carea' id='block_1_77' title="bbox 2207 2598 3873 2723">
    <p class='ocr_par' dir='ltr' id='par_1_77' title="bbox 2207 2598 3873 2723">
     <span class='ocr_line' id='line_1_80' title="bbox 2214 2598 3873 2706; baseline 0.002 -71"><span class='ocrx_word' id='word_1_601' title='bbox 2214 2598 2585 2706; x_wconf 66' lang='lat' dir='ltr'>propnatam,</span> <span class='ocrx_word' id='word_1_602' title='bbox 2617 2598 2724 2653; x_wconf 72' lang='lat' dir='ltr'>ego</span> <span class='ocrx_word' id='word_1_603' title='bbox 2755 2598 3017 2636; x_wconf 85' lang='lat' dir='ltr'>uommus</span> <span class='ocrx_word' id='word_1_604' title='bbox 3044 2598 3222 2636; x_wconf 79' lang='lat' dir='ltr'>etnon</span> <span class='ocrx_word' id='word_1_605' title='bbox 3271 2598 3457 2636; x_wconf 78' lang='lat' dir='ltr'>mutor</span> <span class='ocrx_word' id='word_1_606' title='bbox 3485 2598 3750 2648; x_wconf 75' lang='lat' dir='ltr'>(uatum.</span> <span class='ocrx_word' id='word_1_607' title='bbox 3792 2599 3873 2652; x_wconf 69' lang='lat' dir='ltr'>in,</span> 
     </span>
     <span class='ocr_line' id='line_1_81' title="bbox 2207 2651 3873 2723; baseline 0.001 -17"><span class='ocrx_word' id='word_1_608' title='bbox 2207 2653 2284 2718; x_wconf 88' lang='lat'>6).</span> <span class='ocrx_word' id='word_1_609' title='bbox 2346 2655 2451 2708; x_wconf 82' lang='lat' dir='ltr'>deo</span> <span class='ocrx_word' id='word_1_610' title='bbox 2483 2659 2675 2708; x_wconf 88' lang='lat' dir='ltr'>autem</span> <span class='ocrx_word' id='word_1_611' title='bbox 2709 2653 2862 2707; x_wconf 86' lang='lat' dir='ltr'>Deus</span> <span class='ocrx_word' id='word_1_612' title='bbox 2903 2651 3289 2707; x_wconf 87' lang='lat' dir='ltr'>immutabilis</span> <span class='ocrx_word' id='word_1_613' title='bbox 3321 2653 3556 2717; x_wconf 90' lang='lat' dir='ltr'>dicitur,</span> <span class='ocrx_word' id='word_1_614' title='bbox 3612 2655 3755 2723; x_wconf 88' lang='lat' dir='ltr'>quia</span> <span class='ocrx_word' id='word_1_615' title='bbox 3811 2655 3873 2709; x_wconf 93' lang='lat' dir='ltr'>in</span> 
     </span>
    </p>
   </div>
   <div class='ocr_carea' id='block_1_78' title="bbox 2209 2723 3869 2795">
    <p class='ocr_par' dir='ltr' id='par_1_78' title="bbox 2209 2723 3869 2795">
     <span class='ocr_line' id='line_1_82' title="bbox 2209 2723 3869 2795; baseline 0.002 -18"><span class='ocrx_word' id='word_1_616' title='bbox 2209 2730 2416 2778; x_wconf 78' lang='lat' dir='ltr'>natura</span> <span class='ocrx_word' id='word_1_617' title='bbox 2445 2726 2593 2795; x_wconf 84' lang='lat' dir='ltr'>ejus,</span> <span class='ocrx_word' id='word_1_618' title='bbox 2628 2725 2735 2794; x_wconf 88' lang='lat' dir='ltr'>ira,</span> <span class='ocrx_word' id='word_1_619' title='bbox 2788 2725 2969 2788; x_wconf 85' lang='lat' dir='ltr'>furor,</span> <span class='ocrx_word' id='word_1_620' title='bbox 3004 2723 3356 2794; x_wconf 69' lang='lat' dir='ltr'>paenitentia,</span> <span class='ocrx_word' id='word_1_621' title='bbox 3391 2724 3625 2786; x_wconf 88' lang='lat' dir='ltr'>oblivio,</span> <span class='ocrx_word' id='word_1_622' title='bbox 3676 2743 3869 2780; x_wconf 87' lang='lat' dir='ltr'>recor-</span> 
     </span>
    </p>
   </div>
   <div class='ocr_carea' id='block_1_79' title="bbox 2209 2795 3869 2863">
    <p class='ocr_par' dir='ltr' id='par_1_79' title="bbox 2209 2795 3869 2863">
     <span class='ocr_line' id='line_1_83' title="bbox 2209 2795 3869 2863; baseline 0.002 -15"><span class='ocrx_word' id='word_1_623' title='bbox 2209 2796 2385 2860; x_wconf 89' lang='lat' dir='ltr'>datio,</span> <span class='ocrx_word' id='word_1_624' title='bbox 2418 2803 2471 2850; x_wconf 90' lang='lat' dir='ltr'>et</span> <span class='ocrx_word' id='word_1_625' title='bbox 2504 2796 2617 2850; x_wconf 88' lang='lat' dir='ltr'>alia</span> <span class='ocrx_word' id='word_1_626' title='bbox 2646 2795 2737 2849; x_wconf 89' lang='lat' dir='ltr'>his</span> <span class='ocrx_word' id='word_1_627' title='bbox 2771 2795 3183 2863; x_wconf 67' lang='lat' dir='ltr'>siu‘iilia,nullo</span> <span class='ocrx_word' id='word_1_628' title='bbox 3207 2797 3691 2850; x_wconf 87' lang='lat' dir='ltr'>modoaccidunt.</span> <span class='ocrx_word' id='word_1_629' title='bbox 3714 2797 3869 2851; x_wconf 80' lang='lat' dir='ltr'>Sim-</span> 
     </span>
    </p>
   </div>
   <div class='ocr_carea' id='block_1_80' title="bbox 2212 2866 3867 2938">
    <p class='ocr_par' dir='ltr' id='par_1_80' title="bbox 2212 2866 3867 2938">
     <span class='ocr_line' id='line_1_84' title="bbox 2212 2866 3867 2938; baseline 0.002 -19"><span class='ocrx_word' id='word_1_630' title='bbox 2212 2866 2336 2938; x_wconf 83' lang='lat' dir='ltr'>plex</span> <span class='ocrx_word' id='word_1_631' title='bbox 2363 2868 2519 2921; x_wconf 90' lang='lat' dir='ltr'>enim</span> <span class='ocrx_word' id='word_1_632' title='bbox 2552 2874 2760 2921; x_wconf 84' lang='lat' dir='ltr'>natura</span> <span class='ocrx_word' id='word_1_633' title='bbox 2790 2873 2897 2931; x_wconf 89' lang='lat' dir='ltr'>est,</span> <span class='ocrx_word' id='word_1_634' title='bbox 2932 2866 3316 2938; x_wconf 85' lang='lat' dir='ltr'>immutabilis</span> <span class='ocrx_word' id='word_1_635' title='bbox 3346 2874 3524 2938; x_wconf 87' lang='lat' dir='ltr'>atque</span> <span class='ocrx_word' id='word_1_636' title='bbox 3547 2868 3867 2937; x_wconf 85' lang='lat' dir='ltr'>impertur-</span> 
     </span>
    </p>
   </div>
   <div class='ocr_carea' id='block_1_81' title="bbox 2209 2937 3866 3009">
    <p class='ocr_par' dir='ltr' id='par_1_81' title="bbox 2209 2937 3866 3009">
     <span class='ocr_line' id='line_1_85' title="bbox 2209 2937 3866 3009; baseline 0.002 -18"><span class='ocrx_word' id='word_1_637' title='bbox 2209 2937 2373 3005; x_wconf 86' lang='lat' dir='ltr'>bata;</span> <span class='ocrx_word' id='word_1_638' title='bbox 2435 2955 2622 3008; x_wconf 87' lang='lat' dir='ltr'>neque</span> <span class='ocrx_word' id='word_1_639' title='bbox 2665 2938 2821 2993; x_wconf 87' lang='lat' dir='ltr'>aliud</span> <span class='ocrx_word' id='word_1_640' title='bbox 2845 2942 2933 2992; x_wconf 88' lang='lat' dir='ltr'>est</span> <span class='ocrx_word' id='word_1_641' title='bbox 2967 2938 3110 3007; x_wconf 89' lang='lat' dir='ltr'>ipse,</span> <span class='ocrx_word' id='word_1_642' title='bbox 3150 2942 3207 2992; x_wconf 90' lang='lat' dir='ltr'>et</span> <span class='ocrx_word' id='word_1_643' title='bbox 3252 2937 3610 3009; x_wconf 27' lang='lat' dir='ltr'>aliud’quod</span> <span class='ocrx_word' id='word_1_644' title='bbox 3656 2940 3866 3004; x_wconf 83' lang='lat' dir='ltr'>habet;</span> 
     </span>
    </p>
   </div>
   <div class='ocr_carea' id='block_1_82' title="bbox 2207 3009 3867 3080">
    <p class='ocr_par' dir='ltr' id='par_1_82' title="bbox 2207 3009 3867 3080">
     <span class='ocr_line' id='line_1_86' title="bbox 2207 3009 3867 3080; baseline 0.001 -18"><span class='ocrx_word' id='word_1_645' title='bbox 2207 3010 2305 3063; x_wconf 91' lang='lat' dir='ltr'>sed</span> <span class='ocrx_word' id='word_1_646' title='bbox 2331 3010 2527 3079; x_wconf 82' lang='lat' dir='ltr'>ipsum</span> <span class='ocrx_word' id='word_1_647' title='bbox 2561 3015 2649 3063; x_wconf 90' lang='lat' dir='ltr'>est</span> <span class='ocrx_word' id='word_1_648' title='bbox 2677 3010 2829 3080; x_wconf 91' lang='lat' dir='ltr'>quod</span> <span class='ocrx_word' id='word_1_649' title='bbox 2864 3009 3038 3063; x_wconf 87' lang='lat' dir='ltr'>habet</span> <span class='ocrx_word' id='word_1_650' title='bbox 3069 3016 3125 3063; x_wconf 86' lang='lat' dir='ltr'>et</span> <span class='ocrx_word' id='word_1_651' title='bbox 3155 3010 3307 3080; x_wconf 88' lang='lat' dir='ltr'>quod</span> <span class='ocrx_word' id='word_1_652' title='bbox 3343 3015 3449 3064; x_wconf 87' lang='lat' dir='ltr'>est.</span> <span class='ocrx_word' id='word_1_653' title='bbox 3502 3010 3867 3066; x_wconf 87' lang='lat' dir='ltr'>Immortalis</span> 
     </span>
    </p>
   </div>
   <div class='ocr_carea' id='block_1_83' title="bbox 2207 3081 3866 3151">
    <p class='ocr_par' dir='ltr' id='par_1_83' title="bbox 2207 3081 3866 3151">
     <span class='ocr_line' id='line_1_87' title="bbox 2207 3081 3866 3151; baseline 0.002 -18"><span class='ocrx_word' id='word_1_654' title='bbox 2207 3084 2315 3139; x_wconf 88' lang='lat' dir='ltr'>est.</span> <span class='ocrx_word' id='word_1_655' title='bbox 2346 3082 2482 3149; x_wconf 90' lang='lat' dir='ltr'>quia</span> <span class='ocrx_word' id='word_1_656' title='bbox 2514 3081 2659 3136; x_wconf 88' lang='lat' dir='ltr'>mori</span> <span class='ocrx_word' id='word_1_657' title='bbox 2693 3081 2854 3135; x_wconf 91' lang='lat' dir='ltr'>nullo</span> <span class='ocrx_word' id='word_1_658' title='bbox 2888 3082 3059 3135; x_wconf 92' lang='lat' dir='ltr'>modo</span> <span class='ocrx_word' id='word_1_659' title='bbox 3093 3087 3299 3151; x_wconf 80' lang='lat' dir='ltr'>potest,</span> <span class='ocrx_word' id='word_1_660' title='bbox 3327 3081 3601 3151; x_wconf 81' lang='lat' dir='ltr'>Apostolo</span> <span class='ocrx_word' id='word_1_661' title='bbox 3634 3082 3746 3135; x_wconf 95' lang='lat' dir='ltr'>hoc</span> <span class='ocrx_word' id='word_1_662' title='bbox 3777 3088 3866 3137; x_wconf 83' lang='lat' dir='ltr'>at-</span> 
     </span>
    </p>
   </div>
   <div class='ocr_carea' id='block_1_84' title="bbox 2206 3153 3870 3221">
    <p class='ocr_par' dir='ltr' id='par_1_84' title="bbox 2206 3153 3870 3221">
     <span class='ocr_line' id='line_1_88' title="bbox 2206 3153 3870 3221; baseline 0.004 -18"><span class='ocrx_word' id='word_1_663' title='bbox 2206 3156 2457 3207; x_wconf 89' lang='lat' dir='ltr'>testante</span> <span class='ocrx_word' id='word_1_664' title='bbox 2488 3160 2660 3221; x_wconf 86' lang='lat' dir='ltr'>atque</span> <span class='ocrx_word' id='word_1_665' title='bbox 2719 3153 2967 3221; x_wconf 89' lang='lat' dir='ltr'>dicente,</span> <span class='ocrx_word' id='word_1_666' title='bbox 3006 3155 3107 3218; x_wconf 74' lang='lat' dir='ltr'>Qui</span> <span class='ocrx_word' id='word_1_667' title='bbox 3138 3153 3282 3207; x_wconf 86' lang='lat' dir='ltr'>solus</span> <span class='ocrx_word' id='word_1_668' title='bbox 3296 3153 3454 3206; x_wconf 80' lang='lat' dir='ltr'>habet</span> <span class='ocrx_word' id='word_1_669' title='bbox 3475 3155 3870 3209; x_wconf 82' lang='lat' dir='ltr'>immortalita-</span> 
     </span>
    </p>
   </div>
   <div class='ocr_carea' id='block_1_85' title="bbox 2203 3223 3866 3294">
    <p class='ocr_par' dir='ltr' id='par_1_85' title="bbox 2203 3223 3866 3294">
     <span class='ocr_line' id='line_1_89' title="bbox 2203 3223 3866 3294; baseline 0.004 -20"><span class='ocrx_word' id='word_1_670' title='bbox 2203 3224 2331 3285; x_wconf 86' lang='lat' dir='ltr'>tem,</span> <span class='ocrx_word' id='word_1_671' title='bbox 2364 3223 2540 3277; x_wconf 82' lang='lat' dir='ltr'>lucem</span> <span class='ocrx_word' id='word_1_672' title='bbox 2561 3224 2821 3278; x_wconf 86' lang='lat' dir='ltr'>habitans</span> <span class='ocrx_word' id='word_1_673' title='bbox 2843 3224 3336 3286; x_wconf 84' lang='lat' dir='ltr'>innaccessibilem,</span> <span class='ocrx_word' id='word_1_674' title='bbox 3370 3240 3529 3294; x_wconf 79' lang='lat' dir='ltr'>quem</span> <span class='ocrx_word' id='word_1_675' title='bbox 3548 3226 3742 3279; x_wconf 78' lang='lat' dir='ltr'>nullus</span> <span class='ocrx_word' id='word_1_676' title='bbox 3765 3226 3866 3280; x_wconf 85' lang='lat' dir='ltr'>ho-</span> 
     </span>
    </p>
   </div>
   <div class='ocr_carea' id='block_1_86' title="bbox 2203 3294 3865 3367">
    <p class='ocr_par' dir='ltr' id='par_1_86' title="bbox 2203 3294 3865 3367">
     <span class='ocr_line' id='line_1_90' title="bbox 2203 3294 3865 3367; baseline 0.003 -21"><span class='ocrx_word' id='word_1_677' title='bbox 2203 3295 2402 3348; x_wconf 88' lang='lat' dir='ltr'>minun</span> <span class='ocrx_word' id='word_1_678' title='bbox 2432 3294 2586 3352; x_wconf 87' lang='lat' dir='ltr'>vidit.</span> <span class='ocrx_word' id='word_1_679' title='bbox 2617 3294 2710 3349; x_wconf 84' lang='lat' dir='ltr'>sed</span> <span class='ocrx_word' id='word_1_680' title='bbox 2736 3310 2834 3348; x_wconf 85' lang='lat' dir='ltr'>nec</span> <span class='ocrx_word' id='word_1_681' title='bbox 2864 3295 3049 3367; x_wconf 77' lang='lat' dir='ltr'>videre</span> <span class='ocrx_word' id='word_1_682' title='bbox 3073 3299 3244 3361; x_wconf 85' lang='lat' dir='ltr'>potest</span> <span class='ocrx_word' id='word_1_683' title='bbox 3276 3296 3467 3366; x_wconf 87' lang='lat' dir='ltr'>(lTim.</span> <span class='ocrx_word' id='word_1_684' title='bbox 3486 3312 3563 3362; x_wconf 81' lang='lat' dir='ltr'>v1,</span> <span class='ocrx_word' id='word_1_685' title='bbox 3590 3297 3701 3367; x_wconf 88' lang='lat'>16).</span> <span class='ocrx_word' id='word_1_686' title='bbox 3728 3296 3865 3351; x_wconf 87' lang='lat' dir='ltr'>Ubi-</span> 
     </span>
    </p>
   </div>
   <div class='ocr_carea' id='block_1_87' title="bbox 2204 3365 3867 3438">
    <p class='ocr_par' dir='ltr' id='par_1_87' title="bbox 2204 3365 3867 3438">
     <span class='ocr_line' id='line_1_91' title="bbox 2204 3365 3867 3438; baseline 0.002 -20"><span class='ocrx_word' id='word_1_687' title='bbox 2204 3380 2458 3438; x_wconf 87' lang='lat' dir='ltr'>cumque</span> <span class='ocrx_word' id='word_1_688' title='bbox 2488 3370 2684 3420; x_wconf 90' lang='lat' dir='ltr'>autem</span> <span class='ocrx_word' id='word_1_689' title='bbox 2718 3382 2887 3420; x_wconf 89' lang='lat' dir='ltr'>sacra</span> <span class='ocrx_word' id='word_1_690' title='bbox 2931 3365 3232 3436; x_wconf 89' lang='lat' dir='ltr'>Scriptura</span> <span class='ocrx_word' id='word_1_691' title='bbox 3269 3369 3518 3437; x_wconf 87' lang='lat' dir='ltr'>sparsim</span> <span class='ocrx_word' id='word_1_692' title='bbox 3566 3365 3672 3438; x_wconf 86' lang='lat' dir='ltr'>per</span> <span class='ocrx_word' id='word_1_693' title='bbox 3721 3368 3867 3422; x_wconf 86' lang='lat' dir='ltr'>divi-</span> 
     </span>
    </p>
   </div>
   <div class='ocr_carea' id='block_1_88' title="bbox 2205 3436 3867 3501">
    <p class='ocr_par' dir='ltr' id='par_1_88' title="bbox 2205 3436 3867 3501">
     <span class='ocr_line' id='line_1_92' title="bbox 2205 3436 3867 3501; baseline 0.003 -12"><span class='ocrx_word' id='word_1_694' title='bbox 2205 3453 2312 3491; x_wconf 87' lang='lat' dir='ltr'>nos</span> <span class='ocrx_word' id='word_1_695' title='bbox 2338 3436 2554 3501; x_wconf 82' lang='lat' dir='ltr'>Libros,</span> <span class='ocrx_word' id='word_1_696' title='bbox 2591 3438 2648 3491; x_wconf 89' lang='lat' dir='ltr'>in</span> <span class='ocrx_word' id='word_1_697' title='bbox 2685 3444 2793 3492; x_wconf 83' lang='lat' dir='ltr'>Deo</span> <span class='ocrx_word' id='word_1_698' title='bbox 2820 3443 3007 3491; x_wconf 90' lang='lat' dir='ltr'>motus</span> <span class='ocrx_word' id='word_1_699' title='bbox 3038 3438 3246 3491; x_wconf 68' lang='lat' dir='ltr'>animos</span> <span class='ocrx_word' id='word_1_700' title='bbox 3278 3436 3377 3493; x_wconf 85' lang='lat' dir='ltr'>seu</span> <span class='ocrx_word' id='word_1_701' title='bbox 3402 3436 3867 3494; x_wconf 81' lang='lat' dir='ltr'>humanamem-</span> 
     </span>
    </p>
   </div>
   <div class='ocr_carea' id='block_1_89' title="bbox 2205 3507 3863 3581">
    <p class='ocr_par' dir='ltr' id='par_1_89' title="bbox 2205 3507 3863 3581">
     <span class='ocr_line' id='line_1_93' title="bbox 2205 3507 3863 3581; baseline 0.003 -20"><span class='ocrx_word' id='word_1_702' title='bbox 2205 3507 2308 3581; x_wconf 87' lang='lat' dir='ltr'>bra</span> <span class='ocrx_word' id='word_1_703' title='bbox 2337 3508 2631 3564; x_wconf 88' lang='lat' dir='ltr'>describit.</span> <span class='ocrx_word' id='word_1_704' title='bbox 2660 3508 2713 3562; x_wconf 92' lang='lat' dir='ltr'>id</span> <span class='ocrx_word' id='word_1_705' title='bbox 2748 3514 2858 3571; x_wconf 90' lang='lat' dir='ltr'>est,</span> <span class='ocrx_word' id='word_1_706' title='bbox 2889 3512 3081 3581; x_wconf 86' lang='lat' dir='ltr'>caput,</span> <span class='ocrx_word' id='word_1_707' title='bbox 3129 3509 3351 3581; x_wconf 82' lang='lat' dir='ltr'>capilos</span> <span class='ocrx_word' id='word_1_708' title='bbox 3401 3509 3621 3578; x_wconf 90' lang='lat' dir='ltr'>oculos,</span> <span class='ocrx_word' id='word_1_709' title='bbox 3660 3510 3863 3581; x_wconf 84' lang='lat' dir='ltr'>palpe-</span> 
     </span>
    </p>
   </div>
   <div class='ocr_carea' id='block_1_90' title="bbox 2204 3578 3866 3653">
    <p class='ocr_par' dir='ltr' id='par_1_90' title="bbox 2204 3578 3866 3653">
     <span class='ocr_line' id='line_1_94' title="bbox 2204 3578 3866 3653; baseline 0.002 -21"><span class='ocrx_word' id='word_1_710' title='bbox 2204 3578 2558 3643; x_wconf 88' lang='lat' dir='ltr'>bras,aures,</span> <span class='ocrx_word' id='word_1_711' title='bbox 2587 3596 2777 3645; x_wconf 90' lang='lat' dir='ltr'>nares,</span> <span class='ocrx_word' id='word_1_712' title='bbox 2811 3596 2897 3649; x_wconf 91' lang='lat' dir='ltr'>os,</span> <span class='ocrx_word' id='word_1_713' title='bbox 2932 3579 3105 3653; x_wconf 87' lang='lat' dir='ltr'>labia,</span> <span class='ocrx_word' id='word_1_714' title='bbox 3148 3578 3431 3653; x_wconf 87' lang='lat' dir='ltr'>linguam,</span> <span class='ocrx_word' id='word_1_715' title='bbox 3484 3597 3604 3645; x_wconf 87' lang='lat' dir='ltr'>cor,</span> <span class='ocrx_word' id='word_1_716' title='bbox 3658 3578 3866 3653; x_wconf 71' lang='lat' dir='ltr'>imagi-</span> 
     </span>
    </p>
   </div>
   <div class='ocr_carea' id='block_1_91' title="bbox 2202 3652 3867 3725">
    <p class='ocr_par' dir='ltr' id='par_1_91' title="bbox 2202 3652 3867 3725">
     <span class='ocr_line' id='line_1_95' title="bbox 2202 3652 3867 3725; baseline 0.003 -22"><span class='ocrx_word' id='word_1_717' title='bbox 2202 3656 2644 3725; x_wconf 81' lang='lat' dir='ltr'>nem,_uterum,</span> <span class='ocrx_word' id='word_1_718' title='bbox 2678 3668 2910 3725; x_wconf 83' lang='lat' dir='ltr'>manus,</span> <span class='ocrx_word' id='word_1_719' title='bbox 2944 3652 3262 3725; x_wconf 56' lang='lat' dir='ltr'>dexteram,</span> <span class='ocrx_word' id='word_1_720' title='bbox 3295 3652 3867 3725; x_wconf 86' lang='lat' dir='ltr'>sinistram,digitos</span> 
     </span>
    </p>
   </div>
   <div class='ocr_carea' id='block_1_92' title="bbox 2201 3721 3863 3794">
    <p class='ocr_par' dir='ltr' id='par_1_92' title="bbox 2201 3721 3863 3794">
     <span class='ocr_line' id='line_1_96' title="bbox 2201 3721 3863 3794; baseline 0.004 -20"><span class='ocrx_word' id='word_1_721' title='bbox 2201 3737 2302 3794; x_wconf 87' lang='lat' dir='ltr'>seu</span> <span class='ocrx_word' id='word_1_722' title='bbox 2326 3721 2597 3793; x_wconf 89' lang='lat' dir='ltr'>digitum,</span> <span class='ocrx_word' id='word_1_723' title='bbox 2639 3722 2965 3794; x_wconf 89' lang='lat' dir='ltr'>brachium,</span> <span class='ocrx_word' id='word_1_724' title='bbox 3000 3723 3148 3790; x_wconf 87' lang='lat' dir='ltr'>alas,</span> <span class='ocrx_word' id='word_1_725' title='bbox 3181 3724 3475 3793; x_wconf 86' lang='lat' dir='ltr'>scapulas.</span> <span class='ocrx_word' id='word_1_726' title='bbox 3511 3721 3863 3794; x_wconf 79' lang='lat' dir='ltr'>posteriora,</span> 
     </span>
    </p>
   </div>
   <div class='ocr_carea' id='block_1_93' title="bbox 2200 3793 3865 3863">
    <p class='ocr_par' dir='ltr' id='par_1_93' title="bbox 2200 3793 3865 3863">
     <span class='ocr_line' id='line_1_97' title="bbox 2200 3793 3865 3863; baseline 0.004 -18"><span class='ocrx_word' id='word_1_727' title='bbox 2200 3793 2398 3862; x_wconf 85' lang='lat' dir='ltr'>pedes;</span> <span class='ocrx_word' id='word_1_728' title='bbox 2430 3794 2567 3849; x_wconf 89' lang='lat' dir='ltr'>item</span> <span class='ocrx_word' id='word_1_729' title='bbox 2603 3799 2796 3849; x_wconf 81' lang='lat' dir='ltr'>motus</span> <span class='ocrx_word' id='word_1_730' title='bbox 2827 3793 3058 3860; x_wconf 78' lang='lat' dir='ltr'>animae,</span> <span class='ocrx_word' id='word_1_731' title='bbox 3091 3795 3259 3863; x_wconf 91' lang='lat' dir='ltr'>iram,</span> <span class='ocrx_word' id='word_1_732' title='bbox 3295 3793 3570 3856; x_wconf 85' lang='lat' dir='ltr'>furorem.</span> <span class='ocrx_word' id='word_1_733' title='bbox 3617 3796 3865 3851; x_wconf 55' lang='lat' dir='ltr'>oblivio-</span> 
     </span>
    </p>
   </div>
   <div class='ocr_carea' id='block_1_94' title="bbox 2201 3865 3860 3935">
    <p class='ocr_par' dir='ltr' id='par_1_94' title="bbox 2201 3865 3860 3935">
     <span class='ocr_line' id='line_1_98' title="bbox 2201 3865 3860 3935; baseline 0.003 -19"><span class='ocrx_word' id='word_1_734' title='bbox 2201 3879 2352 3935; x_wconf 82' lang='lat' dir='ltr'>nem,</span> <span class='ocrx_word' id='word_1_735' title='bbox 2390 3865 2871 3932; x_wconf 86' lang='lat' dir='ltr'>recordationem,</span> <span class='ocrx_word' id='word_1_736' title='bbox 2928 3866 3353 3935; x_wconf 81' lang='lat' dir='ltr'>pcenitentiam,</span> <span class='ocrx_word' id='word_1_737' title='bbox 3387 3872 3442 3920; x_wconf 90' lang='lat' dir='ltr'>et</span> <span class='ocrx_word' id='word_1_738' title='bbox 3484 3866 3600 3921; x_wconf 86' lang='lat' dir='ltr'>alia</span> <span class='ocrx_word' id='word_1_739' title='bbox 3647 3868 3743 3922; x_wconf 89' lang='lat' dir='ltr'>his</span> <span class='ocrx_word' id='word_1_740' title='bbox 3774 3867 3860 3923; x_wconf 85' lang='lat' dir='ltr'>si-</span> 
     </span>
    </p>
   </div>
   <div class='ocr_carea' id='block_1_95' title="bbox 2200 3933 3859 4005">
    <p class='ocr_par' dir='ltr' id='par_1_95' title="bbox 2200 3933 3859 4005">
     <span class='ocr_line' id='line_1_99' title="bbox 2200 3933 3859 4005; baseline 0.003 -17"><span class='ocrx_word' id='word_1_741' title='bbox 2200 3933 2361 3990; x_wconf 88' lang='lat' dir='ltr'>milia</span> <span class='ocrx_word' id='word_1_742' title='bbox 2396 3953 2406 3991; x_wconf 93' lang='lat'><strong>:</strong></span> <span class='ocrx_word' id='word_1_743' title='bbox 2444 3954 2555 3991; x_wconf 90' lang='lat' dir='ltr'>non</span> <span class='ocrx_word' id='word_1_744' title='bbox 2595 3936 2906 3991; x_wconf 89' lang='lat' dir='ltr'>carnaliter</span> <span class='ocrx_word' id='word_1_745' title='bbox 2929 3933 3111 4005; x_wconf 62' lang='lat' dir='ltr'>juxta</span> <span class='ocrx_word' id='word_1_746' title='bbox 3151 3936 3454 3991; x_wconf 89' lang='lat' dir='ltr'>historiam</span> <span class='ocrx_word' id='word_1_747' title='bbox 3485 3954 3519 3992; x_wconf 89' lang='lat' dir='ltr'>a</span> <span class='ocrx_word' id='word_1_748' title='bbox 3573 3946 3728 3995; x_wconf 87' lang='lat' dir='ltr'>recte</span> <span class='ocrx_word' id='word_1_749' title='bbox 3766 3940 3859 3993; x_wconf 61' lang='lat' dir='ltr'>in-</span> 
     </span>
    </p>
   </div>
   <div class='ocr_carea' id='block_1_96' title="bbox 2196 4006 3850 4087">
    <p class='ocr_par' dir='ltr' id='par_1_96' title="bbox 2196 4006 3850 4087">
     <span class='ocr_line' id='line_1_100' title="bbox 2196 4006 3850 4087; baseline 0.004 -29"><span class='ocrx_word' id='word_1_750' title='bbox 2196 4006 2594 4087; x_wconf 76' lang='lat' dir='ltr'>telligentibus</span> <span class='ocrx_word' id='word_1_751' title='bbox 2632 4008 2966 4087; x_wconf 64' lang='lat' dir='ltr'>sentienda‘</span> <span class='ocrx_word' id='word_1_752' title='bbox 3017 4015 3157 4087; x_wconf 80' lang='lat' dir='ltr'>sunt</span> <span class='ocrx_word' id='word_1_753' title='bbox 3200 4010 3350 4063; x_wconf 87' lang='lat' dir='ltr'>sicut</span> <span class='ocrx_word' id='word_1_754' title='bbox 3380 4026 3414 4087; x_wconf 78' lang='lat' dir='ltr'>a</span> <span class='ocrx_word' id='word_1_755' title='bbox 3441 4010 3661 4087; x_wconf 76' lang='lat' dir='ltr'>Judaeis</span> <span class='ocrx_word' id='word_1_756' title='bbox 3709 4016 3766 4065; x_wconf 87' lang='lat' dir='ltr'>et</span> <span class='ocrx_word' id='word_1_757' title='bbox 3816 4028 3850 4087; x_wconf 83' lang='lat' dir='ltr'>a_</span> 
     </span>
    </p>
   </div>
   <div class='ocr_carea' id='block_1_97' title="bbox 2195 4077 3859 4153">
    <p class='ocr_par' dir='ltr' id='par_1_97' title="bbox 2195 4077 3859 4153">
     <span class='ocr_line' id='line_1_101' title="bbox 2195 4077 3859 4153; baseline 0.004 -23"><span class='ocrx_word' id='word_1_758' title='bbox 2195 4077 2489 4149; x_wconf 88' lang='lat' dir='ltr'>plerisque</span> <span class='ocrx_word' id='word_1_759' title='bbox 2565 4079 2852 4134; x_wconf 69' lang='lat' dir='ltr'>haereticis</span> <span class='ocrx_word' id='word_1_760' title='bbox 2912 4079 3222 4153; x_wconf 84' lang='lat' dir='ltr'>carnaliter</span> <span class='ocrx_word' id='word_1_761' title='bbox 3286 4080 3696 4149; x_wconf 85' lang='lat' dir='ltr'>sapientibus,</span> <span class='ocrx_word' id='word_1_762' title='bbox 3756 4083 3859 4153; x_wconf 83' lang='lat' dir='ltr'>qui</span> 
     </span>
    </p>
   </div>
   <div class='ocr_carea' id='block_1_98' title="bbox 2196 4151 3856 4222">
    <p class='ocr_par' dir='ltr' id='par_1_98' title="bbox 2196 4151 3856 4222">
     <span class='ocr_line' id='line_1_102' title="bbox 2196 4151 3856 4222; baseline 0.004 -21"><span class='ocrx_word' id='word_1_763' title='bbox 2196 4154 2375 4222; x_wconf 79' lang='lat' dir='ltr'>Deum</span> <span class='ocrx_word' id='word_1_764' title='bbox 2441 4166 2780 4222; x_wconf 86' lang='lat' dir='ltr'>corporeum</span> <span class='ocrx_word' id='word_1_765' title='bbox 2844 4156 3016 4221; x_wconf 89' lang='lat' dir='ltr'>atque</span> <span class='ocrx_word' id='word_1_766' title='bbox 3066 4151 3304 4205; x_wconf 82' lang='lat' dir='ltr'>loralem</span> <span class='ocrx_word' id='word_1_767' title='bbox 3353 4154 3705 4222; x_wconf 85' lang='lat' dir='ltr'>opinantur;</span> <span class='ocrx_word' id='word_1_768' title='bbox 3753 4151 3856 4208; x_wconf 71' lang='lat' dir='ltr'>sed</span> 
     </span>
    </p>
   </div>
   <div class='ocr_carea' id='block_1_99' title="bbox 2196 4220 3859 4293">
    <p class='ocr_par' dir='ltr' id='par_1_99' title="bbox 2196 4220 3859 4293">
     <span class='ocr_line' id='line_1_103' title="bbox 2196 4220 3859 4293; baseline 0.005 -21"><span class='ocrx_word' id='word_1_769' title='bbox 2196 4220 2580 4289; x_wconf 88' lang='lat' dir='ltr'>spiritualiter</span> <span class='ocrx_word' id='word_1_770' title='bbox 2608 4223 2806 4276; x_wconf 90' lang='lat' dir='ltr'>omnia</span> <span class='ocrx_word' id='word_1_771' title='bbox 2837 4220 3003 4293; x_wconf 10' lang='lat' dir='ltr'>dieeo</span> <span class='ocrx_word' id='word_1_772' title='bbox 3038 4220 3416 4293; x_wconf 80' lang='lat' dir='ltr'>intelligenda</span> <span class='ocrx_word' id='word_1_773' title='bbox 3435 4229 3491 4277; x_wconf 91' lang='lat' dir='ltr'>et</span> <span class='ocrx_word' id='word_1_774' title='bbox 3521 4225 3859 4280; x_wconf 82' lang='lat' dir='ltr'>conﬁtenda</span> 
     </span>
    </p>
   </div>
   <div class='ocr_carea' id='block_1_100' title="bbox 2194 4292 3850 4374">
    <p class='ocr_par' dir='ltr' id='par_1_100' title="bbox 2194 4292 3850 4374">
     <span class='ocr_line' id='line_1_104' title="bbox 2194 4292 3850 4374; baseline 0.005 -30"><span class='ocrx_word' id='word_1_775' title='bbox 2194 4296 2346 4374; x_wconf 84' lang='lat' dir='ltr'>sunt.</span> <span class='ocrx_word' id='word_1_776' title='bbox 2386 4293 2443 4346; x_wconf 90' lang='lat' dir='ltr'>Si</span> <span class='ocrx_word' id='word_1_777' title='bbox 2478 4293 2608 4374; x_wconf 84' lang='lat' dir='ltr'>quis</span> <span class='ocrx_word' id='word_1_778' title='bbox 2640 4292 2926 4374; x_wconf 42' lang='lat' dir='ltr'>autem‘in</span> <span class='ocrx_word' id='word_1_779' title='bbox 2958 4293 3072 4347; x_wconf 88' lang='lat' dir='ltr'>Deo</span> <span class='ocrx_word' id='word_1_780' title='bbox 3107 4292 3365 4374; x_wconf 73' lang='lat' dir='ltr'>humana</span> <span class='ocrx_word' id='word_1_781' title='bbox 3411 4296 3679 4374; x_wconf 79' lang='lat' dir='ltr'>membra</span> <span class='ocrx_word' id='word_1_782' title='bbox 3728 4312 3850 4374; x_wconf 76' lang='lat' dir='ltr'>seu,</span> 
     </span>
    </p>
   </div>
   <div class='ocr_carea' id='block_1_101' title="bbox 2193 4364 3847 4422">
    <p class='ocr_par' dir='ltr' id='par_1_101' title="bbox 2193 4364 3847 4422">
     <span class='ocr_line' id='line_1_105' title="bbox 2193 4364 3847 4422; baseline 0.004 -7"><span class='ocrx_word' id='word_1_783' title='bbox 2193 4369 2390 4417; x_wconf 89' lang='lat' dir='ltr'>motus</span> <span class='ocrx_word' id='word_1_784' title='bbox 2421 4364 2629 4418; x_wconf 61' lang='lat' dir='ltr'>animai</span> <span class='ocrx_word' id='word_1_785' title='bbox 2663 4381 2822 4419; x_wconf 90' lang='lat' dir='ltr'>more</span> <span class='ocrx_word' id='word_1_786' title='bbox 2853 4364 3111 4418; x_wconf 89' lang='lat' dir='ltr'>humano</span> <span class='ocrx_word' id='word_1_787' title='bbox 3144 4365 3330 4419; x_wconf 84' lang='lat' dir='ltr'>inesse</span> <span class='ocrx_word' id='word_1_788' title='bbox 3409 4369 3596 4421; x_wconf 85' lang='lat' dir='ltr'>credit</span> <span class='ocrx_word' id='word_1_789' title='bbox 3644 4368 3847 4422; x_wconf 80' lang='lat' dir='ltr'>procul</span> 
     </span>
    </p>
   </div>
   <div class='ocr_carea' id='block_1_102' title="bbox 2193 4434 3850 4506">
    <p class='ocr_par' dir='ltr' id='par_1_102' title="bbox 2193 4434 3850 4506">
     <span class='ocr_line' id='line_1_106' title="bbox 2193 4434 3850 4506; baseline 0.004 -19"><span class='ocrx_word' id='word_1_790' title='bbox 2193 4434 2370 4488; x_wconf 89' lang='lat' dir='ltr'>dubio</span> <span class='ocrx_word' id='word_1_791' title='bbox 2405 4436 2459 4488; x_wconf 91' lang='lat' dir='ltr'>in</span> <span class='ocrx_word' id='word_1_792' title='bbox 2493 4436 2663 4491; x_wconf 89' lang='lat' dir='ltr'>corde</span> <span class='ocrx_word' id='word_1_793' title='bbox 2695 4435 2975 4490; x_wconf 88' lang='lat' dir='ltr'>suoidola</span> <span class='ocrx_word' id='word_1_794' title='bbox 3008 4435 3271 4490; x_wconf 84' lang='lat' dir='ltr'>fabricat.</span> <span class='ocrx_word' id='word_1_795' title='bbox 3304 4436 3505 4506; x_wconf 79' lang='lat' dir='ltr'>igitur,</span> <span class='ocrx_word' id='word_1_796' title='bbox 3531 4444 3597 4492; x_wconf 90' lang='lat' dir='ltr'>ut</span> <span class='ocrx_word' id='word_1_797' title='bbox 3626 4434 3850 4494; x_wconf 86' lang='lat' dir='ltr'>dictum</span> 
     </span>
    </p>
   </div>
   <div class='ocr_carea' id='block_1_103' title="bbox 2192 4506 3847 4581">
    <p class='ocr_par' dir='ltr' id='par_1_103' title="bbox 2192 4506 3847 4581">
     <span class='ocr_line' id='line_1_107' title="bbox 2192 4506 3847 4581; baseline 0.004 -22"><span class='ocrx_word' id='word_1_798' title='bbox 2192 4510 2302 4575; x_wconf 88' lang='lat' dir='ltr'>est,</span> <span class='ocrx_word' id='word_1_799' title='bbox 2342 4507 2662 4581; x_wconf 82' lang='lat' dir='ltr'>ﬁguraliter</span> <span class='ocrx_word' id='word_1_800' title='bbox 2693 4507 2751 4581; x_wconf 87' lang='lat' dir='ltr'>in</span> <span class='ocrx_word' id='word_1_801' title='bbox 2796 4508 3136 4581; x_wconf 87' lang='lat' dir='ltr'>Deocaput</span> <span class='ocrx_word' id='word_1_802' title='bbox 3168 4524 3297 4562; x_wconf 87' lang='lat' dir='ltr'>cum</span> <span class='ocrx_word' id='word_1_803' title='bbox 3336 4506 3612 4581; x_wconf 77' lang='lat' dir='ltr'>legimus,</span> <span class='ocrx_word' id='word_1_804' title='bbox 3659 4512 3847 4580; x_wconf 87' lang='lat' dir='ltr'>ipsam</span> 
     </span>
    </p>
   </div>
   <div class='ocr_carea' id='block_1_104' title="bbox 2190 4577 3851 4652">
    <p class='ocr_par' dir='ltr' id='par_1_104' title="bbox 2190 4577 3851 4652">
     <span class='ocr_line' id='line_1_108' title="bbox 2190 4577 3851 4652; baseline 0.004 -21"><span class='ocrx_word' id='word_1_805' title='bbox 2190 4577 2505 4652; x_wconf 83' lang='lat' dir='ltr'>essentiam</span> <span class='ocrx_word' id='word_1_806' title='bbox 2541 4579 2862 4652; x_wconf 81' lang='lat' dir='ltr'>divinitatis</span> <span class='ocrx_word' id='word_1_807' title='bbox 2892 4580 3041 4647; x_wconf 87' lang='lat' dir='ltr'>ejus,</span> <span class='ocrx_word' id='word_1_808' title='bbox 3066 4594 3192 4652; x_wconf 68' lang='lat' dir='ltr'>quae</span> <span class='ocrx_word' id='word_1_809' title='bbox 3222 4577 3420 4652; x_wconf 74' lang='lat' dir='ltr'>omnia</span> <span class='ocrx_word' id='word_1_810' title='bbox 3466 4577 3759 4652; x_wconf 67' lang='lat' dir='ltr'>praecedit,</span> <span class='ocrx_word' id='word_1_811' title='bbox 3789 4588 3851 4638; x_wconf 85' lang='lat' dir='ltr'>et</span> 
     </span>
    </p>
   </div>
   <div class='ocr_carea' id='block_1_105' title="bbox 2189 4647 3851 4723">
    <p class='ocr_par' dir='ltr' id='par_1_105' title="bbox 2189 4647 3851 4723">
     <span class='ocr_line' id='line_1_109' title="bbox 2189 4647 3851 4723; baseline 0.005 -22"><span class='ocrx_word' id='word_1_812' title='bbox 2189 4647 2283 4723; x_wconf 83' lang='lat' dir='ltr'>cui</span> <span class='ocrx_word' id='word_1_813' title='bbox 2318 4651 2605 4723; x_wconf 2' lang='lat' dir='ltr'>puniversa</span> <span class='ocrx_word' id='word_1_814' title='bbox 2654 4650 2919 4723; x_wconf 87' lang='lat' dir='ltr'>subjecta</span> <span class='ocrx_word' id='word_1_815' title='bbox 2961 4647 3117 4716; x_wconf 79' lang='lat' dir='ltr'>sunt,</span> <span class='ocrx_word' id='word_1_816' title='bbox 3168 4647 3495 4723; x_wconf 80' lang='lat' dir='ltr'>intelligere</span> <span class='ocrx_word' id='word_1_817' title='bbox 3541 4654 3851 4712; x_wconf 81' lang='lat' dir='ltr'>debemus.</span> 
     </span>
    </p>
   </div>
   <div class='ocr_carea' id='block_1_106' title="bbox 2189 4719 3851 4794">
    <p class='ocr_par' dir='ltr' id='par_1_106' title="bbox 2189 4719 3851 4794">
     <span class='ocr_line' id='line_1_110' title="bbox 2189 4719 3851 4794; baseline 0.005 -22"><span class='ocrx_word' id='word_1_818' title='bbox 2189 4719 2441 4790; x_wconf 84' lang='lat' dir='ltr'>Capillos</span> <span class='ocrx_word' id='word_1_819' title='bbox 2470 4738 2601 4794; x_wconf 82' lang='lat' dir='ltr'>vero</span> <span class='ocrx_word' id='word_1_820' title='bbox 2634 4722 2843 4794; x_wconf 86' lang='lat' dir='ltr'>capitis</span> <span class='ocrx_word' id='word_1_821' title='bbox 2874 4722 3020 4790; x_wconf 89' lang='lat' dir='ltr'>ejus,</span> <span class='ocrx_word' id='word_1_822' title='bbox 3056 4726 3290 4794; x_wconf 86' lang='lat' dir='ltr'>sanctos</span> <span class='ocrx_word' id='word_1_823' title='bbox 3311 4719 3561 4794; x_wconf 74' lang='lat' dir='ltr'>Angelos</span> <span class='ocrx_word' id='word_1_824' title='bbox 3590 4741 3693 4779; x_wconf 90' lang='lat' dir='ltr'>seu</span> <span class='ocrx_word' id='word_1_825' title='bbox 3717 4726 3851 4779; x_wconf 83' lang='lat' dir='ltr'>uni-</span> 
     </span>
    </p>
   </div>
   <div class='ocr_carea' id='block_1_107' title="bbox 2198 4792 3849 4919">
    <p class='ocr_par' dir='ltr' id='par_1_107' title="bbox 2198 4792 3849 4919">
     <span class='ocr_line' id='line_1_111' title="bbox 2198 4792 3849 4919; baseline 0.005 -75"><span class='ocrx_word' id='word_1_826' title='bbox 2198 4807 2395 4847; x_wconf 86' lang='lat' dir='ltr'>versos</span> <span class='ocrx_word' id='word_1_827' title='bbox 2451 4792 2661 4847; x_wconf 88' lang='lat' dir='ltr'>electos</span> <span class='ocrx_word' id='word_1_828' title='bbox 2718 4792 2908 4919; x_wconf 57' lang='lat' dir='ltr'>tygice</span> <span class='ocrx_word' id='word_1_829' title='bbox 2953 4792 3135 4863; x_wconf 86' lang='lat' dir='ltr'>accipi</span> <span class='ocrx_word' id='word_1_830' title='bbox 3179 4792 3427 4918; x_wconf 52' lang='lat' dir='ltr'>oportet:</span> <span class='ocrx_word' id='word_1_831' title='bbox 3473 4797 3546 4851; x_wconf 87' lang='lat' dir='ltr'>De</span> <span class='ocrx_word' id='word_1_832' title='bbox 3606 4813 3722 4866; x_wconf 90' lang='lat' dir='ltr'>quo</span> <span class='ocrx_word' id='word_1_833' title='bbox 3752 4814 3849 4852; x_wconf 87' lang='lat' dir='ltr'>sa-</span> 
     </span>
     <span class='ocr_line' id='line_1_112' title="bbox 2198 4863 3848 4919; baseline 0.002 -4"><span class='ocrx_word' id='word_1_834' title='bbox 2198 4869 2487 4918; x_wconf 81' lang='lat' dir='ltr'>cramento</span> <span class='ocrx_word' id='word_1_835' title='bbox 2519 4864 2575 4919; x_wconf 90' lang='lat' dir='ltr'>in</span> <span class='ocrx_word' id='word_1_836' title='bbox 2608 4864 2755 4917; x_wconf 91' lang='lat' dir='ltr'>libro</span> <span class='ocrx_word' id='word_1_837' title='bbox 2835 4863 3044 4918; x_wconf 87' lang='lat' dir='ltr'>anielis</span> <span class='ocrx_word' id='word_1_838' title='bbox 3075 4879 3216 4919; x_wconf 90' lang='lat' dir='ltr'>nron</span> <span class='ocrx_word' id='word_1_839' title='bbox 3265 4869 3369 4919; x_wconf 67' lang='lat' dir='ltr'>etin</span> <span class='ocrx_word' id='word_1_840' title='bbox 3401 4867 3689 4919; x_wconf 79' lang='lat' dir='ltr'>scriptum</span> <span class='ocrx_word' id='word_1_841' title='bbox 3734 4875 3848 4919; x_wconf 74' lang='lat' dir='ltr'>est-</span> 
     </span>
    </p>
   </div>
   <div class='ocr_carea' id='block_1_108' title="bbox 2190 4863 3848 4937">
    <p class='ocr_par' dir='ltr' id='par_1_108' title="bbox 2190 4863 3848 4937">
     <span class='ocr_line' id='line_1_113' title="bbox 2190 4863 3848 4937; baseline 0.005 -22"><span class='ocrx_word' id='word_1_842' title='bbox 2190 4869 2487 4937; x_wconf 75' lang='lat' dir='ltr'>cremento</span> <span class='ocrx_word' id='word_1_843' title='bbox 2519 4863 2759 4937; x_wconf 12' lang='lat' dir='ltr'>inrlibro’</span> <span class='ocrx_word' id='word_1_844' title='bbox 2786 4863 3044 4919; x_wconf 86' lang='lat' dir='ltr'>Danielis</span> <span class='ocrx_word' id='word_1_845' title='bbox 3075 4863 3369 4935; x_wconf 73' lang='lat' dir='ltr'>prephetaa</span> <span class='ocrx_word' id='word_1_846' title='bbox 3401 4863 3690 4937; x_wconf 75' lang='lat' dir='ltr'>scriptum</span> <span class='ocrx_word' id='word_1_847' title='bbox 3734 4875 3848 4937; x_wconf 86' lang='lat' dir='ltr'>est,</span> 
     </span>
    </p>
   </div>
   <div class='ocr_carea' id='block_1_109' title="bbox 2188 4935 3850 5010">
    <p class='ocr_par' dir='ltr' id='par_1_109' title="bbox 2188 4935 3850 5010">
     <span class='ocr_line' id='line_1_114' title="bbox 2188 4935 3850 5010; baseline 0.005 -24"><span class='ocrx_word' id='word_1_848' title='bbox 2188 4935 2529 5010; x_wconf 79' lang='lat' dir='ltr'>Aspiciebam</span> <span class='ocrx_word' id='word_1_849' title='bbox 2561 4936 2728 5010; x_wconf 84' lang='lat' dir='ltr'>donec</span> <span class='ocrx_word' id='word_1_850' title='bbox 2768 4938 2953 4990; x_wconf 79' lang='lat' dir='ltr'>throni</span> <span class='ocrx_word' id='word_1_851' title='bbox 2968 4937 3139 5010; x_wconf 83' lang='lat' dir='ltr'>positi</span> <span class='ocrx_word' id='word_1_852' title='bbox 3165 4940 3314 5004; x_wconf 87' lang='lat' dir='ltr'>sunt,</span> <span class='ocrx_word' id='word_1_853' title='bbox 3345 4940 3396 4991; x_wconf 87' lang='lat' dir='ltr'>et</span> <span class='ocrx_word' id='word_1_854' title='bbox 3424 4935 3695 5010; x_wconf 22' lang='lat' dir='ltr'>Anl‘iquus</span> <span class='ocrx_word' id='word_1_855' title='bbox 3731 4935 3850 4995; x_wconf 52' lang='lat' dir='ltr'>die;</span> 
     </span>
    </p>
   </div>
   <div class='ocr_carea' id='block_1_110' title="bbox 2188 5007 3853 5078">
    <p class='ocr_par' dir='ltr' id='par_1_110' title="bbox 2188 5007 3853 5078">
     <span class='ocr_line' id='line_1_115' title="bbox 2188 5007 3853 5078; baseline 0.006 -21"><span class='ocrx_word' id='word_1_856' title='bbox 2188 5021 2311 5059; x_wconf 89' lang='lat' dir='ltr'>rum</span> <span class='ocrx_word' id='word_1_857' title='bbox 2340 5007 2523 5061; x_wconf 76' lang='lat' dir='ltr'>sedit:</span> <span class='ocrx_word' id='word_1_858' title='bbox 2556 5009 2939 5061; x_wconf 78' lang='lat' dir='ltr'>vestimentum</span> <span class='ocrx_word' id='word_1_859' title='bbox 2994 5008 3115 5078; x_wconf 83' lang='lat' dir='ltr'>ejus</span> <span class='ocrx_word' id='word_1_860' title='bbox 3153 5010 3318 5078; x_wconf 84' lang='lat' dir='ltr'>quasi</span> <span class='ocrx_word' id='word_1_861' title='bbox 3362 5010 3471 5063; x_wconf 74' lang='lat' dir='ltr'>nia:</span> <span class='ocrx_word' id='word_1_862' title='bbox 3515 5007 3752 5065; x_wconf 77' lang='lat' dir='ltr'>candida</span> <span class='ocrx_word' id='word_1_863' title='bbox 3799 5020 3853 5067; x_wconf 78' lang='lat' dir='ltr'>et</span> 
     </span>
    </p>
   </div>
   <div class='ocr_carea' id='block_1_111' title="bbox 2186 5078 3853 5150">
    <p class='ocr_par' dir='ltr' id='par_1_111' title="bbox 2186 5078 3853 5150">
     <span class='ocr_line' id='line_1_116' title="bbox 2186 5078 3853 5150; baseline 0.005 -21"><span class='ocrx_word' id='word_1_864' title='bbox 2186 5078 2379 5150; x_wconf 70' lang='lat' dir='ltr'>capilli</span> <span class='ocrx_word' id='word_1_865' title='bbox 2400 5080 2599 5150; x_wconf 82' lang='lat' dir='ltr'>capitis</span> <span class='ocrx_word' id='word_1_866' title='bbox 2621 5078 2741 5147; x_wconf 85' lang='lat' dir='ltr'>ejus</span> <span class='ocrx_word' id='word_1_867' title='bbox 2771 5081 2929 5148; x_wconf 88' lang='lat' dir='ltr'>quasi</span> <span class='ocrx_word' id='word_1_868' title='bbox 2950 5079 3079 5132; x_wconf 89' lang='lat' dir='ltr'>lana</span> <span class='ocrx_word' id='word_1_869' title='bbox 3107 5078 3313 5133; x_wconf 85' lang='lat' dir='ltr'>munda</span> <span class='ocrx_word' id='word_1_870' title='bbox 3335 5081 3603 5148; x_wconf 85' lang='lat' dir='ltr'>(Dan.v11,</span> <span class='ocrx_word' id='word_1_871' title='bbox 3626 5082 3704 5150; x_wconf 87' lang='grc'>9).</span> <span class='ocrx_word' id='word_1_872' title='bbox 3732 5082 3853 5139; x_wconf 81' lang='lat' dir='ltr'>Hoc</span> 
     </span>
    </p>
   </div>
   <div class='ocr_carea' id='block_1_112' title="bbox 2187 5148 3848 5223">
    <p class='ocr_par' dir='ltr' id='par_1_112' title="bbox 2187 5148 3848 5223">
     <span class='ocr_line' id='line_1_117' title="bbox 2187 5148 3848 5223; baseline 0.006 -24"><span class='ocrx_word' id='word_1_873' title='bbox 2187 5148 2341 5201; x_wconf 90' lang='lat' dir='ltr'>enim</span> <span class='ocrx_word' id='word_1_874' title='bbox 2363 5149 2655 5223; x_wconf 75' lang='lat' dir='ltr'>significat</span> <span class='ocrx_word' id='word_1_875' title='bbox 2674 5151 3195 5223; x_wconf 12' lang='lat' dir='ltr'>perivestimentum</span> <span class='ocrx_word' id='word_1_876' title='bbox 3211 5153 3340 5220; x_wconf 87' lang='lat' dir='ltr'>ejus</span> <span class='ocrx_word' id='word_1_877' title='bbox 3353 5152 3561 5207; x_wconf 88' lang='lat' dir='ltr'>candid</span> <span class='ocrx_word' id='word_1_878' title='bbox 3574 5148 3675 5209; x_wconf 84' lang='lat' dir='ltr'>um</span> <span class='ocrx_word' id='word_1_879' title='bbox 3694 5155 3848 5223; x_wconf 88' lang='lat' dir='ltr'>quod</span> 
     </span>
    </p>
   </div>
   <div class='ocr_carea' id='block_1_113' title="bbox 2185 5220 3849 5293">
    <p class='ocr_par' dir='ltr' id='par_1_113' title="bbox 2185 5220 3849 5293">
     <span class='ocr_line' id='line_1_118' title="bbox 2185 5220 3849 5293; baseline 0.007 -23"><span class='ocrx_word' id='word_1_880' title='bbox 2185 5222 2241 5293; x_wconf 82' lang='lat' dir='ltr'>et</span> <span class='ocrx_word' id='word_1_881' title='bbox 2272 5235 2371 5289; x_wconf 88' lang='lat' dir='ltr'>per</span> <span class='ocrx_word' id='word_1_882' title='bbox 2392 5220 2635 5293; x_wconf 83' lang='lat' dir='ltr'>capillos</span> <span class='ocrx_word' id='word_1_883' title='bbox 2662 5222 2870 5292; x_wconf 90' lang='lat' dir='ltr'>capitis</span> <span class='ocrx_word' id='word_1_884' title='bbox 2902 5223 3054 5288; x_wconf 87' lang='lat' dir='ltr'>ejus,</span> <span class='ocrx_word' id='word_1_885' title='bbox 3092 5229 3323 5277; x_wconf 87' lang='lat' dir='ltr'>sanctos</span> <span class='ocrx_word' id='word_1_886' title='bbox 3355 5223 3623 5279; x_wconf 89' lang='lat' dir='ltr'>videlicet</span> <span class='ocrx_word' id='word_1_887' title='bbox 3650 5220 3849 5293; x_wconf 57' lang='lat' dir='ltr'>Auge-</span> 
     </span>
    </p>
   </div>
   <div class='ocr_carea' id='block_1_114' title="bbox 2186 5288 3853 5353">
    <p class='ocr_par' dir='ltr' id='par_1_114' title="bbox 2186 5288 3853 5353">
     <span class='ocr_line' id='line_1_119' title="bbox 2186 5288 3853 5353; baseline 0.007 -11"><span class='ocrx_word' id='word_1_888' title='bbox 2186 5288 2283 5343; x_wconf 85' lang='lat' dir='ltr'>los</span> <span class='ocrx_word' id='word_1_889' title='bbox 2303 5295 2361 5344; x_wconf 90' lang='lat' dir='ltr'>et</span> <span class='ocrx_word' id='word_1_890' title='bbox 2395 5288 2830 5346; x_wconf 78' lang='lat' dir='ltr'>multitudinem</span> <span class='ocrx_word' id='word_1_891' title='bbox 2883 5298 3219 5347; x_wconf 87' lang='lat' dir='ltr'>sanctorum</span> <span class='ocrx_word' id='word_1_892' title='bbox 3269 5295 3695 5351; x_wconf 82' lang='lat' dir='ltr'>dealbatorum.</span> <span class='ocrx_word' id='word_1_893' title='bbox 3743 5288 3853 5353; x_wconf 70' lang='lat' dir='ltr'>Vel</span> 
     </span>
    </p>
   </div>
   <div class='ocr_carea' id='block_1_115' title="bbox 2185 5362 3853 5437">
    <p class='ocr_par' dir='ltr' id='par_1_115' title="bbox 2185 5362 3853 5437">
     <span class='ocr_line' id='line_1_120' title="bbox 2185 5362 3853 5437; baseline 0.007 -24"><span class='ocrx_word' id='word_1_894' title='bbox 2185 5366 2336 5437; x_wconf 82' lang='lat' dir='ltr'>certe</span> <span class='ocrx_word' id='word_1_895' title='bbox 2371 5362 2495 5417; x_wconf 90' lang='lat' dir='ltr'>ideo</span> <span class='ocrx_word' id='word_1_896' title='bbox 2518 5362 2709 5433; x_wconf 90' lang='lat' dir='ltr'>capilli</span> <span class='ocrx_word' id='word_1_897' title='bbox 2736 5365 2865 5437; x_wconf 82' lang='lat' dir='ltr'>ejus</span> <span class='ocrx_word' id='word_1_898' title='bbox 2890 5366 3032 5418; x_wconf 73' lang='lat' dir='ltr'>lanae</span> <span class='ocrx_word' id='word_1_899' title='bbox 3059 5365 3287 5419; x_wconf 67' lang='lat' dir='ltr'>mundae</span> <span class='ocrx_word' id='word_1_900' title='bbox 3306 5373 3747 5437; x_wconf 88' lang='lat' dir='ltr'>comparantur,</span> <span class='ocrx_word' id='word_1_901' title='bbox 3783 5373 3853 5424; x_wconf 85' lang='lat' dir='ltr'>ut</span> 
     </span>
    </p>
   </div>
   <div class='ocr_carea' id='block_1_116' title="bbox 2181 5432 3850 5555">
    <p class='ocr_par' dir='ltr' id='par_1_116' title="bbox 2181 5432 3850 5555">
     <span class='ocr_line' id='line_1_121' title="bbox 2181 5432 3850 5555; baseline 0.007 -70"><span class='ocrx_word' id='word_1_902' title='bbox 2181 5448 2284 5555; x_wconf 60' lang='lat' dir='ltr'>per</span> <span class='ocrx_word' id='word_1_903' title='bbox 2314 5432 2727 5504; x_wconf 74' lang='lat' dir='ltr'>hocAntiQuus</span> <span class='ocrx_word' id='word_1_904' title='bbox 2750 5432 2973 5489; x_wconf 85' lang='lat' dir='ltr'>dierum</span> <span class='ocrx_word' id='word_1_905' title='bbox 3002 5452 3130 5491; x_wconf 89' lang='lat' dir='ltr'>esse</span> <span class='ocrx_word' id='word_1_906' title='bbox 3178 5432 3464 5492; x_wconf 74' lang='lat' dir='ltr'>credatur.</span> <span class='ocrx_word' id='word_1_907' title='bbox 3498 5438 3717 5494; x_wconf 89' lang='lat' dir='ltr'>Oculos</span> <span class='ocrx_word' id='word_1_908' title='bbox 3742 5440 3850 5495; x_wconf 82' lang='lat' dir='ltr'>ha-</span> 
     </span>
     <span class='ocr_line' id='line_1_122' title="bbox 2224 5505 3842 5555; baseline 0 0"><span class='ocrx_word' id='word_1_909' title='bbox 2224 5519 2317 5555; x_wconf 90' lang='lat' dir='ltr'>ere</span> <span class='ocrx_word' id='word_1_910' title='bbox 2347 5505 2560 5555; x_wconf 82' lang='lat' dir='ltr'>dicitur</span> <span class='ocrx_word' id='word_1_911' title='bbox 2586 5509 2751 5555; x_wconf 76' lang='lat' dir='ltr'>heus-</span> <span class='ocrx_word' id='word_1_912' title='bbox 2790 5524 2890 5555; x_wconf 86' lang='lat' dir='ltr'>nm</span> <span class='ocrx_word' id='word_1_913' title='bbox 2917 5523 2982 5555; x_wconf 73' lang='lat' dir='ltr'>on</span> <span class='ocrx_word' id='word_1_914' title='bbox 3006 5507 3157 5555; x_wconf 87' lang='lat' dir='ltr'>mmd</span> <span class='ocrx_word' id='word_1_915' title='bbox 3182 5508 3375 5555; x_wconf 72' lang='lat' dir='ltr'>omnia</span> <span class='ocrx_word' id='word_1_916' title='bbox 3410 5510 3567 5555; x_wconf 68' lang='lat' dir='ltr'>videt</span> <span class='ocrx_word' id='word_1_917' title='bbox 3603 5517 3660 5555; x_wconf 75' lang='grc' dir='ltr'>ρΙ.</span> <span class='ocrx_word' id='word_1_918' title='bbox 3696 5512 3842 5555; x_wconf 81' lang='lat' dir='ltr'>nihil</span> 
     </span>
    </p>
   </div>
   <div class='ocr_carea' id='block_1_117' title="bbox 2224 5505 3846 5577">
    <p class='ocr_par' dir='ltr' id='par_1_117' title="bbox 2224 5505 3846 5577">
     <span class='ocr_line' id='line_1_123' title="bbox 2224 5505 3846 5577; baseline 0.007 -21"><span class='ocrx_word' id='word_1_919' title='bbox 2224 5519 2317 5557; x_wconf 91' lang='lat' dir='ltr'>ere</span> <span class='ocrx_word' id='word_1_920' title='bbox 2347 5505 2560 5560; x_wconf 90' lang='lat' dir='ltr'>dicitur</span> <span class='ocrx_word' id='word_1_921' title='bbox 2586 5509 2752 5571; x_wconf 73' lang='lat' dir='ltr'>licus,</span> <span class='ocrx_word' id='word_1_922' title='bbox 2790 5524 2890 5577; x_wconf 91' lang='lat' dir='ltr'>pro</span> <span class='ocrx_word' id='word_1_923' title='bbox 2917 5523 2982 5562; x_wconf 81' lang='lat' dir='ltr'>eo</span> <span class='ocrx_word' id='word_1_924' title='bbox 3006 5507 3159 5577; x_wconf 90' lang='lat' dir='ltr'>quod</span> <span class='ocrx_word' id='word_1_925' title='bbox 3182 5508 3378 5564; x_wconf 91' lang='lat' dir='ltr'>omnia</span> <span class='ocrx_word' id='word_1_926' title='bbox 3410 5510 3567 5565; x_wconf 88' lang='lat' dir='ltr'>videt</span> <span class='ocrx_word' id='word_1_927' title='bbox 3603 5517 3660 5566; x_wconf 90' lang='lat' dir='ltr'>et</span> <span class='ocrx_word' id='word_1_928' title='bbox 3696 5512 3846 5567; x_wconf 88' lang='lat' dir='ltr'>nihil</span> 
     </span>
    </p>
   </div>
   <div class='ocr_carea' id='block_1_118' title="bbox 2180 5577 3846 5651">
    <p class='ocr_par' dir='ltr' id='par_1_118' title="bbox 2180 5577 3846 5651">
     <span class='ocr_line' id='line_1_124' title="bbox 2180 5577 3846 5651; baseline 0.006 -23"><span class='ocrx_word' id='word_1_929' title='bbox 2180 5590 2314 5629; x_wconf 89' lang='lat' dir='ltr'>eum</span> <span class='ocrx_word' id='word_1_930' title='bbox 2348 5577 2505 5639; x_wconf 85' lang='lat' dir='ltr'>latet,</span> <span class='ocrx_word' id='word_1_931' title='bbox 2526 5580 2589 5633; x_wconf 89' lang='lat' dir='ltr'>in</span> <span class='ocrx_word' id='word_1_932' title='bbox 2610 5580 2763 5651; x_wconf 83' lang='lat' dir='ltr'>cujus</span> <span class='ocrx_word' id='word_1_933' title='bbox 2783 5588 3059 5649; x_wconf 8' lang='lat' dir='ltr'>conspectu,</span> <span class='ocrx_word' id='word_1_934' title='bbox 3087 5585 3152 5634; x_wconf 90' lang='lat' dir='ltr'>ut</span> <span class='ocrx_word' id='word_1_935' title='bbox 3181 5579 3262 5634; x_wconf 88' lang='lat' dir='ltr'>ait</span> <span class='ocrx_word' id='word_1_936' title='bbox 3294 5581 3626 5651; x_wconf 83' lang='lat' dir='ltr'>Apostolus,</span> <span class='ocrx_word' id='word_1_937' title='bbox 3660 5583 3846 5639; x_wconf 84' lang='lat' dir='ltr'>nulla</span> 
     </span>
    </p>
   </div>
   <div class='ocr_carea' id='block_1_119' title="bbox 2177 5650 3848 5729">
    <p class='ocr_par' dir='ltr' id='par_1_119' title="bbox 2177 5650 3848 5729">
     <span class='ocr_line' id='line_1_125' title="bbox 2177 5650 3848 5729; baseline 0.006 -25"><span class='ocrx_word' id='word_1_938' title='bbox 2177 5652 2429 5705; x_wconf 83' lang='lat' dir='ltr'>creatura</span> <span class='ocrx_word' id='word_1_939' title='bbox 2461 5650 2767 5706; x_wconf 83' lang='lat' dir='ltr'>invisibilis</span> <span class='ocrx_word' id='word_1_940' title='bbox 2784 5652 3087 5718; x_wconf 86' lang='lat' dir='ltr'>est,0mnia</span> <span class='ocrx_word' id='word_1_941' title='bbox 3118 5654 3269 5708; x_wconf 86' lang='lat' dir='ltr'>enim</span> <span class='ocrx_word' id='word_1_942' title='bbox 3279 5650 3429 5710; x_wconf 81' lang='lat' dir='ltr'>nuda</span> <span class='ocrx_word' id='word_1_943' title='bbox 3439 5663 3494 5711; x_wconf 87' lang='lat' dir='ltr'>et</span> <span class='ocrx_word' id='word_1_944' title='bbox 3505 5661 3698 5729; x_wconf 83' lang='lat' dir='ltr'>aperta</span> <span class='ocrx_word' id='word_1_945' title='bbox 3712 5660 3848 5715; x_wconf 71' lang='lat' dir='ltr'>sunt</span> 
     </span>
    </p>
   </div>
   <div class='ocr_carea' id='block_1_120' title="bbox 2258 5736 3182 5809">
    <p class='ocr_par' dir='ltr' id='par_1_120' title="bbox 2258 5736 3182 5809">
     <span class='ocr_line' id='line_1_126' title="bbox 2258 5736 3182 5809; baseline 0.008 -21"><span class='ocrx_word' id='word_1_946' title='bbox 2258 5736 2269 5769; x_wconf 88' lang='grc'>¹</span> <span class='ocrx_word' id='word_1_947' title='bbox 2292 5736 2447 5803; x_wconf 79' lang='lat' dir='ltr'>Apud</span> <span class='ocrx_word' id='word_1_948' title='bbox 2479 5739 2884 5809; x_wconf 77' lang='lat' dir='ltr'>Hieronymum,</span> <span class='ocrx_word' id='word_1_949' title='bbox 2899 5739 3182 5795; x_wconf 80' lang='lat' dir='ltr'>Sumenda.</span> 
     </span>
    </p>
   </div>
  </div>
