4128 6186
418 229 572 292 1203

418 382 485 421 eo
508 363 660 435 quod
686 364 835 419 circa
858 363 1031 420 tinem
1058 366 1259 421 mundi
1284 366 1411 437 ipsa
1435 367 1754 422 incarnatio
1780 368 1925 420 facta
1947 372 2054 420 est.

421 437 584 492 Sicut
599 436 750 491 enim
778 452 878 509 per
897 443 1091 508 caput,
1109 436 1524 503 utdictnmest,
1539 440 1841 503 divinitas;
1866 440 1945 492 ita
1958 454 2059 509 per

461 510 594 562 cdes
621 508 938 582 ﬁguraliter
960 510 1295 564 humanitas
1317 513 1443 581 ejus
1458 510 1801 582 exprimitur
1821 526 1833 562 :
1855 511 1924 563 de
1943 526 2058 579 qua

461 526 594 562 cnes
621 526 938 579 nguranter
961 526 1295 564 numaniias
1317 526 1801 582 PJUSBXpl‘lmllUP
1821 526 1833 562 :
1855 526 1924 563 ne
1943 526 2058 579 qua

421 526 785 653 Romanitate
816 580 874 633 in
909 582 1099 635 Exodo
1146 583 1430 653 scriptum
1464 589 1575 645 est,
1613 581 2068 653 Videmntheum

424 651 609 713 Israel,
644 651 749 705 hoc
771 656 878 715 est,
908 653 1127 723 Moyses
1148 658 1205 707 et
1223 651 1407 707 Aaron
1433 659 1489 708 et
1520 654 1717 708 Nadab
1741 661 1794 707 et
1830 652 1977 706 Abiu
2011 656 2067 706 et

424 725 794 793 septuaginta
829 725 901 796 de
930 724 1257 779 senioribus
1280 726 1501 796 populi,
1519 734 1570 780 et
1588 726 1685 779 sub
1703 725 1933 796 pedibus
1954 725 2066 793 ejus

424 809 493 864 qu
506 796 731 864 asi0pus
754 793 1296 867 lapidissapphirini,
1321 793 1373 851 et
1390 799 1555 867 quasi
1574 793 1763 851 cretum
1778 813 1900 850 cum
1912 810 2063 849 sere-

423 880 561 919 num
579 874 655 938 est
692 866 880 935 (Exod.
922 884 1071 937 xxxv,
1117 868 1224 937 10).
1264 866 1427 922 Sicut
1458 873 1649 922 autem
1682 885 1783 938 per
1814 867 2067 938 lapidem

424 936 832 1007 sapphirinum
857 938 1118 993 ccelestes
1139 936 1456 1006 creaturas,
1484 940 1541 994 id
1568 936 1935 1005 est—sanctos
1959 940 2067 992 An-

465 953 491 991 a
538 953 832 1007 pnirinnm
857 953 1118 993 scelestas
1139 953 1456 1006 creaturas,
1484 953 1541 994 in
1568 953 1675 1005 est,
1700 953 1935 993 sanctos
1959 953 2066 992 an-

465 953 589 1062 efos
616 1027 628 1074 ;
662 1009 741 1063 ita
769 1026 869 1079 per
912 1010 1119 1064 ccelum
1152 1026 1422 1066 serenum
1456 1016 1720 1066 sanctam
1752 1010 2066 1066 electorum

473 1078 741 1135 cclesiam
769 1078 825 1136 in
858 1080 1199 1153 hominibus
1232 1089 1597 1153 assumptam
1624 1082 1946 1152 figuraliter
1967 1081 2068 1134 de~

428 1155 756 1234 monstrare
786 1152 1204 1234 voluit.“Super
1233 1171 1379 1234 quas
1411 1152 1558 1208 duas
1580 1159 1871 1234 creaturas
1896 1154 2069 1233 homo

428 1228 770 1297 assumptus
787 1240 819 1278 a
835 1223 978 1297 Filio
990 1224 1089 1297 Dei
1104 1222 1158 1278 in
1179 1222 1522 1297 perpetuum
1539 1230 1764 1297 regnat.
1788 1230 1863 1279 De
1880 1240 1991 1294 quo
2004 1222 2069 1297 in

430 1293 684 1368 Psalmo,
712 1294 910 1368 Omnia
930 1296 1139 1368 inquit,
1162 1293 1262 1351 sub
1276 1293 1507 1368 pedibus
1522 1293 1644 1363 eius
1661 1296 1829 1368 (Psal.
1846 1293 1968 1361 vni,
1982 1294 2069 1368 78h).

428 1365 609 1421 Aliter
627 1382 727 1437 per
749 1367 923 1438 pedes
945 1365 1196 1435 Domini,
1221 1365 1402 1437 idest,
1427 1368 1563 1423 Jesu
1582 1367 1819 1434 Christi,
1842 1366 2073 1436 signiﬁ-

430 1438 539 1493 cati
565 1442 703 1510 sunt
726 1438 908 1493 sancti
934 1440 1358 1508 praedicatores,
1383 1442 1453 1494 de
1476 1440 1690 1510 quibus
1714 1440 1769 1493 in
1791 1440 2073 1493 Deutero-

429 1508 628 1563 nomio
651 1510 936 1580 scriptum
960 1515 1068 1573 est,
1093 1514 1202 1579 Qui
1223 1508 1666 1581 appropinquant
1692 1511 1918 1580 pedibus
1934 1512 2070 1581 ejus,

432 1582 703 1653 accipient
720 1582 784 1635 de
800 1582 1055 1653 doctrina
1077 1586 1198 1653 ejus
1220 1584 1393 1651 (Deut.
1422 1598 1619 1644 xxxm,
1642 1582 1717 1652 3).
1742 1582 2071 1637 Vestimen-

433 1656 560 1706 tum
590 1652 709 1706 Filii
738 1654 835 1707 Dei
869 1652 1183 1723 aliquando
1214 1671 1344 1708 caro
1375 1655 1523 1724 ejus,
1554 1670 1681 1724 quae
1710 1672 1743 1707 a
1773 1654 2075 1709 divinitate

432 1729 870 1797 assumptaest,
894 1724 953 1777 in
976 1724 1187 1779 divinis
1213 1725 1397 1780 Libris
1422 1726 1742 1797 ﬁguraliter
1762 1727 2070 1795 accipitur:

437 1795 507 1849 de
530 1796 1002 1868 qnoindumento
1021 1798 1213 1851 carnis
1234 1800 1360 1866 ejus
1386 1795 1562 1851 Isaias
1585 1798 1863 1868 propheta
1880 1797 2075 1851 vatici-

440 1882 588 1938 nans
611 1866 709 1931 ait,
736 1867 843 1933 Qui
862 1870 943 1921 est
964 1869 1065 1921 iste
1083 1870 1336 1938 quivcnit
1348 1869 1412 1923 de
1428 1866 1599 1923 Edoni
1604 1911 1615 1931 ,
1636 1866 1823 1923 tinctis
1838 1870 2075 1923 vestibus

437 1936 507 2009 de
530 1940 694 1991 Bosra
714 1936 1144 2007 (Isai.cx111,lj?
1169 1940 1422 1995 Rursum
1447 1940 1790 1995 vestimenta
1810 1941 2072 2009 ejusdem

439 2007 693 2083 Domini,
711 2016 913 2083 sancta
932 2009 1216 2080 accipitur
1239 2011 1515 2081 Ecclesia,
1543 2029 1670 2083 quae
1700 2007 1997 2083 periidem
2021 2018 2077 2067 et

440 2079 809 2135 dilectionem
834 2080 883 2134 ei
908 2079 1219 2150 conjuncta
1240 2088 1356 2137 est:
1377 2084 1447 2137 de
1470 2079 1660 2153 quain
1684 2079 1916 2138 Psalmo
1938 2084 2076 2138 scri-

438 2156 605 2223 ptum
624 2155 731 2215 est,
754 2153 1296 2225 Dominusregnavit,
1309 2155 1557 2210 decorem
1569 2157 1803 2210 indutus
1814 2155 2072 2225 est(Psal.

434 2222 571 2298 non,
598 2224 647 2293 1)
668 2240 681 2289 ;
706 2227 763 2278 et
782 2222 845 2298 in_
863 2223 977 2278 alio
1001 2222 1225 2298 psalmo
1249 2227 1319 2280 ad
1343 2228 1538 2298 ipsum
1569 2222 1918 2296 Dominum,
1938 2226 2075 2281 Con-

430 2295 725 2367 fessionem
743 2303 794 2349 et
811 2294 1062 2351 decorem
1082 2296 1331 2363 induisti,
1354 2294 1582 2353 amictus
1600 2299 1808 2353 lumine
1826 2294 1970 2352 sicut
1991 2314 2077 2353 ve-

432 2368 689 2440 s_timento
709 2367 879 2431 (Psal.
904 2368 1121 2440 ciu,ﬂ2).
1152 2368 1352 2423 Pallim
1377 2370 1753 2439 Christi,jam
1778 2369 1931 2424 dicta
1947 2371 2075 2440 ejus

432 2437 688 2513 Ecclesia
718 2437 1284 2513 recte_intelligilur:
1315 2443 1385 2495 de
1416 2458 1533 2513 qua
1563 2437 1800 2496 inilibro
1832 2437 2074 2497 Genesis

430 2509 716 2591 scriptum
740 2514 848 2579 est,
874 2509 1108 2591 pavebit
1132 2513 1188 2565 in
1210 2514 1335 2567 vino
1355 2509 1553 2567 stolam
1573 2530 1748 2591 suam,
1777 2512 1883 2591 hoc
1904 2518 1994 2567 est
2015 2514 2072 2567 in

430 2582 715 2655 sanguine
738 2582 1028 2655 passionis
1050 2599 1282 2638 carnem
1306 2600 1473 2639 suam
1498 2602 1511 2651 ;
1531 2594 1583 2639 et
1598 2587 1654 2639 in
1677 2587 1944 2655 sanguine
1957 2601 2074 2639 uvw

427 2652 663 2724 pallium
681 2652 1008 2724 suum(Gen.
1033 2671 1183 2718 XLIX,
1211 2657 1319 2724 11),
1343 2656 1398 2709 id
1414 2663 1522 2719 est,
1544 2652 1857 2711 Ecclesium
1881 2673 2070 2711 suam.

429 2723 832 2799 Calceamenta
854 2723 1080 2799 Domini
1108 2728 1289 2781 nostri
1315 2727 1453 2782 Jesu
1477 2727 1691 2783 Christi
1721 2729 1961 2799 mystice
1992 2730 2071 2781 si-

429 2796 1177 2870 gniﬁcantincarnationem
1193 2799 1520 2869 ejus,quam
1537 2815 1605 2853 ex
1622 2796 1969 2854 mortalitate
1983 2816 2074 2870 ge-

430 2867 586 2941 neris
608 2867 847 2941 humani
871 2884 1172 2924 assumere
1192 2867 1467 2940 dignatus
1492 2877 1613 2925 est:
1644 2872 1713 2924 de
1737 2888 1853 2941 qua
1883 2867 2072 2925 incar-

429 2937 666 3012 natione
697 2955 804 2993 sua
837 2939 959 3008 ipse
989 2956 1091 3011 per
1126 2937 1473 3012 Prophetam
1519 2942 1578 2996 in
1612 2937 1841 2997 Psalmo
1872 2943 1972 3011 ait,
2005 2947 2073 2998 In

430 3011 731 3085 Idumaeam
762 3012 1049 3085 extendam
1079 3011 1512 3085 calceamentum
1542 3030 1724 3068 meum
1757 3015 1932 3085 (Psal.
1960 3031 2067 3081 Lix,

433 3083 517 3150 10)
546 3107 557 3137 :
587 3082 638 3135 id
666 3088 773 3145 est,
798 3082 948 3152 plebi
970 3082 1285 3138 Gentilium
1317 3086 1704 3139 manil’estabo
1724 3082 2071 3139 incarnatio-

433 3169 564 3206 nem
591 3168 801 3206 meam.
827 3154 1075 3209 Gressns
1100 3156 1215 3217 Dei,
1241 3157 1524 3210 adventus
1550 3157 1675 3210 Filii
1704 3157 1795 3211 Dei
1820 3158 1875 3210 in
1902 3173 2070 3211 mun-

432 3224 658 3297 dum,et
670 3225 953 3297 regressio
967 3225 1094 3297 ejus
1107 3226 1175 3279 ad
1186 3230 1409 3281 Patrem
1430 3245 1441 3281 :
1458 3229 1528 3281 de
1542 3228 1757 3297 quibus
1770 3229 2071 3296 gressibus

429 3294 745 3370 Ifsalmista
765 3294 939 3370 canit,
975 3296 1087 3350 Visi
1113 3307 1241 3351 sunt
1270 3314 1490 3370 gressus
1518 3294 1608 3351 tui
1636 3294 2075 3369 Deus,ingressus

427 3366 525 3440 Dei
538 3368 652 3422 mei
667 3367 811 3440 regis
825 3368 922 3438 qui
942 3377 1020 3423 est
1040 3370 1096 3422 in
1115 3366 1298 3423 sancto
1320 3370 1336 3440 (
1348 3371 1490 3424 Psal.
1517 3386 1684 3437 vau,
1703 3372 1815 3437 25).
1832 3366 1908 3425 De
1930 3370 2071 3426 ccelo

424 3439 579 3493 enim
595 3438 822 3512 venitin
840 3443 1067 3493 uterum
1086 3438 1421 3511 virginis,de
1434 3447 1600 3495 utero
1615 3458 1744 3497 vero
1760 3443 2070 3512 nascendo,

426 3513 653 3584 positus
676 3515 766 3564 est
787 3510 842 3563 in
864 3510 1503 3584 praesepio.’Postquam
1526 3516 1724 3567 autem
1747 3514 1945 3568 omnia
1961 3510 2072 3569 im;

426 3581 628 3657 plevit,
641 3598 749 3657 pro
773 3582 991 3657 quibus
1013 3583 1233 3657 aPatre
1257 3581 1476 3640 missus
1497 3590 1750 3649 venerat,
1775 3602 2071 3657 appensus

426 3652 592 3727 estin
616 3652 772 3725 ligno
791 3654 1012 3727 crucis:
1034 3655 1103 3709 de
1123 3672 1292 3710 cruce
1309 3662 1497 3711 autem
1519 3652 1839 3727 depositus,
1853 3652 2069 3712 secun-

425 3725 564 3779 dum
585 3740 816 3779 carnem
836 3725 1103 3795 sepultus
1116 3731 1224 3795 est,
1241 3729 1564 3783 secundum
1581 3725 1837 3782 animam
1852 3745 1985 3783 vero
1998 3730 2070 3783 ad

423 3795 653 3870 inferna
669 3795 997 3852 descendit:
1018 3799 1191 3853 tertia
1211 3804 1404 3853 autem
1426 3800 1517 3855 die
1536 3815 1636 3869 per
1654 3800 1972 3870 potentiam
1991 3801 2073 3854 di-

424 3867 683 3942 vinitatis
700 3885 817 3923 suis
835 3884 1067 3942 carnem
1088 3886 1254 3925 suam
1278 3872 1347 3925 de
1366 3867 1634 3942 sepulcro
1652 3867 1987 3926 suscitavit:
2015 3878 2072 3927 et

426 3944 561 4013 post
583 3939 714 4013 dies
736 3940 1178 4013 resurrectionis
1214 3959 1352 4013 suae,
1377 3939 1825 4013 quadragesimo
1849 3943 2073 3998 scilicet

427 4011 518 4065 die
542 4011 876 4083 videntibus
902 4012 1193 4081 Apostolis
1212 4011 1474 4068 ascendit
1495 4015 1551 4069 in
1578 4011 1785 4069 coelum
1807 4015 1943 4083 (Act.
1962 4016 2067 4083 19),

424 4086 480 4138 et
502 4082 755 4156 sedetad
783 4083 1076 4156 dexteram
1099 4085 1303 4156 Patris,
1329 4086 1385 4139 id
1410 4091 1517 4149 est,
1542 4087 1596 4141 in
1621 4082 1974 4156 gloriaejns.
2002 4086 2069 4141 Hi

423 4159 564 4208 sunt
586 4154 739 4208 enim
764 4169 1001 4223 gressus
1028 4155 1154 4209 Filii
1180 4157 1299 4225 Dei,
1330 4158 1434 4211 iste
1456 4154 1774 4212 descensus
1788 4163 1843 4211 et
1858 4154 2066 4212 ascen-

421 4241 522 4300 sus
546 4226 672 4300 ejus
696 4225 796 4295 qui
834 4226 1168 4300 frequenter
1198 4231 1253 4283 in
1281 4228 1462 4283 sacris
1493 4229 1809 4300 Scripturis
1835 4228 2065 4299 legitur.

419 4298 749 4352 Ascendere
780 4301 931 4352 Dens
962 4298 1198 4362 dicitur,
1232 4316 1363 4354 cum
1399 4300 1575 4355 Filius
1611 4298 1703 4355 Dei
1736 4298 1970 4355 carnem
1998 4302 2069 4356 de

419 4370 588 4424 nobis
610 4373 975 4443 assumptam
1000 4371 1056 4443 in
1071 4370 1279 4425 cmlum
1294 4371 1454 4427 velut
1470 4372 1756 4443 captivam
1772 4372 2072 4428 duxitzsic-

420 4446 487 4515 ut
517 4447 606 4495 est
633 4440 771 4495 illud
792 4442 863 4515 in
898 4441 1148 4507 Psalmo,
1184 4444 1434 4498 Ascendit
1466 4446 1523 4498 in
1542 4440 1749 4512 altum,
1783 4446 2067 4515 captivam

418 4512 576 4566 duxit
596 4514 968 4585 captivitatem
987 4515 1153 4584 (Psal.
1178 4532 1347 4578 van,
1374 4516 1490 4581 19);
1513 4516 1650 4585 quia
1667 4512 1936 4569 naturam
1956 4516 2063 4570 hu-

418 4585 574 4656 mani
602 4584 853 4653 generis.
881 4601 1006 4655 quae
1029 4603 1061 4639 a
1084 4586 1316 4641 diabolo
1339 4584 1567 4656 captiva
1590 4588 1647 4641 in
1673 4588 1892 4641 mundo
1928 4589 2062 4642 reti-

417 4654 1227 4728 nebatur,assumens,secum
1242 4659 1299 4712 in
1315 4654 1522 4714 castum
1540 4659 1633 4713 ubi
1652 4675 1953 4728 nunquam
1970 4676 2067 4713 an-

414 4726 728 4809 teaofuerat,
747 4730 1027 4809 tanquam
1043 4730 1327 4809 captivam
1342 4726 2064 4809 deportavit_.Absconder_-e

414 4797 619 4853 faciem
649 4814 814 4873 suam
841 4796 993 4873 Deus
1014 4796 1243 4873 legitur,
1268 4796 1777 4873 cum'qnibusdam
1802 4802 2061 4869 reprobis

413 4885 612 4943 eorum
640 4870 1009 4943 exigentibus
1028 4870 1216 4943 culpis
1232 4870 1621 4943 cognitionem
1638 4891 1804 4928 suam
1822 4875 2055 4928 abscon-

413 4941 524 4997 dit:
552 4941 704 5017 sicut
728 4944 785 4996 in
811 4941 1382 5017 populoqudaeorum
1403 4962 1557 5017 nunc
1576 4945 1879 5017 impletum
1905 4946 2058 5000 vide-

413 5029 545 5089 mus
563 5039 575 5075 ;
592 5016 688 5085 qui
707 5020 987 5089 negantes
1004 5014 1211 5089 Filium
1230 5015 1349 5089 Dei,
1373 5014 1676 5089 scientiam
1689 5018 1806 5072 veri
1825 5017 1920 5072 Dei
1940 5035 2061 5089 per-

410 5085 609 5139 dideru
622 5090 703 5157 nt,
730 5092 792 5159 n_t
816 5085 1039 5140 similes
1064 5088 1268 5159 tierent
1289 5088 1572 5142 Gentibus
1595 5106 1721 5159 quae
1747 5095 1921 5145 Deum
1940 5085 2057 5143 non

408 5164 714 5212 noverunt.
743 5157 1058 5215 Ostendere
1085 5158 1287 5214 faciem
1312 5157 1713 5230 suamdicitur
1730 5161 1903 5230 Deus,
1923 5177 2054 5215 cum

406 5233 675 5300 respectu
697 5231 893 5302 gratiae
911 5247 1029 5284 suae
1049 5231 1265 5301 quibus
1285 5230 1425 5291 vult,
1451 5229 1649 5285 electis
1671 5229 2053 5299 scilicetsuis,

404 5316 466 5354 se
492 5302 685 5372 ipsum
714 5304 773 5374 in
795 5302 971 5374 corda
1001 5318 1199 5357 eorum
1236 5302 1462 5358 occulta
1494 5303 1875 5374 inspiratione
1908 5304 2053 5360 insi-

406 5380 566 5446 nnat,
587 5379 643 5428 et
661 5374 729 5428 ad
748 5373 1110 5446 diligendum
1129 5390 1190 5430 se
1205 5392 1463 5431 amorem
1478 5391 1650 5429 suum
1668 5374 1941 5429 infundit.
1958 5378 2052 5431 Se-

405 5442 539 5520 dere
570 5442 986 5520 dicitnrDéus,
1024 5463 1137 5501 non
1169 5447 1547 5520 corporaliter
1578 5446 1835 5520 humano
1869 5463 2045 5520 more,

407 5514 507 5567 sed
524 5516 917 5585 potentialiter
928 5535 995 5574 su
1006 5514 1350 5585 peromném
1365 5524 1695 5575 creaturam
1710 5514 2051 5573 rationalem

407 5535 507 5567 seu
524 5535 995 5585 poreniiaiitersu
1044 5535 1350 5574 eromnem
1365 5535 1695 5575 creaturam
1710 5535 2051 5573 rauonaiem

404 5585 717 5657 praesidere
733 5588 772 5652 ί,
797 5595 862 5645 ut
880 5596 968 5645 est
990 5535 1134 5646 illud
1153 5590 1212 5646 in
1231 5591 1486 5659 Psalmo,
1508 5592 1770 5661 Regnavit
1788 5592 2053 5647 Dominus

467 5742 483 5775 1
520 5737 679 5809 apud
716 5734 1116 5809 Higronymnm,
1145 5756 1301 5805 super
1345 5756 1545 5794 omnem
1595 5746 1883 5794 creaturam
1931 5759 2048 5809 rog-

398 5795 583 5855 nando'
591 5795 891 5869 prandere.

1911 228 2330 291 APPENDIX.

3672 235 3841 297 1204

2165 379 2326 433 super
2336 366 2539 437 gentes,
2557 367 2694 417 Deus
2706 362 2850 419 sedet
2862 380 3025 435 super
3035 364 3216 421 sedem
3228 372 3475 421 sanctam
3488 366 3835 437 suam(Psal.

2165 436 2412 509 xcv1,9).
2436 435 2646 490 Sedere
2668 438 2844 490 etiam
2868 437 3085 491 dicitur
3111 441 3262 493 Deus
3284 454 3467 509 super
3485 435 3837 505 Cherubim,

2210 506 2318 559 uod
2343 507 2774 579 interpretatur,
2792 510 3051 562 Scientice
3074 506 3397 579 plenitudo,
3418 510 3837 565 sivemultitu-

2210 523 2318 559 non
2343 523 2774 576 Interpretatur,
2792 523 3051 562 scientiae
3074 523 3397 579 plenitudo,
3418 523 3835 565 sivemumtu-

2168 523 2263 658 30.,
2293 593 2394 659 per
2413 580 2567 659 quod
2588 578 3195 659 signiﬁcantur-sancti
3216 580 3443 659 Angeli,
3457 582 3583 659 sive
3598 590 3835 638 mentes

2170 648 2560 725 spiritualium
2574 649 2895 725 viroru‘min
2912 652 3283 725 quibusDens
3298 648 3678 725 invisibiliter
3692 671 3841 725 prae-

2169 721 2323 795 sidet
2344 726 2399 774 et
2422 727 2646 795 regnat.
2674 724 2733 795 In
2758 722 2879 777 illis
2898 721 3054 795 enim
3076 724 3259 792 sedet,
3291 726 3389 795 qui
3421 724 3677 780 scientia
3692 721 3834 795 ejus

2171 796 2228 846 et
2248 790 2555 868 dilectione
2578 792 2731 862 pleni
2758 794 3014 868 sunt.rln
3048 790 3369 868 Proverbiis
3401 796 3625 868 quippe
3659 790 3837 852 Salo-

2172 863 2365 939 monis
2386 864 2667 939 scriptum
2688 870 2797 939 est.
2830 867 3027 939 Anima
3046 868 3189 935 justi
3217 867 3363 923 sedes
3391 863 3473 923 est
3497 863 3837 939 sapientiae.

2177 934 2617 1010 Sapientiavero
2645 936 2741 1010 Dei
2761 938 2957 1010 Patris
2970 934 3239 993 Christus
3259 945 3369 1006 est,
3394 939 3495 1010 qui
3515 934 3578 993 in
3594 941 3836 995 animas

2180 1007 2464 1067 iustorum
2479 1008 2678 1061 sedere
2690 1007 3286 1065 dicitur.Descendere
3299 1010 3356 1064 in
3372 1007 3837 1067 mundumDeus

2200 1023 2464 1061 usiornm
2479 1023 3356 1065 seneremcnnr.uescennere1n
3372 1023 3834 1067 mundumUeus

2171 1023 2407 1150 legitur,
2423 1078 2656 1148 quando
2670 1078 2886 1149 aliquid
2905 1096 3113 1135 novum
3131 1082 3283 1150 quod
3305 1091 3476 1137 antea
3495 1098 3613 1137 non
3635 1086 3834 1138 fuerat

2172 1148 2229 1202 in
2246 1156 2509 1204 creatura
2547 1148 2807 1204 humana
2839 1148 3832 1221 operatur:sicutFilinsDeiPatris

2174 1221 2547 1293 descendisse
2561 1224 3095 1293 narratur,qnando
3108 1240 3295 1279 veram
3310 1241 3549 1280 carnem
3562 1242 3633 1281 ex
3646 1226 3834 1281 Maria

2172 1290 2393 1369 virgine
2426 1290 3146 1369 propterredem'ptionem
3174 1301 3437 1351 nostram
3463 1298 3759 1369 suscepit,
3782 1304 3840 1353 et

2172 1380 2343 1418 verus
2366 1363 2538 1440 homo
2564 1364 2684 1418 fieri
2718 1363 2996 1440 dignatus
3024 1371 3134 1433 est,
3163 1383 3278 1422 non
3310 1363 3837 1440 amittendo'quod

2174 1440 2320 1509 erat,
2346 1435 2445 1509 sed
2461 1435 2815 1509 assumenda
2828 1437 2982 1507 quod
2998 1455 3111 1492 non
3127 1444 3280 1493 erat:
3300 1440 3373 1494 de
3391 1442 3566 1509 cuius
3585 1435 3838 1495 descen—

2177 1506 2360 1582 sione,
2388 1508 2493 1561 hoc
2516 1514 2622 1582 est,
2647 1506 3046 1582 incarnatione
3070 1510 3125 1563 in
3154 1511 3385 1566 Psalmo
3408 1506 3704 1582 scriptum
3721 1518 3837 1579 est,

2174 1579 2467 1655 Inclinavit
2488 1579 3049 1655 emtasLetdescendit,
3075 1590 3128 1635 et
3142 1583 3320 1655 caligo
3342 1583 3445 1637 sub
3460 1579 3697 1654 pedibus
3713 1586 3840 1655 eius

2176 1650 2610 1719 (Psal.xvn,tO).
2643 1650 2829 1724 leos
2885 1650 3350 1724 inclinavit,qnia
3363 1650 3498 1708 ante
3511 1650 3838 1711 adventum

2176 1737 2349 1798 suum
2376 1722 2732 1798 praenuntius
2758 1722 3002 1798 Angelos
3024 1726 3145 1778 sive
3166 1722 3487 1796 Prophetas
3512 1726 3701 1791 misit,
3728 1728 3839 1798 qui

2175 1794 2303 1869 ejus
2341 1793 2652 1869 adventum
2690 1793 3840 1869 hominibusnuntiarentllaligosubpe-

2177 1863 2351 1918 dibus
2367 1867 2495 1937 ejus
2516 1864 2644 1937 fuit,
2666 1868 2802 1935 quia
2820 1866 3264 1937 impiibomines
3285 1886 3317 1923 a
3333 1886 3446 1923 sua
3462 1863 3697 1924 malitia
3726 1863 3834 1923 caa-

2177 1936 2310 2012 cati,
2334 1936 2503 2006 cujus
2526 1935 2987 1992 incarnationem
3012 1955 3326 2012 agnoscere
3351 1957 3464 1995 non
3490 1946 3833 2012 potuerunt:

2179 2008 2278 2082 sed
2302 2023 2407 2077 neq
2419 2024 2659 2082 uenunc
2684 2017 2947 2077 possunt.
2965 2008 3130 2065 Stare
3144 2010 3298 2065 Deus
3316 2008 3556 2082 dicitur,
3574 2030 3711 2067 cum
3727 2029 3836 2068 nos

2178 2077 2463 2153 infirmos,
2488 2079 2542 2133 id
2567 2083 2681 2153 est,
2699 2086 3025 2153 creaturam
3049 2098 3216 2137 suam
3240 2084 3312 2137 ad
3336 2077 3750 2153 paenitentiam
3772 2088 3836 2139 et

2177 2151 2610 2222 conversionem
2634 2152 2761 2205 vitae
2784 2151 3069 2222 patienter
3087 2151 3369 2209 sustinet:
3397 2161 3459 2209 ut
3480 2161 3573 2210 est
3594 2155 3743 2210 illud
3768 2155 3833 2211 in

2176 2220 2445 2294 Habacuc
2494 2220 2800 2294 pr0pheta,
2848 2223 3025 2294 Stetit,
3077 2228 3128 2280 et
3158 2241 3378 2280 mensus
3402 2231 3483 2281 est
3513 2236 3754 2293 terram,
3785 2235 3839 2282 et

2177 2293 2419 2347 dissolvit
2437 2293 2619 2363 gentes
2642 2296 2915 2361 (Habacuc
2934 2293 3019 2365 in,
3041 2297 3097 2365 6)
3123 2321 3136 2361 ;
3161 2296 3215 2350 id
3240 2303 3345 2361 est,
3382 2299 3549 2352 stetit
3579 2298 3654 2353 ad
3693 2300 3837 2354 sub-

2174 2365 2548 2431 veniendum,
2582 2371 2637 2420 et
2662 2366 2928 2421 dissolvit
2958 2367 3256 2423 credentes
3287 2369 3345 2422 in
3398 2384 3461 2423 se
3512 2386 3547 2424 a
3577 2370 3837 2425 vinculis

2178 2442 2570 2508 peccatorum.
2603 2438 2877 2493 Transire
2906 2438 3117 2493 dicitur
3142 2444 3309 2505 Deus,
3332 2456 3468 2495 cum
3491 2458 3526 2497 a
3551 2443 3838 2497 cordibus

2177 2509 2568 2584 quorumdam
2586 2509 2918 2584 hominum,
2945 2510 2999 2563 in
3026 2510 3243 2580 quibus
3266 2517 3399 2566 ante
3421 2529 3525 2584 per
3546 2513 3729 2568 ﬁdem
3749 2514 3837 2567 in-

2181 2579 2438 2666 habitare
2469 2581 2836 2666 credebatur,
2858 2579 3064 2662 postea
3083 2579 3735 2666 ‘snbrepepleperﬁdia
3751 2585 3837 2666 vel

2176 2651 2437 2721 quolibet
2468 2651 2676 2707 delicto
2709 2655 2780 2707 ab
2813 2651 2904 2706 bis
2936 2653 3170 2717 recedit,
3206 2651 3366 2709 et'ad
3414 2651 3562 2710 alios
3592 2659 3838 2712 transit.

2176 2723 2677 2787 Quemadmodum
2704 2724 2772 2778 de
2792 2724 3013 2778 Judaeis
3036 2725 3105 2778 ad
3125 2725 3363 2790 Gentes,
3382 2728 3839 2783 etdebaareticis

2176 2795 2249 2869 ad
2272 2794 2607 2869 catholicos,
2632 2811 2732 2869 seu
2766 2796 2837 2869 de
2868 2796 3229 2869 quibuslibet
3262 2798 3611 2869 irreligiosis
3643 2805 3704 2854 et
3736 2816 3836 2855 ne-

2176 2865 2531 2937 gligentibus
2554 2883 2655 2936 pro
2677 2866 2812 2921 vitio
2836 2884 2941 2921 suo
2966 2868 3229 2923 recedere
3247 2865 3464 2924 dicitur
3484 2870 3668 2937 Deus,
3689 2878 3749 2927 et
3767 2872 3836 2926 ad

2176 2935 2615 3010 aliosgtransire,
2641 2939 2791 3007 quod
2824 2955 2934 2992 non
2958 2938 3219 2993 localiter
3242 2947 3343 2994 ant
3365 2935 3701 3010 visibiliter,
3734 2944 3837 2998 sed

2175 3007 2543 3062 invisibiliter
2554 3010 2805 3077 nccultoj
2817 3012 3089 3080 nstoquej
3101 3011 3292 3066 udicio
3307 3012 3491 3066 facere
3504 3007 3837 3070 consuevit.

2175 3080 2489 3133 Ambulare
2513 3081 2729 3135 dicitur
2749 3081 2923 3144 Deus,
2948 3098 3061 3136 non
3088 3084 3156 3137 de
3176 3082 3300 3137 loco
3326 3088 3391 3137 ad
3418 3083 3614 3139 locum
3640 3092 3839 3141 trans-

2175 3153 2387 3209 eundo.
2406 3153 2555 3221 quod
2575 3153 2820 3223 impium
2836 3154 3016 3207 estita
3029 3154 3260 3208 credere
3277 3173 3289 3209 :
3306 3155 3406 3209 sed
3426 3157 3838 3212 deambulatio

2174 3223 2303 3292 ejus
2325 3229 2413 3277 est
2432 3222 2488 3276 in
2515 3222 2788 3277 cordibus
2810 3231 3149 3279 sanctorum
3174 3225 3483 3293 delectari;
3509 3228 3663 3282 sicut
3684 3230 3838 3283 scri-

2176 3300 2337 3364 ptum
2364 3300 2470 3359 est,
2505 3296 2568 3348 Et
2595 3296 2914 3350 inhabitabo
2945 3297 3005 3349 in
3036 3298 3138 3359 eis,
3170 3300 3221 3350 et
3252 3298 3633 3364 inambulabo,
3668 3307 3720 3355 et
3739 3316 3841 3356 ero

2176 3366 2399 3439 illorum
2418 3366 2554 3439 Deus
2575 3369 2773 3439 (Leuit.
2798 3379 2960 3439 xxvt,
2976 3369 3062 3437 12)
3075 3410 3084 3421 .
3099 3367 3199 3422 Vel
3215 3375 3368 3423 certe
3386 3370 3696 3426 ambulare
3711 3372 3839 3439 Dei,

2174 3436 2339 3492 estin
2364 3438 2581 3492 sanctis
2607 3436 3084 3509 praedicatoribus
3126 3439 3250 3493 suis
3291 3440 3362 3495 de
3391 3440 3518 3496 loco
3540 3443 3610 3497 ad
3636 3436 3840 3498 locum

2174 3508 2450 3563 transire.
2488 3508 2667 3579 Loqui
2693 3509 2787 3564 Dei
2812 3515 2920 3575 est,
2946 3510 3320 3566 invisibiliter
3356 3511 3484 3567 sine
3502 3529 3649 3569 sono
3676 3516 3847 3570 vocis

2174 3580 2261 3634 vel
2288 3579 2545 3649 quolibet
2567 3581 2775 3650 Spiritu
2808 3581 3060 3636 occulte'
3084 3583 3142 3636 in
3167 3584 3464 3639 mentibus
3488 3592 3841 3641 sanctorum

2173 3651 2533 3729 voluntatem
2548 3668 2711 3729 suam
2729 3658 2903 3723 atque
2919 3658 3152 3729 rectum
3174 3654 3531 3729 intellectum
3576 3658 3837 3729 inspira-

2175 3723 2503 3795 re,seu7futn
2514 3740 2577 3777 ra
2591 3724 2743 3778 sicut
2755 3725 2973 3779 sanctis
2986 3725 3172 3795 Propb
3184 3726 3290 3781 etis
3308 3727 3580 3782 revelare.
3592 3723 3733 3793 Quae
3748 3729 3839 3784 lo-

2174 3794 2329 3870 cutio
2352 3794 2473 3858 Dei,
2498 3800 2562 3849 ut
2587 3796 2825 3870 quidam
2849 3796 3069 3870 volunt,
3092 3794 3283 3852 tribus
3308 3799 3497 3853 modis
3515 3800 3835 3870 accipitur.

2173 3867 2369 3938 Primo
2393 3882 2642 3935 namque
2663 3868 2833 3921 modo
2853 3884 2953 3938 per
2966 3869 3291 3937 subjectum
3307 3867 3835 3935 creaturam,sicut

2174 3937 2242 4010 ad
2271 3936 2526 4010 Moysen,
2555 3939 2609 3991 in
2646 3939 2788 3993 rubo
2812 3936 2867 3993 et
2901 3938 3034 4010 igne
3074 3936 3383 4010 apparuit:
3426 3942 3512 3996 vel
3566 3942 3725 3997 sicut
3757 3945 3831 3998 ad

2171 4008 2486 4075 Abraham,
2511 4014 2567 4062 et
2584 4011 2785 4085 Jacob,
2811 4008 3068 4085 siveﬁjam
3093 4008 3316 4085 dictum
3338 4017 3594 4085 Moysen
3631 4020 3691 4069 et
3721 4032 3831 4069 caa-

2172 4084 2325 4165 terols
2346 4085 2602 4165 sanctos,
2627 4082 2841 4165 quibus
2866 4082 3065 4165 voluit,
3089 4083 3146 4137 in
3175 4082 3719 4165 Angelisapparere
3739 4087 3828 4165 di-

2171 4157 2382 4223 gnatus
2404 4158 2508 4206 est.
2536 4152 2801 4207 Secundo
2824 4155 2997 4207 modo
3021 4156 3077 4208 in
3104 4152 3351 4221 somnis,
3377 4152 3531 4211 sicut
3548 4158 3619 4211 ad
3641 4157 3827 4212 Jacob

2172 4226 2229 4300 et
2251 4224 2319 4300 ad
2342 4223 2680 4300 Zachariam
2706 4227 3069 4295 prophetam,
3088 4231 3161 4300 _et
3181 4228 3251 4281 ad
3292 4227 3504 4300 Joseph
3535 4245 3824 4300 sponsum

2172 4294 2382 4367 Mariae,
2408 4300 2466 4367 et
2488 4296 2557 4367 ad
2582 4294 2727 4350 alios
2749 4294 2981 4350 sanctos
3003 4296 3217 4367 quibus
3248 4294 3446 4353 voluit'
3469 4294 3697 4355 secreta
3725 4318 3822 4356 re-

2169 4366 2381 4441 velare.
2403 4366 2595 4421 Tertio
2621 4374 2813 4421 autem
2841 4366 3033 4436 modo,
3058 4385 3241 4439 neque
3263 4386 3364 4441 per
3384 4375 3714 4426 creaturam
3740 4374 3820 4425 vi-

2171 4437 2433 4520 sibilem._
2455 4455 2642 4520 neque
2673 4455 2773 4521 per
2798 4441 3120 4521 somnium.
3151 4437 3279 4495 sed'
3308 4441 3536 4521 occulta
3580 4449 3817 4521 tantum

2169 4508 2948 4586 inspirationeninvisibiliter
2968 4512 3139 4586 corda
3161 4518 3498 4586 sanctorum
3515 4516 3818 4586 tangendo

2168 4580 2472 4656 loquentes
2486 4580 2663 4635 efﬁcit
2678 4582 2717 4647 ³,
2740 4583 3236 4656 quemadmodum
3252 4586 3308 4638 in
3324 4584 3494 4640 libris
3510 4580 3820 4656 Propheta-

2169 4668 2300 4705 rum
2322 4650 2555 4724 legitur,
2579 4669 2711 4706 cum
2738 4650 2845 4723 ipsi
2875 4654 3177 4724 PrOpbetae
3201 4656 3396 4711 divino
3419 4657 3611 4712 subito
3625 4650 3817 4713 "afﬂati

2169 4724 2265 4794 Spi
2278 4724 2387 4777 ritn
2404 4723 2807 4779 exclamabant
2819 4723 3097 4793 dicentes,
3115 4727 3391 4783 Ilaecdicit
3406 4731 3698 4784 Dominus.
3712 4728 3817 4783 Vi-

2166 4795 2301 4867 dere
2324 4796 2444 4863 Dei,
2470 4802 2558 4850 est
2579 4801 2705 4850 acta
2727 4796 2877 4851 bona
2898 4799 3249 4867 approbare:
3288 4799 3441 4854 sicut
3476 4798 3623 4856 illud
3644 4806 3735 4856 est
3756 4802 3817 4855 in

2166 4866 2396 4949 Genesi,
2438 4867 2573 4921 Vidit
2592 4868 2741 4949 Deus
2761 4866 2961 4949 cuncta
2991 4884 3117 4949 quae
3133 4874 3370 4949 fecerat,
3400 4876 3447 4925 et
3467 4876 3629 4949 erant
3650 4872 3819 4928 valde

2166 4938 2306 5013 bona
2335 4938 2488 5008 (Gen.
2526 4957 2562 5005 ι,
2591 4939 2721 5013 31)_;
2758 4939 2812 4993 id
2846 4946 2953 5013 est,
3005 4938 3467 5013 intelligentibus
3500 4944 3655 4998 bona
3683 4960 3815 4999 esse

2163 5011 2601 5065 demonstravit.
2636 5010 2817 5064 Aliter
2838 5011 3031 5066 videre
3051 5012 3172 5077 Dei,
3196 5010 3285 5068 est
3316 5014 3471 5068 mala
3500 5014 3813 5071 hominum

2163 5082 2395 5159 sciendo
2429 5080 2753 5159 [eprobare,
2787 5082 2940 5137 sicut
2970 5090 3061 5159 est
3083 5084 3219 5138 illud
3244 5086 3299 5140 in
3328 5086 3477 5141 Isaia
3501 5087 3813 5159 pr0pheta,

2160 5154 2225 5229 Et
2254 5154 2389 5229 vidit
2426 5153 2704 5229 Dominus,
2739 5160 2788 5208 et
2816 5156 3085 5229 apparuit
3133 5159 3339 5229 malum
3384 5160 3442 5211 in
3490 5153 3669 5214 oculis
3694 5153 3817 5229 ejus

2162 5225 2310 5293 (Isai.
2338 5241 2443 5280 ιιι.
2471 5224 2580 5292 45).
2609 5225 2750 5279 Item
2774 5224 2943 5281 aliter
2976 5226 3166 5281 videre.
3193 5228 3307 5296 Dei,
3349 5234 3441 5283 est
3478 5247 3587 5285 nos
3609 5224 3811 5286 viden-

2159 5295 2360 5372 t_es,_id
2389 5296 2778 5372 est,_scientes
2812 5297 2997 5372 facere
3023 5314 3035 5352 :
3071 5304 3135 5351 ut
3164 5302 3253 5354 est
3283 5297 3426 5355 illud
3455 5300 3515 5355 in
3549 5301 3808 5372 Psalmo,

2157 5367 2337 5422 Proba
2368 5383 2477 5431 me,
2504 5368 2747 5443 Domine,
2772 5371 2819 5422 et
2842 5370 2970 5423 scito
2991 5385 3082 5443 cor
3101 5386 3302 5443 meum,
3326 5371 3606 5443 interroga
3626 5390 3735 5435 me.
3757 5367 3818 5429 et

2156 5454 2413 5507 cognosce
2439 5440 2665 5515 semitas
2695 5454 2861 5503 meas,
2890 5441 3092 5515 etvide
3105 5442 3163 5515 si_
3180 5440 3611 5515 viainiquita'tis
3641 5446 3702 5499 in
3723 5461 3815 5501 me

2155 5519 2255 5578 est,
2274 5516 2379 5567 etc.
2409 5512 2581 5580 (Psal.
2602 5527 2867 5578 cxxxvni,
2891 5513 3004 5584 23).
3038 5512 3243 5570 Modus
3265 5514 3375 5570 iste
3389 5512 3722 5573 locutionis
3751 5521 3813 5573 et

2219 5745 2235 5779 ί
2266 5741 2426 5802 Alias,
2456 5739 2722 5791 occultam.

2216 5808 2237 5842 ³
2266 5804 2420 5869 Apud
2450 5804 2848 5869 Hieronymum,
2879 5803 3139 5870 tangendo
3165 5805 3354 5872 afﬁcit.
