4142 6200
463 168 619 231 1223

462 302 615 352 XVII.
649 303 820 351 Mores
848 300 973 349 boni
1007 301 1219 363 populis
1239 316 1394 363 quam
1429 301 1621 351 utiliter
1640 302 1953 352 auctoritate

528 365 782 425 persuasi.
813 364 1053 411 Ecclesiae
1084 365 1355 413 catholicae
1388 366 1692 413 auctoritas.
2052 366 2109 412 90

464 422 637 477 XVIII.
658 427 937 475 Conclusio
956 440 1047 477 per
1061 427 1501 475 exhortationem.
1523 428 1724 475 Persica
1744 425 1953 475 fabella.
2052 430 2106 477 91

462 491 513 539 S.
537 489 797 539 AUBELII
823 488 1186 541 AUGUSTINI.
1213 489 1627 539 HIPPONENSIS
1650 488 1951 543 EPISCOPI.

524 553 605 601 DE
638 552 889 600 DUABUS
920 552 1251 601 ANIMABUS
1281 553 1533 601 CONTRA
1568 551 1960 601 ΜΑΝΙΟΗιΕΟΒ

522 614 711 662 LIBER
743 612 934 663 UNUS.
960 641 1016 647 —
1047 614 1354 662 Manicliaeis
1382 614 1648 663 haereticis
1677 616 1809 663 duas
1842 614 1955 662 ani.

521 691 638 726 mas
668 690 722 723 in
772 688 1098 738 unoquoque
1130 677 1346 725 homine
1383 690 1515 735 esse,
1560 691 1721 726 unam
1771 676 1836 725 de
1867 676 1957 725 Dei

522 739 823 788 substantia
838 739 1054 796 bonam,
1076 739 1291 787 alteram
1312 740 1501 787 malam
1522 738 1586 787 de
1610 739 1953 788 tenebrarum

520 806 679 866 gente
719 815 817 866 nec
859 801 1331 866 a_Deo__conditam
1377 802 1677 866 dicentibus
1725 801 1869 866 dolet
1897 814 1955 849 se

519 863 846 923 Augustinus
872 863 1283 926 sicadhaesisse,
1318 869 1373 913 ut
1404 864 1469 912 ad
1502 865 1734 913 rationes
1763 863 1956 926 quibus

521 926 935 989 deliramentum
958 925 1099 973 istud
1115 927 1387 985 evertitur,
1408 931 1515 975 tam
1537 927 1723 976 obvias
1743 925 1955 989 tamque

520 988 833 1037 manifestas
850 1001 960 1036 non
982 988 1283 1037 attenderit.
1301 990 1530 1037 Primum
1554 990 1695 1038 enim
1715 988 1955 1038 conside-

518 1052 660 1100 ranti
686 1050 835 1099 facile
865 1064 1139 1113 apparere,
1170 1064 1380 1100 omnem
1414 1053 1662 1106 animam.
1695 1064 1815 1100 cum
1846 1053 1955 1100 vita

521 1117 765 1177 quaedam
788 1114 874 1174 sit,
895 1127 1086 1175 resque
1109 1114 1474 1177 intelligibilis,
1503 1128 1561 1162 ac
1584 1113 1807 1177 proinde
1840 1113 1953 1163 luce

519 1176 731 1231 visibili,
746 1189 903 1237 quam
925 1189 955 1223 a
974 1178 1079 1224 Deo
1096 1190 1210 1225 esse
1230 1176 1509 1225 Manichtei
1526 1176 1776 1235 fatentur,
1793 1189 1953 1238 prais—

517 1239 739 1299 tantior,
761 1239 960 1286 auctori
984 1238 1090 1286 Deo
1108 1238 1460 1287 tribuendam.
1476 1239 1613 1287 Loca
1634 1252 1758 1287 vero
1781 1238 1952 1299 Scrip-

522 1305 653 1350 turas
681 1302 875 1363 quibus
892 1300 967 1348 illi
990 1300 1159 1348 malos
1180 1315 1244 1349 ex
1267 1302 1372 1349 Deo
1390 1314 1498 1349 non
1523 1315 1639 1349 esse
1657 1301 1948 1362 disputant,

520 1363 744 1412 aliorum
767 1363 999 1411 locorum
1033 1364 1426 1425 comparatione
1458 1364 1644 1412 melius
1674 1363 1945 1425 explicari.

522 1429 708 1474 Postea
736 1425 897 1473 etiam
921 1440 980 1473 ex
1010 1427 1207 1488 peccati
1240 1430 1290 1474 et
1311 1425 1600 1474 voluntatis
1622 1426 1948 1482 deﬁnitione,

516 1502 577 1536 ex
612 1489 770 1551 venia
800 1492 1136 1551 peccatorum
1178 1502 1297 1542 quae
1329 1490 1675 1551 peccantibus
1707 1488 1865 1537 datur
1893 1488 1948 1551 in

514 1550 1134 1620 Ecclesia,__7tand7e_uiq_ue
1182 1564 1245 1597 ex
1275 1551 1569 1620 paenitendi
1616 1550 1807 1620 aﬂ‘ectu
1858 1550 1947 1613 pio

513 1619 672 1676 atque
704 1612 835 1670 utili,
864 1613 1137 1661 evidenter
1156 1612 1373 1660 omnino
1418 1612 1791 1670 demonstrari,
1821 1627 1943 1675 pec-

513 1680 695 1723 cantes
723 1676 931 1722 animas
961 1688 1067 1722 [ΙΟΙ]
1100 1680 1291 1723 natura
1321 1675 1486 1723 11111188
1517 1690 1651 1724 8886.

446 1739 608 1787 CAPUT
634 1751 841 1786 ramum.
872 1736 1283 1784 Manichaeorum
1312 1751 1459 1784 error
1488 1738 1552 1785 de
1592 1737 1801 1786 duabus
1831 1736 1944 1785 ani-

505 1800 711 1856 mabus,
744 1812 970 1861 quarum
990 1799 1156 1847 altera
1178 1813 1284 1847 non
1309 1800 1378 1847 sit
1396 1813 1425 1847 a
1456 1800 1584 1858 Deo,
1606 1814 1708 1862 qua
1730 1800 1941 1848 ratione

509 1866 866 1932 expugnatur.
888 1862 1076 1932 Anima
1104 1862 1280 1932 omnis
1300 1876 1420 1910 cum
1444 1863 1552 1932 vita
1580 1863 1827 1932 quaedam
1857 1862 1941 1921 sit,

508 1923 726 1973 nonnisi
755 1937 785 1970 a
816 1925 919 1971 Deo
952 1924 1072 1972 vita:
1105 1923 1249 1973 fonte
1281 1938 1395 1972 esse
1427 1923 1613 1985 potest:

446 1988 509 2035 II.
541 1986 593 2035 Si
618 1986 705 2034 lux
738 1999 859 2047 quas
881 1999 1040 2034 sensu
1072 1986 1361 2048 percipitur
1391 1987 1556 2035 Deum
1578 1986 1737 2035 habet
1757 1990 1940 2035 aucto-

508 2062 637 2106 rem,
672 2051 735 2113 ut_
755 2048 991 2113 fatentur
1028 2048 1324 2113 Manichaai,
1356 2050 1523 2099 multo
1564 2050 1735 2113 magis
1766 2049 1943 2097 anima

508 2124 627 2174 qua:
661 2110 776 2158 solo
804 2110 1071 2159 intellectu
1105 2111 1411 2173 percipitur.

445 2172 538 2222 III;
565 2173 768 2234 Corpus
796 2173 955 2221 etiam
977 2172 1136 2222 omne
1165 2187 1194 2222 a
1217 2175 1324 2222 Deo
1356 2187 1472 2222 esse
1503 2173 1643 2222 unde
1665 2172 1939 2235 probatur.

505 2235 751 2285 Animam
801 2235 941 2283 illam
988 2248 1107 2298 qua:
1139 2236 1278 2284 mala
1310 2235 1505 2285 dicitur
1532 2250 1562 2284 a
1612 2235 1938 2298 Manichaais,

505 2298 623 2347 luce
654 2310 771 2346 esse
802 2298 1097 2346 meliorem.
2036 2300 2097 2348 95

442 2361 523 2410 IV.
554 2360 744 2408 Anima
773 2361 932 2408 etiam
961 2372 1158 2409 muscas
1187 2359 1528 2421 praestantior
1555 2360 1810 2409 istaluce.
2033 2362 2094 2410 96

440 2423 515 2485 V.7
531 2422 749 2485 Vitiosa
772 2424 963 2471 anima:
986 2435 1289 2485 quanquam
1309 2422 1649 2482 damnanda,
1671 2421 1938 2485 quomodo

504 2484 629 2595 hulilc
652 2484 777 2595 luci,
810 2499 929 2548 qua
961 2484 1017 2533 in
1036 2499 1231 2547 genere
1253 2499 1349 2533 suo
1378 2485 1646 2534 laudanda
1666 2484 1761 2542 est.
1794 2489 1938 2534 ante-

505 2561 563 2595 ce
610 2560 674 2595 an
705 2583 718 2593 .

505 2551 718 2596 cellant.

440 2611 526 2662 VI.
565 2610 783 2681 An_ip_sa
804 2607 960 2681 etiam
992 2608 1122 2681 vitia
1149 2608 1814 2681 tanquam“iutelligibilia.7
1833 2608 1939 2681 luci

506 2670 742 2721 sensibili
791 2670 1125 2733 praeferenda
1157 2671 1281 2727 sint,
1312 2675 1365 2719 et
1392 2672 1495 2720 Deo
1527 2676 1585 2720 ut
1614 2672 1816 2720 auctori
1848 2673 1938 2721 tri-

507 2734 738 2783 buenda.
762 2734 957 2796 Vitium
980 2734 1145 2796 animi
1168 2737 1247 2781 est
1265 2733 1503 2796 defectus
1524 2734 1763 2796 quidam,
1798 2739 1938 2784 recte

505 2810 612 2845 non
632 2796 771 2845 inter
788 2795 1141 2859 intelligibilia
1162 2795 1659 2858 numerandusflpsi
1679 2796 1935 2856 defectus,

505 2861 709 2908 etiamsi
743 2860 881 2907 inter
930 2858 1281 2917 intelligibilia
1328 2864 1761 2918 numerarentur,
1801 2873 1937 2908 nun-

504 2936 663 2985 quam
679 2920 1041 2982 anteponendi
1055 2923 1212 2985 rebus
1225 2921 1585 2985 sensihilibus.
1600 2921 1650 2970 Si
1672 2921 1848 2971 lumen
1864 2923 1937 2970 vi-

505 2982 655 3033 sibile
680 2998 709 3031 a
733 2985 837 3031 Deo
859 2988 954 3047 est,
986 2982 1158 3047 multo
1177 2984 1342 3047 magis
1363 2985 1428 3032 ab
1459 2985 1575 3045 ipso
1596 2986 1791 3039 anima,
1814 2998 1935 3047 quas

505 2998 655 3033 smne
680 2998 709 3031 a
733 2998 837 3031 ueo
859 2998 954 3038 est,
986 2998 1153 3031 multo
1177 2998 1342 3092 magis
1363 2998 1428 3032 an
1459 2998 1575 3045 ipso
1596 2998 1791 3039 anima,
1814 2998 1935 3047 quas

500 3047 557 3095 in
570 3050 829 3108 quantum
848 3046 977 3094 vivit
992 3045 1274 3107 intelligibi
1301 3047 1341 3093 is
1356 3060 1441 3094 res
1453 3050 1547 3101 est,
1564 3047 1767 3094 etiamsi
1786 3048 1936 3095 vitio-

502 3109 928 3169 sa.t)bjectantur
944 3113 1130 3155 contra
1142 3122 1171 3155 a
1184 3108 1488 3157 Manichaais
1503 3110 1617 3157 loca
1630 3109 1935 3170 Scriptura.
2031 3113 2088 3160 97

440 3170 548 3219 VII.
583 3171 703 3218 Mali
735 3171 1006 3231 quomodo
1037 3183 1097 3217 ex
1133 3171 1258 3219 Deo.
1291 3175 1343 3218 et
1371 3185 1478 3219 non
1511 3185 1575 3219 ex
1606 3172 1730 3219 Deo.
2001 3176 2088 3222 100

440 3232 572 3283 VIII.
603 3230 859 3291 Quaerunt
881 3230 1019 3295 unde
1041 3231 1259 3295 malum,
1280 3236 1343 3295 et
1370 3233 1469 3280 hac
1495 3234 1790 3295 quaestione
1820 3233 1934 3281 vin-

504 3308 623 3343 cere
656 3310 710 3341 se
742 3297 933 3356 putant
949 3293 1248 3357 Manichasi.
1269 3293 1604 3356 Cognoscant
1623 3296 1767 3357 prius
1789 3295 1933 3357 quod

504 3310 623 3343 cere
656 3310 710 3341 se
742 3310 933 3356 putaui.
949 3310 1248 3343 manicnaen.
1269 3310 1604 3356 uognoscant
1657 3310 1767 3343 rius
1789 3310 1933 3357 quoa

504 3357 812 3406 facillimum
835 3361 930 3413 est,
954 3355 1085 3404 nihil
1109 3356 1286 3405 vivere
1310 3371 1459 3418 posse
1482 3358 1595 3406 sine
1619 3310 1745 3406 Beo.
1779 3358 1935 3407 Sum-

503 3433 651 3467 mum
674 3419 870 3483 malum
893 3432 1003 3483 non
1017 3420 1357 3479 cognoscitur
1378 3420 1477 3467 nisi
1495 3420 1708 3483 cognito
1725 3434 1933 3470 summo

500 3483 661 3539 bono,
695 3481 836 3543 quod
871 3486 950 3529 est
983 3481 1135 3528 Deus.
2001 3485 2085 3534 101

437 3545 519 3593 IX.
550 3542 877 3605 Augustinus
899 3543 1250 3592 familiaritate
1273 3556 1391 3591 cum
1413 3542 1719 3593 Mauichaeis
1741 3548 1792 3593 et
1811 3558 1929 3593 suc-

500 3621 651 3655 cessu
698 3607 933 3654 victoria;
963 3606 1027 3653 de
1056 3606 1369 3654 Christianis
1415 3606 1673 3666 imperitis
1702 3621 1731 3655 a
1762 3621 1817 3655 se
1848 3621 1929 3655 re-

499 3673 722 3731 portata!
754 3668 1022 3729 deceptus.
1061 3668 1336 3731 Μαρίοὺωί
1379 3682 1442 3716 ex
1473 3668 1776 3729 cognitione
1806 3670 1931 3718 item

498 3730 703 3794 peccati
737 3734 787 3778 et
814 3731 1102 3794 voluntatis
1132 3730 1284 3794 facile
1318 3731 1614 3779 refellendi.
1998 3734 2087 3782 102

434 3792 515 3844 XI
530 3795 804 3843 Peccatum
828 3792 1044 3840 nonnisi
1075 3807 1104 3841 a
1134 3793 1422 3841 voluntate.
1454 3793 1571 3842 Vita
1599 3796 1651 3841 et
1678 3794 1930 3843 voluntas

498 3870 594 3905 sua
626 3857 817 3917 cuique
849 3855 1142 3904 notissima.
1175 3855 1434 3904 Voluntas
1468 3856 1593 3918 quid
1624 3856 1710 3905 sit.
1997 3859 2085 3908 103

434 3918 518 3967 XI.
552 3921 825 3967 Peccatum
856 3918 998 3970 quid.
2000 3924 2087 3970 105

507 3953 518 3965 ι
552 3932 825 3966 Peccatum
856 3932 998 3966 01110.

552 3931 1220 4028 Ρὲξοὲεξὲῐέιάὲἓὲίίοοὶὺυε
1234 3980 1434 4041 peccati
1456 3983 1508 4027 et
1526 3979 1814 4028 voluntatis
1825 3980 1930 4030 has-

499 4044 658 4091 resim
692 4041 1103 4090 Manicbazorum
1137 4046 1299 4089 totam
1329 4043 1533 4090 evertit.
1567 4042 1638 4090 Ex
1667 4043 1930 4092 malarum

499 4105 623 4153 item
654 4106 949 4152 animarum
983 4104 1128 4166 justa
1167 4104 1510 4167 damnatione
1550 4106 1790 4167 sequitur
1820 4119 1931 4155 non

499 4174 709 4221 natura.
732 4168 823 4214 sed
848 4166 1117 4215 voluntate
1138 4166 1301 4214 malas
1319 4180 1450 4214 esse.
1469 4166 1685 4215 Animas
1702 4181 1816 4215 esse
1838 4182 1930 4217 na-

496 4233 613 4277 tura
646 4229 832 4285 bonas,
866 4228 1059 4291 quibus
1094 4228 1250 4276 datur
1276 4229 1432 4276 venia
1462 4236 1819 4290 peccatorum.

435 4291 563 4341 XIII.
585 4293 655 4340 Ex
675 4292 1053 4340 deliberatione
1072 4292 1124 4337 in
1143 4291 1337 4339 malum
1362 4298 1413 4339 et
1434 4292 1486 4339 in
1510 4294 1703 4340 bonam
1728 4296 1931 4354 partem

497 4368 604 4403 non
634 4355 813 4402 haberi
836 4356 943 4402 duo
973 4353 1275 4401 animarum
1308 4367 1521 4415 genera.
1547 4353 1806 4403 Concesso
1837 4369 1927 4414 ge-

498 4430 624 4479 nere
655 4419 954 4464 animarum
988 4416 1295 4479 illicentium
1319 4417 1381 4463 ad
1416 4417 1608 4477 turpia,
1638 4430 1745 4464 non
1777 4418 1929 4479 sequi

496 4478 594 4526 has
616 4492 730 4527 esse
756 4485 947 4527 natura
961 4478 1143 4535 malas,
1160 4479 1285 4525 alias
1298 4492 1410 4526 esse
1424 4492 1690 4526 summum
1709 4478 1923 4529 bonum.
1998 4482 2084 4529 108

435 4541 559 4589 XIV.
592 4541 818 4588 Rursum
843 4556 906 4589 ex
924 4541 1216 4603 paenitendi
1237 4542 1460 4589 utilitate
1477 4547 1805 4590 monstratur
1822 4545 1931 4590 ani-

501 4615 615 4650 mas
646 4617 752 4650 non
785 4608 974 4651 natura
996 4603 1157 4651 malas
1187 4617 1321 4650 esse.
1348 4605 1791 4652 Denionstrationi
1825 4610 1929 4653 tam

499 4668 656 4713 certae
688 4666 899 4713 nonnisi
920 4679 983 4713 ex
1011 4665 1402 4715 izomuctudine
1423 4667 1635 4715 errandi
1666 4668 1929 4716 contradi-

496 4728 652 4775 citur.
1995 4732 2083 4781 109

431 4788 534 4839 XV.
573 4790 698 4837 Orat
726 4801 822 4849 pro
852 4788 1036 4836 amicis
1065 4802 1198 4850 quos
1228 4788 1414 4837 habuit
1443 4790 1638 4838 erroris
1668 4790 1853 4839 socios.
1996 4797 2083 4844 110

433 4850 486 4902 S.
520 4852 778 4901 AURELII
812 4850 1167 4902 AUGUSTINI.
1192 4852 1603 4900 HlPl’()NENSIS
1626 4854 1929 4910 EPISCUPI,

497 4914 659 4963 AC’I‘A
681 4914 797 4962 SEU
820 4913 1197 4962 DISPUTATIO
1218 4913 1469 4962 CONTRA
1493 4915 1924 4966 FOBTUNATUM

494 4976 897 5025 MANICII/EUM
934 4975 1120 5023 LIBER
1154 4975 1340 5025 UNUS.
1873 4981 2084 5027 111-112

431 5038 726 5087 DISPUTATIO
758 5052 920 5086 ruma;
952 5051 1066 5086 DIEI.
1948 5039 2080 5090 Ibid.

432 5100 633 5149 DISPUT.
668 5114 896 5150 saepicule
926 5114 1043 5148 nisi.
1993 5106 2077 5152 121

431 5163 481 5211 S.
517 5164 772 5211 AURELII
799 5162 1154 5216 AUGUSTINI,
1186 5161 1608 5211 HIPPONENSIS
1628 5163 1906 5212 EPISCOPI

490 5200 1163 5274 c‘b‘s‘ﬁi‘ium‘srrs‘ma
1188 5200 1703 5274 lii'iiiiicii‘ﬁfiﬁsifi
1714 5200 1872 5275 361.13
1881 5200 1928 5273 ii

1954 1675 2101 1724 93-94

1962 1921 2094 1972 Ibid.

1960 2109 2093 2159 Ibid.

1958 2546 2094 2596 Ibid.

1951 4228 2085 4280 Ibid.

495 5289 679 5336 LIBER
714 5288 899 5336 UNUS.
933 5315 990 5322 —
1033 5288 1395 5336 Conciliantur
1425 5288 1565 5335 inter
1603 5301 1658 5335 se
1697 5289 1926 5349 Scriptu-

493 5364 674 5398 rarum
699 5350 997 5406 Sententia»,
1030 5364 1161 5411 quas
1191 5354 1255 5396 de
1276 5351 1618 5398 Testamento
1652 5350 1835 5398 Vetere
1867 5365 1925 5399 rc

490 5412 744 5467 Novo.vel
758 5418 812 5459 ut
828 5414 1054 5459 invicem
1071 5414 1362 5460 contrarias
1378 5414 1709 5465 Adimantus.
1727 5419 1928 5461 utrum-

494 5486 597 5534 que
643 5476 1040 5522 Testamentum
1090 5475 1155 5521 ab
1205 5489 1311 5522 uno
1356 5480 1408 5524 et
1446 5478 1633 5524 eodem
1674 5476 1777 5523 Deo
1813 5489 1926 5525 esse

491 5548 596 5583 non
634 5550 785 5594 posse
816 5536 1162 5591 contendens,
1197 5541 1510 5585 corraseret.
1872 5541 2078 5590 129-130

431 5597 481 5647 s.
505 5597 768 5660 sensui
796 5600 913 5646 sua
927 5599 1150 5656 US'I‘INI,
1179 5598 1595 5648 HIPPONENSIS
1624 5600 1925 5660 EPISCOPI,

490 5658 1128 5723 CQNTBAEPJSTOLAM
1155 5660 1505 5717 ΜΑΝΙΟΗᾸΞΙ.
1539 5676 1697 5723 quam
1731 5658 1925 5714 vocant

491 5720 927 5781 FUNDAMENTI,
961 5723 1145 5772 LIBER
1175 5722 1363 5775 UNUS.
1394 5751 1452 5760 —-
1482 5720 1695 5775 Reiellit
1719 5726 1926 5792 priores

1874 167 2115 229 INDEX
2162 166 2464 230 RERUM.

3710 166 3885 232 1224

2286 306 2463 364 partes
2492 300 2741 362 Epistolas
2772 297 3064 358 Manichaei,
3096 297 3386 350 ostendens
3415 299 3586 363 ipsum
3618 316 3715 364 pro

2283 363 2564 411 manifesta
2594 377 2751 425 quam
2774 364 3137 426 pollicebatur.
3170 369 3223 413 et
3252 378 3344 425 pro
3374 368 3517 413 certa
3538 363 3717 427 cogni—

2280 426 2448 487 tione,
2488 427 2701 474 nonnisi
2749 427 2950 475 incerta
2998 432 3049 474 et
3082 428 3317 475 absurda
3363 426 3716 476 deliramenta

2281 488 2392 536 suis
2422 488 2773 537 sectatoribus
2803 502 3122 551 proponere.
3318 550 3321 551 7
3660 491 3880 542 173-174

2214 550 2377 600 CAPUT
2405 564 2610 600 PRIMUM.
2645 550 3149 600 Haeretici’sanandi
3189 550 3357 613 magis
3395 564 3555 614 quam
3592 566 3716 615 per-

2280 612 2460 661 dendi.
3736 615 3861 664 Ibid

2319 625 2460 661 eum.
3736 625 3877 664 [οἱα.

2216 675 2278 723 II.
2309 676 2491 723 Causa:
2523 688 2619 722 cur
2645 675 2827 723 mitius
2853 675 3119 738 agendum
3154 689 3273 724 cum
3307 675 3632 726 Manichmis.
3737 677 3876 728 Ibid.

2214 738 2300 785 III.
2334 738 2665 798 Augustinus
2693 740 2967 800 quondam
2999 738 3338 787 Manichaeus.
3730 740 3871 790 Ibid.

2214 800 2659 863 IV.7Argument7a
2688 799 2810 849 ﬁdei
2841 799 3131 849 catholica.
3225 861 3236 863 7
3314 862 3323 863 7
3777 808 3868 855 175

2214 861 2273 911 V.
2302 861 2499 911 Contra
2529 862 2741 911 titulum
2771 863 3019 916 Epistolas
3048 861 3346 912 Manichei.
3774 867 3866 916 176

2221 877 2273 911 γ.
2302 877 2499 911 contra
2529 877 2741 911 mulum
2771 877 2810 911 δ
2850 877 3019 911 natoue
3048 877 3346 912 manicnan.
3774 877 3860 916 1‘16

2211 923 2297 988 VI.
2331 926 2434 974 Cur
2467 924 2771 988 apostolum
2801 877 2993 974 ghristi
3021 938 3075 974 se
3110 925 3414 988 scripserit.
3583 986 3591 988 7
3768 932 3860 979 177

2211 985 2317 1035 VII.
2352 988 2679 1051 manichesus
2703 987 2932 1051 Spiritus
2952 992 3169 1037 sanctus
3186 985 3457 1051 quomodo
3475 986 3699 1039 creditus

2274 1063 2305 1097 a
2335 1050 2462 1098 suis.
3206 1050 3219 1051 ί
3764 1056 3848 1103 178

2209 1110 2342 1159 VIII.
2372 1112 2582 1160 Festum
2614 1111 2808 1161 natalis
2845 1111 3141 1161 Manichaei.
3722 1114 3849 1164 Ibid.

2207 1173 2552 1246 17X.’_Spir_itus
2580 1174 3039 1246 sanctus_quando
3070 1175 3282 1223 missus.
3770 1181 3858 1246 119

2206 1235 2266 1284 X.
2300 1235 2528 1298 Spiritus
2556 1241 2775 1285 sanctus
2803 1235 2885 1286 bis
2916 1237 3093 1285 datus.
3542 1297 3545 1298 7
3774 1240 3860 1290 180

2206 1298 2290 1347 XI.
2322 1297 2605 1349 Veritatem
2640 1299 2917 1361 pollicetur
2945 1298 3290 1356 Manicbasus,
3324 1311 3433 1347 non
3469 1297 3704 1350 exhibet.
3776 1305 3858 1352 I81

2206 1361 2311 1409 XII.
2345 1361 2703 1410 Deliramenta
2733 1362 3032 1410 Manicbaai.
3071 1361 3316 1411 Prailium
3345 1364 3467 1411 ante
3515 1362 3707 1412 mundi

2270 1424 2706 1472 constitutionem
2741 1425 3102 1473 commissum.
3776 1428 3863 1476 182

2202 1484 2331 1534 XIII.
2369 1487 2493 1535 Duas
2523 1487 2834 1536 substantia:
2866 1488 3165 1536 contrarias.
3191 1487 3433 1548 Regnum
3464 1486 3700 1537 luminis.

2268 1549 2473 1597 Incerta
2502 1562 2597 1609 pro
2624 1550 2781 1597 certis
2809 1550 2946 1597 tradi
2976 1563 3005 1597 a
3036 1548 3346 1598 Manichaee.
3720 1549 3859 1601 Ibid.

2200 1610 2328 1674 XIV.
2363 1610 2704 1659 Pollicebatur
2734 1625 2910 1659 rerum
2942 1616 3204 1661 certarum
3234 1611 3612 1674 cognitionem,
3646 1616 3699 1663 et

2264 1672 2491 1733 imperat
2523 1674 2845 1722 incertarum
2877 1677 3052 1722 ﬁdem.
3306 1672 3324 1674 ἡ
3768 1676 3858 1728 183

2201 1733 2304 1782 XV.
2336 1737 2453 1783 Non
2488 1735 2661 1784 solum
2693 1737 2910 1787 incerta.
2944 1736 3034 1785 sed
3071 1736 3231 1785 etiam
3270 1735 3403 1784 falsa
3433 1749 3547 1784 esse
3576 1748 3697 1798 qua

2263 1798 2443 1861 tradit.
2478 1797 2898 1847 Deliramentum
2929 1798 2995 1847 de
3017 1802 3159 1847 terra
3179 1803 3231 1848 et
3255 1803 3414 1861 gente
3441 1797 3693 1847 tenebra—

2261 1874 2380 1908 rum
2407 1859 2560 1923 juxta
2590 1861 2725 1932 Iatus
2756 1866 2909 1933 terrae
2940 1865 3137 1910 sanctae
3157 1875 3219 1909 ac
3238 1859 3551 1934 substantia
3584 1862 3695 1911 Dei.

2258 1922 2571 1986 Confutatur
2599 1936 2791 1985 primo,
2821 1937 2949 1986 quia
2978 1927 3182 1973 natura;
3206 1924 3297 1973 Dei
3328 1928 3505 1986 partes
3534 1928 3586 1973 et
3615 1924 3690 1973 la-

2257 1985 2583 2049 tera7tribui7t
2611 1985 2864 2049 tanquam
2889 1998 2987 2035 sua
3016 1987 3157 2035 mole
3186 1985 3539 2049 perlecorum
3570 2000 3692 2049 spa-

2259 2047 2333 2095 tia
2363 2047 2739 2097 distendatur.‘
3188 2047 3203 2049 “
3598 2047 3615 2049 “
3764 2052 3851 2100 181

2194 2108 2325 2173 XVI.
2351 2110 2598 2159 Animam
2635 2110 2828 2173 ipsam,
2859 2110 2958 2173 etsi
2989 2109 3257 2160 mutabilis
3288 2110 3363 2167 Iit.
3395 2125 3493 2173 per
3521 2111 3695 2173 spatia

2259 2171 2505 2236 locorum
2530 2186 2637 2221 non
2658 2171 2919 2236 'distendi.
2942 2173 3070 2221 Nam
3097 2176 3208 2223 tota
3236 2171 3480 2224 sentit—in
3508 2171 3690 2236 singu-

2259 2234 2324 2282 lis
2353 2235 2596 2297 partibus
2619 2234 2873 2298 corporis.
2923 2296 2930 2298 _
3170 2297 3178 2298 7
3436 2297 3439 2298 7
3598 2234 3621 2236 “
3711 2235 3849 2286 Ibid.

2194 2296 2622 2362 XVII.Memoria
2639 2296 2780 2362 capit
2794 2296 3148 2362 maximorum
3168 2297 3407 2348 locorum
3430 2297 3693 2362 imagines
3758 2302 3852 2350 185

2194 2359 2369 2409 XVIII.
2394 2359 2750 2434 Intelligendi
2775 2360 3014 2434 potentia
3042 2359 3109 2434 de
3140 2375 3317 2411 rerum
3348 2359 3568 2412 veritate
3598 2361 3691 2411 de-

2259 2435 2362 2532 q‘ue
2391 2424 2523 2494 ipsa
2539 2424 2860 2486 cogitatione
2884 2424 3111 2485 judicat.
3264 2486 3274 2497 ο
3658 2486 3669 2496 7
3761 2427 3851 2474 186

2194 2484 2258 2533 XI
2311 2519 2322 2531 .
2356 2483 2414 2548 Si
2440 2498 2617 2534 anima
2646 2499 2741 2548 per
2764 2485 2908 2534 locos
2930 2499 3038 2535 non
3061 2485 3385 2547 extenditur,
3405 2486 3578 2536 multo
3599 2499 3697 2535 mi-

2259 2560 2360 2594 nus
2391 2546 2548 2596 Deus.
2646 2546 2663 2548 “
3374 2546 3377 2547 ⁷
3712 2548 3851 2598 Ibid.

2194 2608 2300 2657 XX.
2334 2610 2753 2658 Deliramentum
2785 2609 2850 2671 de
2880 2607 3075 2671 duplici
3104 2612 3244 2658 terra
3272 2610 3549 2660 reIellitur.
3762 2611 3849 2663 187

2193 2671 2320 2737 XXI.
2352 2672 2605 2720 Eamdem
2620 2675 2815 2721 terram
2837 2668 3038 2737 lucié_.si
3052 2677 3207 2721 terrai
3219 2674 3558 2723 tenebrarum
3567 2672 3694 2737 jun-

2257 2735 2417 2805 gitur,
2450 2748 2564 2783 esse
2595 2747 2925 2805 corpoream.
2948 2734 3140 2797 Figura
3170 2739 3326 2785 terrae
3347 2734 3692 2786 tenebrarum

2284 2802 2457 2845 unctae
2489 2810 2610 2845 cum
2640 2800 2781 2845 terra
2810 2796 2956 2845 lucis.

2192 2857 2340 2907 XXII.
2375 2859 2569 2920 Figura
2598 2863 2753 2907 terras
2784 2857 2912 2907 lucis
2938 2857 3146 2906 fmdior.

2190 2921 2371 3030 XXIIII.t
2398 2922 2588 2970 Levius
2631 2925 2855 2983 peccant
2910 2920 3219 2970 Manicheais
3270 2921 3691 2986 Anthropomor-

2258 2998 2289 3030 υ
2335 2998 2347 3030 ι
2377 2998 2440 3030 ω.

2335 2983 2440 3031 itas.

2190 2998 2463 3156 Χὶῧῗέῗίε
2496 3058 2722 3094 numero
2754 3048 3065 3093 naturarum
3096 3044 3150 3093 in
3181 3044 3553 3107 phantasmate
3584 3049 3693 3097 Ma-

2255 3121 2339 3156 nic
2382 3121 2467 3156 an.

2255 3121 2467 3157 ηιρυωι.

2372 3171 2443 3241 Ιξι
2460 3168 2644 3241 Δηὶζιίιο
2664 3169 2951 3241 crearinper
2969 3168 3396 3241 Omnipotentem
3415 3171 3556 3241 bona
3582 3172 3687 3220 alia

2252 3232 2367 3281 aliis
2398 3231 2685 3293 inferiora.
2721 3232 2779 3281 In
2818 3230 2986 3293 figura
3017 3230 3408 3292 conjunctionis
3455 3234 3681 3283 duarum

2255 3298 2537 3359 terrarum,
2570 3292 3255 3359 qualiscumque_7ﬁngatur,
3288 3309 3492 3359 semper
3512 3297 3685 3346 inesse

2252 3356 2647 3404 deformitatem
2680 3361 2772 3405 aut
2791 3356 3194 3405 absurditatem.
3402 3356 3418 3359 ”
3756 3364 3844 3412 191

2187 3419 2351 3468 XXVI.
2379 3420 2728 3467 Coarctantur
2766 3418 3060 3475 Mauichaai,
3100 3420 3212 3468 sive
3248 3422 3493 3469 tortuose
3523 3422 3686 3471 latere

2254 3480 2691 3543 conjunctionem
2709 3481 2850 3529 illam
2876 3481 2991 3529 ﬁeri
3011 3482 3207 3539 dicant,
3232 3481 3343 3531 sive
3365 3496 3550 3539 curvo,
3574 3484 3683 3533 sive

2249 3549 2413 3592 recto.
2449 3545 2507 3591 In
2542 3544 2642 3591 hoc
2671 3545 2827 3592 tertio
2871 3557 3064 3605 genere
3091 3543 3360 3606 juncturas
3391 3551 3531 3593 esset
3560 3560 3683 3595 con-

2249 3606 2432 3654 cordia
2460 3611 2512 3654 et
2542 3606 2879 3668 pulcbiitudo
2911 3607 3121 3668 utrique
3153 3611 3307 3656 terrm
3335 3609 3678 3657 conveniens.
3751 3613 3841 3661 192

2249 3620 2432 3654 coruia
2460 3620 2512 3654 et
2542 3620 2879 3716 EDICDIILUOO
2911 3620 3121 3668 utrique
3153 3620 3307 3656 terrae
3335 3621 3678 3657 conveniens.

2185 3668 2379 3731 XXVII.
2415 3668 2539 3716 Pulc
2579 3669 2756 3731 ritudo
2778 3669 2934 3716 rectis
2956 3670 3129 3717 lateris
3158 3673 3336 3731 posset
3356 3675 3513 3720 terras
3534 3676 3680 3721 tene-

2246 3730 2463 3779 brarum
2481 3730 2682 3778 detrahi
2698 3731 2811 3778 sine
2828 3731 2933 3779 ulla
2948 3732 3329 3781 detractatione
3347 3734 3677 3783 substantias.

2248 3793 2331 3842 Sic
2353 3793 2548 3841 malum
2569 3794 2760 3842 animae
2781 3794 2985 3842 accedit
3006 3794 3149 3842 nulla
3171 3794 3353 3844 addita
3374 3795 3677 3846 detractare

2249 3855 2566 3904 substantia.
2602 3856 2760 3920 Latus
2783 3859 2937 3920 terra:
2964 3858 3303 3920 tenebrarum
3334 3858 3389 3906 in
3420 3864 3681 3920 quantum

2248 3922 2450 3966 rectum
2467 3922 2626 3975 esset,
2639 3918 2766 3967 boni
2779 3919 2972 3980 aliquid
2993 3918 3368 3968 haberetaDeo
3386 3918 3679 3971 conditore.
3747 3924 3838 3972 193

2185 3980 2402 4047 XXVIII.
2422 3981 2481 4047 In
2504 3984 2646 4028 terra
2664 3981 3007 4030 tenebrarum
3024 3986 3243 4031 naturas
3263 3982 3502 4046 quinque
3527 3986 3681 4047 ponit

2251 4042 2587 4091 Manichteus.
3276 4042 3295 4045 ’
3412 4042 3429 4046 “
3527 4042 3543 4047 ’
3745 4048 3839 4098 194

2186 4105 2355 4154 XXIX.
2388 4105 2679 4154 Reﬂellitur
2708 4103 2809 4153 hoc
2840 4104 3261 4155 deliramentum.
3703 4108 3840 4159 Ibid.

2187 4166 2336 4234 XXX.
2368 4167 2536 4234 Quam
2567 4166 2733 4234 multa
2758 4168 2902 4216 bona
2932 4168 3082 4234 in_iis
3113 4169 3337 4227 naturis,
3366 4182 3500 4233 quas
3530 4172 3686 4234 ponit

2251 4230 2577 4278 Manichaeus
2607 4230 2661 4276 in
2692 4233 2837 4278 terra
2867 4230 3229 4281 tenebrarum.
3385 4230 3397 4233 ⁷
3530 4230 3548 4234 ’
3750 4236 3841 4284 195

2186 4291 2358 4355 XXXI.
2391 4292 2462 4340 De
2494 4291 2683 4355 eodem
2714 4298 3049 4355 argumento.
3752 4300 3844 4348 196

2186 4354 2379 4403 XXXII.
2413 4354 2735 4403 Manichaaus
2766 4354 2829 4403 ex
2859 4356 2922 4404 iis
2953 4369 3072 4419 quae
3110 4356 3195 4404 hic
3222 4355 3372 4414 vidit,
3417 4356 3687 4407 ordinavit

2251 4431 2348 4466 sua
2380 4418 2769 4471 phantasmata.
3752 4423 3842 4471 197

3752 4483 3843 4533 198

3746 4608 3837 4657 199

3708 2798 3846 2848 Ibid.

3759 2861 3851 2913 188

3758 2988 3852 3037 189

3754 3113 3845 3161 190

2251 4431 2348 4466 sua
2380 4418 2769 4476 phantasmata.

2187 4478 2407 4527 XXXIII.
2442 4480 2634 4528 Natura
2664 4479 2858 4536 omnis,
2886 4483 2945 4527 ut
2974 4483 3165 4529 natura
3193 4482 3290 4537 est,
3323 4480 3465 4529 bona
3494 4486 3593 4531 est.

2186 4541 2403 4592 XXXIV.
2434 4544 2633 4590 Natura
2677 4556 2947 4603 nunquam
2992 4544 3107 4590 sine
3149 4542 3327 4605 aliquo
3357 4544 3519 4592 bono.
3562 4544 3684 4595 Sola

2253 4606 2385 4652 mala
2419 4605 2762 4652 considerant
2790 4605 3087 4653 Maniclizei.

2186 4667 2375 4716 XXXV.
2408 4666 2756 4731 Malumnihil
2780 4666 2923 4715 aliud
2947 4680 3104 4728 quam
3127 4666 3426 4729 corruptio.
3458 4668 3571 4731 ipsa
3590 4682 3675 4717 au-

2249 4732 2354 4778 tem
2386 4729 2655 4790 corruptio
2689 4742 2795 4777 non
2827 4734 3019 4777 natura
3058 4733 3153 4786 est,
3187 4731 3280 4777 sed
3314 4729 3499 4779 contra
3528 4737 3675 4780 natu-

2249 4805 2379 4839 ram.
2412 4790 2743 4853 Ubicumque
2773 4791 3059 4852 corruptio,
3091 4791 3162 4841 ibi
3192 4790 3396 4841 bonum
3428 4792 3541 4842 fuit.
3739 4794 3837 4843 200

2184 4853 2400 4901 XXXVI.
2433 4853 2581 4902 Unde
2610 4854 2832 4911 malum,
2861 4854 2972 4902 sive
3001 4854 3273 4915 corruptio
3317 4856 3460 4904 boni.
3745 4858 3835 4905 201

2184 4916 2421 4964 XXXVII.
2456 4916 2610 4964 Solus
2642 4916 2782 4964 Deus
2814 4929 3017 4965 summe
3050 4918 3240 4965 bonus.
3745 4920 3840 4968 202

2182 4978 2447 5027 XXXVIII.
2484 4979 2683 5027 Natura
2712 4992 2738 5027 ιι
2773 4980 2893 5037 Deo,
2927 4980 3196 5041 corruptio
3227 4992 3291 5029 ex
3317 4978 3507 5029 nihilo.
3748 4983 3841 5031 203

2182 5042 2394 5091 XXXIX.
2429 5041 2561 5088 Mala
2592 5042 3000 5103 quomodosint
3028 5056 3060 5090 a
3088 5042 3214 5091 Deo.
3745 5044 3837 5092 201

2182 5103 2282 5152 XL.
2312 5104 2589 5163 Corruptio
2616 5102 2793 5151 tendit
2818 5102 2884 5151 ad
2917 5118 3025 5151 non
3061 5117 3196 5152 esse.
3703 5104 3837 5155 Ibid.

2183 5166 2306 5215 XLI.
2338 5165 2615 5225 Corruptio
2646 5167 2909 5226 permissu
2945 5167 3034 5215 Dei
3060 5180 3093 5214 a
3122 5166 3274 5215 nobis
3303 5170 3403 5216 est.
3748 5169 3841 5217 205

2184 5229 2328 5276 XLII.
2363 5228 2618 5275 Hortatur
2648 5228 2713 5275 ad
2746 5241 3010 5278 summum
3042 5228 3263 5278 bonum.
3745 5232 3840 5280 206

2182 5291 2352 5339 XLIII.
2384 5289 2687 5338 Com-lusio.
3702 5290 3840 5341 Ibid.

2183 5352 2235 5401 S.
2265 5353 2517 5400 AURELII
2553 5352 2906 5412 AUGUSTINI,
2934 5353 3348 5403 HIPPONENSIS
3377 5354 3676 5413 EPISCOPI,

2244 5415 2497 5463 CONTRA
2550 5415 2845 5464 FAUSTUM
2896 5416 3303 5465 MANICHBUM
3337 5417 3503 5466 LIBRI
3545 5417 3675 5466 TRI-

2244 5478 2281 5525 G
2294 5477 2436 5525 INTA
2466 5477 2643 5527 TBES.
3623 5480 3840 5529 207-208

2180 5540 2478 5588 Anuomrlo.
3627 5542 3839 5592 517-518

2182 5603 2231 5652 S.
2259 5602 2514 5651 AUBEIII
2540 5601 2901 5658 AUGUSTINI,
2928 5601 3348 5653 HIPPONENSIS
3375 5603 3677 5660 EPISCOPI,

2243 5666 2326 5713 DE
2341 5664 2520 5714 ACTIS
2533 5664 2661 5714 CUM
2676 5664 2897 5714 FELICE
2926 5666 3060 5715 MAN
3071 5665 3274 5717 ICHEO
3286 5666 3457 5718 LIBRI
3473 5666 3840 5719 DUO.519-520

2180 5729 2328 5781 Lassa
2358 5740 2552 5779 ramus.
2585 5754 2644 5763 —
2673 5730 2802 5780 Acta
2832 5728 3017 5793 prima;
3048 5728 3171 5780 diei.
3693 5727 3838 5782 Ibid.
