4142 6200
299 219 448 277 1225

293 353 439 401 Lisss
471 359 737 397 sscusnus.
768 373 822 384 -
855 345 983 393 Acta
1013 344 1261 394 secundae
1293 344 1416 394 diei.
1730 350 1939 398 535-536

293 414 341 463 S.
372 410 630 459 AURELII
659 408 1012 464 AUGUSTINI,
1043 407 1456 456 IIIPPONENSIS
1479 407 1778 464 EPISCOPI,

355 474 436 521 DE
466 473 736 521 NATURA
780 471 926 520 BONI
961 470 1220 520 CONTRA
1266 470 1654 519 MANICH/EOS
1697 472 1779 519 LI-

351 536 473 584 BER
508 535 590 584 UN
602 535 693 584 US.
1723 534 1935 583 551-552

291 601 449 651 CAPUT
470 610 674 645 PRIMUI.
700 596 837 644 Deus
857 607 1125 642 summum
1146 595 1346 644 bonum
1365 598 1417 643 et
1432 595 1779 644 incommuta-

348 661 482 719 bile;
512 674 542 707 a
573 673 677 722 quo
697 662 884 707 caetera
913 658 1093 706 omnia
1110 658 1253 706 bona
1273 657 1567 720 spiritualia
1588 662 1639 706 et
1660 672 1777 706 cor-

350 721 618 787 poraliag
694 781 740 787 __
906 782 934 787 77
1006 781 1018 787 _
1201 783 1210 787 _
1341 781 1354 787 _
1461 783 1505 787 __
1586 781 1644 787 77
1727 721 1934 778 551-552

289 781 657 844 ll.'Quomodo
691 781 744 830 id
776 782 944 842 possit
974 781 1039 830 ab
1077 781 1422 845 corrigendos
1459 781 1780 832 Manichasos

349 843 606 899 sufﬁcere.
1224 843 1244 845 ⁷
1802 843 1932 894 Ibid.

289 915 371 964 III.
403 909 607 968 Modus,
639 905 846 970 species
875 911 929 956 et
956 907 1088 955 ordo
1118 907 1390 970 generalia
1418 906 1561 956 bona
1589 907 1641 956 in
1691 921 1774 956 re-

345 977 443 1023 bus
471 984 500 1018 a
532 970 636 1017 Deo
669 969 833 1017 factis.
1130 969 1141 970 ί
1841 971 1930 1019 553

290 1037 367 1084 IV.
400 1032 593 1080 Malum
629 1035 709 1080 est
727 1031 997 1093 corruptio
1020 1031 1181 1090 modi,
1206 1031 1399 1094 speciei
1421 1035 1513 1081 aut
1541 1030 1760 1080 ordinis.
1797 1030 1932 1082 Ibid.

288 1099 340 1148 V.
372 1096 573 1144 Natura
592 1094 982 1142 excellentioris
1000 1095 1201 1143 ordinis
1221 1094 1377 1142 etiam
1405 1099 1654 1156 corrupta
1670 1108 1776 1143 me-

344 1159 442 1206 lior
473 1155 742 1206 interdum
771 1157 1024 1206 inferiore
1055 1157 1215 1205 etiam
1242 1155 1581 1219 incorrupta;
1805 1155 1934 1206 Ibid.

289 1222 366 1271 VI.
400 1221 651 1268 Naturam
684 1232 803 1281 qua:
842 1220 1110 1281 corrumpi
1143 1233 1251 1267 non
1291 1223 1482 1281 potest,
1514 1231 1778 1267 summum

345 1285 584 1340 bonum;
618 1279 736 1344 quin
769 1285 960 1343 potest,
993 1279 1207 1344 aliquod
1236 1279 1436 1330 bonum
1469 1296 1614 1344 esse.
1802 1279 1934 1332 Ibid.

286 1347 388 1398 VII.
420 1343 772 1394 Rationalium
804 1343 1092 1406 spirituum
1111 1345 1379 1407 corruptio
1404 1344 1506 1394 alia
1535 1343 1776 1393 volunta-

343 1409 440 1466 ria,
472 1407 575 1455 alia
601 1407 842 1469 poenalis.
905 1468 910 1469 7
1711 1468 1715 1469 7
1846 1407 1936 1456 554

288 1471 412 1521 VIII.
446 1469 521 1517 Ex
551 1468 728 1532 rerum
759 1468 1073 1517 inferiorum
1103 1470 1443 1532 corruptione
1471 1483 1532 1518 ac
1561 1468 1780 1517 Interitu

347 1531 689 1596 pulchritudo
737 1532 990 1596 universi.
1264 1528 1280 1532 “
1403 1594 1431 1596 77
1802 1528 1937 1579 Ibid.

290 1593 552 1702 miratam
573 1593 814 1657 peccanti
834 1598 1061 1651 naturae,
1081 1597 1139 1642 ut
1158 1597 1299 1644 recte
1320 1594 1612 1651 ordinetur,
1632 1606 1782 1642 cons-
1803 1654 1858 1702 Η)
1872 1654 1920 1700 7d

372 1673 386 1702 ι
417 1672 447 1702 u
476 1671 522 1702 a.
1863 1669 1878 1702 ι

349 1659 522 1706 tituta.
574 1655 589 1657 ἡ
1803 1655 1936 1702 Ibid.

292 1721 346 1769 X.
378 1721 589 1769 Naturae
623 1718 985 1781 coruptibiles,
1018 1719 1142 1781 quia
1171 1731 1235 1767 ex
1268 1719 1436 1767 nihilo
1467 1717 1636 1781 factas.
1670 1779 1677 1781 7
1804 1716 1935 1765 Ibid.

291 1783 371 1832 XI.
403 1782 589 1830 Noceri
620 1794 718 1829 nec
739 1779 845 1830 Deo
872 1779 1064 1844 potest,
1089 1795 1185 1831 nec
1205 1781 1294 1830 alii
1316 1785 1521 1830 natura:
1542 1780 1644 1830 nisi
1666 1779 1781 1842 ipso

349 1845 708 1901 permittente.

1803 1902 1937 1951 Ibid.

1806 2025 1940 2078 Ibid.

1807 2151 1940 2201 Ibid.

1805 2275 1940 2325 Ibid.

295 1907 395 1956 XII.
427 1907 617 1956 Omnia
645 1906 787 1954 bona
816 1905 1032 1954 nonnisi
1068 1919 1098 1954 a
1130 1907 1254 1954 Deo.

294 1970 421 2019 XIII.
457 1971 601 2018 Bona
631 1967 838 2031 singula
882 1981 975 2016 seu
1007 1982 1185 2031 parva,
1232 1982 1325 2018 seu
1363 1981 1573 2031 magna,
1609 1980 1726 2016 esse
1755 1979 1786 2014 a

292 2033 613 2144 XIIIIIOParva
632 2092 775 2141 bona
797 2093 850 2141 in
874 2092 1134 2156 majorum
1159 2093 1557 2155 comparatione
1580 2094 1785 2141 contra-

351 2157 442 2205 riis
478 2155 785 2204 nominibus
815 2156 1170 2218 appellantur.

425 2220 483 2292 In
514 2218 680 2290 simiae
697 2217 918 2281 corpore
939 2218 1349 2281 pulchritudinis
1369 2217 1570 2266 bonum
1592 2217 1785 2273 inesse,

350 2282 473 2330 licet
502 2283 696 2328 minus.
1805 2282 1940 2325 Ibid.

292 2344 414 2394 XVI.
448 2343 778 2392 Privatioues
808 2343 862 2390 in
886 2343 1044 2390 rebus
1066 2342 1320 2391 decenter
1340 2356 1369 2391 a
1392 2344 1498 2392 Deo
1524 2341 1784 2390 ordinatas
1851 2342 1941 2389 556

293 2407 440 2456 XVII.
473 2407 672 2454 Natura
700 2406 754 2452 in
788 2411 1049 2466 quantum
1079 2410 1271 2454 natura
1300 2410 1394 2463 est,
1436 2404 1583 2453 nulla
1613 2404 1766 2452 mala.
1803 2401 1940 2450 Ibid.

292 2469 468 2518 XVIII.
502 2469 689 2530 Hylen,
722 2480 843 2529 quae
874 2481 1049 2515 rerum
1091 2467 1334 2517 informis
1364 2467 1613 2516 materies
1651 2466 1785 2515 anti-

393 2531 473 2579 uis
502 2525 796 2587 dicebatur,
829 2544 937 2577 non
970 2543 1083 2578 esse
1115 2531 1330 2579 malum.
1805 2525 1939 2575 Ibid.

293 2593 419 2642 XIX.
451 2593 575 2640 Esse
605 2605 743 2649 vere,
779 2594 1051 2654 proprium
1083 2593 1196 2641 Dei.
1819 2593 1940 2654 7557

294 2657 395 2705 XX.
430 2655 590 2703 Dolor
618 2651 832 2702 nonnisi
862 2651 914 2702 in
947 2655 1151 2703 naturis
1181 2655 1358 2704 bonis.
1807 2651 1926 2700 Ibid

293 2718 421 2767 XXI.
453 2716 658 2765 Modica
687 2729 717 2764 a
747 2717 904 2765 modo
935 2717 1092 2766 dicta.
1807 2713 1940 2763 Ibid.

295 2781 444 2830 XXII.
476 2778 662 2842 Modus
684 2792 750 2842 an
773 2779 952 2842 aliqua
980 2781 1184 2842 ratione
1215 2780 1323 2828 Deo
1353 2780 1454 2842 ipsi
1484 2777 1786 2842 conveniat.
1854 2778 1941 2826 558

295 2842 468 2891 XXIII.
490 2841 650 2912 7Unde
681 2840 948 2912 interdum
979 2841 1185 2891 dicatur
1213 2840 1388 2891 malus
1412 2842 1622 2902 modus,
1650 2841 1790 2889 mala

358 2903 581 2966 species,
613 2903 968 2977 malus7ordo._

296 2966 468 3038 XXIV.
498 2966 832 3039 Testimonns
862 2967 1152 3039 Scriptura:
1191 2968 1444 3038 probatur
1475 2968 1638 3039 Deum
1671 2978 1787 3014 esse

358 3029 867 3093 incommutabilem.
897 3029 1086 3079 Filium
1116 3029 1210 3077 Dei
1243 3044 1356 3079 esse
1387 3030 1644 3093 genitum,
1679 3040 1787 3077 non

636 3153 942 3217 Evangelii,
992 3153 1113 3202 Sine
1141 3155 1248 3216 ipso
1290 3157 1486 3217 factum
1517 3156 1590 3202 es!
1638 3151 1788 3211 nihil,

358 3215 490 3263 male
521 3215 848 3263 intellectum
881 3230 911 3263 a
941 3217 1235 3264 nonnullis.

295 3277 471 3326 XXVI.
501 3277 782 3325 Creatnras
811 3291 874 3324 ex
905 3277 1069 3325 nihilo
1095 3278 1260 3326 factas
1291 3292 1424 3326 esse.

297 3339 492 3388 XXVII.
523 3339 606 3387 Ea:
633 3339 740 3400 ipso
773 3342 825 3387 et
853 3339 926 3386 De
955 3341 1062 3402 ipso
1094 3353 1203 3389 non
1235 3340 1375 3389 idem
1406 3339 1725 3402 signiﬁcare.

299 3402 515 3451 XXVIII.
547 3402 766 3450 Peccata
796 3414 903 3449 non
935 3415 1045 3450 esse
1068 3415 1132 3450 ex
1161 3405 1290 3460 Deo,
1323 3402 1415 3450 sed
1438 3417 1502 3451 ex
1524 3403 1794 3451 voluntate

362 3477 478 3509 esse
511 3465 863 3509 peccantium.
1815 3461 1933 3509 Ibid

362 3477 478 3513 esse
511 3465 863 3535 peccantium.
916 3525 926 3534 ο
1327 3525 1337 3535 7
1461 3525 1470 3534 ι
1581 3525 1592 3534 7
1815 3462 1950 3534 Ibid.

299 3526 734 3597 XXIX-Eccum
762 3529 970 3597 nostris
988 3525 1150 3597 Deum
1173 3537 1290 3597 non
1323 3537 1647 3597 inquinari.”

303 3590 449 3639 XXX.
483 3589 625 3636 Bona
655 3589 813 3636 etiam
843 3588 1063 3636 minima
1094 3593 1144 3636 et
1170 3592 1377 3636 terrena
1403 3584 1523 3635 esse
1555 3601 1586 3635 a
1613 3589 1738 3636 Deo.
1817 3584 1951 3634 Ibid.

306 3651 476 3701 XXXI.
512 3651 703 3699 Puuire
736 3665 797 3699 ac
817 3650 1015 3699 donare
1037 3655 1256 3713 peccata
1274 3663 1522 3712 peraeque
1543 3649 1610 3698 ad
1631 3652 1797 3699 Deum

374 3714 655 3760 pertinere.
1863 3713 1948 3760 561

1809 2900 1943 2951 Ibid.

1809 3087 1944 3138 Ibid.

1857 3215 1946 3262 559

1814 3274 1946 3324 Ibid.

1858 3340 1948 3388 560

412 3714 655 3762 ertinere.

309 3771 502 3825 XXXII.
533 3777 575 3824 A
605 3777 709 3824 Deo
741 3788 854 3823 esse
886 3779 938 3824 et
966 3775 1132 3836 ipsam
1167 3773 1393 3823 nocendi
1422 3778 1757 3835 potestatem.
1820 3771 1953 3821 Ibid.

309 3839 523 3889 XXXIII.
556 3839 783 3900 Angelos
817 3837 986 3886 malos
1028 3851 1138 3886 non
1167 3852 1199 3886 a
1226 3839 1353 3898 Deo,
1394 3836 1485 3886 sed
1529 3837 1798 3899 peccando

370 3901 539 3950 factos
570 3895 686 3948 esse
716 3899 898 3949 malos.
1343 3895 1350 3898 ⁷
1529 3895 1545 3899 “
1827 3895 1954 3945 Ibid.

309 3963 525 4013 XXXIV.
557 3964 832 4012 Peccatum
858 3974 968 4011 non
998 3965 1079 4010 est
1107 3961 1255 4010 malae
1285 3964 1490 4010 naturae
1525 3961 1798 4024 appetitio,

371 4026 463 4075 sed
493 4026 729 4074 melioris
758 4024 1005 4075 desertio.
1562 4023 1575 4024 ί
1598 4023 1608 4024 “
1866 4023 1958 4072 562

305 4088 498 4139 XXXV.
529 4089 699 4137 Arbor
731 4089 931 4138 Adamo
975 4086 1159 4146 vetita,
1191 4098 1301 4134 non
1343 4086 1470 4148 quia
1508 4085 1664 4144 mala,
1707 4085 1799 4134 sed

375 4151 499 4214 quia
528 4151 730 4201 homini
761 4153 960 4200 bonum
991 4153 1050 4214 u_t7
1078 4144 1321 4214 subditus
1352 4144 1422 4214 sit
1447 4149 1574 4197 Deo.
1641 4211 1653 4214 _
1789 4211 1798 4214 _
1823 4144 1958 4194 Ibid.

312 4211 530 4263 XXXVI.
563 4214 717 4279 Nulla
745 4219 985 4263 creatura
1020 4212 1110 4259 Dei
1148 4211 1300 4269 mala,
1334 4211 1426 4260 sed
1465 4226 1527 4260 ea
1553 4211 1686 4259 male
1725 4211 1803 4259 uti

375 4281 456 4325 est
484 4277 703 4325 malum.
1288 4267 1294 4269 ’
1825 4267 1958 4319 Ibid.

310 4338 551 4403 XXXVII.
580 4338 730 4403 Malis
760 4339 1112 4403 peccantium
1131 4339 1269 4386 Deus
1297 4337 1434 4403 bene
1465 4336 1649 4383 utitur.
1691 4395 1701 4403 _
1835 4395 1849 4403 _
1866 4333 1960 4403 75768

310 4401 576 4450 XXXVIII.
601 4402 741 4463 Ignis
762 4393 993 4450 internus
1015 4400 1180 4449 malos
1202 4400 1446 4463 crucians
1471 4411 1575 4463 non
1601 4395 1803 4463 malus._
1827 4393 1960 4443 Ibid.

312 4463 527 4513 XXXIX.
558 4458 804 4528 zEternus
834 4464 968 4526 ignis
989 4464 1200 4518 dicitur,
1230 4475 1340 4511 non
1362 4461 1500 4510 sicut
1526 4462 1682 4518 Deus,
1715 4458 1806 4507 ed
1836 4519 1906 4528 η.

378 4528 508 4593 qu_i_a
539 4528 654 4593 sine
684 4527 806 4574 ﬁne.
852 4518 899 4593 '7
1010 4591 1016 4593 _
1093 4590 1100 4593 _
1455 4584 1465 4593 7
1502 4584 1511 4593 _
1546 4585 1580 4593 ἢ
1623 4583 1633 4593 7
1671 4581 1680 4591 .
1757 4585 1766 4593 7
1827 4518 1962 4567 Ibid.

307 4584 412 4638 XL:
445 4590 550 4637 Nec
583 4591 688 4637 Deo
719 4587 902 4636 noceri
933 4590 1110 4649 potest
1138 4599 1238 4636 nec
1274 4585 1381 4645 alii,
1414 4584 1513 4634 nisi
1546 4584 1635 4632 Dei
1662 4584 1810 4645 justa

376 4652 732 4700 ordinatione.
935 4645 946 4649 ⁷
1875 4645 1964 4694 563

312 4715 440 4765 XLI.
464 4715 676 4773 Quanta
692 4715 834 4779 bona
853 4711 1128 4779 Manichzei
1152 4716 1355 4779 ponant
1375 4711 1430 4759 in
1453 4712 1644 4758 natura
1663 4707 1807 4767 mali,
1842 4767 1909 4779 ω

379 4783 427 4826 et
460 4767 662 4839 (fuanta
695 4775 833 4824 mala
861 4776 916 4822 in
947 4767 1314 4839 natura-boni.
1383 4835 1394 4839 _
1420 4835 1431 4839 _
1538 4833 1549 4839 _
1665 4833 1674 4839 _

313 4833 1006 4904 XLllz'Manichworumde
1037 4837 1128 4884 Dei
1162 4841 1354 4904 natura
1383 4833 1744 4904 blasphem7ia737.
1798 4894 1806 4904 7
1876 4834 1963 4880 565

311 4899 490 4948 XLIII.
520 4904 650 4949 Mala
679 4907 801 4950 ante
832 4899 947 4948 mali
992 4901 1426 4948 commixtionem
1457 4895 1621 4946 multa
1651 4895 1811 4945 tribui

383 4963 588 5009 naturas
619 4964 708 5010 Dei
743 4979 774 5011 a
805 4961 1125 5011 Manicbteis.
1877 4957 1967 5006 566

313 5022 487 5073 XLIV.
520 5024 895 5085 Turpitudines
915 5023 1251 5073 incredibiles
1281 5037 1312 5072 a
1335 5020 1629 5072 Manicbaao
1661 5033 1811 5069 exco-

382 5083 647 5148 gitataain
675 5086 798 5148 Deo.
1042 5147 1047 5148 7
1244 5147 1250 5148 7
1426 5145 1439 5148 _
1499 5147 1502 5148 7
1580 5146 1588 5148 7
1652 5145 1698 5148 __
1779 5145 1788 5148 7
1878 5083 1966 5131 567

1877 5209 1968 5257 569

1836 5269 1964 5318 Ibid.

1883 5334 1970 5382 570

1883 5460 1970 5507 571

310 5145 461 5196 XCV.
493 5146 871 5209 Turpitudines
901 5147 1143 5210 quaedam
1165 5147 1380 5197 nefarias
1411 5145 1474 5196 de
1492 5146 1622 5210 ipsis
1650 5145 1811 5194 Mani-

384 5210 546 5259 chaais
578 5223 684 5258 non
716 5210 975 5258 immerito
1003 5209 1234 5257 creditae.

314 5274 487 5323 XLVI.
522 5271 770 5323 Epistolas
803 5271 1154 5320 Fundamenti
1187 5270 1390 5318 nefaria
1419 5271 1678 5320 doctrina.

315 5336 513 5385 XLVII.
545 5333 924 5397 Turpitudines
955 5333 1235 5382 horribiles
1266 5335 1403 5394 cogit
1436 5340 1754 5395 perpetrare.

319 5399 540 5447 XLVIII.
569 5396 694 5447 Orat
722 5397 1050 5460 Augustinus
1074 5410 1166 5458 pro
1187 5396 1600 5444 Manichworum
1631 5397 1814 5457 resipi-

387 5463 606 5510 scentia.

313 5523 660 5572 SECUNDINI
693 5522 1022 5572 MANICHEI
1055 5519 1361 5569 EPISTOLA
1397 5521 1481 5568 AD
1520 5520 1818 5570 AUGUSTI-

384 5587 542 5635 NUM.
577 5612 633 5621 -—
668 5586 941 5634 Manichaai
989 5584 1282 5631 doctrinam
1328 5581 1668 5630 commendat
1711 5590 1820 5632 tue-

385 5653 578 5711 turque
593 5663 712 5697 cum
727 5648 996 5711 catholicae
1012 5647 1131 5711 ﬁdei
1151 5647 1584 5711 reprehensione,
1601 5646 1820 5711 indigne

386 5708 564 5760 ferens
597 5709 741 5780 quod
773 5723 891 5780 eam
921 5709 1130 5780 scriptis
1160 5713 1436 5780 oppugnet
1473 5708 1819 5780 Augustinus,

389 5787 550 5836 quem
587 5770 629 5824 a'
666 5772 958 5822 Manichseo
1007 5770 1208 5821 timore
1241 5770 1471 5834 quedam
1505 5773 1557 5818 et
1604 5770 1822 5819 honoris

666 5894 924 5952 PATIIOL.
971 5891 1153 5951 XLII.

1705 214 1943 276 INDEX
1996 217 2291 277 RERUM.

1850 1843 1938 1890 555
2009 1859 2016 1863 “

3540 228 3692 287 I226

2104 349 2393 409 cupiditate
2419 349 2671 416 deiecisse
2703 351 2990 410 insimulat,
3023 357 3181 416 atque
3213 358 3271 403 ut
3300 357 3365 404 ad
3397 355 3539 405 illius

2105 415 2302 458 sectam
2336 412 2545 460 tandem
2580 413 2776 472 redeat,
2809 412 3131 464 exhortatur.
3483 421 3692 469 571-572

2042 472 2094 521 s.
2115 474 2381 537 7AUR7ELII
2406 476 2758 531 AUGUSTINI,
2786 478 3208 529 HIPPONENSIS
3238 479 3534 537 EPISCOPI.

2103 535 2358 584 CONTRA
2409 537 2815 587 SECUNDINUM
2865 539 3288 593 MANICH/EUM.
3349 535 3536 591 LIBER

2104 598 2372 670 DNUS._7—-
2394 600 2556 670 Docet
2582 602 3403 670 AugustinusquareManichaei
3424 619 3535 670 sec-

2107 663 2209 730 tam
2242 660 2532 730 reliquerit,
2554 660 2862 730 eamqueex
2895 660 3184 730 Secundini
3205 667 3373 729 ipsius
3395 668 3534 730 epis-

2103 721 2210 769 tola
2239 721 2462 783 prolatis
2492 721 2820 783 argumentis
2849 727 3058 776 refellit.
3228 721 3244 729 ”
3431 721 3443 730 “
3482 729 3690 779 577-578

2042 783 2382 850 saansaan
2413 787 2774 850 AUGUS'I‘INI,
2798 789 3216 839 HIPPONENSIS
3241 790 3536 850 EPISCOPI,

2103 845 2356 896 CONTRA
2390 845 2829 900 ADVERSARUM
2864 853 3041 902 LEGIS
3071 853 3148 901 ET
3180 845 3536 902 PROPHE'I‘A-

2103 908 2238 957 RUM
2274 910 2439 959 LIBRI
2477 911 2624 960 DUO.
3479 918 3690 967 (ξοδ-θοι

2045 970 2193 1018 LIBBR
2225 985 2417 1021 ramus.
2451 974 2654 1022 Veteris
2691 975 3009 1026 Testamenti
3051 977 3168 1026 loca
3209 977 3537 1028 calumniose

2105 1034 2429 1095 reprehensa
2458 1037 2815 1086 vindicantur.
3563 1039 3694 1092 Ibid.

2044 1096 2485 1164 ωηιξη-διαρκοῦς.
2515 1124 2573 1134 -
2595 1099 2726 1164 Novi
2749 1101 3070 1150 Testamenti
3092 1101 3223 1161 loca,
3246 1115 3364 1164 quae
3388 1102 3538 1164 Legis

2107 1159 2574 1221 etPrOphetarum
2607 1162 2955 1212 Adversarius
2985 1165 3133 1214 velut
3165 1159 3242 1213 eis
3261 1159 3539 1215 contraria

2107 1220 2339 1282 collegit,
2369 1222 2738 1272 discutiuntur.
3490 1227 3692 1276 637-638

2043 1281 2378 1333 Cossum-uio
2408 1286 2517 1334 sive
2547 1285 2963 1336 COMIONITOHIUI
2994 1289 3164 1337 ansu
3193 1303 3256 1339 AD
3294 1288 3534 1339 Auausri-

2105 1359 2205 1394 NUM
2237 1360 2298 1394 DB
2326 1361 2524 1396 BRRORB
2561 1350 3086 1401 PRISCILLIANISTARUI
3130 1365 3185 1400 ΕΤ
3224 1355 3541 1402 υιιϐκιωτλο

2106 1421 2224 1456 sum.
3483 1416 3691 1465 665-668

2046 1469 2096 1518 s.
2124 1469 2400 1535 AURELII
2413 1471 2778 1535 AUGUSTINI,
2800 1475 3216 1525 IIIPPONENSIS
3236 1476 3538 1535 EPISCOPI,

2107 1533 2192 1580 AD
2222 1532 2504 1582 OROSIUM
2543 1535 2791 1584 CONTRA
2833 1538 3417 1590 PRISCILLIANISTAS
3462 1532 3540 1588 ET

2111 1595 2531 1645 ORIGENISTAS
2562 1598 2746 1646 LIBER
2778 1599 2964 1650 UNUS.
3487 1604 3694 1652 669-670

2048 1657 2265 1707 SERMO
2295 1658 2702 1708 ARIANORUM.
3484 1665 3696 1715 677-678

2049 1720 2100 1769 s.
2120 1719 2391 1784 anniaut
2413 1721 2772 1780 AUGUSTINI,
2797 1723 3215 1774 HIPPONENSIS
3235 1726 3537 1784 EPISCOPI,

2108 1782 2364 1893 ἓῼῶἹὲΒΑ
2449 1784 2799 1834 SERMONEM
2889 1788 3272 1838 ARIANORUM
3354 1782 3540 1893 ΜΒΕέ

2052 1908 2332 1957 Aumomno
2374 1921 2422 1956 IN
2470 1908 2810 1959 COLLATIOIIEM
2863 1924 2920 1960 ιτ
2964 1924 3135 1960 uanos
3178 1926 3304 1962 θυοδ
3358 1926 3544 1962 corn-lu

2111 1971 2418 2018 MAXIMINUM.
3492 1976 3701 2026 707-708

2049 2030 2098 2080 s.
2127 2032 3216 2097 AURELIIAUGIISTINI,HIPPONENSIS
3240 2037 3543 2097 EPISCOPI,

2111 2094 2425 2205 ggtgATIO
2455 2095 2587 2145 CUM
2611 2095 2934 2144 MAXIMINO
2965 2098 3353 2147 ARIANORUM
3383 2094 3545 2205 ΕΗξὲ

2052 2218 2104 2268 8.
2127 2219 2398 2283 _AUIIELII
2419 2218 2783 2283 Incusum,
2807 2221 3222 2272 IIIPPONENSIS
3243 2223 3544 2283 EPISCOPI,

2114 2281 2367 2330 CONTRA
2414 2281 2791 2331 MAXIMINUM
2838 2283 3223 2334 H/ERETICUM
3275 2281 3544 2335 ARIANO-

2115 2345 2253 2394 RUM
2287 2343 2640 2393 EPISCOPUM
2674 2345 2841 2393 LIBRI
2874 2347 3017 2395 DUO.
3489 2350 3700 2398 743-7“

2052 2407 2208 2472 Llsaa
2235 2420 2519 2472 palmus._—
2566 2407 2810 2472 Ostendit
2845 2409 3193 2471 Augustinus,
3235 2423 3295 2459 ea
3333 2424 3451 2472 qua)
3493 2412 3548 2459 in

2115 2470 2397 2580 cotlltliltione
2440 2470 2552 2531 ipse
2595 2469 2741 2530 dixit,
2775 2469 3110 2520 Maximinum
3157 2485 3264 2520 non
3313 2469 3547 2535 potuisse

2115 2546 2166 2580 re
2194 2546 2219 2580 e
2263 2545 2369 2580 ere.

2111 2545 2369 2580 rereuere.

2049 2594 2212 2644 CAPUT
2240 2607 2448 2643 PRIMUI.
2479 2592 2554 2641 De
2585 2592 2797 2643 duobus
2825 2595 2942 2645 diis.

2051 2657 2112 2704 II.
2144 2659 2213 2706 De
2244 2655 2498 2719 humanis
2515 2657 2799 2719 contagiis.

2051 2719 2136 2768 III.
2172 2721 2242 2768 De
2274 2718 2525 2767 invisibili
2556 2719 2680 2767 Deo.

2052 2782 2136 2830 IV.
2166 2783 2238 2830 De
2269 2779 2550 2830 immortali
2579 2782 2704 2830 Deo.

2051 2844 2109 2891 V.
2142 2844 2288 2893 Unde
2319 2843 2490 2905 major
2520 2843 2587 2892 sit
2617 2845 2788 2893 Pater.

2051 2907 2133 2954 VI.
2165 2908 2237 2956 De
2267 2907 2405 2954 veris
2431 2905 2549 2952 ﬁliis
2581 2905 2911 2955 animalium.

2052 2969 2160 3018 VII.
2193 2970 2266 3017 De
2297 2967 2662 3028 magnitudine
2692 2968 2822 3016 Filii.

2053 3032 2180 3080 VIII.
2216 3032 2288 3080 De
2317 3029 2646 3091 subjectioue
2677 3030 2804 3078 Filii.

2053 3094 2136 3143 IX.
2170 3094 2356 3142 Utrum
2387 3092 2573 3141 adoret
2602 3094 2806 3142 Patrem
2835 3091 3059 3154 Spiritus
3087 3097 3318 3143 sanctus.

2054 3157 2116 3204 X.
2146 3155 2424 3214 Quomodo
2453 3156 2520 3203 sit
2549 3169 2688 3203 unus
2713 3156 2850 3203 Deus
2871 3155 3022 3204 Pater
3051 3161 3104 3206 et
3132 3157 3296 3206 Filius
3316 3161 3367 3206 ct
3387 3156 3546 3220 Spiri-

2119 3223 2204 3267 tus
2233 3223 2466 3266 sanctus.

2055 3280 2139 3328 XI.
2173 3280 2243 3327 De
2275 3278 2470 3341 templo
2500 3278 2727 3339 Spiritus
2755 3279 2942 3326 sancti.

2057 3343 2163 3390 XII.
2202 3343 2271 3390 De
2303 3356 2367 3390 eo
2398 3344 2540 3403 quod
2573 3342 2724 3388 Pater
2754 3345 2805 3388 et
2835 3341 2993 3389 Filius
3026 3354 3193 3390 unum
3224 3343 3348 3392 sint.

2057 3405 2186 3453 XIII.
2220 3405 2291 3451 De
2322 3403 2624 3465 testimonio
2656 3403 2798 3464 quod
2831 3403 2982 3451 Pater
3012 3404 3280 3465 perhibuit
3309 3405 3461 3454 Filio.

2058 3467 2186 3514 XIV.
2220 3467 2290 3513 De
2323 3464 2606 3512 dilectione
2640 3465 2804 3513 Patris
2825 3469 2876 3513 et
2904 3464 3036 3514 Filii.

2058 3528 2165 3576 XV.
2198 3527 2270 3574 De
2300 3526 2658 3574 invisibilitate
2693 3527 2978 3576 Trinitatis.

2059 3583 2186 3638 XVI.
2219 3590 2289 3636 De
2319 3589 2434 3636 solo
2463 3589 2703 3650 sapiente
2735 3589 2859 3638 Deo.

2059 3651 2214 3700 XVII.
2249 3653 2318 3699 De
2351 3651 2546 3698 infecto
2576 3651 2700 3698 Deo.

2062 3713 2236 3776 XVIII.
2270 3714 2339 3761 De
2370 3712 2606 3776 ingenito
2639 3714 2804 3776 Patre.

2061 3777 2186 3826 XIX.
2222 3775 2294 3823 De
2323 3775 2625 3837 aequalitate
2655 3775 2881 3836 Spiritus
2910 3775 3076 3823 sancti
3107 3788 3226 3824 cum
3258 3777 3426 3826 Patre.

2062 3839 2166 3888 XX.
2199 3839 2339 3886 Licet
2367 3838 2634 3899 ingenitus
2665 3837 2829 3892 Pater,
2858 3837 3074 3899 aqualis
3106 3841 3282 3886 tamen
3313 3840 3490 3888 Filius.

2064 3900 2512 3974 LlsasSacunnus.
2548 3927 2603 3970 ~7—
2642 3899 2972 3974 Refelluntur
3002 3900 3283 3974 7s7igillatim
3333 3917 3450 3974 quae
3481 3903 3549 3974 7in

2126 3963 2407 4027 collatione
2445 3961 2762 4027 maximinus
2791 3961 2923 4027 dixit
2961 3961 3147 4027 ultima
3192 3977 3289 4027 sua
3317 3961 3551 4027 disputa-

2129 4027 2290 4090 tione,
2314 4025 2466 4086 cnjus
2484 4025 2858 4090 disputationis
2877 4037 2990 4090 sua:
3013 4025 3311 4090 prolixitate
3329 4025 3552 4090 respon-

2129 4088 2290 4136 dendi
2323 4092 2535 4148 tempus
2563 4091 2691 4134 tunc
2720 4087 2914 4148 eripuit
2947 4089 3262 4148 Augustino.
3419 4087 3434 4090 “
3503 4091 3711 4141 757-758

2067 4152 2347 4200 Annosmo
2378 4163 2423 4198 IN
2455 4163 2622 4197 uanos
2655 4163 2712 4195 ns
2740 4149 3018 4196 Tmmrara.
3508 4154 3712 4202 815-816

2069 4215 2120 4263 S.
2157 4213 2413 4262 AURELII
2433 4211 2789 4268 AUGUSTINI,
2815 4210 3227 4261 HIPPONENSIS
3252 4212 3553 4270 EPISCOPI,

2133 4275 2214 4324 DE
2243 4274 2580 4322 TRINITATE
2613 4274 2780 4322 LIBRI
2816 4272 3188 4330 QUINDECIM.
3503 4277 3712 4327 819-820

2071 4339 2220 4386 Liasn
2252 4350 2448 4386 ramus.
2469 4364 2523 4371 —
2545 4335 2848 4384 Secundum
2869 4336 3168 4397 Scripturas
3189 4349 3366 4384 sacras
3386 4341 3561 4387 osten-

2133 4401 2276 4448 ditur
2288 4401 2462 4447 unitas
2477 4399 3042 4461 etiequalitassummaa
3054 4398 3341 4455 Trinitatis,
3357 4403 3407 4447 et
3420 4414 3562 4461 quaa-

2135 4463 2257 4510 dam
2275 4462 2389 4510 loca
2401 4466 2585 4510 contra
2598 4460 2708 4510 Filii
2722 4460 3077 4523 aequalitatem
3090 4461 3248 4509 allata
3263 4460 3554 4511 diluuntur.
3586 4461 3716 4510 Ibid.

2072 4525 2234 4573 Carur
2263 4538 2467 4572 Palmum.
2503 4523 2694 4572 Scribit
2731 4528 2916 4585 contra
2955 4537 3044 4571 eos
3074 4523 3164 4585 qui
3205 4525 3408 4572 ratione
3440 4526 3564 4572 abu-

2136 4593 2306 4636 tentes
2337 4587 2727 4634 calumniantur
2755 4584 2911 4632 ﬁdem
2948 4584 3235 4633 Trinitatis.
3266 4587 3426 4634 Error
3456 4587 3562 4636 .lis-

2137 4654 2362 4699 tautlum
2381 4649 2444 4696 de
2477 4649 2601 4702 Deo.
2625 4661 2687 4696 ex
2709 4647 2902 4708 triplici
2923 4661 3095 4696 causa.
3116 4648 3387 4710 Scriptura
3415 4663 3568 4698 sacra

2137 4712 2354 4760 remotis
2392 4710 2706 4760 falsitatibus
2744 4710 2922 4758 evehit
2962 4709 3325 4771 gradatim’ad
3367 4711 3565 4761 divina.

2137 4774 2509 4822 Immortalitas
2536 4786 2679 4821 vera.
2713 4771 2835 4820 Fide
2859 4773 3141 4831 nutrimur,
3174 4777 3234 4822 ut
3265 4772 3468 4822 habiles
3499 4775 3564 4823 ad

3564 2533 3698 2582 Ibid.

3565 2595 3698 2646 Ibid.

3563 2657 3700 2708 Ibid.

3609 2723 3700 2771 745

3606 2785 3698 2834 746

3571 2845 3700 2896 Ibid.

3608 2910 3699 2958 748

3609 2974 3703 3021 749

3611 3036 3701 3083 ’150

3571 3095 3705 3146 Ibid.

3612 3221 3700 3269 751

3615 3285 3706 3331 752

3614 3346 3706 3393 753

3615 3407 3705 3454 754

3570 3467 3707 3516 Ibid.

3569 3529 3705 3578 Ibid.

3571 3593 3704 3641 Ibid.

3614 3658 3705 3704 755

3613 3720 3706 3766 756

3569 3778 3704 3827 Ibid.

3615 3844 3704 3891 758

2137 4837 2317 4884 divina
2345 4834 2604 4898 capienda
2633 4833 2938 4898 efﬁciamur.
3012 4897 3017 4898 7
3321 4897 3329 4898 7
3588 4834 3720 4884 Ibid.

2077 4900 2137 4948 II.
2171 4900 2243 4948 De
2272 4897 2524 4947 Trinitate
2567 4897 2834 4960 quomodo
2878 4897 2980 4946 hoc
3008 4897 3062 4946 iu
3103 4911 3262 4960 opere
3303 4897 3566 4946 disseren-

2078 4962 2316 5080 ιιιίῗιόῗίά
2335 5036 2366 5070 a
2386 5021 2494 5070 suis
2514 5021 2797 5070 lectoribus
2817 5025 3070 5084 exposcat
3090 5021 3432 5082 Augustinus.
3448 5021 3568 5084 Lec-
3629 4961 3721 5084 82?

2142 5092 2316 5136 torum
2337 5084 2627 5133 tardiorum
2651 5097 2858 5132 errores
2880 5082 3079 5133 auctori
3107 5096 3216 5130 non
3240 5083 3526 5133 tribuendi.
3589 5082 3722 5132 Ibid.

2081 5149 2162 5198 IV.
2193 5149 2321 5206 Quae
2353 5147 2420 5195 sit
2448 5147 2686 5195 doctrina
2718 5146 2836 5194 ﬁdei
2870 5145 3142 5194 catholicae
3173 5145 3237 5193 de
3266 5146 3542 5196 Triuitate.
3633 5147 3724 5198 82b

2081 5209 2527 5322 V.DDifﬁcuItates
2555 5209 2621 5258 de
2667 5209 2944 5259 Trinitate:
2981 5207 3252 5270 quomodo
3282 5213 3389 5258 tres
3433 5222 3574 5258 unus

2191 5288 2304 5322 eus.

2191 5288 2304 5322 0118.

2080 5337 2164 5385 VI.
2201 5337 2387 5384 Filium
2420 5349 2533 5385 esse
2566 5347 2746 5381 verum
2783 5332 2947 5379 Deum
2993 5331 3232 5394 ejusdem
3279 5346 3394 5381 cum
3430 5333 3577 5382 Patre

2146 5399 2476 5447 substantias.
2495 5398 2606 5444 Non
2631 5396 2770 5442 solus
2788 5395 2951 5451 Pater,
2969 5394 3059 5441 sed
3078 5394 3308 5443 Trinitas
3326 5395 3466 5444 dicta
3486 5396 3579 5444 im-

2147 5462 2405 5510 mortalis.
2441 5461 2554 5508 Non
2586 5471 2648 5505 cx
2672 5457 2784 5503 solo
2819 5457 2967 5505 Patre
2992 5456 3186 5513 omnia,
3219 5457 3312 5505 sed
3336 5458 3491 5506 etiam
3517 5473 3576 5507 ex

2146 5525 2296 5573 Filio.
2331 5522 2578 5584 Spiritum
2610 5524 2849 5567 sanctum
2884 5533 2998 5568 esse
3028 5532 3214 5568 verum
3248 5521 3410 5568 Deum
3444 5521 3580 5570 Patri

2151 5593 2202 5636 et
2233 5582 2672 5644 Filio‘tequalem.

2087 5651 2191 5696 VII.
2227 5648 2383 5697 Filius
2412 5643 2676 5708 quomodo
2708 5643 2890 5708 minor
2913 5644 3154 5708 Patrone
3185 5645 3377 5708 seipso.

2088 5711 2218 5759 VIII.
2253 5705 2547 5779 Scripturas
2575 5706 2639 5779 de
2672 5705 3000 5779 subiectione
3025 5706 3134 5754 Filii
3168 5705 3438 5779 ευρᾝθτιτθ
3467 5721 3581 5779 per-

2152 5785 2332 5834 peram
2366 5768 2658 5819 intellectas
2687 5768 2931 5831 explicat.
2956 5769 3196 5831 Regnum
3218 5770 3358 5820 Patri
3377 5768 3486 5820 non
3508 5770 3582 5818 sic

3341 5891 3418 5947 39

3598 5268 3727 5322 Ibid.

3644 5584 3736 5632 825

3645 5647 3733 5694 828
