4142 6200
523 176 679 238 1227

570 308 741 355 tradet
761 306 1029 370 Christus,
1044 309 1103 354 ut
1124 304 1324 355 adimat
1341 306 1457 355 sibi.
1481 308 1867 370 Contemplatio
1886 323 2009 370 pro-

573 372 730 418 missa
753 368 869 432 ﬁnis
891 369 1127 415 omnium
1146 371 1434 417 actionum.
1459 369 1683 432 Spiritus
1706 368 1922 419 sanctus
1942 371 2009 419 ad

573 431 958 480 beatitudinem
1001 436 1234 479 nostram
1269 432 1461 480 sufﬁcit
1492 434 1711 494 perinde
1743 448 1805 482 ac
1836 435 2005 483 Pater.
2072 434 2162 482 829

511 496 593 544 IX.
626 496 681 541 In
714 506 823 542 una
850 494 1366 555 personaiuterdum
1398 495 1770 555 intelliguntur
1800 510 2003 545 omnes.
2072 496 2160 544 833

511 559 570 607 X.
605 554 881 619 Quomodo
911 554 1149 604 Christus
1171 557 1341 604 tradet
1371 554 1598 619 regnum
1629 559 1735 608 Deo
1766 564 1818 608 et
1850 559 2007 607 Patri.

573 618 997 683 Traditouregno
1028 619 1134 667 Deo
1161 622 1231 683 et
1262 618 1416 677 Patri,
1442 618 1701 669 ’Cbristus
1745 620 1854 683 jam
1895 634 2005 670 non

570 680 937 742 interpellabit
962 694 1055 739 pro
1088 680 1258 728 nobis.
1746 680 1761 683 ⁷
2072 683 2160 731 834

510 744 593 792 XI.
615 743 815 807 Regula
835 756 939 803 qua
961 742 1273 807 intelligitur
1293 742 1453 792 Filius
1469 745 1523 792 in
1540 744 1845 807 Scripturis,
1862 758 2007 794 nunc

572 806 810 862 aequalis,
841 818 987 852 nunc
1017 806 1209 853 minor.
1660 806 1665 807 ⁷
2068 807 2158 855 836

507 868 615 917 XII.
634 866 743 918 Oua
759 867 964 915 ratione
978 868 1139 915 Filius
1159 866 1366 915 dicatur
1382 868 1585 918 nescire
1598 868 1738 917 diem
1758 868 2003 917 etboram

573 944 733 993 quam
756 932 855 978 scit
884 930 1052 993 Pater.
1077 930 1225 978 Dicta
1255 928 1319 993 de
1349 930 1555 979 Christo
1577 931 1680 979 alia
1709 931 2002 980 secundum

571 991 792 1040 formam
830 992 941 1049 Dei,
976 992 1077 1040 alia
1107 991 1398 1040 secundum
1432 995 1649 1041 formam
1675 994 1831 1042 servi.
1864 995 1998 1042 Dare

570 1054 1084 1117 regnumquomodo
1102 1059 1153 1103 et
1171 1053 1357 1103 Christi
1381 1059 1478 1113 est,
1493 1058 1545 1104 et
1563 1056 1753 1105 Christi
1772 1068 1879 1104 non
1903 1060 1999 1106 est.

570 1116 1114 1180 QuomoddChristus
1143 1120 1195 1165 et
1220 1130 1330 1180 non
1356 1118 1615 1178 judicabit
1646 1123 1698 1167 et
1720 1118 1998 1180 judicabit.
2066 1118 2156 1167 836

508 1180 638 1228 XIII.
670 1182 743 1228 De
772 1178 956 1227 eodem
978 1180 1182 1228 Christo
1201 1178 1410 1229 diversa
1430 1178 1804 1241 praedicantur,
1836 1181 1904 1229 ob
1927 1180 2000 1228 di-

571 1256 756 1305 versas
788 1245 1013 1305 naturas
1051 1242 1422 1305 hypostaseos.
1456 1242 1560 1290 Cur
1608 1244 1758 1291 Pater
1790 1243 2003 1305 dicitur

570 1317 681 1352 non
707 1304 1041 1365 judicaturus
1071 1303 1164 1352 sed
1191 1304 1452 1366 judicium
1484 1306 1692 1353 dedisse
1728 1304 1875 1352 Filio.
2063 1303 2156 1353 840

508 1367 657 1416 Lissn
689 1380 954 1416 sscunnus.
999 1393 1056 1401 —
1102 1368 1351 1429 Rursum,
1386 1367 1624 1415 defendit
1672 1366 2002 1429 Augustinus

572 1429 927 1492 aequalitatem
946 1428 1227 1485 Trinitatis,
1254 1432 1304 1477 et
1324 1428 1389 1476 de
1408 1429 1519 1476 Filii
1538 1430 1789 1492 missione
1812 1442 1873 1477 ac
1890 1429 2002 1490 Spi-

571 1491 704 1540 ritus
733 1492 904 1540 sancti
936 1505 1115 1554 agens.
1146 1491 1411 1552 variisque
1434 1492 1522 1539 Dei
1555 1491 1997 1554 apparitionibus,

572 1555 900 1603 demonstrat
929 1567 1035 1601 non
1060 1553 1179 1601 ideo
1211 1555 1471 1601 minorem
1495 1553 1609 1602 esse
1638 1555 1877 1602 mittente
1908 1553 2001 1615 qui

569 1618 764 1665 missus
796 1622 890 1673 est,
921 1617 1049 1677 quia
1090 1616 1175 1663 ille
1205 1616 1364 1671 misit,
1398 1615 1480 1663 hic
1524 1617 1716 1666 missus
1745 1621 1856 1665 est:
1908 1615 2001 1663 sed

571 1679 879 1728 Trinitatem
910 1691 1002 1739 per
1049 1677 1227 1725 omnia
1273 1677 1551 1739 aequalem,
1596 1680 1793 1740 pariter
1824 1678 1876 1726 in
1908 1691 2004 1726 sua

571 1746 767 1789 natura
783 1740 1162 1789 immutabilem
1185 1744 1236 1789 et
1251 1738 1564 1789 invisibilem
1583 1738 1635 1790 et
1650 1741 1845 1802 ubique
1864 1754 1999 1802 prm-

572 1808 794 1859 sentem,
826 1805 881 1851 in
911 1803 1277 1866 missioneseu
1308 1804 1641 1865 apparitione
1672 1803 2003 1866 qualibetin-

572 1865 939 1927 separabiliter
972 1864 1201 1927 operari.
1342 1862 1358 1865 ”
1377 1862 1393 1865 ’
1688 1862 1703 1866 ’
1948 1862 2157 1927 845-846

508 1923 813 1978 Paodauiun.
1009 1923 1025 1927 ’
2024 1923 2156 1972 Ibid.

506 1993 668 2041 CAPUT
695 2003 899 2038 ramum.
924 1988 1125 2050 Regula
1144 1986 1843 2051 duplexadiintelligendum
1869 1988 2003 2039 Scri-

570 2058 846 2115 pturarum
876 2051 1173 2100 locutiones
1194 2051 1259 2099 de
1288 2049 1393 2098 ﬁlio
1419 2050 1534 2100 Dei.
1564 2049 1881 2102 Locutiones
1908 2052 2002 2100 tri-

572 2115 721 2177 plicis
751 2115 978 2176 generis.

509 2173 963 2282 IliiExFiltralibet
981 2174 1168 2239 regula
1188 2173 1406 2236 intelligi
1427 2175 1683 2237 quasdam
1710 2177 2001 2226 locutiones
2066 2237 2154 2282 8n

608 2253 636 2282 Θ
708 2253 723 2282 l
749 2252 814 2282 10.

508 2240 949 2374 ιιῐῗίριὶιιὲίξέὶνὶιι]⁵
980 2305 1165 2348 sancto
1203 2299 1445 2362 quaedam
1486 2314 1549 2349 ex
1589 2302 1755 2351 altera
1793 2304 1997 2351 tantum
2066 2240 2123 2370 δέ

568 2364 753 2412 regula
783 2363 1176 2412 intelliguntur.
2020 2360 2139 2410 Ibid

568 2376 753 2474 regula
783 2376 1176 2425 intelliguntur.
2020 2376 2152 2410 ιοια.

505 2427 589 2476 IV.
664 2426 938 2475 loriﬁcatio
977 2425 1089 2473 Filii
1118 2438 1149 2473 a
1177 2424 1345 2484 Patre,
1378 2436 1486 2472 non
1527 2426 1699 2489 arguit
1729 2424 1999 2488 inasquali-
2068 2485 2151 2489 Au

504 2493 758 2599 vﬁiiiﬁi
788 2557 839 2599 et
868 2549 1096 2611 Spiritus
1126 2552 1341 2597 sanctus
1382 2564 1490 2600 non
1523 2549 1643 2599 ideo
1675 2551 1851 2599 minor
1878 2549 2003 2612 quia
2064 2485 2157 2535 8‘8

566 2615 777 2661 missus.
801 2612 962 2661 Filius
983 2612 1143 2661 etiam
1165 2626 1195 2660 a
1215 2613 1385 2675 seipso
1405 2615 1617 2663 missus.
1649 2614 1720 2661 De
1748 2613 2000 2661 missione

566 2676 795 2738 Spiritus
830 2676 1017 2723 sancti.

504 2738 588 2788 VI.
622 2738 735 2786 Non
769 2738 841 2786 sic
870 2741 1145 2799 assumpta
1165 2740 1403 2786 creatura
1432 2752 1460 2786 a
1490 2738 1685 2799 Spiritu
1708 2740 1909 2795 sancto,
1944 2740 2002 2785 ut

2020 2110 2155 2159 Ibid.

2020 2670 2149 2720 Ibid.

566 2814 688 2850 caro
718 2802 774 2848 in
806 2800 995 2849 Verbo.
1530 2798 1535 2799 ⁷
2065 2798 2151 2845 851

504 2864 612 2912 VII.
647 2863 914 2911 Dubitatio
945 2862 1008 2909 de
1041 2861 1465 2923 apparitionibus
1495 2862 1707 2912 divinis.
2064 2859 2153 2923 853

504 2925 636 2974 VIII.
668 2927 797 2974 Tota
823 2925 1051 2973 Trinitas
1076 2922 1379 2973 invisibilis.
2061 2922 2152 2971 854

504 2988 586 3036 IX.
621 2988 817 3037 Contra
837 3002 927 3036 eos
948 2988 1035 3049 qui
1059 2986 1533 3049 credebantsolum
1558 2988 1760 3037 Patrem
1782 2987 1997 3049 immor-

569 3055 723 3099 talem
755 3054 805 3099 et
834 3048 1170 3098 invisibilem.
1222 3048 1437 3099 Paciﬁco
1484 3050 1660 3099 studio
1706 3048 1999 3112 quaerenda

505 3119 979 3223 Xviilnnitbsdiscrete
1006 3174 1143 3221 Deus
1161 3174 1387 3222 Trinitas
1407 3175 1650 3223 Patribus
1670 3173 1996 3236 apparuerit,

570 3250 636 3285 an
670 3237 840 3299 aliqua
889 3250 951 3284 ex
998 3236 1249 3283 Trinitate
1291 3250 1534 3297 persona.
1583 3235 1860 3299 Apparitio
1904 3235 1996 3283 Dei

2018 3107 2149 3158 Ibid.

573 3297 794 3349 Adamn.
828 3300 898 3347 De
935 3298 1119 3347 eadem
1152 3299 1498 3361 apparitione.
1534 3297 1677 3349 Visio
1707 3297 1951 3347 Abrahae.
2062 3298 2149 3345 855

501 3361 586 3411 XI.
618 3364 690 3410 De
721 3361 907 3410 eadem
939 3361 1158 3408 visione.
2061 3361 2149 3407 858

503 3426 609 3473 XII.
642 3425 784 3473 Visio
816 3425 948 3472 Loth
979 3423 1262 3472 excutitur.
2058 3422 2150 3472 859

502 3488 632 3535 XIII.
668 3487 805 3535 Visio
837 3487 891 3533 in
927 3486 1079 3533 rubo.
2012 3483 2146 3531 Ibid.

500 3549 629 3597 XIV.
669 3551 737 3598 De
769 3547 1521 3611 visione?inlcolumuainubis
1546 3551 1599 3596 et
1626 3548 1780 3611 ignis.
2058 3545 2144 3597 861

503 3612 605 3660 XV.
642 3613 711 3660 De
742 3611 944 3659 visione
973 3610 1028 3657 in
1049 3610 1191 3659 Sina.
1219 3610 1299 3673 An
1314 3610 1558 3673 Trinitas,
1584 3610 1852 3673 an’aliqua
1882 3623 1999 3672 pro-

568 3674 678 3734 prie
709 3687 935 3735 persona
964 3673 1019 3720 in
1050 3672 1343 3735 eavisioue
1378 3672 1715 3734 loquebatur.
1764 3670 1778 3673 “
1884 3670 1893 3672 ’
2020 3670 2148 3735 Ibid.

502 3736 630 3784 XVI.
662 3734 1169 3799 Moysesquomodo
1200 3734 1392 3782 viderit
1421 3736 1604 3799 Deum.
1862 3798 1867 3799 γ
1954 3797 1961 3799 Α
2061 3734 2153 3783 862

502 3798 653 3847 XVII.
689 3796 985 3847 Po'steriora
1016 3796 1106 3844 Dei
1129 3798 1398 3858 quomodo
1420 3798 1549 3846 visa.
1577 3797 1995 3845 Resurrectionis

564 3860 753 3909 Christi
772 3862 917 3909 ﬁdes.
931 3859 1197 3907 Catholica
1217 3859 1439 3907 Ecclesia
1457 3860 1567 3908 sola
1589 3863 1667 3908 est
1685 3860 1832 3907 locus
1853 3858 1993 3907 unde

560 3924 813 3972 videntur
847 3922 1141 3985 posteriora
1164 3922 1272 3969 Dei.
1309 3923 1601 3985 Posteriora
1622 3923 1709 3969 Dei
1740 3923 1806 3970 ab
1829 3924 1994 3971 Israe-

561 3986 670 4033 litis
702 3984 1037 4033 visafDeum
1086 3997 1202 4032 esse
1253 3985 1456 4032 Patrem
1504 3984 1675 4032 solum
1717 3997 1990 4047 nunquam

566 4048 807 4096 Patribus
837 4047 1009 4095 visum
1042 4047 1341 4110 existimare
1372 4047 1653 4095 temeraria
1681 4048 1861 4110 Opinio
1894 4052 1991 4096 est.
2057 4048 2146 4096 863

501 4111 674 4160 XVIII.
710 4110 850 4159 Visio
882 4108 1128 4157 Danielis.
1718 4108 1730 4110 ⁷
2056 4110 2148 4160 866

498 4174 647 4223 Lmen
671 4186 890 4220 TERTIUS.
921 4199 979 4207 —
1009 4170 1289 4229 Quaeritur,
1312 4183 1376 4218 an
1402 4171 1451 4218 in
1476 4169 1576 4218 illis
1599 4170 1662 4218 de
1685 4170 1879 4233 quibus
1901 4186 1988 4220 su-

559 4235 764 4297 periore
789 4236 922 4283 libro
954 4234 1154 4297 dictum
1177 4237 1270 4297 est,
1309 4234 1396 4281 Dei
1428 4233 1871 4297 apparitionibus,
1896 4248 1993 4295 per

560 4295 843 4359 corporeas
871 4298 1075 4359 species
1123 4295 1291 4353 factis,
1312 4295 1694 4359 tantummodo
1722 4300 1991 4359 creatura

559 4358 787 4408 formata
811 4358 969 4417 sit,in
994 4371 1099 4421 qua
1121 4359 1258 4421 Deus
1280 4358 1418 4405 sicut
1438 4364 1561 4406 tunc
1584 4358 1818 4419 potuisse
1842 4359 1987 4419 judi-

560 4424 717 4480 cavit,
746 4420 1397 4470 bumanis’ostenderetur
1423 4422 1752 4481 aspectibus;
1785 4435 1849 4468 an
1894 4435 1988 4469 an~

558 4486 659 4546 geli
689 4487 779 4547 qui
803 4486 1107 4547 jamantea
1136 4488 1290 4531 erant
1333 4484 1403 4530 ita
1433 4484 1800 4540 mittebantur,
1834 4489 1891 4531 ut
1922 4497 1987 4532 ex

558 4560 789 4607 persona
807 4546 907 4595 Dei
924 4546 1286 4609 loquerentur,
1306 4550 1637 4609 assumentes
1654 4546 1985 4607 corporalem

558 4609 785 4669 speciem
818 4612 883 4657 de
913 4608 1155 4657 creatura
1174 4622 1450 4669 corporea,
1471 4612 1563 4655 aut
1591 4608 1762 4669 ipsum
1793 4622 1986 4669 corpus

556 4684 710 4718 suum
760 4672 815 4717 in
867 4673 1068 4732 species
1122 4684 1257 4733 quas
1312 4671 1986 4733 vellentlaccommodatas

556 4733 854 4781 actionibus
885 4733 995 4780 suis
1033 4731 1296 4781 vertentes
1340 4731 1635 4781 secundum
1678 4734 1982 4783 attributam

557 4796 657 4844 sibi
680 4809 709 4843 a
730 4795 975 4843 Creatore
998 4795 1289 4855 potentiam
1312 4810 1324 4851 ;
1358 4796 1469 4857 ipsa
1491 4799 1667 4843 autem
1696 4796 1787 4844 Dei
1803 4809 1981 4845 essen-

554 4858 629 4906 tia
659 4871 937 4920 nunquam
970 4870 1064 4917 per
1088 4871 1142 4904 se
1172 4856 1338 4915 ipsam
1368 4859 1480 4906 visa
1508 4857 1684 4906 fuerit.
1928 4860 2137 4909 867-868

492 4920 799 4969 PROOEMIUM.
831 4921 932 4969 Cur
961 4922 1025 4967 de
1046 4920 1295 4966 Trinitate
1317 4920 1525 4967 scribat.
1559 4920 1693 4977 Quid
1719 4934 1748 4968 a
1772 4920 1983 4970 lectori-

556 4983 656 5030 bus
678 4982 957 5031 desideret.
978 4980 1113 5039 Quid
1138 4980 1335 5029 dictum
1357 4982 1425 5029 sit
1445 4982 1498 5029 in
1521 4984 1795 5043 superiore
1818 4984 1971 5033 libro.
2001 4981 2137 5033 Ibid.

490 5044 651 5094 CAPUT
680 5060 883 5094 ramum.
917 5044 1050 5102 Quid
1083 5043 1335 5102 deinceps
1366 5043 1669 5093 dicendum.
2046 5047 2135 5097 870

486 5108 549 5156 II.
585 5109 841 5156 Voluntas
872 5109 962 5171 Dei
1010 5121 1172 5171 causa
1202 5106 1453 5171 superior
1495 5108 1669 5155 omnis
1710 5121 1981 5171 corporeae

549 5171 877 5220 mutationis.
916 5170 1168 5231 Exemplo
1199 5169 1252 5217 id
1285 5169 1695 5217 demonstratur.
1805 5169 1819 5171 “
2041 5170 2131 5221 871

486 5232 572 5280 III.
608 5234 678 5280 De
710 5233 897 5282 eodem
930 5235 1263 5293 argumento.
1402 5292 1405 5293 ν
2041 5235 2133 5283 872

483 5294 565 5341 1V.
605 5296 739 5343 Deus
771 5292 1022 5343 omnibus
1051 5294 1305 5341 creaturis
1336 5292 1500 5342 utitur
1528 5297 1587 5342 ut
1615 5292 1750 5351 vult,
1780 5298 1832 5343 et
1860 5294 1976 5343 visi-

545 5357 669 5406 bilia
703 5360 821 5406 facit
853 5358 917 5404 ad
949 5371 1004 5405 se
1035 5358 1207 5418 ipsum
1240 5355 1737 5405 demonstrandum.
2039 5360 2130 5408 873

484 5417 545 5480 Υ.
576 5421 825 5469 Miracula
855 5434 950 5468 cur
983 5417 1089 5467 non
1122 5424 1375 5467 consueta
1403 5432 1580 5480 opera.
2039 5423 2129 5470 874

482 5477 566 5527 VI.
599 5482 714 5530 Sola
746 5483 967 5531 varietas
999 5481 1123 5530 facit
1152 5477 1488 5530 miraculum.
1996 5482 2130 5532 Ibid.

616 5544 863 5615 Illiracula
897 5558 1090 5606 magna
1115 5557 1226 5615 per
1243 5545 1471 5615 magicas
1503 5546 1660 5593 artes.
1726 5606 1736 5615 .
1776 5606 1786 5615 .
1913 5607 1943 5615 __
2036 5545 2126 5596 875

478 5603 608 5669 Vill.
644 5605 799 5654 Solus
828 5608 967 5669 Deus
989 5603 1135 5655 creat
1160 5606 1316 5655 etiam
1335 5603 1422 5655 illa
1451 5619 1572 5669 quae
1601 5606 1817 5669 magicis
1847 5607 1970 5656 arti-
1997 5632 2002 5637 ·

542 5665 642 5714 bus
670 5668 1137 5717 transformamur.
1467 5665 1483 5669 “
1692 5665 1716 5669 “
1994 5667 2124 5719 Ibid.

478 5726 565 5777 IX.
596 5728 765 5780 Causa
793 5730 1065 5793 originalis
1092 5730 1332 5781 omnium
1363 5743 1394 5780 α
1420 5731 1548 5780 Deo.
2034 5733 2123 5784 877

1931 178 2172 253 INDEX,
2220 176 2520 238 assum.

3771 184 3946 245 1228

2270 306 2488 415 Χὲωέι
2510 304 2679 415 magis
2699 310 2942 355 creatura
2964 308 3256 356 assumitur
3273 307 3340 357 ad
3355 308 3769 372 signiﬁcandum

2377 382 2440 415 uc
2484 382 2589 415 aris
2620 381 2683 415 ia.

2377 369 2683 416 ucharistia.

2270 431 2353 502 Xl_.
2384 431 2624 501 Essentia
2654 430 2748 502 Dei
2779 444 3053 502 nunquam
3072 445 3179 502 _pe_r
3221 446 3276 481 se
3306 434 3568 502 apparuit.
3599 438 3770 502 Auge.

2334 492 2504 560 lorum
2536 492 2833 560 ministerio
2868 493 3018 560 facta}
3055 492 3247 560 divinas
3287 492 3530 560 patribus
3559 492 3772 560 αρε)ιῖῑὶ-

2334 511 2504 540 iurum
2537 511 2833 541 UlIUISlBI'IO
2868 511 3018 542 metu:
3055 511 3247 543 (IIVIUEB
3287 511 3530 556 pBU'IDUB
3559 511 3589 544 8
3632 512 3772 560 pari-

2333 553 2808 625 tiones:_.0bjectio
2834 568 2921 625 .ex
2956 555 3276 625 loquimodo
3325 558 3485 625 ducta
3532 511 3772 625 diﬁiitur.

2332 617 2732 685 Apparitionem
2756 617 2845 685 Dei
2867 618 2969 679 ipsi
2998 617 3220 685 Abrahae
3242 621 3463 685 perinde
3493 635 3553 670 ac
3578 623 3768 685 Moysi,

2331 692 2425 749 per
2452 679 2683 749 Angelos
2714 679 2906 749 tactam
2938 694 3070 749 esse.
3101 679 3532 749 Idem—probatur
3561 699 3621 749 ex
3652 679 3771 749 I'ege

2335 741 2457 805 data
2487 740 2655 805 Moysi
2701 755 2798 805 per
2846 744 3095 805 Angelos.
3147 740 3294 800 Quid
3330 744 3528 795 dictum
3580 748 3633 796 in
3666 740 3770 798 hac

2334 803 2491 860 libro,
2525 803 2648 865 quid
2682 803 2967 867 dicendum
2999 804 3051 852 in
3082 810 3357 867 sequente.
3833 814 3925 863 881

2268 865 2420 930 Linea
2447 878 2683 930 Quiarus.
2709 892 2766 930 έ
2788 866 3027 930 Explicat
3055 868 3117 915 ad
3143 865 3270 930 quid
3292 869 3487 917 missus
3508 870 3577 918 sit
3604 871 3767 920 Filius

2333 928 2453 977 Dei:
2488 928 2695 991 Christo
2715 928 2961 978 videlicet
2988 942 3083 991 pro
3107 928 3472 991 peccatoribus
3502 933 3760 984 moriente

2327 990 2756 1065 persuadendum
2786 992 2943 1065 nobis
2960 990 3123 1065 fuisse
3141 992 3407 1065 imprimis
3429 998 3760 1065 et‘quantum

2326 1066 2424 1119 nos
2440 1053 2689 1119 dilexerit
2705 1055 2862 1111 Deus,
2886 1058 2937 1102 et
2957 1054 3144 1119 quales
3175 1053 3437 1105 dilexerit.
3458 1053 3763 1119 Opportune

2326 1115 2483 1163 etiam
2526 1119 2586 1163 ut
2618 1118 2683 1163 ad
2714 1115 3188 1175 contemplandum
3219 1119 3387 1167 Deum
3418 1122 3470 1167 et
3498 1115 3769 1169 cohaeren-

2328 1178 2452 1225 dum
2474 1178 2578 1226 Deo
2596 1176 2997 1235 mundaremur,
3021 1179 3248 1228 Verbum
3272 1181 3327 1228 in
3349 1194 3507 1230 carne
3533 1183 3767 1233 venisse.

2326 1240 2499 1301 Ipsius
2530 1246 2697 1287 morte
2729 1254 2837 1288 una
2866 1246 2917 1289 et
2947 1241 3170 1303 simplici
3213 1243 3481 1303 duplicem
3523 1250 3768 1294 nostram

2326 1303 2554 1367 solutam
2577 1315 2731 1367 esse;
2757 1303 2853 1367 ubi
2885 1304 3607 1367 edisseritquemadmodum
3638 1309 3771 1356 sim—

2325 1364 2471 1431 plum
2505 1364 2796 1431 Salvatoris
2822 1366 2989 1431 nostri
3021 1364 3186 1426 duplo
3207 1372 3388 1417 nostro
3418 1370 3668 1418 concinat
3699 1370 3770 1419 ad

2328 1427 2569 1482 salutem,
2591 1430 2641 1494 et
2659 1427 2724 1474 de
2742 1427 3152 1494 perfectionenu
3164 1431 3290 1494 meri
3310 1431 3521 1494 senarii,
3536 1432 3589 1479 in
3604 1446 3767 1494 quem

2327 1501 2607 1555 numerum
2630 1490 2745 1555 ip_sa
2764 1489 3029 1555 simpliad
3054 1490 3274 1553 duplum
3299 1494 3432 1541 ratio
3461 1489 3765 1555 deducitur,

2327 1549 2498 1599 fusius
2514 1552 2636 1611 agit.
2649 1549 2823 1615 :Docet
2845 1549 3015 1615 colligi
3033 1549 3221 1602 omnes
3237 1568 3299 1603 ex
3321 1555 3501 1603 multis
3516 1557 3572 1604 in
3595 1549 3766 1606 unum

2328 1625 2424 1681 per
2453 1626 2619 1661 unum
2646 1613 2990 1681 Mediatoreui
3012 1616 3132 1663 vitae
3160 1616 3445 1681 Christum,
3477 1632 3575 1679 per
3602 1633 3768 1681 quem

2328 1677 2499 1739 solum
2535 1689 2661 1724 vera
2690 1675 2747 1724 ﬁt
2775 1676 2965 1724 animas
2995 1679 3257 1739 purgatio.
3291 1675 3553 1729 Caeterum
3577 1675 3767 1731 Filium

2329 1736 2439 1816 Dei,
2467 1751 2778 1809 quanquam
2802 1736 3053 1787 missione
3073 1736 3242 1816 Iactus
3262 1743 3329 1790 sit
3352 1743 3526 1816 minor
3545 1748 3770 1816 propter

2328 1798 2550 1848 formam
2585 1798 2721 1848 servi
2771 1814 2931 1860 quam
2973 1804 3223 1862 suscepit,
3258 1817 3365 1851 non
3418 1798 3594 1854 tamen
3640 1798 3767 1855 ideo

2327 1862 2588 1929 minorem
2629 1864 2781 1910 Patre
2812 1863 3107 1929 secundum
3145 1864 3368 1929 formam
3403 1867 3510 1924 Dei,
3541 1869 3667 1929 quia
3696 1870 3766 1917 ab

2328 1924 2444 1991 ipso
2461 1925 2668 1991 _missus
2693 1929 2815 1991 est;
2863 1925 3211 1991 eamdemque
3242 1928 3306 1976 de
3337 1924 3571 1991 Spiritus.
3591 1932 3763 1980 sancti

2327 1987 2581 2035 missione
2608 1986 2865 2035 rationem
2899 2002 3012 2036 esse
3043 1986 3392 2040 demonstrat:
3707 1992 3916 2045 885-886

2265 2048 2570 2114 Paoomiinu.
2601 2049 2833 2114 Scientia
2862 2050 2954 2098 Dei
2980 2065 3019 2114 Aa
3050 2050 3156 2100 Deo
3179 2054 3431 2114 petenda.
3776 2054 3914 2105 Ibid.

2264 2111 2787 2175 CAPUTPIIIMUM.P8P
2826 2112 3157 2175 agnitionem
3180 2111 3520 2165 inﬁrmitatis
3557 2120 3759 2167 nostrae

2327 2174 2647 2283 peflﬁtcimur.
2668 2174 2899 2223 Verbum
2919 2176 3255 2226 incarnatum
3276 2178 3527 2228 tenebras
3548 2184 3763 2229 nostras

2328 2250 2390 2283 ne
2436 2250 2449 2282 1
2480 2273 2490 2283 .

2328 2242 2490 2297 pellit.
2588 2296 2593 2297 γ
3827 2242 3916 2292 887

2263 2296 2635 2354 II.’Quomodo
2680 2310 2775 2359 per
2818 2298 3044 2347 Verbum
3102 2300 3437 2351 incarnatum
3485 2302 3761 2353 reddimur

2326 2360 2528 2408 habiles
2556 2361 2907 2423 percipiendas
2941 2363 3170 2411 veritati.
3827 2367 3919 2416 889

2263 2422 2349 2470 III.
2370 2422 2483 2500 Una
2508 2437 2652 2470 mors
2669 2428 2722 2500 et
2742 2424 3315 2500 resurrectiocorporis
3332 2426 3540 2499 Christi,
3566 2426 3762 2500 duplici

2327 2490 2533 2550 nostris
2552 2489 2705 2533 morti
2738 2499 2799 2550 ac
2822 2489 3195 2536 resurrectioni
3217 2490 3455 2550 corporis
3485 2494 3539 2538 et
3567 2489 3763 2539 anima:

2328 2548 2563 2616 concinit
2602 2553 2666 2616 ad
2697 2548 3156 2616 salutem;-D_upla2
3198 2548 3356 2599 morti
3389 2556 3582 2601 nostrae
3626 2566 3761 2616 quo-

2329 2612 2485 2673 modo
2518 2609 2714 2673 simpla
2734 2624 2875 2658 mors
2904 2609 3093 2660 Christi
3125 2612 3381 2673 impensa.

3840 380 3945 427 879

3784 2614 3917 2664 Ibid.

2240 2671 2345 2735 .IV.
2380 2672 2532 2720 Ratio
2566 2671 2831 2736 simpliad
2865 2674 3083 2736 duplum
3115 2688 3177 2723 ex
3199 2671 3536 2735 perfectione
3567 2677 3762 2726 senarii

2327 2735 2555 2782 numeri.
2580 2734 2784 2782 Senarii
2816 2734 3069 2795 perfectio
3099 2737 3150 2785 in
3181 2734 3467 2795 scripturis
3496 2753 3765 2789 commen-

2324 2796 2461 2861 data.
2494 2798 2680 2861 Annus
2711 2798 3177 2861 senarioruumero
3212 2796 3396 2861 pollet.
3823 2803 3913 2852 892

2264 2859 2321 2908 V.
2354 2859 2605 2924 Senarius
2625 2860 2753 2924 item
2775 2860 2829 2907 in
2852 2859 3465 2924 aediﬁcatione—corporis
3484 2862 3673 2913 Christi
3696 2877 3758 2913 ac

2324 2922 2505 2984 templi
2533 2921 2959 2984 Jerosolymitani
2991 2921 3411 2974 commendatus.
3822 2927 3913 2977 893

2262 2984 2343 3032 VI.
2375 2984 3087 3051 Triduumresurrectionis,
3122 2988 3172 3035 in
3207 3001 3313 3051 quo
3344 2989 3503 3037 etiam
3536 2992 3760 3051 apparet

2323 3048 2455 3110 ratio
2487 3046 2660 3110 simpli
2692 3048 2756 3095 ad
2797 3047 3037 3110 duplum.
3224 3046 3239 3051 ’
3569 3046 3585 3051 ’
3609 3046 3621 3051 ⁷
3824 3053 3913 3101 894

2260 3108 2367 3157 VII.
2398 3109 2676 3165 Quomodo
2723 3123 2819 3172 per
2857 3108 3025 3160 unum
3078 3110 3417 3161 Mediatorem
3465 3126 3529 3160 ex
3572 3112 3753 3162 multis

2322 3172 2638 3231 colligantur
2664 3173 2717 3220 in
2754 3186 2940 3221 unum.
3820 3178 3913 3224 895

2258 3232 2385 3281 VIII.
2406 3233 2684 3291 Quomodo
2700 3236 2937 3283 Christus
2952 3235 3070 3283 vult
3085 3248 3270 3285 omnes
3284 3235 3335 3283 in
3353 3249 3406 3283 se
3426 3248 3590 3284 unum
3606 3248 3742 3285 esse.
3818 3239 3915 3288 896

2259 3294 2339 3343 IX.
2373 3296 2620 3406 Seguitur
2650 3296 2714 3345 de
2745 3297 2931 3369 eodem
2963 3302 3329 3370 argumento._
3680 3361 3690 3369 ν
3771 3298 3915 3349 Ibid.

2259 3357 2314 3405 X.
2348 3358 2413 3406 Ut
2464 3358 2677 3406 ‘hristus
2707 3359 2967 3406 mediator
2995 3366 3135 3406 VltFB.
3167 3363 3241 3406 ita
3282 3359 3523 3406 diabolus
3553 3359 3753 3406 media-

2255 3357 2314 3405 X.
2348 3358 2413 3406 Ut
2441 3357 2677 3407 Christus
2707 3359 2967 3409 mediator
2995 3357 3135 3417 vitae,
3167 3360 3241 3409 ita
3282 3359 3523 3409 diabolus
3553 3359 3753 3410 media-

2319 3423 2404 3468 tor
2432 3422 2633 3469 mortis.
3766 3421 3904 3473 Ibid.

2372 3483 2622 3555 alimonia
2650 3496 2767 3546 quas
2796 3498 2831 3555 ρ.
2863 3484 3391 3555 dzgmonibushﬁunt,
3424 3483 3744 3555 spernenda.
3775 3488 3904 3555 “897

2255 3544 2362 3593 XII.
2396 3546 2645 3594 Diabolus
2667 3544 2876 3603 mortis,
2907 3546 3144 3596 Christus
3171 3546 3291 3595 vitas
3326 3544 3605 3595 mediator.
3764 3547 3901 3597 Ibid.

2257 3608 2386 3654 XIII.
2414 3607 2552 3655 Mors
2573 3609 2762 3657 Christi
2780 3614 3095 3670 spontanea.
3113 3609 3386 3667 Quomodo
3409 3609 3531 3658 vitae
3553 3608 3752 3657 Media-

2320 3673 2403 3733 tor
2421 3670 2767 3719 mediatorem
2789 3672 2972 3720 mortis
2989 3672 3331 3733 expugnavit.
3353 3672 3629 3728 Quomodo
3643 3672 3753 3720 dia-

2319 3731 2472 3796 bolus
2489 3746 2614 3780 suos
2634 3734 2853 3781 inducat
2871 3734 2925 3781 in
2953 3731 3312 3796 contemptum
3336 3734 3521 3782 mortis
3539 3734 3748 3782 Christi.
3815 3738 3904 3785 898

2255 3793 2384 3858 XIV.
2404 3795 2652 3858 Christus
2670 3796 3052 3858 perfectissima
3074 3793 3283 3845 victima
3303 3810 3398 3858 pro
3429 3796 3753 3845 mundandis

2323 3857 2461 3921 vitiis
2490 3857 2703 3921 nostris.
2750 3859 2808 3905 In
2840 3861 2984 3907 omni
3016 3858 3272 3908 sacriﬁcio
3308 3857 3546 3921 quatuor
3581 3860 3752 3908 cousi-

2317 3918 2571 3967 deranda.
3327 3918 3345 3921 ”
3813 3925 3900 3973 901

2256 3980 2359 4028 XV.
2393 3982 2888 4045 Superbiputantes
2914 3996 2969 4031 se
2990 3984 3203 4045 propria
3221 3982 3416 4032 virtute
3438 3996 3593 4045 posse
3624 3997 3746 4045 pur-

2319 4044 2426 4101 gari
2460 4045 2523 4091 ad
2554 4044 2842 4092 videndum
2867 4044 3051 4094 Deum.
3096 4044 3103 4045 “
3438 4044 3452 4045 ί
3626 4044 3641 4045 ί
3770 4044 3903 4097 Ibid.

2254 4105 2379 4155 XVI.
2410 4106 2711 4168 Philosophi
2742 4111 2952 4155 veteres
2982 4109 3045 4156 de
3076 4107 3461 4157 resurrectione
3494 4121 3555 4156 ac
3584 4109 3746 4158 rebus

2318 4168 2511 4216 futuris
2540 4182 2648 4217 non
2681 4170 3017 4219 consulendi.
3811 4174 3905 4222 902

2252 4230 2402 4279 XVII.
2437 4231 2633 4279 Futura
2660 4236 2790 4293 quot
2832 4233 3004 4281 modis
3032 4231 3400 4294 praesciantur.
3444 4232 3747 4294 Philosophi

2316 4307 2413 4341 nec
2430 4294 2500 4341 illi
2520 4295 2609 4355 qui
2628 4295 2768 4343 inter
2788 4293 3411 4357 antiquosexcelluerunt
3430 4293 3745 4343 consulendi

2314 4362 2438 4403 sunt
2468 4358 2529 4403 de
2563 4357 2950 4405 resurrectione
2982 4362 3331 4406 mortuorum.

2249 4418 2424 4466 XVIII.
2458 4418 2619 4466 Filius
2648 4420 2739 4468 Dei
2759 4421 3066 4468 incarnatus
3096 4424 3177 4467 est
3199 4423 3256 4467 ut
3276 4432 3371 4479 per
3400 4416 3557 4466 ﬁdem
3591 4431 3747 4467 mun-

2312 4480 2417 4527 dati
2451 4481 2740 4529 evehamur
2770 4483 2835 4530 ad
2874 4481 3362 4531 incommutabilem
3400 4481 3694 4529 veritatem.
3810 4484 3903 4532 903

2248 4542 2375 4590 XIX.
2406 4543 2564 4606 Filius
2593 4544 2862 4605 quomodo
2882 4545 3073 4592 missus
3095 4548 3147 4591 et
3168 4544 3576 4606 praenuntiatus.
3604 4544 3744 4600 Quo-

2312 4604 2469 4652 modo
2503 4606 2753 4654 missione
2784 4608 3075 4655 nativitatis
3104 4604 3336 4654 in'carne
3366 4605 3537 4654 factus
3565 4609 3741 4655 minor

2310 4668 2433 4732 sine
2454 4668 2774 4732 detrimento
2803 4670 3117 4732 aequalitatis
3145 4682 3265 4732 cum
3297 4670 3466 4732 Patre.

2245 4730 2347 4779 XX.
2372 4730 2582 4794 Mittens
2603 4734 2655 4778 et
2670 4729 3113 4794 missus—aequalis.
3130 4731 3292 4780 Filius
3304 4744 3398 4779 cur
3414 4730 3601 4794 dicitur
3615 4729 3735 4794 mis-

2309 4806 2399 4841 sus
2416 4806 2446 4840 a
2468 4793 2636 4841 Patre.
2664 4794 2737 4843 De
2760 4791 3009 4842 missione
3034 4794 3261 4849 Spiritus
3282 4793 3450 4841 sancti
3470 4791 3734 4854 quomodo

2308 4859 2518 4917 etaquo
2531 4855 2727 4904 missus
2742 4858 2823 4905 sit.
2842 4856 3389 4905 Patertotiusdeitatis
3400 4854 3735 4917 principium.

2244 4918 2371 4966 XXI.
2407 4916 2476 4965 De
2499 4918 2732 4967 sensibili
2757 4919 3210 4968 demonstratione
3228 4916 3407 4966 sancti
3424 4916 3666 4978 Spiritus,
3686 4921 3740 4967 et

2307 4979 2372 5028 de
2416 4982 2781 5030 coaeternitate
2819 4982 3104 5030 Trinitatis.
3144 4980 3281 5040 Quid
3319 4979 3520 5029 dictum
3560 4980 3645 5038 sit,
3685 4984 3740 5029 et

2304 5042 2432 5104 quid
2464 5043 2747 5091 dicendum
2781 5048 2959 5092 restet.

2242 5106 2390 5154 LIBER
2422 5118 2645 5160 QUIM‘US.
2678 5132 2737 5140 ——
2766 5105 2920 5154 Venit
2941 5105 3008 5155 ad
3028 5105 3400 5155 haereticorum
3421 5106 3741 5164 argumenta

2302 5167 2390 5215 illa
2419 5180 2538 5229 quas
2564 5180 2671 5215 non
2702 5181 2763 5217 ex
2797 5168 2992 5217 divinis
3021 5168 3186 5227 libris,
3220 5168 3310 5216 sed
3343 5166 3743 5229 exlrationibus

2304 5230 2413 5277 suis
2436 5228 2737 5293 proferunt;
2761 5235 2812 5279 et
2828 5245 2918 5280 eos
2933 5231 3143 5283 refellit.
3166 5230 3361 5293 quibus
3380 5228 3502 5293 ideo
3522 5228 3741 5293 videtur

2300 5305 2409 5340 non
2458 5292 2693 5341 eamdem
2736 5295 2898 5342 Patris
2946 5308 3005 5342 ac
3035 5294 3149 5341 Filii
3186 5291 3312 5341 esse
3363 5291 3738 5349 substantiam,

2302 5355 2429 5416 quia
2459 5368 2616 5403 omne
2647 5356 2789 5418 quod
2822 5357 2885 5405 de
2911 5358 3015 5406 Deo
3045 5357 3252 5413 dicitur,
3288 5354 3586 5403 secundum
3616 5352 3736 5402 sub-

2300 5421 2545 5465 stantiam
2577 5419 2679 5465 dici
2710 5424 2932 5479 putant;
2966 5424 3019 5465 et
3039 5424 3319 5479 propterea
3349 5421 3401 5465 et
3428 5418 3645 5479 gignere
3673 5418 3736 5479 et.

2298 5480 2462 5542 gigni,
2484 5479 2565 5528 vel
2582 5476 2818 5543 genitum
2839 5495 2954 5530 esse
2972 5486 3022 5530 et
3041 5476 3356 5544 ingenitum,
3380 5476 3634 5544 quohiam
3656 5476 3736 5525 di.

2296 5540 2453 5591 versa
2473 5540 2615 5597 sunt,
2639 5544 2970 5593 contendunt
2989 5540 3316 5592 substantias
3331 5554 3445 5590 esse
3467 5540 3734 5599 diversas;

2296 5603 2685 5661 demonstrans,
2714 5619 2825 5654 non
2855 5619 3013 5655 omne
3042 5605 3185 5661 quod
3216 5604 3280 5653 de
3302 5604 3407 5652 Deo
3428 5602 3626 5653 dicitur
3652 5615 3733 5651 se-

2297 5667 2531 5716 cundum
2562 5667 2911 5718 substantiam
2950 5665 3087 5728 dici:
3104 5669 3243 5718 sicut
3270 5665 3569 5715 secundum
3598 5665 3728 5728 sub:

2296 5730 2550 5780 stantiam
2595 5729 2788 5781 dicitur
2830 5732 3006 5783 bonus
3052 5726 3107 5781 et
3142 5742 3387 5794 magnus,
3428 5731 3482 5779 et
3517 5729 3563 5777 si
3598 5726 3731 5791 quid

3768 4356 3903 4408 Ibid.

3801 4671 3901 4720 905

3803 4859 3899 4908 906

3804 5045 3901 5093 909
