4142 6200
295 212 325 272 1
337 213 453 274 229

354 345 500 396 aliud
533 346 598 396 ad
629 360 684 396 se
706 345 927 406 dicitur;
959 347 1054 396 sed
1072 347 1173 396 dici
1197 347 1351 396 etiam
1378 348 1614 407 relative,
1639 349 1692 398 id
1712 355 1792 400 est

353 422 461 458 non
492 410 558 457 ad
591 424 664 464 se.
698 411 788 458 sed
822 412 886 456 ad
921 409 1117 471 aliquid
1151 411 1288 469 quod
1317 412 1424 470 ipse
1455 425 1558 459 non
1592 419 1684 462 est.
1721 415 1789 460 si-

354 477 443 520 cut
471 473 624 520 Pater
643 472 708 520 ad
735 471 920 520 Filium
944 473 1152 528 dicitur,
1173 474 1255 520 vel
1281 475 1530 522 Dominus
1555 475 1618 522 ad
1643 490 1788 523 crea-

352 537 526 597 turam
558 536 654 582 sibi
676 536 1026 584 servientem:
1052 536 1138 582 ubi
1164 536 1206 583 si
1231 537 1354 597 quid
1383 537 1612 596 relative,
1639 538 1686 585 id
1711 543 1790 585 est

354 596 420 659 ad
455 598 649 658 aliquid
681 597 817 658 quod
853 599 961 657 ipse
995 610 1102 644 nou
1135 596 1422 654 est,’etiam
1456 615 1515 648 ex
1550 605 1787 659 tempore

354 658 564 722 dicitur,
612 659 763 722 sicuti?
794 664 890 714 est,
919 660 1166 722 Domine,
1217 663 1471 721 refugium
1519 658 1690 722 facte..-
1737 676 1788 708 es

353 720 537 780 nobis;
567 721 695 769 nihil
720 721 767 768 ei
791 721 1026 768 accidere
1049 735 1152 783 quo
1177 720 1425 773 mutetur.
1451 720 1538 770 sed
1565 725 1784 772 omnino

356 783 528 844 ipsum
561 784 612 830 in
649 789 844 831 natura
883 785 961 831 vel
996 785 1227 832 essentia
1267 799 1363 832 sua
1402 786 1786 834 immutabilem

358 858 688 906 permanere.
1733 851 1942 898 911-912

292 905 453 954 CAPUT
479 921 536 954 PR
559 921 682 955 non.
717 906 852 964 Quid
894 921 921 954 a
964 907 1086 962 Deo,
1131 907 1255 968 quid
1298 923 1328 955 a
1367 909 1563 957 lectore
1600 915 1786 958 auctor

353 973 619 1035 exposcat.
647 971 703 1016 In
736 970 843 1016 Deo
861 969 992 1016 nihil
1013 971 1280 1017 mutabilis
1302 976 1353 1018 et
1382 973 1622 1031 corporei
1644 974 1781 1035 cogi-

351 1031 594 1078 tandum.

288 1091 348 1138 ll.
385 1093 522 1140 Deus
552 1092 662 1141 sola
692 1092 1140 1140 incommutabilis
1177 1095 1424 1143 essentia.
1735 1099 1939 1147 911912

284 1153 370 1201 Ill.
404 1155 722 1218 Arianorum
763 1161 1133 1218 argumentum
1165 1169 1225 1203 ex
1258 1170 1385 1205 voce
1413 1159 1578 1218 geniti
1623 1163 1675 1206 et
1707 1159 1782 1207 in-

346 1218 511 1277 geniti
543 1217 877 1279 desumptum
909 1216 1143 1264 diluitur.
1415 1216 1431 1218 ⁷
1802 1221 1933 1271 Ibid.

284 1295 366 1345 lV.
394 1295 651 1344 Accidens
678 1297 853 1359 arguit
892 1310 1102 1358 semper
1147 1297 1378 1360 aliquam
1421 1299 1492 1348 rei
1533 1301 1778 1349 mutatio-

352 1371 491 1406 nem.
1847 1365 1936 1412 913

287 1420 347 1469 V.
381 1420 438 1467 In
470 1421 577 1468 Deo
601 1419 729 1467 nihil
755 1419 1046 1468 secundum
1071 1421 1314 1469 accidens
1344 1422 1552 1476 dicitur.
1588 1424 1679 1472 sed
1704 1438 1779 1473 se-

348 1484 584 1530 cundum
616 1483 966 1531 substantiam
989 1488 1080 1530 aut
1107 1487 1402 1532 secundum
1427 1486 1760 1535 relationem.
1799 1486 1933 1537 Ibid.

285 1544 369 1595 Vl.
402 1545 1032 1615 Occurrit-haereticorum
1057 1545 1480 1595 cavillationibus
1506 1549 1558 1596 iu
1591 1549 1776 1597 eadem

348 1619 476 1656 voce
504 1608 667 1668 geniti
695 1611 746 1655 et
775 1608 1008 1668 mgeniti.
1844 1613 1934 1660 914

425 1669 644 1742 Nfgatio
665 1670 855 1742 addita
885 1673 1195 1742 noum‘utat
1228 1671 1742 1742 prmdicamentum._
1844 1677 1932 1723 915

285 1731 420 1780 Vlll.
449 1729 715 1792 Quidquid
755 1731 1172 1780 substantialiter
1210 1729 1274 1778 de
1317 1733 1423 1780 Deo
1463 1733 1670 1786 dicitur.
1714 1735 1776 1783 de

347 1793 570 1858 singulis
611 1793 1230 1858 p_ersonis_singulariter
1277 1798 1326 1842 et
1365 1795 1519 1843 simul
1559 1797 1623 1844 de
1663 1797 1779 1858 ipsa

346 1855 600 1904 Trinitate
621 1855 832 1904 dicitur.
855 1856 913 1903 In
940 1857 1045 1904 Deo
1067 1870 1172 1904 una
1193 1859 1440 1916 essentia,
1464 1864 1571 1906 tres
1586 1855 1779 1908 Graecis

349 1917 677 1981 hypostases,
711 1918 909 1966 Latinis
939 1923 1048 1966 tres
1079 1931 1340 1981 personae.
1843 1925 1932 1972 916

283 1979 364 2028 1X.
390 1979 641 2042 Personas
673 1984 779 2028 tres
811 1993 917 2028 non
949 1980 1162 2042 proprie
1197 1980 1370 2029 dictae.
1840 1987 1930 2033 917

281 2042 343 2092 Χ.
374 2041 502 2099 Quae.
537 2043 640 2092 Deo
679 2043 918 2091 absolute
954 2041 1292 2091 conveniunt
1331 2045 1391 2090 ut
1431 2045 1678 2104 essentia,
1713 2045 1777 2093 de

343 2105 598 2169 Trinitate
628 2105 965 2164 singulariter
990 2105 1260 2169 dicuntur,
1295 2119 1400 2154 non
1437 2107 1724 2169 pluraliter.
1838 2109 1930 2158 918

284 2168 367 2217 X-l.
401 2167 534 2224 Quid
568 2169 620 2215 in
649 2168 900 2216 Trinitate
930 2167 1149 2215 relative
1179 2167 1404 2215 dicatur.
1439 2167 1450 2169 ⁷
1801 2171 1930 2220 Ibid.

281 2230 388 2279 XII.
423 2231 479 2277 In
510 2230 742 2277 relativis
771 2230 969 2278 mutuis
989 2230 1258 2278 interdum
1282 2229 1476 2278 desunt
1503 2232 1774 2280 vocabula.
1841 2237 1930 2283 919

281 2293 431 2402 XIII...
445 2292 764 2354 Principium
795 2292 1066 2355 quomodo
1087 2293 1140 2340 in
1171 2292 1423 2342 Triuitate
1452 2294 1670 2343 relative
1701 2294 1776 2343 di-
1840 2361 1931 2409 920

345 2368 408 2403 ca
435 2368 514 2402 ur.

345 2368 514 2403 catur.

281 2416 412 2466 XIV.
445 2418 594 2464 Pater
623 2419 674 2464 et
721 2415 881 2464 Filius
924 2417 1139 2465 unicum
1184 2417 1505 2480 principium
1551 2418 1777 2479 Spiritus

347 2481 533 2527 sancti.
1799 2483 1931 2533 Ibi/1.

283 2541 388 2606 XV.
419 2542 500 2590 An
530 2541 746 2601 spiritus
773 2545 990 2589 sanctus
1015 2545 1152 2590 esset
1179 2540 1380 2590 donum
1411 2546 1462 2591 et
1490 2548 1777 2606 antequam

348 2603 583 2652 daretur.
1630 2603 1648 2606 ⁷
1842 2610 1929 2657 921

283 2665 413 2716 XV].
446 2664 595 2723 Quod
626 2663 692 2712 de
721 2665 827 2727 Deo
845 2677 908 2712 ex
937 2668 1179 2727 tempore
1209 2665 1420 2726 dicitur,
1451 2667 1669 2717 relative
1699 2669 1778 2718 di-

347 2728 500 2786 citur,
536 2740 641 2774 non
673 2726 1086 2776 accidentaliter.
1843 2734 1934 2783 922

284 2789 434 2839 Ltasn
455 2803 663 2855 servus.
689 2815 745 2824 —
765 2790 964 2855 _ln_quo
996 2790 1265 2851 proposita
1295 2791 1611 2855 quaestione,
1643 2805 1777 2855 quo-

345 2852 505 2899 modo
535 2851 707 2914 dictus
735 2851 801 2898 sit
829 2852 1068 2914 Christus
1097 2866 1187 2900 ore
1218 2851 1528 2914 apostolico,
1567 2851 1780 2902 Dei'vir-

346 2917 426 2960 tus
453 2916 502 2961 et
533 2913 627 2961 Dei
652 2914 920 2975 sapientia,
952 2913 1456 2975 disputatur’utrum
1492 2917 1640 2965 Pater
1669 2931 1779 2965 non

344 2976 412 3025 sit
440 2977 551 3037 ipse
573 2975 960 3038 sapientia.sed
987 2981 1190 3024 tantum
1213 2978 1488 3038 sapientia)
1513 2980 1680 3036 Pater,
1710 2994 1778 3028 an

342 3037 951 3103 sapientissapientiam
991 3037 1344 3103 genueritret
1387 3040 1547 3089 dilata
1578 3043 1776 3103 patuis-

343 3113 440 3160 per
468 3099 750 3155 solutione,
772 3101 1025 3162 probatur
1047 3101 1224 3149 unitas
1245 3106 1294 3149 et
1315 3099 1591 3161 aequalitas
1612 3105 1777 3152 Patris

341 3167 396 3210 et
414 3162 524 3209 Filii
555 3175 617 3208 ac
639 3162 866 3222 Spiritus
885 3164 1078 3211 sancti:
1103 3167 1157 3212 et
1176 3177 1284 3211 non
1311 3165 1473 3212 Deum
1497 3166 1775 3222 triplicem,

341 3181 396 3210 οι
414 3181 524 3209 ιπυιι
555 3181 617 3208 ut:
639 3181 866 3222 DPII'ILUS
885 3181 1078 3211 88.1.10“:
1103 3181 1157 3212 ει
1177 3181 1284 3211 UOH
1311 3181 1473 3212 υΘυῐΠ
1497 3181 1775 3226 ιΓιριιοΕω,

341 3223 434 3288 sed
483 3223 792 3288 Trinitatem
813 3223 988 3288 __credi
1031 3230 1294 3288 oportere.
1331 3226 1460 3273 Illud
1511 3232 1777 3288 postremo

341 3285 456 3333 loco
487 3285 780 3346 explicatur
812 3285 993 3334 Hilarii
1025 3285 1252 3335 dictum:
1285 3285 1570 3338 ίΕωνηίίὶιε
1599 3291 1652 3338 in
1686 3292 1777 3338 Pa-

343 3349 435 3405 tre,
478 3351 666 3407 species
694 3348 748 3395 in
777 3347 1026 3408 Imagine.
1058 3363 1175 3395 usus
1206 3350 1257 3397 in
1290 3351 1516 3399 Munere.
1718 3355 1933 3404 923-924

279 3408 442 3458 Carm
471 3423 669 3458 PBIIUI.
705 3409 866 3458 Filius
890 3412 1180 3458 secundum
1210 3412 1518 3472 Apostolum
1541 3414 1708 3462 virtus
1730 3420 1781 3465 et

343 3471 607 3532 sapientia
635 3472 723 3519 Dei
746 3471 927 3532 patris.
961 3473 1094 3520 Hinc
1116 3471 1448 3522 ratiocinatio
1478 3474 1775 3525 Catholico-

341 3546 462 3582 rum
493 3540 678 3583 contra
711 3535 912 3594 priores
937 3535 1180 3582 Ariauos.
1216 3534 1502 3584 Ditﬁcultas
1533 3551 1596 3584 an
1630 3538 1779 3587 Pater

344 3610 451 3645 non
472 3597 662 3659 sitipse
680 3597 959 3659 sapientia,
975 3597 1064 3659 sed
1086 3601 1289 3645 tantum
1309 3599 1583 3658 sapientia:
1600 3601 1766 3649 Pater.
1797 3601 1930 3652 Ibid.

281 3659 342 3722 ll.
369 3659 496 3722 Quae
522 3658 586 3706 de
612 3661 759 3707 Patre
790 3663 843 3706 et
863 3658 989 3722 Filio
1011 3658 1168 3706 simul
1192 3659 1460 3713 dicuntur,
1486 3674 1604 3722 quae
1637 3677 1762 3711 non.
1798 3663 1932 3714 Ibid.

277 3721 367 3771 ΙΙΙ.
399 3721 661 3770 Unitatem
684 3721 927 3769 essentias
959 3722 1122 3769 Patris
1140 3726 1192 3769 et
1221 3722 1330 3771 Filii
1363 3721 1544 3771 haberi
1567 3738 1629 3772 ex
1663 3740 1775 3774 ver-

340 3784 442 3832 bis.
475 3784 635 3848 Lfnum
681 3797 872 3848 sumus.
925 3783 1087 3848 Filius
1140 3789 1191 3833 et
1233 3786 1288 3834 in
1331 3786 1598 3848 sapientia
1628 3791 1679 3837 et
1722 3790 1774 3837 in

341 3846 545 3894 czeteris
573 3846 792 3907 aequalis
824 3846 977 3894 Patri.
1393 3846 1406 3848 ⁷
1841 3853 1932 3900 926

278 3908 362 3970 IV.
393 3907 644 3970 Sequitur
672 3909 737 3956 de
767 3907 955 3956 eodem
985 3911 1320 3970 argumento.
1841 3917 1932 3962 927

276 3969 340 4020 V.
370 3969 594 4037 Spiritus
621 3977 838 4020 sanctus
868 3971 1026 4019 etiam
1060 3971 1195 4019 Patri
1225 3977 1275 4020 et
1302 3972 1434 4021 Filio
1470 3973 1693 4037 aequalis
1721 3974 1773 4022 in

343 4032 611 4080 omnibus.
1535 4032 1551 4037 ⁷
1797 4036 1931 4087 Ibid.

281 4093 672 4159 VI._Quomodo
717 4095 862 4144 Deus
907 4093 1205 4143 substantia
1249 4095 1470 4159 simplex
1500 4102 1554 4146 et
1601 4098 1778 4148 multi-

279 4155 554 4292 Χξῗὲθῐῗέιιβ
583 4217 828 4292 Trinitas,
861 4217 954 4292 sed
986 4231 1095 4292 pen
1127 4219 1339 4292 triplex.

280 4281 413 4329 Vill.
445 4281 537 4330 Dei
563 4284 772 4330 naturas
804 4280 953 4329 nulla
984 4280 1040 4329 ﬁt
1073 4282 1325 4330 accessio.
1799 4286 1930 4335 Ibid.

281 4341 478 4454 leAn
510 4356 620 4392 una
646 4343 730 4392 vel
759 4347 866 4392 tres
897 4342 1052 4392 simul
1083 4357 1324 4405 persona:
1357 4345 1605 4395 dicantur
1633 4347 1780 4398 solus

391 4418 502 4453 eus.

391 4418 502 4453 eus.
1844 4415 1932 4462 930

278 4415 640 4532 Xvﬂlti'ibuta
669 4480 764 4532 per
790 4465 1042 4532 Hilarium
1072 4467 1295 4523 singulis
1325 4471 1583 4532 personis.
1611 4472 1778 4522 Trini-
1844 4415 1901 4463 93

345 4533 425 4578 tas
450 4530 504 4578 in
534 4530 691 4578 rebus
719 4530 868 4578 tactis
901 4530 1337 4591 repraesentatur.‘
1843 4539 1929 4586 931

286 4592 435 4659 LliIIR
466 4605 716 4659 serimus.
738 4618 796 4626 —
815 4592 1115 4659 Superioris
1141 4593 1262 4659 libri
1277 4595 1526 4659 quaestio,
1559 4609 1676 4659 quas
1699 4597 1777 4644 di-

345 4655 450 4725 iata
480 4654 670 4725 fuerat,
707 4653 1023 4725 applicatur;
1065 4655 1209 4725 quod
1239 4653 1484 4725 videlicet
1519 4653 1774 4725 De'us‘Pa-

342 4721 426 4767 ter
452 4717 544 4782 qui
587 4717 790 4782 gen_uit_
819 4715 1004 4782 Filium
1052 4715 1302 4782 virtutem
1352 4722 1404 4766 et
1445 4721 1774 4782 sapientiam,

343 4793 451 4828 non
470 4778 640 4829 solum
656 4779 724 4827 sit
744 4778 953 4826 virtutis
967 4782 1017 4826 et
1034 4780 1308 4840 sapientiae
1331 4782 1494 4829 Pater.
1508 4778 1601 4831 sed
1621 4785 1776 4832 etiam

344 4841 458 4901 ipse
515 4842 684 4890 virtus
731 4843 781 4888 et
828 4841 1113 4902 sapientia:
1165 4842 1406 4891 similiter
1457 4847 1507 4892 et
1554 4845 1780 4905 Spiritus

343 4906 578 4951 sanctus.
626 4905 733 4952 Nec
769 4906 946 4951 tamen
992 4908 1098 4952 tres
1129 4916 1244 4952 esse
1287 4905 1512 4954 virtutes
1553 4911 1644 4955 aut
1673 4913 1779 4956 tres

346 4965 652 5030 sapientiae,
684 4965 774 5012 sed
816 4979 974 5030 unam
1007 4967 1259 5015 virtutem
1290 4970 1342 5015 et
1371 4981 1528 5016 unam
1561 4971 1774 5030 sapien-

344 5027 496 5084 tiam,
513 5027 649 5075 sicut
669 5040 834 5075 unum
852 5029 1019 5077 Deum
1043 5033 1094 5077 et
1113 5043 1272 5077 unam
1296 5031 1582 5080 essentiam
1605 5027 1779 5081 osten-

344 5088 512 5154 ditur.
542 5089 741 5154 Deinde
767 5091 1025 5151 quaeritur
1045 5093 1315 5152 quomodo
1337 5093 1544 5142 dicatur
1563 5095 1616 5142 in
1649 5097 1773 5154 Deo,

343 5165 374 5200 a
402 5151 618 5208 Latinis,
653 5165 761 5216 una
791 5154 1040 5205 essentia.
1064 5151 1170 5201 tres
1198 5168 1471 5215 personas;
1505 5171 1534 5204 a
1562 5151 1774 5216 Graecis,

341 5227 450 5263 una
478 5215 726 5280 essentia,
760 5217 868 5280 tres
897 5216 1324 5280 substantimvel
1353 5217 1691 5280 hypostases:
1726 5215 1779 5270 et

341 5281 630 5339 utrumque
675 5277 991 5326 elocutionis
1031 5279 1344 5326 necessitate
1377 5277 1477 5327 diei
1509 5288 1775 5332 monstra-

338 5341 443 5406 tur.
463 5342 523 5388 ut
541 5353 608 5388 ne
627 5339 847 5388 omnino
876 5344 1169 5406 taceremus
1189 5340 1500 5406 interrogati
1523 5345 1650 5406 quid
1673 5349 1778 5394 tres

341 5402 464 5454 sint.
500 5407 634 5464 quot
665 5405 770 5448 tres
790 5416 903 5451 esse
935 5405 1190 5452 veraciter
1214 5402 1554 5462 conﬁtemur;
1573 5407 1775 5457 Patrem

339 5464 556 5524 scilicet,
588 5467 641 5514 et
669 5464 875 5521 Filium,
909 5469 961 5514 et
989 5465 1237 5527 Spiritum
1267 5470 1528 5516 sanctum.
1722 5470 1934 5521 931-932

275 5527 439 5592 ngajr
468 5541 678 5592 vannum.
710 5527 864 5575 Redit
908 5527 973 5576 ad
1009 5528 1379 5592 quaestionem.
1413 5543 1480 5578 an
1527 5531 1778 5592 quaslibet

339 5589 611 5638 Trinitatis
631 5602 858 5650 persona
881 5603 972 5648 per
988 5589 1042 5638 se
1067 5590 1134 5637 sit
1149 5591 1428 5650 sapientia.
1453 5589 1618 5648 Quam
1641 5594 1776 5642 ditii-

342 5652 462 5715 cile.
494 5652 902 5715 quaveratione
925 5653 1161 5700 solvatur
1185 5654 1410 5714 quaastio
1442 5657 1728 5715 proposita.
1798 5656 1926 5707 Ibid.

280 5712 341 5760 ll.
375 5712 528 5763 Pater
555 5717 610 5762 et
647 5712 805 5762 Filius
829 5715 1001 5776 simul
1043 5730 1149 5764 una
1179 5712 1461 5776 sapientia,
1503 5712 1638 5765 sicut.
1669 5733 1776 5768 una

344 5776 598 5832 essentia,
628 5775 838 5828 tametsi
867 5791 977 5828 non
1006 5777 1162 5828 simul
1193 5775 1360 5829 unum
1390 5779 1636 5832 Verbum.
1836 5783 1928 5834 936

1711 217 1955 280 INDEX
2002 219 2300 283 RERUM.

3544 223 3702 286 1230

2058 356 2141 404 Ill.
2174 355 2454 418 Sapientiae
2485 358 2700 407 nomine
2732 371 2826 406 cur
2853 357 3015 407 Filius
3044 357 3378 419 potissimum
3415 351 3542 408 insi-

2116 424 2312 467 nuetur
2346 421 2396 468 in
2449 421 2750 481 Scripturis.
2793 435 2910 468 cum
2952 424 3002 468 et
3041 421 3191 468 Pater
3230 425 3283 468 et
3321 422 3544 483 Spiritus

2114 486 2331 529 sanctus
2363 484 2429 531 sit
2472 485 2751 543 sapientia.
2801 485 3052 544 Spiritum
3102 487 3340 532 sanctum
3385 485 3543 532 simul

2116 558 2233 591 cum
2265 546 2410 592 Putre
2442 549 2492 592 et
2525 547 2625 593 tilio
2661 560 2816 593 unam
2851 546 3166 607 sapientiam
3199 560 3331 593 esse.
3488 550 3699 597 936.937

2051 605 2131 652 ιν.
2165 608 2276 664 Qua
2297 610 2608 656 necessitate
2640 609 2801 656 Graeci
2828 605 2934 655 tres
2955 608 3263 667 hypostases
3291 610 3539 668 dixerint;

2112 669 2298 722 Latini,
2334 675 2440 717 tres
2476 685 2741 730 personas.
2769 670 3037 732 Scriptura
3069 671 3251 718 uullibi
3278 671 3404 718 dicit
3433 675 3542 720 tres

2113 745 2370 790 personas
2402 733 2452 779 in
2490 735 2606 780 Deo.
3607 736 3695 783 939

2049 791 2106 841 V.
2140 793 2195 864 In
2232 795 2333 841 Deo
2367 794 2662 843 substantia
2685 795 2900 843 abusive
2922 793 3131 853 dicitur,
3161 795 3391 843 essentia
3424 809 3541 856 pro-
3606 859 3697 908 9‘2

2113 868 2244 908 prie.

2113 855 2244 915 prie.
3425 855 3438 856 ⁷
3606 861 3633 907 9

2047 916 2131 965 Vl.
2161 918 2264 965 Cur
2294 918 2348 964 in
2385 919 2640 967 Triuitate
2681 933 2787 967 non
2820 919 3013 967 dicitur
3053 931 3159 966 una
3195 931 3446 978 persona,
3487 923 3541 967 et

2111 983 2219 1028 tres
2259 981 2520 1029 assentire.
2570 983 2639 1029 De
2670 983 2922 1030 Trinitate
2963 980 3088 1041 quid
3129 979 3342 1028 credere
3383 981 3541 1029 debet

2112 1043 2200 1106 qui
2227 1056 2387 1103 supra
2417 1043 2555 1090 dicta
2573 1056 2679 1091 non
2710 1045 2870 1106 capit.
2895 1045 3061 1092 Homo
3084 1047 3133 1091 et
3153 1043 3219 1090 ad
3249 1043 3536 1105 imaginem

2110 1109 2162 1152 et
2190 1105 2364 1161 imago
2398 1105 2507 1152 Dei.
2779 1105 2786 1106 ⁷
3603 1107 3694 1157 943

2047 1165 2194 1214 Lmen
2227 1181 2462 1214 omnes.
2495 1194 2552 1201 —
2594 1167 2812 1215 Ratione
2851 1167 3058 1216 reddita
3098 1171 3378 1224 monstrat,
3426 1180 3536 1216 non

2108 1229 2280 1276 solum
2314 1231 2516 1276 Putrem
2562 1229 2689 1277 Filio
2722 1244 2828 1278 non
2859 1244 2973 1278 esse
3004 1229 3280 1290 majorem,
3311 1229 3402 1278 sed
3440 1244 3539 1278 nec

2107 1291 2292 1338 ambos
2322 1291 2477 1340 simul
2511 1291 2710 1352 aliquid
2743 1292 2915 1355 majus
2945 1306 3059 1340 esse
3089 1305 3246 1400 quam
3282 1293 3534 1349 Spiritum

2108 1358 2369 1400 sanctum.
2402 1368 2498 1400 nec
2521 1353 2786 1400 quoslibet
2807 1356 2940 1400 duos
2970 1356 3105 1400 simu
3149 1353 3200 1400 in
3223 1354 3408 1400 eadem
3429 1355 3534 1400 Tri-

2108 1358 2369 1410 sanctum,
2402 1368 2498 1401 nec
2521 1353 2786 1415 quoslibet
2807 1353 2940 1402 duos
2970 1353 3125 1402 simul
3149 1353 3200 1401 in
3223 1354 3408 1402 eadem
3429 1355 3536 1403 Tri-

2107 1416 2272 1463 nitate
2293 1415 2466 1478 majus
2487 1429 2600 1463 esse
2619 1417 2817 1475 aliquid
2839 1430 2996 1478 quam
3020 1430 3206 1476 unum,
3227 1430 3324 1465 nec
3349 1431 3535 1465 omnes

2107 1477 2264 1525 simul
2297 1477 2400 1525 tres
2445 1479 2620 1539 majus
2669 1477 2868 1540 aliquid
2910 1493 3021 1525 esse
3072 1492 3225 1539 quam
3275 1479 3529 1540 singulos.

2110 1541 2304 1588 Deinde
2335 1540 2442 1602 agit
2472 1545 2528 1588 ut
2558 1545 2609 1587 et
2639 1553 2702 1587 ex
2729 1541 2962 1589 veritatis
2982 1540 3359 1598 intellectione,
3389 1546 3441 1591 et
3470 1557 3533 1591 ex

2106 1603 2293 1650 notitia
2324 1601 2515 1649 summi
2548 1601 2694 1665 boni,
2727 1608 2778 1650 et
2807 1617 2867 1651 ex
2896 1604 3056 1650 insito
3086 1615 3267 1650 amore
3294 1604 3530 1665 justitiav,

2103 1669 2319 1726 propter
2348 1679 2508 1726 quam
2541 1664 2776 1725 diligitur
2818 1667 3027 1712 animus
3050 1665 3226 1726 justus
3257 1664 3321 1714 ab
3351 1667 3531 1716 animo

2103 1727 2260 1775 etiam
2284 1726 2698 1786 nondumjusto,
2723 1728 3053 1787 intelligatur
3073 1728 3186 1786 ipsa
3207 1732 3397 1776 natura
3421 1730 3528 1777 Dei:

2103 1790 2330 1852 maxime
2363 1802 2488 1836 vero
2519 1788 2770 1836 admonet
2797 1794 2856 1836 ut
2887 1791 2975 1836 Dei
3006 1790 3236 1846 cognitio
3263 1795 3533 1852 quaeratur

2105 1865 2197 1913 per
2226 1851 2554 1908 cbaritatem,
2587 1864 2706 1912 qua}
2736 1852 2788 1898 in
2819 1852 3104 1911 Scripturis
3134 1851 3527 1912 Deus’dicitur;

2103 1927 2209 2023 gua
2238 1915 2290 1986 in
2313 1914 2567 1962 charitate
2587 1914 2743 1962 etiam
2766 1914 3031 1962 Trinitatis
3056 1916 3328 1976 vestigium
3359 1916 3528 1978 quod-

2141 1990 2222 2023 am
2255 1989 2425 2023 inesse
2457 1977 2727 2023 observat.
3475 1982 3528 2023 91

2141 1990 2222 2024 am
2255 1977 2425 2024 inesse
2457 1977 2727 2025 observat.
3385 1977 3390 1978 ⁷
3475 1980 3683 2030 945-946

2039 2038 2346 2088 ΡΠΟΗΕΜΗῙΜ.
2380 2039 2628 2099 Epilogus
2657 2039 2902 2100 superius
2931 2037 3210 2086 dictorum.
3245 2039 3443 2100 Regula
3471 2043 3525 2089 in

2102 2101 2484 2149 difﬁcilioribus
2511 2100 2632 2149 ﬁdei
2664 2101 3049 2162 quaestionibus
3077 2101 3358 2150 servanda.
3550 2103 3684 2154 Ibid.

2040 2162 2202 2213 CAPUT
2229 2177 2433 2212 PRIMUM.
2467 2164 2524 2212 ln
2578 2163 2682 2211 Deo
2715 2176 2823 2210 non
2871 2176 2986 2211 esse
3035 2163 3208 2224 majus
3254 2164 3383 2226 quid
3423 2171 3526 2215 tres

2102 2240 2258 2288 quam
2292 2239 2453 2288 uuam
2487 2239 2792 2287 personam,
2820 2228 3024 2274 ratione
3059 2229 3400 2275 monstratur.
3591 2232 3679 2279 947

2041 2290 2100 2337 ll.
2122 2287 2455 2350 ’Respuenda
2483 2289 2657 2337 omnis
2681 2288 2970 2348 corporalis
2999 2289 3265 2350 cogitatio,
3302 2295 3360 2338 ut.
3389 2290 3529 2339 Deus

2099 2351 2338 2403 capiatur
2366 2351 2635 2403 quomodo
2664 2351 2803 2399 Deus
2831 2354 2913 2398 est
2942 2351 3149 2399 verita.
3596 2353 3687 2403 948

2039 2414 2124 2463 IlI.
2156 2414 2432 2472 Quomodo
2452 2417 2804 2475 cognoscatur
2825 2414 2991 2461 Deum
3011 2427 3123 2462 esse
3147 2426 3415 2464 summum
3435 2415 3530 2464 bo-

2104 2489 2252 2524 num.
2307 2477 2532 2526 Animus
2560 2476 2775 2525 nonnisi
2804 2476 3152 2525 conversione
3182 2476 3245 2524 ad
3279 2478 3446 2526 Deum
3476 2478 3533 2527 ﬁt

2103 2539 2296 2588 bonus.
3599 2545 3689 2592 919

2041 2601 2122 2650 IV.
2159 2602 2292 2650 Deus
2335 2601 2484 2663 prius
2531 2599 2632 2649 ﬁde
2680 2614 2787 2650 non
2846 2603 3056 2648 errante
3110 2602 3531 2664 cognoscendus,

2103 2664 2267 2711 amari
2297 2669 2479 2725 possit.
2781 2724 2784 2725 ν
2983 2724 2988 2725 γ
3597 2670 3686 2716 951

2041 2727 2102 2776 ν.
2133 2724 2410 2784 Quomodo
2439 2725 2669 2775 Trinitas
2698 2724 2950 2786 diligatur
2979 2724 3264 2786 incognita.
3599 2733 3690 2780 952

2040 2789 2123 2838 VI.
2157 2788 2434 2852 Quomodo
2485 2788 2726 2837 nondum
2767 2788 2948 2850 justus
2996 2786 3202 2848 justum
3249 2795 3534 2852 cognoscat

2104 2864 2262 2911 quem
2295 2850 2484 2910 diligit.
3041 2909 3049 2911 _
3318 2850 3334 2852 ⁷
3596 2858 3687 2905 953

2041 2909 2147 2978 νηί.
2169 2915 2239 2961 De
2257 2927 2382 2962 vera
2395 2909 2972 2978 dilectione,_perquam
2989 2909 3343 2978 ad_'1‘rinitatis
3355 2916 3533 2978 cogni-

2103 2977 2302 3024 tionem
2337 2975 2658 3037 pervenitur.
2690 2973 3015 3037 Quaerendae
3048 2975 3203 3034 Deus,
3253 2989 3361 3024 non
3392 2973 3532 3026 cite-

2105 3039 2232 3090 rius,
2258 3036 2560 3099 appetendo
2591 3036 2724 3084 mira
2745 3036 2916 3084 facere
2937 3037 3310 3099 cumAngelis;
3335 3040 3426 3086 sed
3453 3041 3534 3088 in-

2103 3098 2581 3157 terius,’imitando
2613 3100 2877 3147 bonorum
2917 3098 3227 3157 angelorum
3260 3101 3531 3161 pietatem.
3598 3108 3688 3155 956

2044 3163 2174 3211 Vlll.
2206 3163 2354 3226 Quod
2393 3163 2483 3223 qui
2512 3161 2730 3226 fratrem
2761 3160 2950 3223 diligit,
2979 3161 3144 3209 Deum
3175 3160 3376 3226 diligat,
3407 3166 3534 3226 quia

2105 3230 2246 3272 amat
2293 3225 2460 3284 ipsam
2512 3224 2843 3272 dilectionem
2897 3236 3017 3285 qua:
3073 3238 3135 3272 ex
3185 3224 3294 3274 Deo
3336 3224 3440 3286 est,
3484 3231 3536 3276 et

2105 3287 2246 3334 Deus
2277 3290 2373 3334 est.
3600 3294 3690 3341 957

2042 3349 2131 3412 1X.
2161 3351 2217 3397 1n
2249 3349 2582 3412 dilectionem
2619 3347 2884 3412 justorum
2905 3348 3278 3412 accendimur
3314 3363 3378 3398 ex
3420 3351 3536 3412 ipsa

2105 3411 2387 3459 dilectione
2419 3410 2868 3458 incommutabilis
2899 3408 3082 3472 formae
3111 3409 3350 3472 justitiaa.
3444 3408 3455 3412 ⁷
3599 3417 3689 3464 959

2040 3474 2100 3522 X.
2130 3473 2250 3536 Tria
2279 3472 2521 3534 quaedam
2553 3473 2608 3518 in
2641 3472 2913 3530 charitate,
2945 3471 3091 3520 velut
3116 3471 3398 3536 vestigium
3429 3475 3536 3523 Tri-

2105 3535 2303 3583 nitatis.
3267 3535 3275 3536 ⁷
3599 3542 3688 3589 960

2042 3598 2189 3646 Lissn
2221 3610 2399 3645 sonus.
2431 3623 2490 3630 -—
2519 3595 2826 3659 Trinitatem
2868 3595 2918 3642 in
2953 3593 3184 3653 homine,
3226 3597 3318 3659 qui
3359 3597 3536 3659 imago

2108 3660 2195 3708 Dei
2222 3663 2317 3715 est,
2342 3657 2628 3720 quamdam
2652 3659 2849 3705 inesse:
2873 3661 3106 3706 mentem
3129 3657 3339 3717 scilicet,
3373 3666 3423 3708 et
3445 3657 3536 3710 nc-

2104 3723 2271 3770 titiam
2303 3735 2408 3784 qua
2437 3734 2492 3769 se
2525 3722 2689 3776 novit,
2719 3724 2770 3768 et
2792 3733 3026 3784 amorem
3048 3734 3162 3784 quo
3183 3735 3238 3768 se
3268 3723 3535 3771 notitiam-

2103 3799 2205 3847 que
2237 3782 2385 3832 suam
2419 3784 2611 3844 diligit;
2641 3787 2799 3847 atque
2844 3782 2958 3830 haec
2995 3782 3095 3831 tria
3142 3785 3369 3845 aequalia
3397 3786 3537 3835 inter

2105 3845 2178 3907 se,
2212 3850 2265 3895 et
2295 3847 2450 3894 unius
2480 3845 2840 3894 ostenduntur
2868 3858 2984 3892 esse
3015 3847 3278 3895 essentia).
3477 3851 3687 3900 959-960

2041 3909 2204 3958 CAPUT
2225 3923 2431 3957 rnninl.
2467 3911 2536 3957 De
2555 3908 2807 3970 'I‘rinitate
2829 3907 3095 3967 quomodo
3118 3909 3514 3970 inquirendum.
3553 3912 3685 3960 Ibid.

2041 3974 2102 4022 ll.
2135 3971 2536 4020 Consideranda
2565 3971 2664 4018 tria
2692 3969 2781 4017 illa
2811 3983 2930 4032 quas
2959 3969 3304 4031 reperiuntur
3331 3972 3386 4020 in
3416 3976 3535 4022 ctia-

2102 4036 2272 4083 ritate.
3601 4040 3686 4088 961

2041 4098 2125 4146 Ill.
2156 4095 2429 4145 Trinitatis
2459 4094 2637 4153 imago
2667 4093 2719 4141 in
2739 4096 2917 4141 mente
2938 4092 3170 4142 hominis
3191 4097 3459 4145 noscentis
3479 4112 3533 4146 se

2104 4160 2158 4208 et
2185 4158 2431 4206 amantis.
2461 4158 2608 4205 Mens
2639 4169 2693 4203 se
2724 4155 2892 4214 ipsam
2925 4169 3019 4216 per
3049 4169 3104 4204 se
3136 4157 3303 4218 ipsam
3336 4161 3502 4208 novit.
3598 4163 3689 4210 962

2041 4222 2125 4271 IV.
2155 4222 2274 4268 Tria
2307 4233 2471 4268 unum
2503 4224 2555 4267 et
2584 4218 2830 4280 aequalia,
2862 4230 3013 4265 mens
3042 4218 3176 4279 ipsa.
3213 4223 3265 4267 et
3286 4233 3452 4279 amor,
3485 4227 3537 4272 et

2106 4283 2295 4332 notitia
2325 4280 2460 4343 ejus.
2492 4280 2612 4329 Tria
2643 4280 2830 4328 eadem
2861 4280 3281 4343 substantialiter
3309 4296 3441 4338 esse,
3474 4299 3537 4332 ac

2105 4345 2319 4394 relative
2350 4342 2470 4392 dici.
2493 4344 2615 4392 Tria
2644 4343 2825 4390 eadem
2849 4355 2965 4405 esse
2997 4342 3385 4405 inseparabilis.
3417 4346 3538 4395 Tria

2107 4407 2291 4457 eadem
2333 4419 2442 4469 non
2473 4405 2703 4469 partium
2744 4406 2910 4453 instar
2941 4404 3132 4469 juncta
3159 4411 3212 4469 et
3247 4409 3537 4458 commixta

2106 4484 2218 4519 esse
2251 4483 2262 4526 ;
2294 4467 2387 4515 sed
2418 4467 2535 4516 esse
2569 4469 2725 4516 unius
2756 4468 3018 4522 essentia,
3051 4481 3111 4515 ac
3139 4468 3376 4516 relative.
3601 4474 3690 4522 963

2042 4535 2102 4582 ν.
2135 4531 2208 4580 Ea
2236 4531 2338 4578 tria
2367 4543 2482 4579 esse
2513 4529 2791 4591 singulain
2823 4543 2878 4577 se
2907 4529 3053 4592 ipsis,
3086 4533 3137 4578 et
3165 4531 3392 4579 invicem
3425 4535 3537 4581 tota

2104 4599 2158 4644 in
2189 4593 2330 4642 totis.
3600 4599 3689 4646 965

2043 4658 2124 4706 Vl.
2161 4655 2274 4705 Alia
2306 4654 2494 4702 notitia
2523 4654 2596 4701 rei
2631 4653 2682 4700 in
2714 4653 2830 4714 ipsa
2861 4666 2933 4710 re,
2967 4651 3070 4716 alia
3101 4654 3154 4701 in
3193 4654 3310 4716 ipsa
3338 4659 3538 4704 aeterna

2105 4718 2346 4781 veritate.
2377 4717 2526 4775 Quod
2559 4731 2624 4781 ex_
2653 4719 2865 4765 internas
2907 4715 3146 4781 veritatis
3176 4715 3369 4779 regulis
3394 4719 3532 4781 judi-

2106 4782 2244 4829 cium
2278 4779 2342 4828 de
2372 4781 2530 4828 rebus
2560 4779 2717 4827 etiam
2749 4778 3022 4840 corporeis
3054 4778 3162 4827 ﬁat.
3242 4778 3258 4779 ⁷
3395 4778 3409 4781 ⁷
3555 4780 3685 4830 Ibid.

2044 4845 2150 4894 Vll.
2187 4843 2412 4891 Verbum
2444 4843 2589 4889 intus
2610 4855 2673 4889 ex
2699 4841 2858 4890 rebus
2874 4842 2926 4889 in
2949 4845 3150 4890 aeterna
3168 4841 3388 4891 veritate
3409 4857 3532 4891 con-

2105 4905 2302 4967 spectis
2331 4903 2657 4965 concipimus
2689 4917 2750 4951 ea
2776 4904 3061 4964 gignimus.
3092 4903 3323 4967 Verbum
3355 4917 3534 4953 amore

2105 4965 2403 5030 concipitur
2431 4968 2540 5015 sive
2572 4969 2843 5030 creaturis,
2877 4965 3290 5030 sivepreatoris.
3567 4969 3686 5030 “967

2042 5032 2174 5080 Vlll.
2205 5026 2476 5092 cupiditas
2508 5031 2562 5076 et
2590 5028 2819 5092 charitas
2849 5041 2955 5090 quo
2981 5026 3252 5092 differunt.
3399 5090 3407 5092 Α
3433 5089 3443 5092 _
3556 5027 3688 5079 Ibid.

2042 5094 2126 5143 IX.
2162 5095 2215 5141 In
2261 5089 2438 5140 amore
2489 5089 3111 5153 spiritualium’verbum
3164 5093 3348 5153 natum
3396 5089 3534 5139 idem

2104 5155 2247 5219 quod
2278 5151 2622 5219 conceptum:
2654 5167 2806 5202 secus
2834 5151 2887 5219 in
2918 5164 3098 5219 amore
3129 5152 3438 5219 carnalium.
3599 5156 3692 5219 968

2041 5220 2101 5270 X.
2125 5214 2216 5270 Ἀιι
2248 5217 2360 5266 sola
2390 5214 2581 5266 notitia
2610 5220 2786 5264 amata
2814 5214 2882 5262 sit
2901 5214 3122 5263 verbum
3154 5216 3366 5264 mentis.
3562 5217 3693 5267 Ibid.

2041 5283 2124 5330 Χῐ.
2159 5281 2350 5330 Mentis
2379 5294 2433 5328 se
2464 5280 2630 5341 ipsam
2678 5278 2947 5341 noscentis
2977 5276 3262 5340 imaginem
3296 5291 3388 5325 seu
3423 5293 3537 5329 ver-

2107 5345 2228 5392 bum
2262 5338 2501 5404 genitum
2535 5339 2632 5404 ipsi
2667 5338 2869 5404 aequale
2903 5353 3039 5388 esse.
3093 5338 3109 5340 ⁷
3607 5346 3697 5395 969

2041 5406 2145 5456 Xll.
2180 5401 2286 5453 Cur
2303 5405 2441 5453 sicut
2472 5402 2659 5450 notitia
2687 5401 2882 5450 mentis
2912 5406 2991 5450 est
3023 5403 3217 5463 proles,
3249 5414 3360 5450 non
3382 5404 3541 5453 etiam

2105 5473 2277 5516 tamor
2291 5472 2472 5528 partus
2485 5463 2722 5526 ejusdem
2739 5465 3028 5514 sit.Solutio
3043 5465 3547 5528 quaestionisli‘rini-

2105 5531 2225 5580 tatis
2248 5530 2442 5590 imago,
2471 5540 2620 5590 mens
2643 5540 2762 5575 cum
2784 5541 2880 5575 sua
2899 5528 3062 5590 ipsius
3082 5529 3540 5580 uotitiaetamore.
3606 5533 3696 5583 970

2044 5593 2186 5641 Lissa
2211 5607 2301 5640 nec
2323 5589 2439 5639 uas.
2465 5617 2513 5624 -
2532 5589 2838 5638 Trinitatem
2858 5589 3011 5638 aliam
3034 5593 3087 5638 in
3108 5591 3341 5640 hominis
3362 5601 3541 5643 mente

2103 5657 2274 5703 inesse
2316 5652 2632 5707 ostenditur,
2687 5667 2911 5715 eamque
2956 5652 3111 5714 longe
3155 5654 3539 5707 evidentiortm

2101 5730 2357 5780 apparere
2380 5717 2432 5764 in
2452 5715 2724 5780 memoria,
2741 5715 3092 5780 intelligentia
3112 5717 3464 5771 etvoluntate.
3490 5721 3694 5770 911-972

2037 5779 2201 5831 Carni-
2235 5793 2439 5830 ranwu.
2479 5779 2732 5828 Amorem
2781 5779 3044 5830 studentis
3101 5781 3286 5842 animi,
3342 5784 3394 5834 id
3441 5788 3536 5841 est,
