4142 6200
359 188 511 254 1231

421 326 868 401 οοὶνεηοιιρὶθηῑὶε,
900 339 1009 375 non
1040 340 1157 377 esse
1180 342 1413 380 amorem
1444 330 1561 394 ejus
1590 332 1664 380 rei
1693 342 1850 395 quam

425 391 615 437 nescit.
1474 391 1487 394 ⁷
1710 391 1727 395 ’
1871 391 2007 441 Ibid.

362 454 422 501 II.
456 454 621 500 Nemo
654 463 872 512 prorsus
900 456 1044 500 amat
1072 452 1360 513 inconnita.
1921 458 2010 503 974

360 516 443 581 iii.
477 512 627 581 Quod
648 525 800 581 mens
824 519 964 563 amet
986 529 1041 563 se
1065 517 1235 577 ipsum
1260 531 1368 565 non
1389 518 1714 581 incognitam
1736 517 1853 565 sibi.
1921 519 2012 565 975

360 577 444 625 IV.
476 576 752 634 Quomodo
802 590 951 625 mens
997 576 1105 626 non
1145 593 1208 626 ex
1258 584 1425 641 parte,
1473 576 1567 629 se'd
1615 585 1774 629 totam
1802 593 1857 628 se

363 644 1145 773 Voignlirciisaaburnpraceptum
1177 709 1236 773 ut
1271 718 1325 752 se
1365 708 1667 773 cognoscat.
1709 704 1858 754 Unde

425 775 628 827 ergores
662 763 858 827 mentis
889 763 954 827 de
987 778 1083 812 sua
1112 766 1279 827 ipsius
1310 763 1626 815 subsiantia.
1925 767 2014 815 977

363 825 451 889 Vi:
482 825 661 889 Fallax
692 825 887 889 mentis
921 826 984 874 de
1015 840 1071 874 se
1103 825 1217 889 ipsa
1246 829 1580 877 existimatio.
1922 829 2014 876 978

363 888 472 959 V11.
500 888 935 959 Philosophorum
958 888 1236 959 opiniOnes
1257 891 1322 940 de
1336 893 1527 940 anima
1544 890 1859 938 substantia.

428 949 587 1022 Error
600 949 936 1022 opinantium
951 949 1181 1022 animam
1197 967 1311 1002 esse
1322 966 1763 1022 corpoream,n_on
1777 967 1862 1022 ve:

428 1012 509 1061 nit
537 1026 697 1074 exeo
728 1012 870 1074 quod
922 1014 1099 1061 anima
1129 1028 1311 1064 eorum
1342 1012 1544 1064 notitia
1584 1016 1737 1074 desit,
1768 1016 1861 1063 sed

430 1074 572 1141 quod
587 1072 818 1141 alienum
834 1075 1123 1141 quidquam
1137 1077 1703 1141 adjungant.lnvenire
1715 1072 1860 1141 quid.
1884 1073 2017 1125 Ibid.

366 1137 497 1187 VIII.
528 1137 804 1202 Quomodo
822 1151 876 1184 se
905 1137 1072 1202 ipsam
1102 1137 1281 1189 anima
1302 1137 1554 1202 ihquirat.
1579 1137 1865 1189 Error—ani—

430 1212 531 1247 ma
564 1199 628 1247 de
660 1213 715 1247 se
746 1199 863 1261 ipsa
894 1201 1054 1249 unde.
1379 1199 1388 1202 ⁷
1930 1200 2019 1250 979

370 1261 451 1310 IX.
486 1262 637 1336 M_ens
666 1274 728 1309 eo
760 1261 875 1323 ipso
906 1276 962 1309 se
994 1264 1286 1336 cognoscit,
1317 1279 1422 1327 quo
1453 1264 1699 1328 intelligit
1726 1278 1862 1327 pra-

432 1328 648 1386 ceptum
684 1336 739 1371 se
770 1326 1148 1396 cognoscendi.
1334 1325 1347 1327 “
1627 1325 1647 1328 ⁷
1728 1325 1741 1327 “
1929 1325 2021 1373 980

369 1386 431 1436 X.
463 1389 611 1435 Mens
640 1400 824 1458 omnis
858 1391 958 1458 tria
1010 1388 1074 1436 de
1106 1402 1161 1436 se
1201 1390 1317 1452 ipsa
1365 1393 1508 1439 certo
1539 1390 1650 1448 scit,
1684 1388 1869 1438 intelli-
1996 1448 2006 1458 _

437 1462 578 1512 gere.
611 1461 745 1506 esse,
780 1452 835 1497 et
868 1451 1062 1497 vivere.
1223 1448 1238 1452 ’
1890 1448 2023 1499 Ibid.

371 1512 456 1562 XI.
490 1512 546 1559 lu
578 1512 854 1569 memoria,
886 1512 1253 1573 intelligentia,
1284 1516 1336 1561 et
1364 1512 1656 1571 voluntate,
1690 1513 1869 1562 obser-

441 1579 598 1623 vatur
628 1574 902 1634 ingenium
937 1575 1179 1622 dactrina
1209 1580 1262 1623 et
1291 1589 1437 1624 usus.
1935 1576 2026 1624 982

374 1636 483 1700 XII.
520 1636 668 1700 Mens
697 1637 873 1700 imago
902 1636 1169 1700 Trinitatis
1198 1637 1251 1685 in
1291 1639 1371 1686 sui
1399 1638 1566 1700 ipsius
1595 1638 1867 1696 memoria,

440 1698 802 1760 intelligentia
824 1702 878 1746 et
906 1698 1198 1749 voluntate.
1422 1698 1432 1700 ἡ
1936 1698 2026 1747 984

377 1761 529 1810 Llasa
547 1774 841 1810 unnecmus.
860 1786 918 1795 —
938 1761 1208 1809 Trinitatis
1228 1761 1405 1823 imago
1426 1761 1670 1823 quadam
1695 1775 1872 1810 mons-

441 1828 609 1887 tratur
642 1824 799 1872 etiam
824 1823 876 1870 in
901 1824 1159 1871 exteriore
1182 1823 1397 1873 homine
1422 1839 1432 1872 :
1458 1825 1628 1886 primo
1659 1824 1875 1887 quidem

442 1885 611 1949 iubis
640 1898 758 1947 qua
796 1891 1096 1949 cernuntur
1138 1885 1491 1949 extrinsecus;
1542 1901 1606 1935 ex
1653 1885 1872 1949 corpore

443 1946 813 2012 scilicetiquod
843 1947 1070 2012 videtur,
1102 1952 1153 1996 et
1182 1948 1349 1997 forma
1379 1962 1499 2012 qua
1528 1949 1652 1997 inde
1680 1946 1875 1997 in'acie

448 2010 715 2074 cernentis
742 2010 1078 2074 imprimitur,
1101 2016 1153 2059 et
1176 2010 1459 2074 utrumque
1478 2012 1777 2073 copulantis
1793 2012 1873 2059 in-

449 2072 687 2120 tentione
730 2072 1040 2137 voluntatis:
1073 2076 1282 2122 tametsi
1312 2072 1427 2123 hac
1457 2072 1559 2123 tria
1588 2087 1765 2137 neque
1796 2074 1873 2121 in-

450 2138 541 2205 ter.
570 2147 626 2205 se
672 2133 895 2205 aqualis
941 2135 1065 2205 sint,
1115 2149 1311 2205 neque
1340 2137 1499 2185 unius
1546 2133 1873 2205 substantia.

451 2196 654 2245 Deinde
683 2197 737 2243 in
768 2197 884 2261 ipso
924 2196 1217 2261 animo_ab
1264 2198 1343 2246 his
1380 2212 1500 2261 qua
1549 2200 1879 2248 extrinsecus

453 2271 608 2307 sensa
628 2263 769 2317 sunt,
790 2259 938 2307 velut
955 2258 1260 2308 introducta
1276 2258 1591 2310 observatur
1612 2262 1775 2310 altera
1792 2261 1880 2309 tri-

453 2321 610 2385 nitas,
631 2333 723 2368 seu
755 2321 853 2385 tria
877 2322 1118 2383 quadam
1144 2323 1302 2370 unius
1324 2324 1663 2385 substantia;
1695 2323 1879 2385 imagi-

454 2362 610 2454 natio’
630 2362 1006 2454 corporis‘qua
1027 2384 1078 2432 in
1103 2386 1356 2454 memoria
1377 2390 1488 2454 est,_
1503 2362 1881 2454 et'ihudeii-n‘t-‘i‘ir-

452 2445 632 2504 matio,
665 2457 783 2493 cum
815 2444 882 2493 ad
907 2444 1027 2494 eam
1059 2449 1384 2497 convertitur
1412 2449 1552 2497 acies
1581 2448 1881 2509 cogitantis,

450 2512 803 2573 etutrumque
820 2509 1151 2573 conjungcns
1179 2511 1404 2573 intentio
1420 2512 1736 2560 voluntatis:
1761 2524 1880 2573 qua

455 2571 708 2636 nimirum
741 2570 1151 2636 altera’trinitas
1201 2571 1266 2620 ad
1319 2574 1633 2622 exteriorem
1665 2570 1879 2636 quoque

448 2632 720 2698 hominem
752 2634 1020 2698 pertinere
1065 2635 1258 2683 dicitur
1300 2636 1442 2697 quod
1473 2636 1537 2685 de
1569 2632 1880 2698 corporibus

448 2694 589 2742 illata
619 2695 705 2753 sit,
735 2708 854 2757 qua
888 2696 1192 2745 sentiuntur
1220 2694 1567 2747 extrinsecus.
1664 2694 1679 2698 ”
1829 2697 2034 2748 983-984

387 2757 550 2807 Carur
578 2771 784 2821 Ρῃιλιιτι.
816 2759 1104 2821 Vestigium
1145 2760 1413 2809 Trinitatis
1456 2761 1610 2810 etiam
1651 2760 1706 2808 in
1739 2764 1880 2808 exte‘

447 2821 586 2869 riore
616 2819 851 2869 homine.
967 2819 981 2821 ἡ
1903 2820 2033 2869 Ibid.

387 2882 450 2932 II.
480 2883 706 2931 Trinitas
736 2882 1057 2948 quadamnin
1080 2884 1304 2932 visione.
1323 2884 1442 2933 Tria
1462 2898 1580 2948 qua
1602 2886 1656 2933 in
1680 2885 1880 2948 visione

450 2949 592 3002 sunt,
624 2948 815 2992 natura
844 2959 941 2993 sua
963 2944 1191 2995 diﬁerre.
1220 2944 1496 3004 Quomodo
1518 2962 1581 2997 ex
1605 2962 1658 2997 re
1690 2947 1881 2996 visibili

483 3008 698 3073 ignatur
730 3007 879 3073 visio,
913 3022 1005 3056 seu
1039 3009 1212 3073 imago
1252 3009 1367 3070 ejus
1396 3010 1472 3059 rei
1503 3024 1623 3073 qua
1652 3010 1877 3073 videtur.

496 3068 705 3131 xemplo
725 3068 919 3118 clarius
940 3084 1025 3119 res
1041 3068 1458 3121 demonstratur.
1483 3068 1760 3131 Quomodo
1783 3072 1883 3121 tria

450 3131 540 3179 illa
569 3132 620 3179 in
656 3144 821 3179 unum
848 3136 1060 3181 coeunt.

388 3194 475 3243 Ill.
507 3193 683 3256 Trium
716 3194 893 3256 unitas
934 3194 988 3242 in
1029 3195 1347 3256 cogitatione
1378 3195 1436 3244 ﬁt
1472 3197 1758 3250 memoria,
1800 3196 1879 3243 in-

449 3260 619 3304 terna
637 3255 872 3313 visionis,
892 3260 944 3304 et
961 3255 1248 3306 voluntatis
1265 3262 1545 3321 utramque
1567 3258 1881 3320 copulantis.
1946 3261 2035 3305 988

449 3318 472 3366 '.
504 3318 782 3370 Quomodo
815 3318 870 3366 ﬁt
898 3317 1014 3367 hac
1040 3320 1230 3367 unitas.
1946 3321 2037 3370 989

1946 3135 2035 3183 985

388 3318 472 3367 IV.
504 3318 782 3374 Quomodo
815 3318 870 3366 ﬁt
898 3317 1014 3367 hac
1040 3320 1230 3367 unitas.

388 3380 448 3431 V.
469 3380 696 3429 Trinitas
716 3380 947 3429 hominis
967 3382 1256 3441 exterioris,
1282 3395 1376 3431 seu
1392 3382 1613 3431 visionis
1629 3386 1879 3438 externa,

450 3457 560 3491 non
592 3446 672 3490 est
701 3443 875 3505 imago
906 3443 1019 3492 Dei.
1049 3444 1137 3492 Dei
1169 3444 1458 3493 similitudo
1488 3446 1647 3494 etiam
1678 3446 1731 3493 in
1763 3458 1881 3507 pec-

451 3507 582 3554 catis
610 3506 897 3570 appetitur.
929 3507 988 3555 In
1016 3510 1240 3570 externa
1268 3508 1472 3556 visione
1503 3512 1582 3557 est
1609 3506 1883 3570 quasi’pa-

450 3581 573 3631 rens
604 3567 791 3631 forma
817 3569 1074 3631 corporis,
1104 3570 1283 3630 proles
1313 3570 1461 3627 visio,
1503 3584 1567 3619 ea
1595 3567 1721 3619 vero
1760 3567 1883 3619 con-

446 3630 683 3705 ju_ngens
711 3630 961 3705 voluntas
982 3631 1219 3705 insinuat
1247 3632 1506 3705 Spiritum
1530 3638 1793 3705 sanctum.

387 3692 473 3741 VI.
505 3693 828 3759 ltequ_ie_s_et
872 3692 993 3742 ﬁnis
1038 3692 1330 3744 voluntatis
1373 3695 1431 3743 in
1458 3696 1663 3744 visione
1711 3695 1884 3759 qualis

450 3755 654 3804 censeri
687 3754 933 3805 debeant.

387 3816 492 3883 VII.
523 3817 747 3866 Trinitas
795 3817 898 3867 alia
938 3817 993 3865 in
1023 3818 1282 3867 memoria
1315 3819 1660 3883 recogitantis
1690 3818 1755 3869 de
1802 3819 1881 3866 vi-

1948 3634 2037 3682 990

1947 3758 2039 3806 992

449 3880 619 3929 sione.
1447 3880 1467 3883 '
1830 3883 2037 3931 992-993

388 3941 525 4005 VIII:
551 3941 704 4005 Varia
731 3939 1001 4005 cogitandi
1030 3941 1182 4005 ratio.
1946 3946 2037 3993 994

388 4003 718 4075 LX._S_pecies
747 4017 778 4051 a
806 4003 979 4075 specie
1008 4003 1237 4075 vicissim
1262 4005 1513 4075 gignitur.
1683 4069 1695 4075 _
1947 4008 2038 4056 996

388 4066 450 4115 X.
481 4064 650 4175 Esiam
679 4079 789 4114 non
823 4064 946 4115 visis
991 4064 1139 4115 addit
1174 4064 1483 4131 imaginatio
1531 4082 1651 4132 qua
1681 4069 1735 4118 in
1766 4068 1884 4118 aliis

454 4141 506 4175 v1
549 4142 705 4175 imus.

454 4141 705 4177 VlGlmUB.

388 4190 472 4240 XI.
508 4192 786 4246 Numerus,
821 4191 1050 4253 pondus.
1080 4205 1348 4241 mensura.

390 4255 537 4319 Lisaa
563 4266 905 4319 [νυοιξείῑηωεμΔ
922 4281 977 4290 ——
1003 4256 1282 4303 Pramissa
1311 4255 1653 4319 distinctione
1675 4257 1884 4319 sapien-

454 4316 541 4364 tia
570 4329 599 4363 a
624 4316 862 4374 scientia,
894 4316 947 4380 in
971 4331 1035 4380 ea
1055 4331 1173 4380 qua
1197 4318 1410 4379 proprie
1431 4318 1655 4366 scientia
1675 4316 1883 4368 nuncu-

452 4381 633 4442 patur,
679 4391 866 4441 quave
913 4378 1133 4428 inferior
1179 4378 1274 4436 est,
1304 4378 1471 4441 prius
1513 4380 1759 4442 quadam
1804 4380 1887 4429 sui

453 4440 905 4504 generisitrinitas
950 4442 1288 4501 ostenditur;
1327 4440 1457 4504 qua
1486 4440 1606 4492 licet
1634 4444 1699 4491 ad
1751 4444 1883 4491 inte-

454 4501 952 4575 riorembominsm
978 4504 1087 4575 jam
1120 4501 1401 4575 pertineat,
1433 4506 1674 4575 nondum
1703 4509 1883 4555 tamen

454 4566 631 4623 imago
664 4566 757 4613 Dei
787 4566 872 4615 vel
903 4567 1221 4629 appellanda
1250 4567 1334 4615 vel
1362 4568 1615 4639 putanda.
1833 4571 2039 4620 997-998

392 4626 561 4693 garb:
586 4640 791 4675 PRIIUI.
830 4628 996 4693 Homo
1027 4631 1259 4693 exterior
1284 4633 1337 4678 et
1364 4631 1587 4693 interior
1616 4630 1805 4693 qualis.
1907 4631 2039 4681 Ibid.

394 4689 459 4738 II.
488 4688 726 4756 [Eternas
770 4691 1096 4756 rationesin
1144 4691 1510 4754 corporalibus
1555 4688 1715 4742 hoino
1746 4693 1888 4743 solus

458 4751 809 4815 atiimantium
841 4754 1079 4815 percipit.
1239 4751 1253 4754 “
1950 4759 2041 4807 999

396 4813 482 4886 III.
509 4813 661 4886 Ratio
691 4813 1073 4886 superiori-qua
1101 4815 1167 4863 ad
1187 4817 1707 4886 contemplationem,
1730 4820 1782 4866 et
1810 4818 1889 4867 in-

460 4876 624 4925 terior
640 4889 759 4938 qua
776 4876 839 4925 ad
864 4876 1128 4926 actionem
1161 4876 1486 4939 pertinetfin
1506 4884 1684 4929 mente
1715 4893 1841 4929 una.
1909 4880 2040 4931 Ibid.

399 4938 482 4988 IV.
514 4939 741 5005 Trinitas
769 4943 823 4989 et
862 4940 1036 5005 imago
1065 4938 1169 4989 Dei
1188 4941 1239 5005 in
1274 4954 1336 5005 ea
1377 4942 1489 4991 sola
1519 4948 1664 5005 parte
1694 4946 1890 4993 mentis

462 5015 581 5063 qua
612 5002 841 5063 pertinet
868 5002 932 5050 ad
966 5002 1471 5064 contemplationem
1501 5002 1841 5055 aternorum.

401 5062 460 5113 V.
479 5062 681 5133 Opinio
710 5064 917 5133 ﬁngens
946 5062 1228 5125 imaginem
1259 5065 1527 5133 Trinitatis
1555 5068 1606 5117 in
1642 5068 1889 5133 conjugio

464 5126 769 5191 masculiet
794 5127 1007 5191 femina
1036 5141 1096 5177 ac
1125 5141 1308 5177 eorum
1338 5129 1504 5191 prole.

400 5187 484 5253 Vi:
514 5190 621 5253 cur
648 5189 749 5253 illa
763 5190 963 5253 opinioi
979 5191 1298 5253 respuenda,

400 5250 506 5315 νη.
543 5251 708 5315 Homo
736 5250 911 5315 imago
942 5250 1363 5315 Deifquomodo.
1394 5252 1589 5302 Annon
1619 5258 1672 5304 et
1701 5255 1892 5305 mulier

461 5314 811 5378 Dei.Dictum
858 5314 1117 5378 'Apostoli’,
1148 5316 1292 5377 quod
1334 5316 1417 5365 vir
1462 5317 1638 5375 imago
1684 5318 1774 5365 Dei
1804 5320 1888 5378 sit,

464 5376 656 5442 mulier
692 5381 875 5442 autem
902 5376 1067 5442 gloria
1111 5379 1224 5435 viri,
1266 5380 1534 5442 quomodo
1572 5378 1793 5442 ﬁgurate
1832 5376 1892 5431 ac

461 5438 680 5501 mystice
708 5438 1134 5501 intelligendum.

1947 4133 2038 4181 997

1949 4196 2038 4244 998

1925 5010 2042 5059 1000

1908 5131 2043 5182 Ibid.

1926 5198 2040 5246 1001

1926 5446 2045 5495 1003

400 5498 531 5563 Villi
563 5500 805 5550 Deﬁexus
832 5498 907 5550 ab
929 5501 1161 5563 imagine
1196 5502 1302 5551 Dei.
1926 5510 2044 5557 1005

403 5561 483 5627 LX.
501 5561 858 5627 ASequitur‘de
888 5561 1077 5627 eodem
1110 5569 1441 5627 argumento.
1912 5569 2041 5617 Ibid.

398 5623 460 5672 X.
491 5623 695 5671 Gradus
723 5625 787 5672 ad
817 5626 1140 5685 turpissima.
1173 5623 1196 5627 ”
1926 5634 2044 5681 1006

398 5685 481 5747 XI.
514 5687 692 5745 Imago
723 5688 938 5747 pecudis
966 5688 1020 5736 in
1050 5688 1285 5738 homine.
1438 5722 1444 5731 ο
1911 5693 2042 5745 Ibid.

402 5746 508 5796 XII.
541 5722 880 5797 Inuinte'riore
917 5722 1439 5813 homidewau‘dddam
1469 5758 1729 5805 secretum
1759 5768 1885 5805 con-

1760 196 2003 258 INDEX
2053 194 2353 258 RERUM.

3609 196 3771 258 1232

3646 333 3769 380 10οἾ

3653 456 3779 506 1008

2178 330 2407 393 jugium.
2436 328 2827 391 Cogitatiunum
2858 328 3238 378 delectationes
3268 328 3482 378 illicita.

2118 392 2252 442 XIII.
2286 393 2476 455 Opinio
2508 406 2690 440 eorum
2713 393 2803 453 qui
2829 393 2940 440 viro
2964 398 3219 447 mentem,
3247 392 3467 441 muliere
3497 405 3618 441 sen-

2184 469 2300 503 sum
2333 455 2570 516 corporis
2602 454 2885 507 signiﬁcari
2917 459 3219 502 senserunt.

2121 518 2250 567 XIV.
2277 519 2418 566 Inter
2438 518 2751 577 sapientiam
2776 522 2826 564 et
2849 519 3117 565 scientiam
3147 516 3273 578 quid
3298 516 3472 565 distet.
3497 516 3618 565 Cul-

2187 584 2272 627 tus
2302 580 2410 639 Dei,
2444 592 2592 627 amor
2616 580 2751 641 ejus.
2774 579 3050 636 Quomodo
3074 592 3169 642 per
3191 579 3506 641 sapientiam
3530 580 3622 628 ﬁat

2187 642 2418 703 cognitio
2447 641 2823 690 intellectualis
2852 655 3025 689 rerum
3059 641 3400 703 aternarum.

2123 704 2225 753 XV.
2258 702 2455 752 Contra
2484 704 2930 752 reminiscentiam
2958 704 3187 752 Platonis
3208 708 3261 752 et
3288 702 3618 765 Pythagora.

2190 767 2397 829 Samius
2442 767 2786 829 Pythagoras.
2831 765 2903 815 De
2940 766 3238 814 differentia
3276 766 3551 827 sapientia
3592 780 3623 814 a

2188 828 2429 938 scieritia,
2452 828 2503 876 et
2526 829 2589 877 de
2614 829 2903 891 quarenda
2922 829 3157 877 trinitate
3177 829 3226 876 in
3251 829 3471 876 scientia
3494 832 3623 876 tem-

2189 904 2319 938 nora
2341 904 2468 938 ium.

2189 904 2468 953 poranum.

2130 950 2274 1002 Lissn
2305 966 2503 1002 'rsarms
2535 964 2756 1000 DECIMUS.
2788 978 2847 985 —
2886 951 3229 1013 Prosequitur
3269 950 3333 999 de
3382 951 3615 1008 scientia,

2190 1018 2244 1064 in
2262 1030 2366 1077 qua
2386 1014 2647 1071 videlicet,
2671 1014 2826 1062 etiam
2849 1018 2957 1077 uta
2978 1015 3238 1077 sapientia
3258 1014 3619 1077 distinguitur,

2186 1075 2477 1127 trinitatem
2519 1077 2806 1140 quamdam
2822 1138 2833 1140 _
2854 1076 3127 1140 inquirere
3147 1076 3303 1140 ~libro
3350 1075 3623 1138 superiore

2190 1140 2366 1203 coepit,
2399 1154 2506 1203 qua
2525 1138 2799 1203 occasione
2821 1138 2907 1186 hic
2932 1138 3093 1203 ﬁdem
3117 1138 3458 1203 christianum
3481 1152 3624 1203 com-

2190 1200 2469 1259 mandans,
2501 1201 2725 1263 explicat
2754 1200 3023 1262 quomodo
3045 1200 3373 1249 credentium
3406 1202 3473 1249 sit
3493 1200 3628 1248 ﬁdes

2191 1279 2303 1314 una
2319 1270 2371 1314 et
2390 1265 2704 1313 communis.
2719 1264 2847 1311 Tum
2867 1262 3252 1311 beatitudinem
3266 1276 3450 1311 omnes
3466 1263 3628 1321 velle,

2193 1340 2295 1376 nec
2329 1332 2506 1375 tamen
2540 1326 2776 1374 omnium
2801 1340 2914 1373 esse
2937 1326 3089 1373 ﬁdem
3120 1339 3227 1387 qua
3247 1325 3309 1373 ad
3342 1326 3627 1374 beatitudi-

2194 1403 2317 1461 nem
2342 1388 2667 1461 pervenitur.
2691 1388 2834 1435 Hanc
2850 1392 3025 1436 autem
3044 1387 3200 1461 ﬁdem
3219 1388 3271 1435 in
3284 1387 3491 1461 Christo
3509 1402 3626 1437 esse

2196 1451 2466 1500 deﬁnitam
2491 1452 2582 1511 qui
2604 1451 2658 1497 in
2686 1463 2845 1498 carne
2876 1451 3167 1499 resurrexit
3196 1464 3226 1497 a
3254 1452 3495 1508 mortuis,
3528 1464 3629 1499 nec

2197 1515 2298 1563 nisi
2331 1528 2425 1576 per
2455 1514 2603 1561 illum
2657 1512 2867 1576 liberari
2896 1526 3216 1575 quemquam
3247 1526 3275 1560 a
3305 1513 3627 1576 diaboli‘do-

2194 1573 2399 1625 mina’tu
2433 1589 2527 1638 per
2580 1573 2949 1623 remissionem
2994 1573 3366 1638 peccatorum;
3414 1581 3467 1624 et
3508 1573 3627 1623 fuse

2197 1636 2723 1688 ostendit'diabolum
2744 1650 2852 1685 non
2876 1638 3130 1697 potentia,
3154 1636 3465 1699 sedjustitia
3486 1639 3627 1685 vinci

2197 1716 2229 1751 a
2243 1701 2449 1750 Christo
2468 1700 2731 1748 debuisse.
2748 1699 2981 1747 Tandem
3004 1699 3163 1761 hujus
3178 1700 3339 1747 verba
3356 1699 3479 1748 fidei
3500 1700 3627 1748 dum

2197 1764 2465 1813 memoria
2486 1763 2826 1818 mandantur,
2848 1762 3021 1810 inesse
3058 1762 3344 1823 quamdam
3368 1763 3422 1809 in
3445 1762 3628 1810 animo

2200 1827 2511 1879 trinitatem,
2542 1826 2668 1887 quia
2706 1828 2758 1872 et
2804 1825 2857 1887 in
2889 1825 3146 1887 memoria
3173 1829 3299 1872 sunt
3338 1826 3626 1873 verborum

2200 1889 2336 1945 soni,
2369 1887 2522 1936 etiam
2555 1885 2773 1949 quando
2804 1885 2973 1949 homo,
3002 1886 3128 1934 inde
3159 1900 3267 1935 non
3315 1887 3545 1949 cogitat:
3580 1890 3634 1949 et

2200 1951 2325 1999 inde
2358 1948 2618 1999 formatur
2633 1949 2771 1996 acies
2792 1948 3179 1997 recordationis
3195 1949 3311 2010 ejus
3327 1949 3544 2011 quando
3565 1948 3631 1996 de

2202 2014 2284 2061 his
2305 2015 2522 2075 cogitat;
2547 2017 2600 2060 et
2620 2012 2833 2059 demum
2856 2011 3100 2075 voluntas
3120 2010 3450 2061 recordantis
3469 2018 3631 2073 atque

2202 2073 2480 2136 cogitantis
2505 2078 2789 2136 utrumque
2820 2073 3115 2136 conjungit.
3231 2134 3265 2136 η
3523 2074 3795 2123 1013-1011

2139 2134 2305 2208 Caru‘r
2334 2151 2542 2208 ramum.
2563 2134 2845 2198 Sapientia
2866 2134 3361 2208 etgscientiaofﬁcia
3380 2150 3441 2184 ex
3459 2136 3630 2208 Scrip-

2203 2201 2336 2249 turis
2366 2201 2665 2248 discernere
2696 2198 3020 2260 aggreditur.
3053 2199 3122 2246 Ex
3158 2199 3382 2246 Joannis
3413 2198 3630 2247 exordio

2205 2263 2307 2311 alia
2336 2263 2471 2310 dicta
2504 2261 2569 2309 ad
2600 2261 2937 2322 sapientiam,
2969 2260 3077 2308 alia
3106 2260 3170 2308 ad
3202 2260 3478 2308 scientiam
3509 2274 3630 2322 per-

2205 2326 2394 2373 tinere.
2417 2323 2670 2383 Quadam
2699 2323 2771 2371 ibi
2795 2322 2914 2371 ﬁdei
2943 2324 3148 2371 tantum
3172 2322 3372 2371 auxilio
3402 2324 3634 2379 cognita.

2204 2388 2481 2445 Quomodo
2509 2386 2668 2435 ﬁdem
2715 2398 2835 2447 qua
2867 2385 2922 2433 in
2952 2385 3109 2433 nobis
3147 2389 3227 2434 est
3265 2385 3524 2433 videmus.
3575 2386 3635 2433 In

2205 2450 2389 2498 eadem
2436 2449 2659 2497 Joannis
2706 2448 3029 2505 narratione,
3079 2447 3178 2496 alia
3225 2451 3352 2495 sunt
3400 2448 3637 2510 corporis

2206 2526 2383 2568 sensu,
2416 2512 2521 2561 alia
2544 2515 2751 2559 tantum
2784 2511 2946 2558 animi
2976 2510 3180 2559 ratione
3210 2510 3442 2569 cognita.

2142 2575 2206 2625 II.
2237 2575 2391 2623 Fides
2420 2588 2502 2622 res
2532 2572 2725 2630 cordis,
2756 2585 2866 2621 non
2896 2574 3149 2634 corporis,
3182 2573 3454 2635 quomodo
3496 2584 3637 2619 com-

2205 2638 2382 2686 munis
2402 2641 2454 2686 et
2484 2648 2589 2685 una
2610 2635 2849 2683 omnium
2873 2635 3220 2684 credentium.
3249 2635 3401 2682 Fides
3422 2635 3636 2683 creden-

2203 2701 2336 2748 tium
2366 2714 2493 2753 una.
2527 2711 2634 2746 non
2658 2711 2810 2745 secus
2832 2711 2892 2745 ac
2914 2697 3202 2746 volentium
3237 2697 3483 2745 voluntas
3507 2710 3635 2745 una.
3674 2696 3795 2743 1016

2142 2763 2228 2811 III.
2260 2762 2569 2811 Volnntates
2605 2761 2848 2823 quaedam
2895 2759 3092 2808 eadem
3129 2759 3367 2808 omnium
3412 2759 3638 2822 singulis

2205 2829 2367 2873 nota.
2399 2824 2600 2873 Ennius
2630 2826 2800 2884 poeta.

2141 2887 2223 2937 IV.
2250 2886 2595 2936 Beatitudinis
2610 2884 2872 2934 habenda
2892 2883 3141 2933 voluntas
3163 2896 3271 2932 una
3286 2883 3524 2932 omnium
3543 2884 3636 2932 sed

2204 2949 2270 2998 de
2298 2950 2417 3012 ipsa
2444 2947 2773 2998 beatitudine
2795 2947 3025 2995 varietas
3055 2960 3250 3010 magna
3277 2946 3636 2995 voluntatum.
3673 2947 3795 3012 1019

3654 646 3778 693 1009

3654 895 3772 943 1011

3652 2506 3794 2556 Ibid.

3671 2822 3791 2869 1017

2143 3012 2201 3059 V.
2237 3013 2307 3060 De
2322 3010 2526 3061 'eadem
2555 3024 2632 3059 re.
3673 3010 3795 3057 1019

2142 3074 2228 3123 VI.
2260 3074 2365 3123 Cur
2390 3087 2511 3122 cum
2542 3085 2728 3121 omnes
2756 3070 2921 3120 velint
2944 3070 3351 3129 beatitudinem,
3394 3071 3447 3119 id
3477 3070 3637 3133 eliga-

2206 3140 2293 3184 tur
2320 3138 2516 3199 potius,
2549 3149 2654 3198 quo
2686 3135 2753 3199 ab
2784 3148 2844 3182 ea
2878 3134 3162 3199 receditur.
3195 3196 3204 3199 _
3245 3194 3259 3199 _
3423 3193 3434 3199 _
3527 3197 3533 3199 Α
3669 3134 3795 3181 1020

2144 3198 2250 3248 VII.
2270 3193 2421 3247 Fides
2441 3193 2758 3251 necessaria,
2782 3200 2840 3244 ut
2859 3196 3144 3259 aliquando
3166 3193 3628 3259 sithomo‘beatus,

2206 3262 2346 3323 quod
2369 3261 2585 3309 nonnisi
2605 3261 2660 3307 in
2685 3260 2863 3323 futura
2880 3255 2983 3323 vita
3004 3261 3376 3323 consequetur.
3402 3255 3632 3323 Philoso-

2206 3315 2322 3371 r'um
2342 3323 2692 3385 superborum
2716 3320 2937 3385 ridenda
2953 3315 3319 3385 etmiseranda
3337 3317 3633 3367 beatitudo.

2144 3386 2273 3434 Vlll.
2301 3382 2577 3434 Beatitudo
2608 3384 2723 3431 sine
2746 3382 3136 3432 immortalitate
3166 3395 3273 3430 non
3306 3385 3481 3443 potest
3500 3394 3637 3429 esse.
3675 3382 3795 3430 1022

2145 3448 2229 3497 IX.
2257 3448 2370 3497 Non
2389 3447 2636 3496 humanis
2657 3445 3229 3507 argumentationibus,
3246 3444 3337 3492 sed
3356 3443 3640 3491 ﬁdeiauxi-

2205 3510 2276 3559 lio
2306 3510 2531 3559 dicimus
2552 3508 2931 3559 beatitudinem
2960 3507 3192 3555 futuram
3215 3520 3329 3555 esse
3358 3520 3481 3554 vere
3502 3519 3640 3554 sem-

2208 3573 2488 3635 piternam.
2518 3573 2591 3620 Ex
2623 3570 2716 3619 ﬁlii
2749 3571 2840 3619 Dei
2880 3570 3247 3619 incarnatione
3285 3568 3555 3617 credibilis
3582 3567 3640 3616 ﬁt

2209 3635 2577 3678 immortalitas
2606 3633 2970 3678 beatitudinis.
3675 3630 3792 3678 1023

3676 4564 3803 4612 1029

3674 4627 3793 4674 1031

3669 4749 3802 4798 1032

2144 3697 2203 3747 X.
2238 3699 2605 3747 Incarnatione
2642 3697 2797 3745 Verbi
2830 3693 3231 3743 convenientior
3259 3707 3367 3741 non
3398 3693 3501 3741 fuit
3528 3705 3640 3741 mo-

2144 3885 2227 3935 XI.
2260 3881 2577 3939 Difﬁcultas;
2601 3883 2872 3946 quomodo
2899 3882 3174 3945 justiﬁcati
3215 3894 3400 3929 sumus
3431 3881 3483 3928 in
3514 3892 3638 3927 san-

2208 3948 2370 3989 guine
2404 3948 2513 3989 Filii
2538 3947 2647 3989 Dei-
3675 3942 3796 3989 1025

2209 4076 2453 4121 testatem
2492 4070 2709 4120 diaboli.

2145 4259 2272 4308 XIV.
2295 4259 2482 4308 Christi
2500 4252 2646 4307 mors
2667 4256 2904 4306 indebita
2927 4255 3173 4305 liberavit
3186 4254 3443 4304 obnoxios
3462 4252 3637 4301 morti.
3675 4254 3797 4301 1027

2210 4460 2339 4496 num
2390 4441 2587 4495 electis.
2636 4447 2804 4503 Quam
2854 4444 3236 4493 convenienter
3281 4441 3450 4490 electa
3495 4452 3642 4488 mors

2147 4634 2299 4684 XVII.
2328 4629 2443 4685 Alia
2470 4631 2853 4683 incarnationis
2882 4629 3178 4679 commoda.

2149 4821 2275 4871 XIX.
2309 4812 2442 4879 Quid
2476 4822 2539 4869 ad
2570 4812 2860 4875 scientiam,
2883 4816 3009 4880 quid
3042 4815 3107 4865 ad
3137 4816 3455 4879 sapientiam
3481 4812 3637 4875 perti-

2214 4889 2339 4924 neat
2367 4885 2419 4924 in
2452 4884 2623 4924 Verhn
2652 4883 2948 4924 incarnato.
3677 4876 3799 4924 1033

2208 3633 2577 3684 immortalitas
2606 3633 2970 3682 beatitudinis.

2208 3760 2308 3809 dus
2337 3760 2472 3809 alius
2500 3758 2765 3807 liberandi
2796 3757 3031 3806 hominis
3059 3771 3088 3804 a
3118 3756 3457 3804 mortalitatis
3487 3755 3639 3803 mise-

2206 3823 2301 3871 ria.
2336 3824 2519 3871 Merita
2546 3835 2666 3884 qua
2697 3821 2946 3884 dicuntur
2974 3822 3174 3884 nostra,
3203 3818 3345 3866 dona
3370 3822 3497 3884 sunt
3526 3817 3634 3865 Dei.
3674 3817 3793 3865 1021

2208 3948 2370 4007 guine
2403 3948 2515 3996 Filii
2537 3947 2647 3995 Dei.

2144 4002 2249 4060 XII.
2284 4010 2477 4059 Omnes
2492 4012 2723 4120 (propter
2759 4006 2885 4056 Ada
2930 4009 3202 4069 peccatum
3245 4002 3423 4053 traditi
3462 4003 3517 4051 in
3547 4016 3641 4065 po-

2209 4076 2453 4120 testatem
2530 4070 2709 4120 iaboli.
3676 4067 3797 4115 1026

2145 4135 2275 4185 XIII.
2309 4135 2423 4183 Non
2456 4134 2694 4196 potentia
2713 4131 2802 4181 sed
2821 4132 3030 4196 justitia
3050 4130 3321 4181 eruendus
3349 4127 3510 4178 homo
3541 4127 3642 4177 fuit

2208 4211 2239 4246 a
2268 4188 2471 4245 diaboli
2499 4188 2845 4259 potestated'i
3134 4256 3144 4259 Α
3220 4255 3233 4259 _
3365 4254 3375 4259 _
3582 4252 3615 4259 Α.
3663 4188 3796 4259 Ibid:

2146 4322 2250 4371 XV.
2282 4323 2354 4371 De
2387 4322 2573 4371 eodem
2604 4324 2938 4383 argumento.
3020 4380 3051 4383 __
3169 4380 3180 4383 _
3328 4377 3341 4383 _
3434 4378 3481 4383 i_
3544 4376 3557 4383 _
3676 4316 3801 4364 1028

2146 4384 2276 4433 XVI.
2309 4385 2562 4443 Reliquias
2583 4376 2766 4432 mortis
2796 4385 2848 4431 et
2876 4380 3055 4429 saculi
3082 4380 3220 4429 mala
3248 4377 3449 4443 cedunt
3468 4378 3521 4427 in
3544 4376 3641 4426 bo.

2209 4508 2419 4567 Christi,
2450 4513 2506 4557 ut
2530 4508 2945 4571 justiﬁcaremur
2976 4506 3028 4553 in
3054 4505 3313 4567 sanguine
3342 4504 3528 4566 ipsius.
3559 4503 3643 4551 Ira

2210 4573 2302 4621 Dei
2333 4585 2451 4635 qua
2481 4574 2565 4620 sit.

2146 4697 2323 4746 XVIII.
2352 4698 2454 4746 Cur
2481 4697 2640 4745 Filius
2672 4695 2760 4743 Dei
2792 4693 3063 4742 hominem
3085 4691 3321 4755 suscepit
3347 4690 3413 4740 de
3444 4700 3634 4752 genere

2212 4759 2355 4815 Ada,
2387 4763 2442 4808 et
2468 4773 2530 4807 ex
2561 4758 2781 4814 virgine.

2214 4889 2339 4933 neat
2367 4885 2419 4932 in
2452 4884 2623 4932 Verbo
2652 4883 2948 4930 incarnato.

2150 4946 2255 4997 XX.
2285 4947 2419 5005 Quid
2448 4951 2622 4995 actum
2650 4945 2706 4993 in
2736 4944 2837 4993 hoc
2882 4942 3035 4991 libro.
3064 4940 3341 5005 Quomodo
3383 4938 3645 5005 gradatim

2213 5001 2527 5072 perventum
2556 5012 2636 5072 est
2665 5005 2729 5056 ad
2774 5005 3064 5072 trinitatem
3110 5001 3407 5072 quamdam'
3436 5014 3555 5065 qua
3586 5001 3643 5049 in

2215 5066 2438 5120 scientia
2464 5071 2635 5120 activa
2665 5073 2717 5118 et
2744 5080 2871 5117 vera
2898 5066 3001 5115 ﬁde
3033 5066 3313 5128 reperitur.

2153 5135 2303 5184 Llaaa
2334 5146 2556 5190 quam-us
2575 5144 2802 5181 nscmus.
2820 5157 2879 5166 —
2902 5130 2973 5178 De
2989 5126 3248 5191 sapientia
3268 5126 3501 5191 hominis
3520 5138 3649 5174 vera

2216 5188 2359 5245 dicit:
2391 5195 2680 5259 ostendens
2722 5193 3008 5257 imaginem
3051 5188 3165 5259 Dei,
3195 5190 3333 5259 quod
3381 5194 3461 5238 est
3488 5188 3649 5259 homo

2216 5257 2510 5307 secundum
2542 5260 2793 5313 mentem,
2834 5254 2944 5304 non
2984 5254 3196 5317 proprie
3235 5254 3286 5301 in
3318 5254 3648 5317 transeunti-

2215 5322 2335 5378 bus,
2365 5320 2529 5369 veluti
2551 5322 2603 5368 in
2628 5312 2900 5374 memOria,
2932 5312 3203 5365 intellectu
3225 5320 3278 5364 et
3304 5328 3503 5378 amore,
3534 5312 3647 5361 sive

2214 5376 2384 5444 ipsius
2404 5382 2708 5445 temporalis
2729 5380 2867 5445 ﬁdei,
2890 5380 3001 5445 sive
3023 5378 3182 5428 etiam
3207 5378 3401 5445 mentis
3428 5376 3569 5445 circa
3588 5388 3647 5423 se

2216 5438 2385 5509 ipsam
2435 5438 2714 5503 versantia,
2760 5438 2860 5492 sed
2892 5442 2947 5490 in
2994 5440 3436 5509 permanantibus
3484 5438 3647 5486 rebus

2216 5503 2526 5557 cbllocatam
2551 5523 2563 5567 ;
2589 5521 2650 5555 ac
2679 5520 2795 5555 eam
2834 5508 2973 5567 tunc,
2993 5503 3533 5567 perﬁci,rcum_menis
3564 5513 3645 5549 re-

2216 5576 2447 5619 novatur
2474 5562 2844 5632 in'agnitione
2888 5562 3312 5632 Dei’secuudum
3356 5562 3643 5632 imaginem

2216 5633 2331 5704 ejus
2360 5634 2450 5704 qui
2481 5627 2679 5704 creavit
2698 5629 3058 5704 hominemad
3080 5628 3367 5704 imaginem
3399 5638 3570 5704 suam:
3591 5627 3647 5704 et

2214 5688 2289 5745 sic
2304 5688 2528 5759 percipit
2544 5695 2881 5759 Sapientiam,
2899 5692 2991 5742 ubi
3006 5688 3385 5754 contemplatio
3401 5693 3481 5739 est
3494 5691 3647 5759 ater:

2216 5750 2428 5809 norum.
2455 5750 2469 5759 ’
2614 5750 2629 5759 ’
2870 5750 2875 5753 ’
3226 5750 3243 5754 ’
3530 5750 3811 5800 1035-1036

3684 5062 3801 5112 103i
