4008 6240
363 422 375 428 -
395 419 1051 433 ...η-,η-αφ--υ--ο-ρ

1065 591 1295 679 ΤΟΥ
1346 591 1490 676 ΕΝ
1519 583 1922 693 ,ΑΓΙΟΙΣ
1978 582 2416 671 ΠΑΤΡΟΣ
2492 578 2819 667 ΗΜΩΝ

951 787 2937 1038 ΕΠΙΦΑΝΙΟΥ

1215 1126 1617 1182 ΕΠΙΣΚΟΠΟΥ
1649 1121 2182 1179 ΚΩΝΣΤΑΝΤΕΙΑΣ
2230 1119 2367 1173 ΤΗΣ
2400 1117 2690 1171 ΚΥΠΡΟΥ

631 1297 1102 1436 ΚΑΤΑ
1172 1298 1980 1431 ΑΙΡΕΣΕΩΝ
2082 1282 3276 1427 ΟΓΔΟΗΚΟΝΤΑ

1677 1532 1763 1584 ΤΟ
1802 1526 2242 1584 ΕΠΙΚΛΠΘΕΝ

1221 1680 1773 1790 ΠΑΝΑΡΙΟΣ
1823 1719 1953 1773 ΕιΤ’
1991 1718 2130 1772 οΥΝ
2169 1691 2714 1777 ΚΙΒΩΤΙΟΣ.

954 2078 1127 2257 S.
1237 2080 1435 2250 P.
1540 2076 1739 2247 N.
1848 2072 2149 2245 ΕΡ.

2024 2057 2981 2253 ΡΙΡΗΑΝΙΙ

1165 2366 1637 2437 (ἸΟΝΞΤΑΝΤΙιΕ
1679 2364 1847 2433 QUAE
1882 2363 1947 2419 IN
1980 2362 2208 2420 CYPRO
2246 2360 2375 2419 EST
2419 2357 2735 2415 EPISCOPI

596 2550 1441 2687 ADVERSUS
1537 2540 2459 2676 OCTOGINTA
2555 2532 3320 2670 HABEESES

1467 2784 1658 2855 OPUS
1698 2779 1903 2852 QUOD
1956 2776 2447 2835 INSCRIBITUR

1162 2958 1852 3068 PANARIUM
1948 3003 2104 3059 sm:
2199 2948 2754 3058 ARCULA.

1216 3167 1517 3250 Dionysio
1538 3164 1791 3229 Petavio
1815 3138 2142 3226 Societatis
2165 3161 2197 3223 J
2201 3177 2314 3223 esu
2333 3159 2699 3239 interprete.

1724 3369 2217 3398 ω-οοο--η

1216 3553 1397 3609 ΤΑΔΕ
1429 3547 1702 3605 ΕΝΕΣΤΙ
1728 3544 1861 3601 ΚΑΙ
1890 3544 1989 3600 EN
2041 3546 2125 3616 Τῼ
2166 3543 2493 3615 ΔΕΥΤΕΡῼ
2537 3544 2729 3614 ΤΟΜῼ
2836 3566 2845 3571 η

1394 3706 1533 3761 τογ
1565 3702 1804 3762 ΑΥΤΟΥ
1838 3674 2536 3764 ΔΕΥΤΕΡυΥἚιΒΑιοΥ,

624 3875 876 3947 Πέμπτφ
908 3869 976 3925 δὲ
1004 3869 1133 3923 ὄντι
1165 3866 1316 3921 κατὰ
1346 3864 1453 3919 τὸν
1487 3856 1922 3933 προειρημένον
1949 3853 2220 3925 ἀριθμὸν,
2252 3854 2324 3909 ἐν
2353 3845 2403 3921 ᾧ
2430 3855 2589 3908 εἰσιν
2621 3853 2879 3923 αἱρέσεις
2911 3853 3093 3909 πέντε
3113 3854 3323 3924 οὕτως.

1006 4173 1411 4243 INDICULUS
1452 4166 1874 4237 HIERESEON
1915 4163 2087 4237 QU/E
2130 4163 2210 4224 IN
2251 4160 2458 4222 TOMO
2499 4160 2555 4221 ΙΙ
2584 4160 2790 4220 LIBRI
2827 4160 2882 4219 II

1754 4343 2162 4392 conrmsmua,

402 4510 515 4584 Qui
554 4512 647 4570 cst
681 4522 782 4580 eo,
826 4518 1016 4583 quem
1053 4513 1243 4578 supra
1272 4490 1624 4575 posuimus,
1650 4484 1873 4550 ordine
1910 4483 1960 4546 V
1988 4506 2005 4559 ;
2035 4483 2101 4544 in
2132 4498 2261 4558 quo
2289 4481 2565 4542 hmreses
2610 4479 2661 4539 V
2700 4477 3104 4540 continentur
3135 4479 3256 4541 hoc
3288 4478 3500 4541 modo.

397 4700 475 4752 ΑΚ
500 4695 742 4750 Παύλου
775 4689 881 4745 τοῦ
904 4686 1316 4757 Σαμοσατέως.
1353 4670 1524 4742 Οὗτος
1556 4676 1907 4750 ἀνύπαρκτον
1939 4685 1984 4741 Α
2083 4675 2149 4746 64

2083 4670 2248 4746 605
2300 4668 2343 4725 I.
2411 4667 2576 4723 Pauli
2638 4665 2998 4721 Samosatem'.
3060 4662 3161 4719 Hic
3206 4667 3599 4735 propemodum

320 4794 416 4845 τὸν
448 4786 682 4860 Χριστὸν
714 4784 897 4852 ὀλίγου
930 4781 1039 4835 δεῖν
1062 4773 1488 4837 διαϐεϐαιοῦται,
1526 4770 1685 4839 λόγον
1718 4785 1917 4841 προφο-

328 4881 482 4957 ρικδν
527 4879 659 4933 ὄντα
690 4874 1053 4947 σχηματίσας.
1099 4867 1232 4922 Ἀπὸ
1264 4865 1323 4918 δὲ
1356 4862 1578 4935 Μαρίας
1609 4864 1704 4915 καὶ
1753 4861 1915 4933 δεῦρο

323 4955 468 5029 εἶναι
497 4965 1050 5042 προκαταγγελτικῶς
1086 4962 1155 5015 τὰ
1177 4960 1305 5030 περὶ
1322 4957 1485 5012 αὐτοῦ
1512 4957 1570 5012 ὲν
1592 4958 1714 5019 ταῖς
1742 4955 1916 5019 θείαις

323 5066 576 5136 Γραφαῖς
624 5047 892 5133 εἰρημένα
929 5046 1184 5127 ἔχοντος(
1211 5051 1285 5123 μὴ
1328 5050 1480 5112 ὄντος
1521 5048 1598 5113 δὲ,
1635 5047 1771 5101 ἀλλὰ
1807 5047 1917 5101 ἀπὸ

324 5156 549 5227 Μαρίας
579 5154 674 5208 καὶ
699 5150 858 5223 δεῦρο
886 5149 994 5203 ἀπὸ
1016 5147 1116 5218 τῆς
1148 5143 1416 5214 ὲνσάρκου
1448 5139 1772 5212 παρουσίας.

402 5425 478 5478 B'.
532 5418 870 5493 Μανιχαῗοι,
906 5418 953 5471 οἰ
1003 5417 1097 5471 καὶ
1151 5413 1515 5476 Ἀκουανῖται,
1545 5411 1593 5463 οἱ
1634 5405 1787 5479 [ἀπὸ]
1818 5405 1913 5460 τοῦ

274 5524 282 5532 ’
331 5515 493 5585 Μάνη
526 5513 763 5584 μαθηταὶ
784 5507 879 5563 τοῦ
908 5506 1141 5578 Πέρσου.
1177 5502 1413 5575 Χριστὸν
1447 5499 1686 5570 σχήματι
1730 5497 1917 5564 λέγον-

330 5624 444 5670 τες,
494 5606 644 5677 ἣλιον
675 5603 926 5664 σέόοντες
978 5598 1073 5653 καὶ
1119 5596 1369 5667 σελήνην.
1426 5593 1687 5662 Ἀστροις
1724 5605 1784 5641 τε
1819 5589 1911 5641 καὶ

332 5696 597 5768 δυνάμεσι
634 5694 730 5748 καὶ
790 5690 1039 5763 δαίμοσιν
1093 5685 1396 5757 εὐχόμενοι,
1434 5682 1609 5757 ἀρχὰς
1663 5680 1755 5735 δύο
1797 5682 1909 5734 είσ-

609 5790 880 5851 ΡΑτιιοι.
911 5786 1024 5845 Gn.
1053 5781 1245 5843 XLII.

1628 6050 1697 6103 δῖε
1725 6061 1788 6103 ἴλῗῖ

2016 4781 2127 4822 non
2175 4762 2445 4819 exsistere
2487 4758 2767 4815 Christum
2810 4755 3062 4819 allirmat,
3109 4763 3276 4826 atque
3326 4756 3599 4827 ejusmodi

2017 4856 2243 4911 verbum
2274 4867 2400 4909 esse
2442 4851 2631 4922 ﬁngit,
2673 4848 2820 4920 quod
2865 4849 2919 4903 in
2964 4848 3273 4918 prolatione
3307 4849 3597 4916 consistit;

2015 4945 2270 5003 eumdem
2302 4956 2467 5013 porro
2504 4956 2627 4997 esse
2663 4956 2694 4994 a
2731 4938 2910 5008 Maria
2951 4939 3208 5009 coepisse.
3251 4938 3329 4993 Ac
3360 4955 3481 5009 quat
3511 4955 3603 4995 sa-

2016 5037 2129 5093 cris
2162 5036 2218 5091 in
2246 5033 2469 5089 Litteris
2506 5032 2574 5087 de
2611 5046 2677 5087 eo
2706 5031 3061 5102 pronuntiata
3100 5036 3266 5095 sunt,
3296 5029 3601 5100 praedicen-

2015 5131 2088 5187 tis
2118 5142 2242 5185 esse
2270 5140 2423 5181 more
2453 5125 2621 5188 dicta,
2659 5139 2785 5179 cum
2825 5124 2946 5195 ipse
2988 5122 3231 5178 nondum
3271 5123 3599 5185 exsisteret,

2018 5222 2115 5278 sed
2156 5236 2186 5275 a
2224 5219 2418 5284 Maria,
2452 5217 2530 5272 uti
2567 5216 2831 5281 diximus,
2859 5222 2915 5271 et
2943 5215 3012 5270 ab
3044 5230 3111 5270 eo
3154 5215 3422 5270 duntaxat
3459 5221 3600 5268 tem-

2018 5328 2151 5382 pore
2183 5325 2294 5382 quo
2321 5323 2488 5365 carne
2515 5308 2777 5379 praeditus
2802 5306 3049 5373 advenit,
3090 5320 3215 5360 esse
3242 5303 3490 5374 cmperit.

2089 5401 2155 5456 ll.
2198 5400 2517 5465 Manio/mai,
2563 5413 2702 5469 quos
2743 5407 2797 5454 et
2820 5396 3119 5452 Acuanitas
3147 5401 3378 5460 vocant,
3425 5391 3601 5448 Manis

2020 5495 2203 5550 Persa:
2231 5492 2507 5564 discipuli.
2543 5493 2825 5548 Christum
2876 5491 3104 5561 ﬁguram
3138 5488 3431 5560 quamdam
3476 5503 3600 5543 esse

2020 5587 2340 5651 defendunt,
2386 5586 2557 5642 solem
2590 5586 2889 5654 lunamque
2930 5590 3282 5638 venerantur.
3325 5580 3511 5637 Stcllis
3534 5595 3598 5635 ac

2019 5682 2310 5739 virtutibus
2365 5688 2418 5735 et
2463 5677 2805 5734 daemonibus
2858 5676 3185 5748 supplicant.
3254 5674 3599 5745 Sempitern:

3289 5772 3316 5832 1

1986 6056 2157 6160 54:
