4008 6240
403 393 462 450 Η
1828 386 1888 443 S.
1930 385 2280 444 EPlPﬂANIl
3619 392 3686 448 η

403 504 514 558 duo
576 499 888 572 principia,
943 498 1146 555 bonum
1199 514 1266 554 ac
1325 499 1554 564 malum,
1617 500 1985 556 constituunt.

2110 503 2348 570 ὶγοντες,
2391 501 2633 576 πονηράν
2663 518 2722 555 τε
2751 502 2846 556 καὶ
2875 499 3107 574 ἀγαθὴν,
3131 499 3218 555 ἀεὶ
3231 497 3416 565 οὔσας.
3454 501 3692 568 Χριστὸν

351 611 358 614 ‘
401 596 684 651 Christum
714 593 898 664 specie
943 599 1104 649 tenus
1140 593 1484 663 apparuisse,
1515 593 1804 664 specieque
1833 601 1996 650 tenus

401 701 526 741 esse
555 699 802 756 passum.
833 680 999 737 Vetus
1043 683 1478 746 Testamentum,
1514 681 1793 754 Deumque
1817 684 1920 753 qui
1941 683 1996 738 in

404 777 498 831 illo
539 777 757 830 locutus
789 781 898 836 est,
925 771 1234 828 maledictis
1273 781 1527 828 onerant.
1577 773 1840 830 Mundum
1886 790 1996 829 non

405 867 725 921 universum
758 879 788 917 a
826 862 968 927 Dec,
1001 859 1096 918 s‘ed
1130 863 1253 934 ejus
1276 873 1488 934 partem
1523 863 1848 921 fabricatam
1875 881 1998 922 esse

404 971 676 1017 Statuunt.

484 1052 575 1110 lll.
634 1053 923 1109 Ilieracitae
971 1051 1040 1106 ab
1078 1049 1308 1107 llierace
1341 1051 1641 1123 interprete
1673 1066 1738 1108 ac
1773 1053 1999 1110 doctore

405 1145 644 1214 quodam
697 1143 1049 1214 Lcontopoli,
1105 1142 1252 1212 quod
1307 1141 1530 1215 Egypti
1574 1145 1837 1216 oppidum
1890 1155 1995 1210 est,

405 1237 663 1290 oriundo.
701 1234 805 1302 Qui
839 1235 1301 1292 resurrectionem
1340 1238 1524 1292 carnis
1557 1239 1786 1308 respuit.
1823 1237 1998 1294 Utun-

407 1339 498 1384 tur
531 1330 606 1383 illi
642 1328 822 1386 Veteri
856 1345 918 1384 ac
959 1327 1114 1386 Novo
1167 1329 1548 1386 Testamento.
1591 1329 1808 1401 Nuptiis
1851 1332 2002 1402 peni—

409 1432 498 1479 tus
541 1423 896 1478 intcrdicunt.
932 1423 1228 1479 Monachos
1269 1431 1320 1479 el
1356 1424 1992 1496 virgines,continentcs

407 1513 479 1568 ac
499 1514 694 1568 viduos
725 1513 1041 1568 admittunt.
1073 1514 1283 1570 Pueros
1311 1521 1524 1569 matura
1554 1515 1796 1570 nondum
1837 1524 2000 1572 aatate

405 1604 560 1676 regni
593 1605 835 1660 cmlestis
871 1606 1167 1676 participes
1208 1621 1330 1662 esse
1360 1615 1580 1677 negant,
1635 1605 1782 1676 quod
1843 1622 1992 1661 non-

405 1699 536 1754 dum
567 1700 865 1754 certamine
894 1697 1164 1769 perfuncti
1197 1704 1347 1754 sunt.

476 1790 566 1845 ιν.
613 1789 885 1845 Μείειὶίιιιξ
932 1791 1250 1847 scliismatis
1283 1791 1334 1844 in
1369 1789 1628 1863 Egypto,
1672 1806 1782 1844 non
1817 1790 1999 1852 luere-

2095 591 2152 643 δὲ
2181 591 2402 664 δοκήσει
2437 591 2759 665 πεφηνέναι,
2790 595 2887 648 καὶ
2913 593 3132 666 δοκήσει
3188 593 3540 647 πεπονθέναι.
3571 595 3686 649 Πα-

2096 684 2256 739 λαιὰν
2269 685 2544 758 Διαθήκην
2568 685 3032 757 βλασφημοῦντες,
3059 685 3266 740 καὶτὸν
3286 687 3343 741 ἐν
3368 686 3505 758 αὐτῇ
3535 687 3688 758 λαλή›

2099 793 2268 830 σαντα
2299 777 2452 830 Θεόν.
2491 778 2712 849 Κόσμον
2737 777 2794 832 δὲ
2825 779 2888 832 ού
2921 777 3012 834 τὸν
3037 778 3236 845 πάντα,
3263 778 3399 836 ἀλλά
3437 779 3603 852 μέρος
3626 781 3695 834 ἐκ

2097 868 2232 922 Θεοῦ
2250 868 2580 940 γεγενῆσθαι
2605 868 2933 942 ὁριζόμενοι.

2168 1053 2243 1108 Γ’.
2296 1051 2628 1122 Ἰερακῒται,
2681 1051 2732 1104 οἱ
2771 1050 2880 1106 ἀπὸ
2915 1049 3011 1104 τοῦ
3051 1049 3293 1122 Ἱέρακος
3329 1045 3426 1103 τοῦ
3464 1048 3688 1101 Λεοντο-

2101 1143 2321 1199 πολίτου
2369 1145 2468 1216 τῆς
2500 1143 2804 1214 Αἰγύπτου,
2833 1141 3100 1214 ἐξηγητοῦ
3131 1159 3274 1204 τινος
3320 1139 3522 1212 σαρκὸς
3554 1137 3690 1192 ἀνά-

2101 1253 2290 1290 στασιν
2319 1235 2660 1298 ἀθετοῦντος.
2717 1233 3003 1308 Χρώμενοι
3051 1233 3263 1304 Παλαιᾷ
3295 1233 3389 1286 καὶ
3414 1231 3530 1304 Νέᾳ
3568 1233 3692 1283 Δια-

2102 1326 2265 1401 θήκῃ.
2293 1327 2389 1382 καὶ
2421 1323 2853 1396 ἀπαγορεύοντες
2885 1325 3065 1396 γάμον
3093 1323 3396 1388 παντελῶς,
3435 1321 3688 1394 μονάζον-

2098 1419 2197 1482 τάς
2245 1437 2304 1472 τε
2339 1421 2434 1472 καὶ
2464 1417 2770 1489 παρθένους
2817 1417 3122 1488 δεχόμενοι,
3159 1417 3254 1469 καὶ
3287 1412 3694 1487 ἐγκρατευομέ-

2099 1529 2244 1575 νους,
2275 1512 2370 1564 καὶ
2399 1511 2622 1582 χήρους.
2653 1509 2736 1562 Τὰ
2771 1509 2830 1563 δὲ
2866 1508 3094 1580 μηδέπω
3123 1510 3180 1562 ἐν
3209 1507 3396 1579 ἡλικίᾳ
3425 1505 3690 1576 γεγονότα

2100 1603 2288 1656 παιδία
2345 1601 2618 1673 βασιλείας
2685 1600 2761 1672 μὴ
2821 1600 3092 1671 μετέχειν,
3149 1599 3238 1654 διὰ
3296 1597 3359 1652 τὸ
3403 1600 3481 1670 μὴ
3523 1597 3692 1669 ήθλη-

2100 1693 2277 1748 κέναι.

2171 1788 2245 1840 Δ’.
2286 1783 2671 1853 Μελητιανοῑ,
2712 1785 2762 1838 οί
2791 1785 2850 1837 ἐν
2872 1783 3136 1854 Αἰγύπτῳ
3154 1782 3360 1854 σχίσμα
3378 1781 3550 1845 ὅντες,
3573 1779 3689 1834 ἀλλ’

405 1885 484 1940 sis
513 1885 692 1940 locum
735 1883 1005 1939 obtinent.
1044 1882 1148 1949 Qui
1188 1899 1312 1938 cum
1346 1883 1453 1938 illis
1489 1898 1712 1953 precum
1748 1899 1995 1938 commu—

2110 1878 2198 1949 οὐχ
2254 1879 2488 1948 αἵρεσις,
2543 1877 2619 1950 μὴ
2669 1877 3057 1948 συνευξάμενοι
3101 1879 3214 1939 τοῖς
3255 1877 3314 1928 ἐν
3341 1873 3419 1945 τῷ
3464 1872 3692 1945 διωγμῷ

407 1971 572 2026 nione
626 1970 888 2041 conjungi
951 1971 1283 2035 noluerunt,
1342 1971 1434 2041 qui
1491 1970 1546 2024 in
1612 1972 1994 2040 persecutione

416 2061 558 2132 lapsi
592 2067 742 2115 sunt.
781 2059 938 2115 Nunc
973 2077 1033 2117 se
1065 2061 1133 2116 ad
1165 2060 1400 2116 Arianos
1435 2071 1822 2132 aggregarunt.

478 2152 645 2223 606
682 2151 972 2218 V.Ariani,
1007 2153 1122 2208 sive
1139 2153 1483 2206 Ariomanitw
1501 2149 1594 2206 Dei
1625 2150 1821 2206 Filium
1843 2167 1993 2208 crea-

408 2252 588 2298 turam
633 2260 756 2300 csse
787 2245 1017 2311 dicunt;
1070 2244 1332 2315 Spiritum
1367 2257 1495 2298 vero
1527 2251 1776 2298 sanctum
1831 2245 1992 2297 aliam

405 2353 531 2393 esse
564 2344 897 2392 creaturam.
931 2337 1272 2392 Salvatorem
1308 2345 1562 2392 nostrum
1604 2351 1826 2391 carnem
1851 2336 1994 2390 dun-

407 2435 558 2484 taxat
591 2443 619 2482 a
651 2429 841 2492 Maria.
885 2446 996 2486 non
1037 2431 1276 2485 animam
1323 2433 1608 2502 accepisse
1639 2430 1990 2485 conﬁrmant.

407 2517 533 2575 Fuit
591 2522 682 2576 hic
745 2521 912 2578 Arius
968 2522 1272 2578 Alexandri
1328 2523 1573 2594 episcopi
1645 2521 1994 2578 Alexandriae

408 2611 716 2684 presbyter.

478 2701 606 2758 llmc
630 2710 717 2758 est
743 2703 984 2775 quinque
1029 2705 1310 2760 luereseon
1348 2718 1592 2772 summa,
1626 2719 1749 2778 qua:
1790 2703 1847 2759 in
1888 2704 1993 2760 hoc

410 2809 450 2850 ιι
487 2794 626 2850 libro
648 2793 763 2850 sive
789 2795 981 2851 ordine
1009 2795 1047 2849 γ
1080 2796 1458 2852 continentur.

2099 1969 2587 2041 παραπεπτωκότι·
2617 1967 2714 2026 νῦν
2736 1969 2792 2022 δὲ
2837 1969 3135 2041 Ἀρειανοῖς
3161 1968 3544 2038 συναφθέντες.

2173 2148 2248 2200 E'.
2285 2147 2595 2216 Ἀρειανοὶ,
2633 2150 2682 2203 ol
2722 2149 2817 2204 καὶ
2872 2148 3316 2220 Ἀρειομανῒται,
3350 2149 3400 2202 οἱ
3439 2147 3530 2202 τὺν
3560 2147 3690 2202 Υίδν

2102 2239 2197 2293 τοῦ
2229 2240 2364 2294 Θεοῦ
2395 2242 2602 2314 κτίσμα
2635 2241 2907 2312 λέγοντες,
2954 2245 3051 2297 καὶ
3087 2243 3150 2296 τὸ
3187 2241 3414 2313 Πνεῦμα
3443 2242 3506 2296 τὸ
3535 2242 3691 2310 ἅγιον

2101 2328 2302 2400 κτίσμα
2355 2330 2676 2402 κτίσματος,
2729 2331 2910 2404 σάρκα
2961 2333 3122 2405 μόνον
3160 2333 3254 2388 τὸν
3308 2333 3540 2406 Σωτῆρα
3579 2333 3689 2388 ἀπὸ

2099 2419 2320 2492 Μαρίας
2349 2420 2632 2494 εἰληφέναι
2671 2423 3163 2496 διαϐεϐαιούμενοι,
3194 2426 3291 2479 καὶ
3317 2426 3440 2496 οὐχὶ
3484 2425 3686 2497 ψυχήν.

2098 2507 2208 2568 Ἦν
2263 2513 2322 2566 δὲ
2375 2506 2530 2579 οὗτος
2580 2515 2609 2567 6
2639 2515 2859 2588 Ἄρειος
2915 2516 3290 2592 πρεσϐύτερος
3339 2515 3690 2588 Ἀλεξάνδρου

2101 2603 2403 2658 ἐπισκόπου
2434 2604 2860 2678 ’Δλεξανδρείας.

2171 2696 2320 2768 Δῦτη
2351 2697 2445 2750 καὶ
2479 2699 2514 2767 ή
2545 2697 2640 2752 τοῦ
2674 2700 2930 2771 δευτέρου
2956 2699 3184 2772 βιϐλίου,
3226 2701 3476 2774 πέμπτου
3510 2701 3566 2754 δὲ
3593 2699 3690 2755 ἀπ’

2101 2787 2277 2860 ἀρχῆς
2316 2787 2417 2859 τῆς
2449 2789 2774 2856 ἀκολουθίας
2810 2790 2982 2858 ὄντος,
3021 2793 3498 2864 ἀνακεφαλαίωσις
3531 2795 3688 2866 αἶρέ·

2103 2897 2244 2934 σεων
2283 2879 2468 2935 πέντε.

443 3075 3662 3109 .________._____________________________________

724 3225 890 3296 θον
962 3237 1348 3326 ΤΟΜΟΣ
1413 3175 1980 3325 ΔΕΥΤΕΡΟΣ
2015 3237 2244 3323 ΤΟΥ
2281 3235 2862 3328 ΔΕΥΤΕΡΟΥ
2927 3241 3397 3331 ΒΙΒΛΙΟΥ.

1453 3625 1782 3716 LIBRI
1863 3627 1952 3716 ll
2011 3624 2420 3722 TOMUS
2495 3631 2628 3722 ll.

605 3965 886 4024 CONTRA
922 3965 1210 4023 PAULUM
1249 3965 1798 4040 SAMOSATENUM,

797 4079 1032 4136 Hmresis
1067 4079 1240 4148 XLV,
1281 4081 1388 4136 sive
1423 4081 1596 4138 LXV.

475 4195 520 4251 Ι.
553 4193 868 4251 Secundum
895 4194 1019 4250 illos
1051 4192 1256 4249 Paulus
1295 4191 1693 4250 Samosatenus
1731 4193 2001 4264 sequitur,

405 4289 500 4358 qui
529 4295 650 4360 post
675 4285 944 4342 Novatum
979 4293 1146 4355 atque
1180 4283 1470 4354 Origenem
1507 4286 1734 4340 exstitit.
1763 4285 2004 4356 Quiqui-

405 4383 531 4436 dem
564 4379 831 4450 Origenes
867 4387 1144 4449 postremo
1181 4376 1325 4431 inter
1360 4377 1650 4432 luereticos
1675 4385 2001 4435 nun‘Ieratus

401 4478 490 4528 est
515 4507 534 4535 ,
559 4497 562 4502 -
586 4468 658 4525 ob
708 4469 1080 4539 arrogantiam
1120 4467 1271 4524 illam
1297 4505 1313 4532 ,
1355 4481 1526 4538 quam
1564 4469 1842 4525 asciscere
1892 4469 1998 4526 sibi

405 4562 584 4618 voluit
620 4569 676 4618 et
714 4561 978 4618 insolenti
1019 4575 1084 4616 ac
1124 4575 1397 4630 nugarum
1441 4561 1764 4633 plenissima
1803 4563 1999 4632 loqua-

403 4657 608 4721 citate,
659 4654 1020 4724 immissaque
1052 4667 1083 4708 a
1113 4652 1335 4710 diabolo
1375 4660 1558 4708 mente
1594 4653 1862 4710 adversus
1900 4670 1996 4712 ve-

402 4749 622 4806 ritatem
645 4747 952 4819 insurgere.
973 4747 1119 4803 Sane
1141 4749 1189 4804 is
1213 4748 1482 4819 lugendus
1513 4748 1672 4804 nobis
1701 4750 1994 4807 admodum

402 4839 594 4906 venit,
625 4839 722 4910 qui
753 4838 956 4895 diaboli
994 4838 1202 4894 invidia
1235 4839 1426 4909 lapsus
1453 4853 1520 4894 ex
1551 4838 1661 4894 alto
1687 4841 1996 4912 praecipita-

403 4933 500 4988 vit.
535 4929 674 4986 Nam
705 4931 760 4986 in
805 4930 902 4986 illo
947 4929 1252 4999 Scriptura:
1283 4929 1491 4984 dictum
1529 4929 1664 4984 illud
1697 4931 1990 5002 impletur:

403 5024 718 5081 Fasciuatio
758 5027 900 5080 enim
943 5023 1270 5094 nugacitatis
1315 5023 1566 5077 obscurat
1615 5022 1786 5088 bona,
1825 5034 1874 5080 et
1908 5026 1989 5080 iu-

403 5117 706 5172 comtantia
755 5115 1197 5182 concupiscentiae
1251 5115 1562 5169 transuertit
1603 5124 1824 5172 mentem
1880 5117 1993 5174 sine

400 5207 616 5262 malitia
656 5206 699 5261 ⁸.

471 5299 694 5356 Recedo
733 5311 884 5354 nunc
916 5296 986 5353 ad
1025 5295 1183 5352 illum
1205 5337 1222 5362 ,
1263 5295 1426 5367 cujus
1456 5296 1850 5367 explicandum
1885 5297 1990 5356 do-

397 5407 524 5464 gma
579 5391 962 5462 suscepimus,
1014 5387 1245 5444 Paulum
1301 5387 1766 5458 Samosatenum,
1826 5391 1989 5462 cujus

400 5482 644 5539 nominis
679 5495 847 5552 supra
887 5479 1228 5537 mentionem
1265 5477 1498 5536 fecimus
1521 5518 1537 5544 ,
1569 5487 1624 5535 et
1657 5494 1806 5536 nunc
1838 5479 1988 5537 illius

2293 3971 2484 4034 ΚΑΤΑ
2523 3969 2806 4026 ΠΛΥΛΟΥ
2843 3971 2980 4026 ΤΟΥ
3017 3971 3496 4033 ΣΑΜΟΣΑΤΕΩΣ,

2111 4084 2576 4154 Τεσσαρακοστὴ
2603 4085 2860 4155 πέμπτη,
2887 4085 2928 4154 ή
2959 4085 3058 4140 καὶ
3088 4083 3396 4163 ἐξηκοᾳτὴ
3426 4084 3688 4157 πέμπτη.

2173 4198 2250 4252 A'.
2293 4195 2505 4260 Παῦλος
2555 4197 2584 4250 6
2639 4195 2988 4267 Σαμοσατεὺς
3059 4194 3396 4267 καλούμενος
3463 4193 3690 4260 τούτους

2101 4287 2429 4359 διαδέχεται,
2473 4286 2714 4356 γεγονὼς
2751 4285 2890 4358 μετά
2945 4287 3195 4342 Ναυᾶτον
3241 4287 3336 4340 καὶ
3381 4287 3688 4358 Ὠριγένην,

2100 4377 2192 4432 τὸν
2232 4377 2416 4432 λοιπὸν
2459 4379 2518 4432 ἐν
2552 4376 2764 4448 αἱρέσει
2796 4375 3200 4448 ἀριθμούμενον
3232 4375 3298 4430 δι’
3323 4376 3390 4448 ἣν
3419 4375 3688 4448 ἠθέλησεν

2101 4467 2432 4538 ὑψαυχενίαν
2495 4465 2678 4537 ἐαυτῷ
2729 4465 3172 4530 ἐπισπάσασθαι,
3227 4465 3320 4521 καὶ
3377 4465 3688 4538 ἐπαρθῆναι

2099 4559 2242 4614 κατά
2271 4558 2371 4630 τῆς
2408 4557 2664 4630 ἀληθείας
2693 4557 2782 4613 διὰ
2813 4557 2910 4630 τῆς
2953 4557 3272 4631 κομπώδους
3315 4557 3482 4612 αὐτοῦ
3518 4557 3689 4628 φλυα-

2101 4651 2223 4724 ρίας
2263 4651 2356 4704 καὶ
2403 4652 2468 4704 ἐκ
2511 4651 2761 4706 διαϐόλου
2809 4651 3246 4724 ἐπισπεισμένης
3271 4652 3293 4683 ²
3323 4649 3552 4713 ἐννοίας.
3586 4649 3687 4704 “Ov

2099 4745 2313 4800 πενθεῖν
2340 4743 2442 4810 δεῖ,
2473 4745 2548 4810 ὡς
2580 4745 2798 4817 ἀληθῶς
2831 4745 3012 4818 φθόνῳ
3044 4745 3292 4800 διαϐόλου
3315 4743 3686 4810 ἐξοκείλαντα,

2096 4837 2194 4892 καὶ
2251 4837 2360 4892 ἀπὸ
2417 4837 2585 4910 ὕψους
2643 4837 3150 4910 παραπεπτωκότα.
3206 4836 3326 4891 Ἐπ’
3375 4835 3525 4908 αὐτῷ
3577 4836 3688 4908 γὰρ

2095 4926 2400 5000 πληροῦται
2451 4929 2514 4984 τὸ
2567 4927 2857 5002 εἰρημένον
2876 4940 2892 4956 ⁸
2941 4927 3257 4983 Βασκανία
3306 4929 3688 4998 φαυλότητος

2094 5019 2358 5089 ἀμαυροῖ
2391 5019 2465 5074 τὰ
2495 5021 2672 5086 καλὰ,
2711 5020 2808 5074 καὶ
2835 5017 3185 5090 ρεμϐασμύς
3213 5019 3532 5090 ἐπιθυμίας
3545 5011 3687 5090 μετ-

2093 5112 2339 5166 αῑλεύει
2376 5111 2528 5167 γοῦν
2558 5111 2809 5166 ἄκακον.

2169 5281 2337 5355 Οὗτος
2352 5289 2416 5363 δὴ
2433 5285 2528 5344 οῦν
2547 5293 2576 5346 6
2595 5293 2726 5363 ἡμῖν
2742 5289 2822 5355 είς
2837 5289 3098 5362 ἐξήγησιν
3114 5289 3684 5364 ἐπιμνημονευόμενος

2022 5356 2071 5418 D
2096 5381 2306 5447 Παῦλος
2347 5383 2376 5436 6
2403 5356 2416 5363 ‘
2435 5356 2783 5456 Σαμοτατεὺς
2803 5421 2818 5448 ,
2857 5356 3066 5438 οὖΠτ-οῦ
3113 5356 3378 5457 ὀνόματος
3423 5382 3483 5436 ἐν
3523 5356 3682 5453 ἀρχῇ

2093 5474 2468 5546 ἐμνήσθημεν,
2497 5476 2592 5530 καὶ
2623 5475 2726 5546 τῆς
2760 5477 3024 5548 αἱρέσεως
3051 5476 3216 5531 αὐτοῦ
3251 5472 3554 5545 ποιούμεθα
3581 5473 3684 5543 τὴν

397 5576 649 5634 δίει·εείω
687 5575 1063 5646 proponimus.
1106 5571 1206 5628 Hic
1236 5569 1542 5628 Samosatis
1577 5571 1984 5644 Mesopotamiae

2110 5569 2366 5640 ῑιήγησιν,
2411 5567 2520 5622 ἀπὸ
2559 5567 2888 5640 Σαμοσάτων
2931 5566 3000 5644 ἦν
3035 5570 3137 5642 τῆς
3169 5568 3261 5622 ἐπὶ
3298 5567 3368 5622 τὰ
3401 5567 3544 5639 μέρη
3581 5565 3704 5636 τῆς·

393 5671 465 5726 ad
521 5667 860 5740 Euphratem
907 5667 1044 5722 urbe
1097 5673 1290 5734 natus,
1335 5666 1632 5724 Aureliano
1682 5680 1748 5722 ac
1796 5664 1981 5722 Probo

2110 5663 2511 5736 ιίεσοποταμίας
2526 5663 2622 5718 καὶ
2649 5663 2936 5736 Εὐφράτου
2957 5679 2971 5695 ο
3001 5661 3060 5726 ὃς
3085 5661 3143 5716 ἐν
3170 5659 3346 5731 τούτῳ
3375 5657 3453 5729 τῷ
3480 5655 3682 5729 χρόνῳ,

473 5827 490 5859 ⁸
525 5825 657 5897 Sap.
679 5841 758 5893 vr,
787 5823 874 5880 12.
951 5827 971 5857 ¹
1002 5823 1131 5881 Cor.
1165 5823 1644 5892 ἐπισεσεισμένης,
