4008 6240
365 421 432 477 13
999 417 1371 476 ADVERSUS
1415 419 1754 476 IIIERESES
1799 422 1922 476 LIB.

2082 384 2245 479 ron.
2291 422 2350 478 ιι.
2393 394 2774 484 Junius.
2815 425 2973 481 va.
3559 424 3625 481 ιι

360 536 418 587 ὲν
470 535 698 606 ἡμέραις
749 534 1084 605 Αὐρηλιανοῦ
1133 535 1205 606 (1)
1243 537 1335 590 καὶ
1378 536 1588 606 Πρόὸου
1633 537 1739 594 τῶν
1790 540 1940 608 βασιο

2067 542 2460 611 mperantibus,
2500 542 2851 598 Antiochense
2891 543 3068 614 603
3121 540 3381 598 Ecclesia
3416 557 3628 617 pra-po-

359 629 513 691 λέων,
555 628 646 681 ἐπὶ
677 627 780 697 τῆς
822 628 1137 697 Ἀντιοχέων
1170 627 1493 682 καθίσταται
1528 628 1823 692 ἐπίσκοπος
1846 631 1942 701 τῆς

357 722 517 788 ἁγίας
553 720 845 789 καθολικῆς
889 719 1236 791 Ἐκκλησίας.
1303 720 1518 790 ’Δρθεὶς
1544 720 1600 773 δὲ
1639 723 1705 791 τῇ
1739 722 1944 793 διανοίᾳ

354 809 580 874 ἐξέπεσε
608 809 705 879 τῆς
753 809 1044 880 ἀληθείας,
1091 810 1186 862 καὶ
1238 809 1548 863 ἀνεκαίνισε
1583 810 1681 881 τὴν
1733 811 1944 881 αἵρεσιν

351 899 446 953 τοῦ
487 900 830 972 Ἀρτέμωνος
884 900 993 969 (2),
1025 899 1117 952 τοῦ
1167 916 1296 952 ποτε
1331 899 1481 962 ὄντος
1543 901 1599 952 ἐν
1650 901 1789 971 ἀρχῇ
1839 901 1946 970 πρὸ

353 992 490 1045 ἑτῶν
527 991 735 1044 πολλῶν
766 991 859 1044 καὶ
892 991 1245 1060 ὲσὸεσμὲνου.

422 1083 708 1158 Φάσκειδὲ
735 1077 886 1146 οὗτος
921 1083 1054 1135 Θεὸν
1088 1083 1307 1154 Πατέρα
1362 1084 1452 1136 καὶ
1487 1084 1612 1137 Υἰὸν
1647 1084 1739 1138 καὶ
1794 1085 1947 1154 ἅγιον

355 1171 579 1243 Πνεῦμα
621 1173 719 1226 Eva
754 1171 916 1226 Θεόνο
951 1175 1010 1226 ὲν
1063 1171 1184 1243 Θεῷ
1225 1172 1282 1225 δὲ
1322 1173 1412 1226 ἀεὶ
1457 1173 1588 1227 ὄντα
1634 1174 1727 1228 τὸν
1781 1175 1945 1228 αὑτοῦ

354 1264 526 1332 Λόγον
567 1265 660 1318 καὶ
707 1264 769 1317 τὸ
815 1263 1039 1335 Πνεῦμα
1095 1264 1285 1329 αὐτοῦ,
1332 1265 1521 1336 ὥσπερ
1573 1269 1630 1320 ὲν
1662 1267 1946 1341 ἀνθρώπου

354 1357 556 1427 καρδίᾳ
585 1357 614 1408 ὁ
647 1355 776 1419 ἴδιος
804 1356 991 1423 λόγος·
1030 1357 1106 1428 μὴ
1146 1351 1288 1411 εἶναι
1323 1357 1379 1410 δὲ
1409 1357 1498 1412 τὸν
1535 1359 1662 1412 Υἱὸν
1689 1361 1783 1414 τοῦ
1812 1361 1946 1415 Θεοῦ

268 1499 276 1505 .
354 1449 740 1512 ὲνυπόστατον,
767 1448 904 1503 ἀλλά
930 1451 989 1502 ὲν
1022 1449 1170 1519 αὐτῷ
1204 1449 1355 1521 Θεῷ·
1391 1449 1585 1522 ὥσπερ
1623 1453 1814 1524 ἀμέλει
1855 1457 1949 1508 καὶ

355 1543 384 1595 6
434 1539 722 1604 Σαὸέλλιος
768 1540 846 1610 (5)
909 1542 1003 1592 καὶ
1029 1541 1058 1593 6
1088 1541 1336 1605 Ναυᾶτος
1391 1541 1485 1594 καὶ
1543 1545 1572 1595 6
1606 1543 1811 1615 Νόητος
1856 1547 1950 1600 καὶ

356 1631 504 1686 ἄλλοι
528 1647 543 1661 ·
581 1629 684 1684 οὐκ
726 1631 856 1693 ἴσως
884 1628 942 1682 δὲ
973 1629 1202 1695 ἐκείνοις
1233 1626 1405 1696 οὗτος,
1437 1632 1573 1686 ἀλλὰ
1605 1634 1779 1698 ἄλλως
1817 1620 1946 1709 παρ’

358 1721 619 1786 ἐκείνους.
660 1720 917 1776 Ἐλθόντα
959 1721 1016 1775 δὲ
1067 1722 1158 1776 τὸν
1211 1723 1404 1793 Λόγον,
1451 1725 1545 1778 καὶ
1594 1727 1951 1798 ὲνοικήσαντα

355 1814 413 1867 ὲν
441 1813 620 1883 Ἰησοῦ
649 1813 920 1884 ἀνθρώπῳ
945 1813 1078 1867 ὄντι.
1099 1816 1208 1867 Καὶ
1233 1814 1428 1882 οὕτως,
1465 1816 1653 1888 φησιν,
1687 1815 1767 1882 εἷς
1805 1821 1951 1873 ἐστιν

2048 635 2190 687 situs
2219 642 2321 687 cst.
2355 632 2458 699 Qui
2488 633 2664 690 elatus
2701 636 3015 705 arrogantia
3049 647 3112 688 ac
3149 633 3296 690 fastu
3330 648 3359 686 a
3397 635 3632 690 veritate

2047 724 2252 778 excidit
2277 763 2290 788 ,
2325 734 2490 795 atque
2524 727 2838 782 Artemouis
2873 725 3104 782 luercsin
3137 725 3487 791 instauravit,
3536 727 3632 796 qui

2047 829 2171 869 cum
2227 823 2354 871 ante
2408 818 2612 873 multos
2665 833 2841 872 annos
2887 818 3232 883 exstitisset,
3278 820 3501 890 penitus
3545 825 3633 873 est

2047 909 2379 963 exstinctus.

2123 1085 2219 1142 Est
2249 1094 2431 1143 autent
2474 1088 2591 1143 hate
2645 1089 2790 1144 illius
2844 1090 3071 1159 opinio:
3111 1089 3278 1144 Deum
3313 1088 3530 1144 Patrem
3578 1095 3634 1145 et

2049 1175 2248 1231 Filium
2299 1193 2362 1232 ac
2418 1178 2688 1248 Spiritum
2727 1189 2982 1235 sanctum
3031 1194 3200 1233 unum
3251 1193 3376 1234 esse
3417 1178 3632 1243 Deum;

2053 1268 2288 1324 Verbum
2339 1268 2432 1324 Dei
2479 1268 2710 1339 ejusque
2759 1266 3024 1338 Spiritum
3060 1268 3242 1324 inesse
3273 1267 3386 1324 Deo
3433 1283 3632 1338 perpe-

2053 1372 2167 1428 tuo,
2192 1362 2337 1418 sicut
2357 1361 2598 1418 hominis
2622 1360 2676 1416 in
2701 1361 2868 1418 corde
2888 1361 3170 1432 proprium
3199 1361 3428 1417 verbum
3454 1360 3635 1415 inesse

2052 1457 2373 1521 cernimus;
2421 1453 2619 1509 Filium
2663 1452 2759 1509 Dei
2808 1453 3227 1510 subsistentiam
3287 1453 3489 1508 habere
3538 1467 3637 1522 per

2053 1564 2175 1605 sese
2205 1547 2445 1613 nullam,
2481 1548 2576 1604 sed
2617 1547 2673 1601 in
2715 1547 2824 1602 Deo
2865 1546 3210 1602 subsistere:
3254 1545 3308 1600 id
3343 1544 3489 1614 quod
3532 1543 3635 1597 Sa-

2053 1641 2215 1696 bellio
2278 1653 2497 1711 quoque
2559 1639 2767 1711 placuit
2818 1647 2873 1695 et
2925 1637 3134 1694 Novato
3183 1647 3238 1694 et
3268 1636 3444 1693 Noeto
3487 1637 3640 1692 aliis-

2053 1747 2160 1803 que
2212 1731 2534 1796 nonnullis,
2586 1746 2902 1802 quanquam
2952 1745 3062 1785 non
3117 1729 3309 1785 eodem
3341 1743 3467 1784 eum
3515 1726 3638 1783 istis

2056 1823 2248 1887 modo,
2283 1822 2379 1879 sed
2413 1823 2633 1881 diverso
2674 1823 2911 1893 quodam
2958 1823 3048 1877 ille
3095 1821 3314 1877 sentiat.
3358 1819 3439 1875 Ad
3486 1819 3636 1882 haec,

355 1907 385 1958 6
413 1905 572 1968 Θεὸς,
613 1906 707 1959 καὶ
735 1904 857 1975 οὐχ).
902 1907 1092 1978 Πατὴρ
1125 1907 1156 1959 ὁ·
1183 1907 1390 1979 Πατὴρ,
1423 1909 1516 1961 καὶ
1549 1909 1674 1973 Υἱὸς
1712 1911 1741 1962 6
1784 1912 1911 1976 Υἱὸς
1932 1954 1946 1977 ,

2064 1915 2144 1970 Dei
2173 1914 2412 1971 Verbum
2445 1917 2500 1972 in
2535 1927 2712 1974 terras
2736 1915 3024 1987 delapsum
3057 1915 3113 1970 in
3145 1913 3276 1971 Jesu
3299 1955 3314 1980 ,
3350 1912 3444 1984 qui
3476 1913 3640 1967 homo

356 1996 450 2050 ttat
477 1996 637 2065 ἆγιον
673 1996 896 2067 Πνεῦμα
925 1997 984 2050 τὸ
1027 1998 1181 2066 ἆγιον
1223 1999 1451 2071 Πνεῦμα
1472 2017 1484 2030 ·
1519 2001 1656 2054 ἀλλὰ
1691 1996 1771 2066 εἷς
1816 2002 1947 2067 Θεὸς

355 2086 386 2140 6
425 2087 623 2159 Πατὴρ
664 2088 758 2140 καὶ
793 2087 922 2151 Υἱὸς
964 2087 1130 2141 αὑτοῦ
1167 2089 1226 2143 ἐν
1271 2089 1440 2160 αὐτῷ,
1472 2090 1547 2155 ὡς
1582 2090 1740 2160 λόγος
1769 2093 1828 2146 ἐν
1857 2094 1950 2148 ἀν-

357 2171 586 2243 θρώπῳ.
635 2172 806 2244 Δῆθεν
835 2172 942 2227 ἀπὸ
984 2174 1094 2227 τῶν
1141 2178 1453 2250 μαρτυριῶν
1495 2179 1702 2234 τούτων
1752 2182 1947 2235 ἑαυτοῦ

356 2269 455 2340 τὴν
517 2269 732 2341 αἵρεσιν
767 2270 1225 2342 προϐαλλόμενος,
1267 2271 1375 2325 ἀπὸ
1411 2272 1506 2326 τοῦ
1539 2273 1819 2344 εἰρηκέναι
1857 2273 1949 2327 τὸν

357 2359 634 2414 Μωῦσὲα·
668 2361 886 2430 Κύριος
925 2365 958 2416 ὁ
995 2363 1142 2428 Θεός
1191 2379 1330 2428 σου,
1365 2363 1584 2432 Κύριος
1623 2359 1712 2429 εἷς
1754 2364 1946 2418 ἐστιν.

359 2454 432 2505 Οὐ
477 2454 681 2522 φάσκει
728 2454 787 2508 δὲ
831 2447 986 2519 οὗτος
1021 2455 1176 2509 κατὰ.
1205 2455 1296 2508 τὸν
1324 2455 1555 2526 Νόητον,
1591 2455 1682 2509 τὸν
1725 2455 1950 2528 Πατέρα

361 2545 724 2601 πεπονθέναι’
760 2548 896 2602 ἀλλά
922 2566 1117 2620 φησιν,
1163 2547 1362 2605 Ἐλθὼν
1399 2552 1428 2603 6
1461 2550 1632 2618 Λόγος
1684 2551 1953 2623 ἐνήργησε

361 2639 524 2709 μόνος
545 2679 563 2703 ,
607 2639 701 2693 καὶ
755 2640 956 2712 ἀνῆλθε
994 2641 1130 2713 πρὸς
1182 2641 1272 2694 τὸν
1329 2641 1568 2714 Πατέρα.
1633 2643 1743 2697 Καὶ
1785 2643 1954 2714 πολλὴ

359 2729 512 2804 παρά
538 2729 715 2803 τούτῳ
744 2733 776 2803 ἡ
808 2731 1031 2786 ἀτοπία.

2059 2021 2246 2062 merus
2298 2015 2484 2074 esset,
2550 2007 2852 2063 habitasse.
2922 2007 2998 2060 ita
3052 2021 3225 2068 unus,
3276 2003 3454 2073 inquit
3508 2004 3638 2066 ille,

2060 2094 2203 2152 Deus
2233 2113 2360 2164 ess;
2401 2113 2579 2168 neque
2609 2109 2702 2154 aut
2746 2097 2908 2152 Pater
2945 2105 3034 2153 est
3072 2095 3270 2160 Pater,
3324 2106 3419 2150 aut
3463 2094 3640 2150 Filius

2058 2187 2232 2244 Filius
2257 2227 2272 2254 ,
2306 2198 2401 2243 aut
2434 2187 2675 2260 Spiritus
2711 2196 2942 2245 sanctus
2978 2188 3220 2257 Spiritus
3266 2194 3352 2243 est
3385 2195 3638 2242 sanctus.

2057 2277 2172 2334 lmo
2229 2294 2360 2334 vero
2402 2279 2547 2336 Deus
2592 2296 2737 2336 unus
2774 2288 2858 2335 est
2891 2278 3055 2336 Pater
3098 2287 3153 2335 et
3192 2280 3358 2350 hujus
3404 2279 3459 2334 in
3519 2279 3640 2350 ipso

2057 2369 2279 2435 Filius,
2330 2378 2389 2426 ut
2421 2379 2508 2428 est
2566 2372 2620 2426 in
2668 2373 2890 2427 homine
2948 2387 3152 2428 sermo.
3199 2371 3375 2438 Quam
3398 2371 3640 2442 ’quidem

2061 2463 2384 2533 opinionem
2428 2469 2492 2519 ex
2543 2464 2676 2520 iisce
2712 2463 2827 2520 fere
2871 2464 3204 2521 testimoniis
3243 2464 3471 2534 colligit.
3518 2462 3642 2516 Pri-

2064 2570 2246 2622 mum,
2285 2557 2431 2627 quod
2468 2554 2682 2628 Moyses
2727 2557 2966 2611 dixerit:
3000 2555 3260 2609 Dominus
3298 2553 3439 2609 Deus
3487 2563 3642 2617 tuus,

2063 2641 2323 2700 Dominus
2354 2662 2490 2701 unus
2518 2655 2597 2702 est
2625 2648 2668 2702 ’.
2700 2641 2888 2717 Neque
2919 2660 3048 2702 vero
3074 2661 3198 2700 cum
3228 2644 3399 2702 Noeto
3427 2644 3644 2700 Patrem

2064 2736 2155 2792 ille
2183 2753 2407 2810 passum
2450 2753 2574 2795 esse
2616 2737 2846 2806 deﬁnit;
2899 2737 2993 2794 sed
3023 2739 3199 2794 solum
3228 2777 3243 2802 ,
3283 2737 3495 2808 inquit,
3541 2736 3642 2792 ad-

357 2823 593 2880 veniens
621 2823 860 2880 Verbum
912 2833 1087 2881 totum
1128 2825 1265 2881 illud
1318 2826 1762 2894 administravit,
1798 2835 1854 2882 et
1885 2828 1954 2882 ad
2000 2828 2217 2888 Patrem
2255 2832 2498 2889 revertit.
2532 2833 2610 2888 Ac
2653 2839 2782 2888 sunt
2804 2832 2990 2886 omnia
3035 2847 3156 2903 qua:
3191 2832 3261 2886 ab
3301 2832 3395 2886 illo
3448 2831 3645 2887 dicun-

355 2921 446 2968 tur
487 2931 621 2971 sane
648 2932 808 2986 quant
840 2917 1098 2973 absurda.

425 3007 512 3060 B'.
555 3007 783 3079 Ἴδωμεν
828 3009 884 3063 δὲ
925 3009 974 3063 εί
1016 3013 1065 3064 οἱ
1112 3011 1259 3081 λόγοι
1305 3012 1470 3067 αὐτοῦ
1521 3014 1952 3083 συσταθήσονται

2135 3013 2198 3068 Il.
2228 3012 2526 3069 Videamus
2559 3015 2731 3085 igitur
2761 3014 2958 3084 ecquid
2995 3014 3256 3084 opinione
3291 3014 3416 3070 falsi
3465 3016 3645 3072 homi-

357 3098 454 3152 τοῦ
511 3101 887 3172 ἡπατημὲνου.
933 3101 1136 3157 Φάσκει
1169 3103 1307 3175 γὰρ,
1353 3105 1438 3158 ὅτι
1488 3101 1670 3159 εἶπενο
1715 3103 1856 3174 Ἐγὼ
1886 3106 1952 3158 ἐν

2064 3109 2150 3163 nis
2172 3116 2426 3163 constare
2452 3108 2627 3176 possit
2655 3111 2856 3162 oratio.
2884 3107 3018 3161 Nam
3045 3107 3118 3162 ita
3143 3109 3436 3178 proponit:
3474 3109 3644 3174 Dixit,
3720 3101 3729 3108 ’

357 3190 438 3256 τῷ
487 3190 708 3260 Πατρὶ,
754 3193 852 3247 καὶ
897 3196 931 3248 ό
963 3194 1168 3265 Πατὴρ
1217 3195 1286 3249 ἐν
1326 3195 1478 3264 ἐμοί.
1532 3193 1641 3249 Καὶ
1693 3194 1849 3249 αὐτοὶ
1898 3195 1952 3249 δέ

2064 3198 2269 3268 inquit,
2292 3195 2578 3254 Christus:
2606 3196 2718 3268 Ego
2743 3199 2798 3251 in
2818 3197 2983 3254 Patre
3001 3243 3014 3266 ,
3039 3208 3088 3252 et
3113 3195 3273 3253 Pater
3299 3201 3355 3253 in
3387 3217 3468 3255 me
3493 3211 3570 3255 est
3601 3203 3642 3255 ³.

359 3300 549 3354 φαμεν
592 3284 657 3338 ὲκ
704 3285 918 3357 Πατρὸς
966 3285 1100 3342 Θεὸν
1153 3287 1344 3356 Λόγον,
1398 3287 1494 3341 καὶ
1528 3287 1644 3359 μετ’
1676 3287 1840 3341 αὐτοῦ
1870 3288 1959 3342 ἀεὶ¹

359 3376 497 3430 ὄντα
529 3375 588 3442 ἐξ
627 3377 791 3431 αὐτοῦ
823 3379 1243 3450 γεγεννημένον.
1281 3379 1419 3433 Ἀλλ’
1441 3380 1562 3450 οὐχ).
1603 3380 1695 3434 τὸν
1741 3379 1959 3452 Πατέρα

360 3469 598 3539 λέγομεν
629 3471 758 3525 ἀνευ
798 3471 971 3540 Λόγου
1003 3472 1390 3527 ὲνυποστάτου.
1432 3473 1569 3526 Ἀλλ’
1593 3475 1623 3527 6
1650 3473 1823 3542 Λόγος
1862 3472 1957 3526 τοῦ

364 3561 583 3634 Πατρὸς
604 3563 633 3616 6
669 3565 965 3635 μονογενὴς
991 3564 1119 3630 Υἱὸς
1145 3564 1279 3630 Θεὸς
1307 3565 1499 3634 Λόγος,
1529 3565 1604 3630 ὡς
1633 3566 1800 3636 φησί’
1832 3565 1958 3633 Πᾶς

364 3656 397 3709 ό
426 3653 740 3724 ὁμολογῶν
781 3655 851 3709 ἐν
891 3656 1054 3724 ἐμοὶ,
1100 3657 1457 3729 ὁμολογήσω
1497 3656 1660 3726 κάγὼ
1692 3657 1763 3711 ἐν
1799 3657 1960 3725 αὺτῷ

362 3744 711 3815 ἔμπροσθεν
737 3746 843 3801 τοῦ
883 3749 1114 3816 Πατρός
1160 3766 1300 3818 μου.
1343 3748 1418 3801 Τὸ
1448 3748 1526 3813 δὲ,
1558 3747 1629 3802 ἐν
1670 3747 1826 3818 ἐμοὶ,
1859 3749 1959 3819 ἔμ-

364 3837 640 3904 προσθεν
677 3835 784 3891 τοῦ
826 3839 1058 3906 Πατρός
1084 3856 1226 3908 μου,
1271 3839 1440 3905 ἔδειξε
1473 3839 1631 3910 φύσει
1662 3840 1960 3894 ὲνυπόστα-

364 3942 460 3978 τον
498 3924 587 3978 τὸν
623 3926 863 3999 Πατέρα.
918 3922 1078 3982 υῦτοι
1119 3929 1210 3993 δὲ,
1259 3929 1352 3984 τὸν
1405 3929 1732 4001 Ἰουδαῖσμὸν
1776 3948 1957 4002 παρα-

368 4016 705 4088 φθείροντες,
734 4018 889 4073 οὐδὲν
916 4020 1306 4093 περισσότερον
1332 4019 1441 4076 τῶν
1469 4020 1736 4076 Ἰουδαίων
1764 4039 1962 4090 κεκτη-

373 4109 546 4179 μένοι,
587 4109 830 4182 δεύτεροι
865 4112 1111 4167 ’ῐουδαῖοι
1157 4113 1546 4184 κληθήσονται,
1579 4112 1675 4167 καὶ
1707 4114 1958 4184 Σαμοσα-

369 4201 550 4267 τῖται,
597 4201 765 4274 μηδὲν
816 4202 1006 4276 ἕτερον
1059 4204 1214 4269 ὸντες
1267 4206 1301 4276 ἢ
1353 4205 1432 4276 τῷ
1483 4205 1707 4275 ὀνόματι
1738 4205 1754 4236 ¹
1802 4205 1961 4276 μόνον

368 4287 546 4360 οἰήσει
597 4291 1011 4364 προῖσχημένοι.
1046 4294 1152 4347 Τὸν
1197 4295 1308 4366 γὰρ
1356 4296 1421 4349 ὲκ
1467 4294 1601 4349 Θεοῦ
1657 4295 1788 4349 Θεὸν
1833 4297 1960 4350 Υἱὸν

373 4381 637 4452 μονογενῆ
671 4383 766 4436 καὶ
798 4383 969 4454 Λόγον
999 4385 1363 4456 ἀρνούμενοι,
1392 4387 1592 4440 ἐκεῖνοί
1625 4387 1760 4440 είσιν
1787 4389 1961 4442 ὁποῖοι

2061 3288 2128 3344 Ει
2159 3303 2260 3345 nos
2291 3287 2437 3343 istud
2484 3303 2591 3342 una
2635 3289 2977 3359 proﬁtemur,
3028 3305 3092 3344 ex
3150 3289 3312 3345 Patre
3343 3291 3645 3360 profectum

2058 3389 2184 3437 esse
2215 3381 2386 3437 Deum
2419 3379 2686 3449 Verbum,
2728 3396 2793 3437 ac
2821 3396 2946 3437 eum
2977 3382 3170 3437 eodem
3194 3398 3316 3439 esse
3346 3393 3610 3455 perpetuo
3629 3427 3644 3448 ,

2059 3474 2129 3528 ab
2157 3487 2334 3544 eoque
2367 3473 2739 3544 progenitum.
2775 3472 2883 3528 Sed
2934 3488 3044 3528 non
3093 3473 3216 3528 ideo
3261 3471 3479 3528 Patrem
3527 3474 3649 3531 sine

2061 3565 2397 3620 subsistente
2427 3555 2607 3620 Verbo
2641 3579 2766 3620 esse
2803 3565 3062 3621 dicimus.
3109 3563 3369 3631 Quinimo
3403 3565 3646 3623 Verbum

2061 3655 2277 3721 Patris,
2332 3653 2568 3726 unigena
2615 3654 2792 3712 Filius
2837 3653 2980 3712 Deus
3039 3664 3125 3714 est
3164 3655 3436 3725 Verbum,
3484 3667 3545 3713 ut
3593 3667 3648 3714 et

2060 3747 2178 3817 ipse
2203 3746 2448 3802 declarat
2473 3767 2487 3803 :
2529 3746 2757 3802 Omnino
2786 3748 2878 3819 qui
2905 3749 3186 3818 conﬁtetur
3217 3751 3271 3804 in
3307 3767 3387 3806 me
3409 3791 3423 3818 ,
3473 3754 3647 3820 conﬁ—

2061 3836 2208 3892 tebor
2235 3847 2284 3892 et
2305 3854 2396 3909 ego
2427 3839 2481 3893 in
2511 3839 2604 3893 illo
2627 3856 2808 3894 coram
2836 3839 2999 3895 Patre
3029 3858 3143 3897 meo
3177 3847 3219 3906 ⁸,
3252 3843 3344 3897 ubi
3379 3844 3496 3899 haec
3529 3845 3648 3916 ipsa

2060 3930 2250 3995 verba,
2282 3930 2337 3984 in
2366 3947 2476 3996 me,
2514 3947 2696 3986 coram
2727 3930 2890 3986 Patre
2919 3949 3054 3998 meo,
3085 3933 3301 3990 Patrem
3337 3935 3514 4006 ipsum
3551 3953 3648 3991 na-

2061 4032 2183 4076 tura
2211 4035 2311 4076 sua
2343 4021 2650 4078 subsistere
2687 4022 3092 4080 demonstrant.
3128 4025 3196 4079 At
3229 4025 3319 4082 isti
3357 4025 3648 4082 Judaicant

2060 4112 2376 4184 opinionem
2430 4114 2864 4185 interpolantes,
2908 4131 3086 4187 neque
3118 4119 3417 4188 quidquam
3448 4119 3516 4173 iis
3552 4119 3649 4173 ha-

2061 4205 2251 4261 bentes
2281 4205 2550 4276 amplius,
2595 4205 2764 4262 Judaei
2813 4208 2970 4264 alteri
3019 4209 3348 4264 nominandi
3390 4221 3556 4274 sunt,
3596 4219 3650 4264 et

2064 4295 2408 4354 Samosateni
2431 4340 2446 4367 ,
2481 4314 2662 4370 neque
2699 4299 2850 4355 aliud
2883 4300 3111 4356 omnino
3153 4309 3321 4369 sunt,
3359 4317 3424 4358 ac
3468 4303 3647 4358 solum

2062 4403 2260 4443 nomen
2288 4385 2418 4445 Jesu
2444 4405 2556 4460 prae
2580 4405 2640 4446 se
2664 4388 2872 4446 ferunt.
2895 4388 3032 4445 Nam
3056 4407 3180 4447 cum
3213 4391 3384 4449 Deum
3415 4409 3483 4450 ex
3515 4391 3648 4460 Deo,

371 4473 466 4526 καὶ
490 4474 540 4526 οί
572 4475 736 4528 αὐτὸν
785 4477 845 4529 ὲν
872 4479 938 4548 τῇ
971 4479 1242 4551 παρουσίᾳ
1272 4479 1658 4551 ἀρνησάμενοι,
1690 4479 1952 4534 θεοκτόνοι

2066 4481 2470 4552 unigenamque
2512 4479 2710 4543 Filium
2756 4498 2822 4539 ac
2856 4481 3097 4540 Verbum
3150 4486 3458 4557 abnegent,
3501 4485 3651 4555 ejus-

370 4579 431 4615 τε
483 4565 576 4618 καὶ
628 4568 966 4638 κυριοκτόνοι
990 4608 1005 4633 ,
1062 4571 1152 4624 καὶ
1209 4571 1596 4643 ὲπαρνησίθεοι
1655 4573 1958 4641 γεγονότες.

371 4653 596 4728 Τάληθῆ
641 4657 728 4723 δὲ,
773 4659 855 4713 ὅτι
893 4658 1018 4714 οὔτε
1058 4662 1360 4734 περιτομὴν
1409 4662 1486 4733 (4)
1545 4661 1780 4733 ἔχουσιν,
1835 4663 1959 4718 οὔτε

376 4746 642 4802 σάϐϐατον
686 4751 1046 4821 φυλάσσουσι,
1087 4754 1184 4808 κα)¹
1215 4753 1283 4808 τὰ
1313 4753 1449 4810 ἄλλα
1495 4749 1675 4809 πάντα
1708 4755 1959 4828 καθάπερ

385 4838 647 4897 Ἰουδαῖοι..

2067 4573 2210 4628 modi
2242 4583 2406 4640 sunt,
2440 4575 2632 4646 quales
2667 4575 2703 4629 ii
2741 4575 2966 4632 fuerunt
2993 4577 3086 4649 qui
3122 4586 3448 4649 praesentem
3494 4578 3649 4632 illunt

2061 4667 2386 4737 ejurarunt,
2436 4668 2540 4723 hoe
2573 4676 2660 4724 est
2693 4667 2790 4725 Dei
2840 4683 2905 4726 ac
2957 4668 3175 4726 Domini
3214 4669 3507 4742 parricida:
3533 4710 3550 4734 ,
3593 4678 3650 4725 et

2061 4757 2306 4828 ejusdem
2343 4758 2440 4815 Dei
2474 4768 2786 4832 negatores.
2821 4761 3147 4832 Quanquam
3191 4778 3368 4833 neque
3410 4762 3650 4818 circum-

2060 4849 2330 4908 eisionem
2357 4852 2649 4916 adhibent,
2681 4868 2860 4924 neque
2884 4853 3053 4926 609
3078 4853 3376 4910 Sabbatum
3399 4895 3414 4921 ,
3441 4854 3650 4910 aliosve

2058 4940 2370 4999 Iudaeorum
2403 4943 2543 4999 ritus
2569 4943 2888 5000 observant.

445 5044 461 5075 ¹
491 5043 620 5099 For.
645 5045 838 5118 ὄνομα,
868 5059 922 5105 et
951 5049 1366 5122 προϊσχόμενον.
1442 5055 1462 5085 ³
1494 5053 1651 5110 Deut.
1679 5069 1753 5121 vt,
1777 5056 1832 5112 4.
1910 5057 1932 5088 ³

2064 5074 2128 5113 ιη.
2161 5074 2275 5122 xw,
2317 5058 2410 5114 10.
2481 5060 2505 5091 ⁸
2540 5057 2732 5115 Matth.
2762 5076 2818 5124 x,
2845 5058 2934 5115 52.

394 5274 405 5286 .
440 5203 520 5276 (1)
573 5205 676 5286 Ἐνῄ
701 5207 1362 5286 ἡμέραιςᾼὺρηλιανοῦ.
1386 5210 1500 5286 luto
1534 5229 1666 5269 vero
1697 5227 1801 5270 suo
1829 5214 1951 5268 Gal-

373 5274 514 5348 l_i_eno
557 5283 684 5346 post
731 5274 1060 5348 Dejuetriaui
1105 5274 1336 5348 obitum.
1388 5283 1659 5339 Eusebius
1718 5286 1816 5341 lib.
1871 5301 1952 5342 vn

375 5343 578 5426 Hister:
605 5361 726 5426 cap.
756 5347 849 5399 22.
884 5347 1149 5419 Imposuit
1197 5343 1503 5426 Epiphanio
1529 5354 1683 5426 quod
1709 5357 1812 5411 sub
1840 5355 1954 5409 Att-

374 5415 581 5494 reliano
642 5415 940 5494 damnatus
967 5415 1046 5494 iet
1127 5415 1444 5494 episcopatu
1509 5415 1759 5494 déjectus
1829 5437 1951 5494 est;

374 5485 618 5564 adeoque
645 5487 927 5544 Aureliani
930 5485 1197 5564 _de_creto,
1234 5485 1380 5564 quod
1414 5485 1715 5550 Christiani
1745 5485 1957 5557 antisti;

376 5562 459 5637 tes
496 5558 884 5625 impetrarunt.
927 5558 1034 5617 Sed
1085 5558 1465 5635 episcopatum
1525 5566 1735 5637 aliquot
1794 5569 1956 5623 annis

373 5635 500 5679 ante
532 5639 772 5694 ceperat.

443 5695 520 5774 (2)
568 5696 687 5774 τὴν
709 5701 946 5767 αἵρεσιν
964 5702 1503 5774 τοῦ-ῘΑρτέμων-ος.
1533 5705 1778 5762 Meminit
1837 5707 1948 5762 Ett-

375 5765 560 5849 sebius
592 5767 688 5849 li_b.
721 5765 780 5836 ν,
807 5787 930 5849 _ca_p.
1084 5765 1310 5843 Niceph'.
1336 5776 1428 5832 lib.
1459 5765 1534 5844 iv,
1561 5779 1786 5849 cap.20.
1815 5777 1951 5836 Vide

374 5834 514 5907 Aug.
545 5837 600 5890 in
629 5834 823 5895 haeresi
856 5834 1263 5901 Paulianorum.

2126 5218 2203 5287 (5)
2221 5217 2451 5286 Ὥσπερ
2466 5218 2672 5288 ἀμέλει
2693 5220 2841 5275 καὶὸ
2862 5219 3207 5286 Σαΰέλλιος.
3225 5217 3419 5274 Novati
3448 5233 3648 5276 nomen

2055 5303 2343 5358 perperam
2377 5290 2618 5359 irrepsit.
2661 5290 2798 5346 Nam
2849 5288 3167 5353 Novatiani,
3199 5288 3346 5359 quod
3399 5288 3647 5345 Trinita-

2056 5368 2165 5412 tem
2205 5360 2420 5423 attinet,
2457 5359 2592 5414 nihil
2635 5376 2666 5416 a
2696 5361 3002 5416 Catholicis
3045 5360 3455 5426 dissenserunt,
3491 5370 3548 5414 ut
3591 5364 3647 5417 itt

2057 5428 2358 5483 Annalibus
2383 5429 2571 5484 docuit
2595 5431 2795 5488 Baron.
2827 5446 2920 5486 an.
2950 5431 3083 5486 €65.

2132 5500 2211 5568 (6)
2245 5499 2485 5569 Τάληθοῆ
2512 5499 2709 5563 δὲ,ὅτι
2733 5504 2874 5557 οὔτε
2903 5499 3250 5570 περιτομήν.
3282 5497 3511 5556 Frustra
3545 5501 3646 5571 igi-

2063 5578 2153 5623 tur
2184 5571 2237 5623 in
2269 5571 2390 5639 ejus
2407 5571 2598 5626 haeresi
2627 5572 2956 5626 Philastrius
2980 5571 3462 5626 circumcisionem
3492 5572 3643 5626 illum

2065 5641 2323 5695 docuisse
2351 5643 2673 5708 conﬁrmat;
2701 5643 2846 5712 quod
2873 5657 3048 5710 neque
3074 5641 3435 5711 Augustinus,
3464 5658 3644 5712 neque

2059 5713 2321 5781 synodica
2384 5713 2475 5765 illa
2529 5713 2854 5769 Antiocltcni
2909 5713 3154 5774 concilii,
3199 5713 3345 5781 quo‘d
3379 5713 3647 5766 adversus

2057 5783 2314 5906 grandem
2350 5785 2688 5839 celebratum
2735 5790 2838 5851 est,
2873 5799 2974 5841 nec
3015 5785 3156 5840 alius
3197 5786 3490 5858 quisquam
3527 5797 3650 5852 pra-

2099 5869 2111 5903 t
2159 5863 2216 5906 tt.

2099 5863 2216 5908 tdtt.
