4008 6240
360 321 423 375 Π
992 321 1367 380 ADVERSUS
1407 322 1750 379 HJERESES
1784 322 1911 412 ιιο.

2060 321 2225 378 ΤΟΜ.
2269 323 2333 380 ll.
2375 355 2443 364 —
2482 321 2756 378 HERES.
2802 321 2961 378 LXV.
3549 321 3621 377 18

355 440 558 512 πονηρὰ
614 441 678 493 ἐκ
726 441 1049 512 νεότητος),
1102 443 1197 497 καὶ
1248 442 1522 516 ἄρξωνται
1571 444 1778 513 λέγειν·
1817 445 1931 498 Ούκ

2047 445 2201 500 minis
2235 445 2304 501 ab
2329 445 2614 516 iuventute
2642 443 2883 513 quodam
2914 455 2998 499 est
3025 442 3080 496 in
3120 441 3259 496 mala
3291 439 3471 497 studio
3497 456 3617 510 pro-

352 530 517 593 εἷπεν,
558 531 644 585 Ἐν
670 530 790 603 Θεῷ
812 529 879 605 ἦν
907 535 936 586 ό
961 534 1165 601 Λόγτος,
1210 535 1285 598 ὡς
1335 537 1429 589 καὶ
1469 538 1533 589 σὺ
1579 538 1706 607 φῂς,
1754 535 1888 589 ἀλλά
1914 577 1930 602 ,

352 625 501 693 Πρὸς
541 624 692 678 Θεὸν
729 617 815 691 ἦεν
849 629 881 678 ό
920 627 1131 696 Λόγος.
1161 628 1307 699 Ἀρα
1341 627 1471 697 γοῦν
1516 628 1615 681 οὐκ
1666 626 1813 680 ἐστιν
1863 629 1927 681 ἐκ

351 719 443 784 τῆς
472 716 819 779 ὑποστάσεως
865 715 960 769 τοῦ
1013 718 1225 789 Πατρὸς
1272 719 1301 771 ό
1350 718 1542 785 Λόγος,
1586 716 1721 771 ἀλλὰ
1774 716 1932 780 ἐκτὸς

349 805 480 858 Θεοῦ
514 808 541 859 ὁ
579 807 771 875 Λόγος.
813 807 984 861 Πάλιν
1023 809 1343 877 ἐπιστρέφει
1387 809 1745 881 διορθουμένη
1801 810 1928 873 τοὺς

347 899 545 967 ἑαυτῆς
584 899 735 962 υἱοὺς
780 900 808 968 ἡ
848 899 1117 970 Ἀλήθεια,
1152 900 1510 972 ὲξελέγχουσα
1552 902 1651 966 τὰς
1693 902 1931 963 διανοίας

345 993 445 1054 τὰς
497 994 615 1044 κατ’
671 991 844 1061 αὐτῆς
890 993 1293 1064 πορνευούσας·
1340 994 1432 1048 καί
1480 1012 1645 1065 φησιν
1691 995 1854 1059 αὐτὸς
1900 997 1928 1048 ό

345 1084 695 1154 Μονογενής·
740 1083 888 1154 Ἐγὼ
934 1085 1002 1137 ἐκ
1060 1086 1167 1139 τοῦ
1222 1086 1452 1155 Πατρός
1494 1086 1779 1156 ἐξῆλθον,
1826 1087 1926 1141 καὶ

345 1173 487 1241 ἥκω.
516 1174 623 1225 Καὶ
658 1170 848 1226 πάλιν·
895 1172 1042 1242 Ἐγπὼ
1072 1174 1142 1226 ἐν
1169 1174 1247 1239 τῷ
1284 1174 1487 1244 Πατρὶ,
1521 1176 1618 1229 καὶ
1650 1179 1682 1230 ό
1724 1175 1928 1245 Πατὴρ

346 1264 411 1316 ἐν
453 1264 605 1332 ἐμοί.
642 1264 701 1316 '0
744 1263 801 1316 δὲ
846 1265 904 1316 ὲν
946 1265 1060 1327 τοῖς
1112 1267 1420 1337 προφήταις
1472 1267 1600 1340 περὶ
1642 1265 1736 1319 τοῦ
1772 1266 1924 1331 Υῐοῦ,

346 1356 692 1426 σωματικοὺς
738 1356 877 1425 ἔχων
912 1356 1129 1425 ὄγκους,
1177 1359 1544 1429 νοηματικοὺς
1573 1359 1631 1412 δὲ
1666 1358 1804 1429 ἔχων
1838 1358 1927 1411 λό-

347 1465 500 1515 γους,
543 1447 997 1501 ὑποκαταϐαίνων
1048 1447 1145 1519 τὴν
1198 1448 1482 1503 ἀσθένειαν
1513 1450 1611 1520 τῆς
1644 1448 1927 1521 ἀνθρωπό-

337 1549 517 1602 τητος.
552 1534 630 1596 εἰς
663 1534 914 1605 αἴσθησιν
946 1536 1361 1606 παραστάσεως,
1407 1537 1496 1591 διὰ
1539 1537 1647 1591 τῶν
1679 1540 1736 1591 ὲν
1793 1539 1926 1609 ἡμῖν

341 1624 679 1695 γιγνομένων
710 1626 808 1695 τὴν
852 1627 1195 1697 παράστασιν
1230 1626 1324 1680 τοῦ
1361 1628 1515 1693 Υἱοῦ,
1554 1629 1635 1683 ὅτι
1670 1628 1727 1695 ἐξ
1760 1629 1923 1683 αὑτοῦ

343 1714 556 1785 ἀληθῶς
577 1716 896 1789 γεγέννηται
939 1718 1072 1781 Θεὸς
1114 1721 1178 1772 ὲκ
1207 1719 1365 1785 Θεοῦ,
1396 1719 1530 1783 Θεὸς
1561 1720 1813 1792 ἀληθινὸς
1858 1722 1923 1774 ὲκ

2037 533 2320 607 pensum),
2383 545 2546 606 atque
2594 534 2669 588 ita
2714 533 2895 589 dicere
2929 533 3314 604 aggrediantur
3347 549 3360 584 ;
3391 530 3509 585 Νοη
3544 534 3617 586 ita

2037 624 2259 695 scripsit
2290 624 2530 681 Joannes
2554 666 2568 689 ,
2600 622 2660 677 In
2695 623 2806 678 Deo
2837 634 2956 679 erat
2988 623 3225 678 Verbum
3253 663 3268 688 ,
3309 630 3368 676 ut
3400 631 3454 678 et
3499 622 3618 693 ipse

2035 731 2263 779 narras,
2292 716 2385 771 sed
2406 756 2419 779 ,
2462 715 2611 785 Apud
2638 714 2806 768 Deum
2841 722 2955 767 erat
2995 713 3238 768 Verbum.
3271 711 3454 780 Quare
3504 729 3618 769 non

2034 815 2118 862 cst
2147 823 2212 862 ex
2245 807 2424 864 Patris
2455 807 2760 863 substantia
2787 804 3023 860 Verbum
3046 846 3060 869 ,
3091 807 3186 861 sed
3219 814 3373 878 extra
3408 804 3604 861 Deum.

2036 894 2104 950 Ut
2135 896 2302 966 igitur
2331 896 2397 950 iis
2423 904 2716 961 occurrat,
2756 895 2895 951 ﬁlios
2926 909 3144 949 rursum
3174 909 3304 949 suos
3334 892 3618 965 corrigens

2035 987 2251 1043 Veritas
2278 987 2345 1042 ad
2374 987 2649 1043 saniorem
2680 994 2917 1043 mentem
2947 987 3159 1043 reducit
3184 1026 3199 1051 ,
3230 988 3619 1056 cogitationes-

2032 1094 2137 1149 que
2172 1079 2314 1133 velut
2345 1088 2537 1133 contra
2571 1094 2630 1134 se
2662 1079 2973 1134 meretricio
3006 1094 3158 1133 more
3189 1086 3498 1134 seortantes
3529 1094 3613 1135 re-

2031 1170 2272 1240 darguit.
2307 1169 2381 1224 lla
2416 1170 2652 1240 denique
2684 1168 3011 1240 Unigenitus
3040 1169 3156 1240 ipse
3194 1176 3475 1226 testatur:
3504 1167 3615 1239 Ego

2031 1279 2063 1315 η
2110 1260 2275 1317 Patre
2317 1261 2458 1315 exivi
2526 1270 2575 1314 et
2622 1261 2767 1315 venio
2808 1263 2852 1314 ⁸.
2892 1261 3025 1317 Item
3058 1280 3072 1316 :
3106 1261 3221 1332 Ego
3261 1262 3315 1314 in
3366 1259 3530 1314 Patre
3568 1267 3620 1313 et

2032 1351 2198 1407 Pater
2239 1354 2293 1407 in
2322 1369 2403 1407 me
2433 1361 2511 1406 est
2541 1352 2587 1411 ³.
2618 1353 2686 1406 At
2715 1351 2881 1407 Pater
2928 1352 2994 1408 de
3026 1351 3166 1407 Filio
3200 1368 3297 1424 per
3327 1351 3626 1423 prophetas

2031 1443 2297 1513 loquens,
2351 1458 2461 1498 non
2513 1442 2670 1513 quasi
2725 1457 2990 1513 corporea
3045 1443 3191 1499 mole
3237 1449 3485 1507 constet,
3523 1441 3619 1498 sed

2029 1534 2462 1605 iutelligibilibus
2493 1534 2677 1591 verbis
2706 1534 2965 1605 przeditus
2999 1542 3162 1605 atque
3219 1534 3286 1589 ad
3321 1535 3620 1589 humanam
3692 1544 3698 1557 ‘

2030 1642 2091 1683 se
2145 1627 2570 1683 imbecillitatem
2602 1628 3050 1692 accommodans,
3091 1644 3201 1698 quo
3251 1626 3467 1681 facilius
3521 1640 3621 1679 no-

2030 1723 2163 1776 stris
2184 1718 2347 1774 veluti
2372 1719 2626 1775 sensibus
2669 1735 2727 1775 se
2746 1719 2988 1788 objiciat,
3007 1734 3070 1773 ac
3089 1733 3184 1788 per
3200 1732 3287 1782 ea,
3309 1732 3429 1787 quae
3446 1717 3501 1770 in
3521 1730 3621 1770 no-

342 1805 472 1859 Θεοῦ
511 1807 787 1878 ἀληθινοῦ,
833 1808 933 1861 οὐκ
976 1808 1175 1874 ἔξωθεν
1207 1808 1305 1872 ὣν,
1334 1810 1472 1865 ἀλλὰ
1514 1813 1578 1864 ὲκ
1610 1812 1713 1881 τῆς
1759 1812 1925 1866 αὐτοῦ

2047 1808 2114 1864 )is
2143 1806 2298 1872 [iu-nt,
2333 1806 2530 1861 Filium
2563 1822 2722 1863 suum
2757 1806 3097 1861 demonstret
3128 1821 3158 1858 a
3178 1820 3236 1861 se
3277 1820 3465 1859 revera
3496 1818 3621 1859 esse

341 1900 561 1963 οὐσίας,
588 1901 785 1969 φάσκει
831 1902 889 1953 ὲν
934 1900 1013 1971 τῷ
1064 1902 1228 1955 Δαϐιδ
1272 1900 1479 1970 λέγων·
1530 1903 1631 1956 Ἐκ
1673 1905 1933 1973 γαστρὸς

341 1991 449 2058 πρὸ
493 1988 843 2059 Ἑωσφόρου
870 1992 1171 2062 ἐγέννησά
1209 2011 1301 2061 σε,
1329 1993 1405 2056 ὡς
1434 1996 1481 2049 οἱ
1533 1994 1932 2065 Ἐὅδομήκοντα

342 2081 728 2152 ἡρμήνευσαν·
788 2083 864 2146 ὡς
910 2082 968 2136 δὲ
1014 2084 1064 2136 οἱ
1118 2083 1266 2138 ἄλλοι
1324 2084 1541 2140 ὲκδόται
1607 2084 1712 2156 (5),
1772 2085 1932 2139 Ἀκύ-

340 2174 435 2237 λας
466 2174 601 2243 μέν·
651 2174 785 2228 Ἀπὸ
810 2174 1043 2245 μήτρας
1073 2176 1551 2247 ἐξωρθρισμένης
1584 2192 1684 2232 σοι
1712 2177 1931 2247 δρόσος

340 2266 725 2334 παιδιότητός
757 2281 903 2321 σου·
945 2268 1239 2339 Σύμμαχος
1272 2269 1356 2322 δέ·
1422 2270 1515 2336 Ὡς
1566 2269 1691 2323 κατ’
1719 2270 1933 2338 ὄρθρον

340 2359 570 2427 δρόσου
600 2361 637 2427 ἠ
671 2360 884 2427 νεότης
921 2376 1070 2415 σου·
1127 2361 1420 2416 Θεοδοτίων
1444 2363 1532 2416 δέ·
1578 2364 1677 2417 Ἐκ
1701 2362 1932 2432 μήτρας

342 2450 457 2505 ἀπὸ
484 2450 643 2519 πρωῒ
668 2450 951 2518 νεότητός
984 2467 1133 2505 σου·
1181 2451 1413 2524 Πέμπτη
1449 2453 1505 2506 δὲ
1539 2452 1780 2517 ἔκδυσις·
1828 2453 1931 2507 Ἐκ

339 2544 572 2613 μήτρας
584 2543 699 2598 ἀπὸ
715 2542 926 2612 ὄρθρου
949 2557 1047 2597 σοι
1064 2544 1284 2614 δρόσος
1299 2546 1369 2599 ἐν
1393 2547 1631 2615 νεότητί
1654 2564 1770 2601 σου
1790 2565 1802 2578 ·
1826 2546 1930 2619 ἠδὲ

343 2637 521 2705 ’Έκτη
552 2635 762 2698 ἕκδοσις
785 2650 797 2665 ·
824 2636 925 2689 Ἐκ
947 2635 1209 2704 γαστρὸς
1238 2635 1569 2703 ζητήσουσι
1597 2654 1689 2702 σε,
1712 2636 1931 2706 δρόσος

344 2726 768 2794 νεανικότητός
808 2742 954 2780 σου·
1017 2727 1076 2779 ὲν
1120 2725 1176 2778 δὲ
1227 2727 1305 2798 τῷ
1370 2726 1675 2799 Ἑϐραῖκῷ·
1721 2728 1932 2799 Μηρὲμ

343 2818 640 2887 μεσσαὰρ,
677 2817 933 2885 laxum,
970 2817 1286 2889 ιελεδεχέθ.

414 3099 601 3171 Ὅπερ
647 3100 765 3154 ἐστὶ
816 3101 1003 3169 σαφῶς
1062 3103 1158 3157 καὶ
1216 3103 1625 3173 ἀναμφιϐόλως·
1676 3107 1778 3159 Ἐκ
1827 3123 1933 3174 γα-

2039 1902 2281 1973 genitum
2302 1943 2316 1967 ,
2346 1899 2513 1955 Deum
2542 1916 2607 1956 ex
2640 1900 2748 1955 Deo
2766 1942 2782 1965 ,
2811 1898 2980 1955 Deum
3008 1914 3197 1954 verum
3228 1898 3294 1953 de
3325 1897 3435 1951 Deo
3464 1912 3623 1963 vero,

2039 2008 2149 2047 non
2182 1990 2527 2047 extrinsecus
2556 1991 2789 2046 ascitum
2812 2031 2827 2056 ,
2862 1991 2958 2047 sed
2989 2006 3057 2045 ex
3092 1989 3266 2060 ipsius
3305 1988 3615 2044 substantia

2039 2100 2430 2157 progressum;
2463 2083 2545 2139 sic
2580 2082 2745 2153 igitur
2786 2082 2926 2145 apud
2968 2080 3226 2136 Davidem
3263 2078 3618 2150 pronuntiat:

2041 2175 2125 2229 Ea:
2158 2183 2307 2229 utero
2339 2182 2459 2229 ante
2477 2173 2777 2242 Luciferum
2804 2174 2957 2243 genui
2990 2181 3038 2227 te
3070 2172 3119 2237 ",
3152 2171 3231 2226 uti
3267 2170 3623 2241 Septuaginta

2038 2268 2490 2337 interpretantur.
2544 2265 2623 2325 Ex
2671 2264 2795 2319 aliis
2846 2271 3026 2319 autem
3077 2263 3380 2318 editoribus
3425 2262 3623 2332 Aquila

2038 2356 2113 2409 ita
2147 2355 2364 2411 reddit:
2404 2355 2482 2408 Ab
2516 2364 2664 2409 utero
2709 2354 2947 2408 diluculo
2977 2356 3207 2409 excitato
3250 2355 3345 2407 tibi
3372 2370 3459 2408 ros
3501 2367 3624 2422 pue-

2038 2448 2178 2502 ritia:
2210 2457 2316 2501 tua:
2341 2464 2359 2513 ;
2392 2446 2757 2518 Symmachus
2787 2462 2951 2516 porro
2977 2466 2989 2501 :
3036 2446 3185 2500 Velut
3216 2446 3453 2501 diluculo
3484 2445 3621 2500 roris

2028 2540 2279 2610 juventus
2310 2549 2442 2603 tua;
2475 2538 2779 2593 Theodotio
2811 2553 2940 2593 vero
2967 2557 2979 2593 :
3010 2538 3094 2592 Ea:
3121 2548 3268 2593 utero
3297 2557 3327 2591 a
3358 2540 3622 2593 matutino

2040 2638 2262 2698 tempore
2286 2630 2578 2699 juventutis
2614 2639 2717 2684 tua:
2742 2644 2761 2693 ;
2789 2634 2845 2681 at
2878 2627 3081 2694 Quinta
3108 2629 3275 2684 editio
3314 2648 3326 2684 :
3364 2628 3447 2682 Er
3473 2638 3623 2683 utero

2040 2721 2105 2774 ab
2133 2721 2369 2775 diluculo
2405 2720 2497 2774 tibi
2531 2738 2617 2775 ros
2663 2722 2715 2775 in
2749 2721 3023 2789 juventute
3060 2732 3193 2776 tua:
3251 2720 3417 2775 Sexta
3462 2735 3626 2791 porro

2040 2813 2251 2869 editio:
2293 2811 2377 2865 Ea:
2406 2823 2556 2866 utero
2600 2823 2832 2883 quaerent
2882 2823 2962 2878 te,
3015 2828 3101 2866 ros
3144 2813 3434 2881 juventutis
3478 2821 3628 2873 tuaz;

2041 2911 2323 2976 postremo
2372 2904 2428 2959 in
2458 2902 2719 2958 Hebra‘o:
2756 2903 2954 2959 Merem
2995 2920 3233 2958 messaar
3273 2902 3439 2957 lactal
3486 2902 3628 2975 jele-

2041 2995 2272 3049 declteth.

2114 3102 2270 3174 Quod
2301 3106 2587 3162 manifeste
2620 3121 2684 3161 ac
2713 3106 2848 3159 citra
2895 3106 3059 3160 ullam
3093 3107 3503 3176 ambiguitatem
3551 3105 3635 3159 id-

344 3190 534 3259 στρός
567 3191 679 3260 πρὸ
707 3192 1049 3262 Ἑωσφόρου
1069 3194 1373 3263 ὲγέννησά
1392 3210 1484 3249 σε.
1507 3197 1580 3249 Τὸ
1606 3197 1713 3269 γὰρ
1756 3198 1942 3269 μηρὲμ

2047 3199 2224 3270 ipsum
2259 3198 2529 3269 significat
2560 3217 2572 3252 :
2606 3201 2691 3251 Ea:
2721 3207 2868 3252 utero
2905 3209 3027 3253 ante
3050 3197 3348 3267 Luciferum
3376 3198 3530 3269 genui
3565 3205 3632 3250 te.

347 3282 610 3349 γαστρός
658 3282 1052 3355 ὲστι·μεσσαὰρ
1079 3284 1136 3337 δὲ
1167 3284 1233 3338 τὸ
1260 3286 1660 3355 ὀρθριαίτερον
1672 3287 1937 3353 πάντων,

348 3374 492 3442 ὅπερ
522 3373 638 3425 ἐστὶ
675 3374 788 3441 πρὸ
842 3375 1218 3445 Ἑωσφόρου·
1269 3376 1507 3442 λακτὰλ,
1538 3378 1638 3431 και
1687 3379 1801 3448 πρὸ
1830 3378 1940 3447 τῆς

352 3462 584 3532 δρόσου
627 3463 892 3518 παιδίον·
924 3466 1214 3537 ῐελεδεχὲθ,
1244 3468 1491 3521 τουτέστι
1521 3468 1604 3533 τὸ,
1637 3468 1943 3540 ἐγέννησὰ

350 3568 461 3608 σε·
510 3556 655 3618 ὅπως
704 3556 769 3609 ὲκ
816 3555 908 3610 τοῦ
960 3557 1120 3626 λόγου
1158 3558 1369 3633 γνῴης,
1405 3562 1487 3614 ὅτι
1519 3563 1547 3615 ό
1581 3563 1944 3627 ὲνυπόστατος

353 3646 491 3708 Θεὸς
544 3647 715 3714 Λόγος
755 3648 828 3721 ’ὲκ
880 3648 1096 3719 Πατρὸς
1152 3650 1312 3718 φύσει
1374 3652 1493 3706 ἐστὶ
1547 3654 1945 3725 γεγεννημένος

353 3735 610 3806 ἀνάρχως
648 3737 742 3789 καὶ
773 3737 1037 3809 ἀχρόνως,
1068 3740 1175 3811 πρὸ
1201 3740 1296 3794 τοῦ
1325 3759 1379 3794 τι
1410 3738 1567 3796 εἶναι.
1603 3743 1678 3796 Οὐ
1709 3743 1815 3815 γὰρ
1853 3744 1945 3797 τὸν

370 3827 681 3898 Ἑωσφόρον
730 3830 887 3883 μόνον
917 3830 1069 3900 ἔλεγε
1116 3831 1208 3886 τὸν
1243 3832 1470 3906 ἀστέρα,
1504 3833 1681 3888 καίτοι
1712 3852 1775 3905 γε
1816 3837 1946 3893 πολ-

356 3917 470 3974 λῶν
498 3919 665 3973 ὄντων
695 3921 803 3973 τῶν
847 3920 1081 3994 ἄστρων,
1123 3926 1216 3977 καὶ
1257 3924 1408 3996 ἡλίου
1458 3926 1553 3980 καὶ
1588 3926 1841 4003 σελήνης,
1889 3933 1948 3985 ὲν

357 4013 425 4080 τῇ
480 4010 717 4082 τετάρτῃ
781 4011 965 4083 ἡμέρᾳ
1017 4014 1346 4084 γενομένων,
1409 4023 1827 4093 προγενομένων
1893 4023 1950 4077 δὲ

361 4101 659 4171 Θαλάσσης,
697 4102 790 4155 καὶ
823 4101 1014 4167 ξύλων,
1049 4104 1144 4157 καὶ
1174 4106 1437 4182 καρπῶν·
1481 4112 1862 4185 στερεώματός
1890 4131 1950 4168 τε

360 4192 466 4262 γῆς
490 4193 582 4246 καὶ
594 4192 653 4244 ού
664 4192 846 4262 ρανοῢ,
878 4195 971 4248 καὶ
983 4195 1232 4269 ἀγγέλων
1251 4201 1368 4272 ἅμα
1391 4204 1487 4258 σὺν
1502 4204 1712 4269 τούτοις
1733 4207 1952 4276 γεγονό-

361 4303 493 4339 των.
520 4284 683 4355 Elui}
704 4285 812 4356 γὰρ
829 4286 946 4362 ἅμα
976 4292 1192 4364 ούρανῷ
1218 4295 1312 4348 καὶ
1342 4298 1411 4367 γῇ
1443 4296 1537 4350 καλ⁴
1559 4296 1780 4366 ἄγγελοι
1806 4298 1953 4352 ἐκτίκ-

366 4376 712 4445 σῦησαν,οὐκ
727 4377 793 4434 ἂν
810 4377 962 4451 ἔλεγε
988 4382 1067 4451 τῷ
1103 4385 1244 4450 Ἰὼϐ,
1282 4388 1365 4440 ὅτι
1409 4389 1539 4442 Ὅτε
1578 4389 1956 4458 ἐγενήθησαν

364 4466 581 4539 ἄστρα,
614 4472 846 4541 ῇνεσάν
862 4491 937 4544 με
980 4476 1204 4542 πάντες
1235 4477 1479 4549 ἄγγελοί
1509 4498 1631 4550 μου
1667 4480 1857 4551 φωνῇ.
1884 4481 1958 4535 Τὸ

2041 3289 2160 3345 Vox
2219 3291 2365 3346 enim
2409 3290 2499 3344 illa
2564 3306 2755 3344 merent
2803 3289 2944 3345 idem
3002 3298 3087 3345 est
3146 3298 3310 3359 atque
3360 3297 3635 3356 eucntre;

2042 3400 2282 3437 messaar
2320 3396 2452 3436 vero
2495 3381 2735 3435 diluculo
2764 3398 2875 3450 pra:
2901 3381 3143 3436 omnibus
3165 3423 3179 3449 ,
3210 3382 3371 3453 611
3400 3381 3501 3436 hoc
3522 3389 3631 3444 est.

2043 3482 2165 3528 ante
2209 3470 2557 3539 Luciferum;
2603 3471 2799 3536 lactal,
2842 3470 2897 3525 id
2939 3479 3053 3539 est,
3095 3481 3249 3541 atque
3296 3482 3417 3527 ante
3466 3487 3638 3526 rorem

2043 3580 2304 3634 puerum;
2353 3562 2669 3633 ieledecheth
2689 3564 2925 3633 denique
2955 3564 3097 3620 idem
3131 3572 3217 3620 est
3257 3579 3321 3619 ac
3346 3567 3498 3635 genui
3550 3574 3597 3619 te
3620 3581 3639 3618 :

2045 3665 2105 3710 ut
2134 3671 2200 3709 ex
2228 3669 2294 3708 eo
2337 3669 2589 3709 sermone
2633 3669 2937 3726 cognoscas
2987 3654 3159 3718 Deum
3192 3654 3432 3711 Verbum
3462 3656 3638 3730 hypo-

2048 3746 2179 3803 stasi
2211 3745 2433 3820 propria
2460 3745 2749 3816 praeditum
2783 3762 2811 3802 a
2839 3746 3003 3808 Patre
3030 3763 3153 3807 esse
3178 3751 3420 3822 genitum
3443 3793 3458 3818 ,
3490 3752 3643 3806 nullo

2050 3854 2228 3912 neque
2280 3841 2473 3909 initio,
2520 3856 2699 3912 neque
2742 3849 3021 3913 tempore,
3068 3843 3397 3913 priusquam
3434 3843 3644 3914 aliquid

2051 3935 2200 3990 aliud
2237 3934 2527 3991 exsisteret
2556 3953 2569 3991 :
2603 3949 2729 3989 nam
2774 3951 2884 3989 non
2934 3933 3171 3990 Luciferi
3220 3935 3383 3990 modo
3428 3936 3643 3990 stellam

2051 4027 2355 4092 intellexit,
2396 4042 2521 4082 cum
2548 4027 2653 4082 alia
2682 4028 2791 4083 sint
2824 4028 3090 4097 permulta
3131 4027 3309 4083 sidera
3335 4067 3350 4093 ,
3399 4037 3531 4098 puta
3563 4026 3647 4082 sol

2051 4125 2107 4173 et
2137 4118 2286 4181 luna,
2306 4131 2423 4186 quae
2440 4116 2527 4171 die
2557 4124 2755 4185 quarto
2785 4114 3005 4169 condita
3029 4124 3176 4176 sunt,
3214 4120 3270 4167 et
3297 4120 3423 4168 ante
3459 4127 3644 4174 mare,

2053 4209 2279 4264 arbores
2302 4249 2317 4274 ,
2354 4208 2674 4278 fructusque
2714 4213 3037 4277 procreata;
3067 4213 3267 4276 praater
3301 4221 3421 4275 qua:
3465 4206 3647 4263 firma-

2054 4309 2298 4355 mentum
2344 4302 2539 4363 etiam,
2591 4313 2655 4352 ac
2707 4308 2888 4362 terra,
2938 4299 3250 4367 coelumque
3317 4296 3646 4367 productum

2054 4396 2173 4457 est,
2204 4399 2259 4446 et
2289 4391 2503 4461 angeli,
2536 4390 2631 4461 qui
2661 4406 2785 4445 eum
2839 4390 2947 4445 illis
2980 4390 3329 4446 exstiterunt.
3371 4387 3485 4444 Nisi
3501 4387 3648 4442 enim

2062 4497 2186 4537 cum
2224 4482 2364 4537 ctelo
2395 4488 2651 4552 terraque
2674 4482 2841 4537 creati
2870 4481 3049 4537 forent
3082 4482 3298 4553 angeli,
3330 4497 3439 4537 non
3469 4480 3636 4535 dixis-

367 4558 481 4629 οὖν,
514 4563 627 4631 πρὸ
669 4564 1030 4635 Ἑωσφόρου,
1060 4567 1148 4622 ἵνα
1169 4568 1300 4641 εἴπῃ
1330 4570 1434 4642 πρὸ
1459 4570 1553 4624 τοῦ
1604 4566 1744 4625 εἶναι
1774 4589 1829 4625 τι
1869 4575 1942 4629 κα

2069 4581 2152 4631 set
2198 4571 2350 4628 Job:
2395 4570 2528 4629 Cum
2570 4573 2718 4642 facta
2758 4583 2879 4628 sunt
2910 4573 3121 4639 sidera,
3168 4572 3521 4629 laudaveram
3570 4588 3653 4627 me

444 4742 458 4772 ¹
494 4740 619 4796 For.
656 4743 721 4795 ὲκ
741 4759 938 4812 γαστο.
1015 4746 1036 4776 ²
1060 4744 1218 4801 Joan.
1244 4761 1354 4815 μοι,
1395 4746 1485 4804 28.
1566 4748 1587 4780 ³
1614 4746 1778 4803 Joan.
1809 4765 1919 4815 xw,

2047 4792 2051 4805 .
2129 4749 2149 4782 ⁵
2178 4748 2326 4806 Psal.
2357 4766 2469 4817 etx,
2501 4750 2555 4806 5.

445 4920 523 4991 (5)
568 4923 667 4987 Ὠς
692 4922 760 4977 δὲ
807 4925 863 4977 οἱ
900 4924 1080 4979 ἄλλοι
1114 4924 1372 4979 exeam.
1408 4924 1698 4981 Paululum
1735 4926 1954 4982 diversa

376 4998 504 5067 sunt
535 5003 780 5067 veterum
810 4993 1171 5067 interpretum
1212 4998 1396 5067 verba,
1422 5013 1546 5067 qua;
1577 4999 1633 5051 in
1669 4998 1838 5053 variis
1866 4997 1956 5052 Bi-

376 5060 609 5136 bliorum
632 5060 971 5119 lectionibus
989 5060 1476 5121 circumferuntur.
1502 5065 1637 5121 Nam
1661 5083 1729 5122 ex
1747 5068 1957 5136 Aquilae

377 5134 615 5210 editione
640 5139 714 5187 ita
744 5137 1081 5210 cottcipitur:
1117 5136 1492 5210 Ἀπέζμῄτρας
1518 5134 1961 5210 ὲξωρθρισμένου

381 5218 461 5255 σοι
493 5203 684 5278 δρόσος
715 5203 1053 5278 παιδιότητός
1086 5224 1199 5261 σου.
1233 5203 1640 5278 Ε’Ξγίηιιιθρὴό
1670 5203 1833 5263 vero:
1869 5210 1964 5273 Ὠς

381 5275 511 5364 ἕατ’
531 5273 730 5364 spem»
770 5291 852 5364 σοι
890 5273 1367 5364 δρ’όσρς“ηνξότης
1395 5296 1524 5364 σουλ
1547 5277 1624 5363 Ex
1655 5280 1860 5364 Quinta
1878 5280 1968 5335 de-

382 5345 549 5423 nique
570 5343 731 5423 ελβκ
761 5343 981 5423 ,μήτρας
1011 5348 1103 5400 ἐπὶ
1127 5343 1325 5423 ὅρορού
1372 5366 1452 5402 σοι
1496 5343 1740 5423 δρόσοςὴ
1769 5350 1965 5423 νεότης

386 5412 497 5468 σου.
536 5412 677 5467 LXX
708 5412 781 5489 aAd'
829 5412 1051 5469 sensum
1105 5412 1287 5488 potius
1345 5412 1622 5489 quam'ad
1668 5412 1833 5476 verba
1887 5412 1967 5476 re-

384 5492 696 5561 Spererunt.
719 5484 894 5561 Quam
923 5484 1119 5561 autem'
1137 5491 1301 5561 varia:
1326 5484 1435 5544 tam
1455 5501 1769 5546 nostrorum
1799 5506 1963 5561 quam

388 5555 737 5628 rabbinorum
782 5557 895 5611 sint
925 5558 993 5611 de
1043 5572 1108 5611 eo
1156 5559 1277 5615 loco
1314 5563 1620 5628 sententiae,
1651 5579 1716 5617 ex
1745 5555 1964 5617 illorum

386 5626 792 5682 commentariis
844 5635 1093 5697 repetere
1155 5630 1301 5687 licet.
1384 5626 1615 5689 Hebrata'
1664 5634 1736 5687 ita
1803 5632 1965 5688 hodie

389 5729 776 5801 concipiuntur
844 5716 1021 5804 -ιη-εὸν
1080 5717 1161 5793 '78:
1221 5718 1294 5799 πΒ
1361 5748 1548 5815 anan;
1614 5748 1811 5804 tamn.
1850 5739 1967 5798 Hoc

2061 4924 2310 4982 est:Ea;
2379 4935 2560 4991 utero,
2615 4937 2735 4981 ante
2800 4943 3076 4988 auroram.
3133 4929 3216 4982 vel
3281 4929 3346 4982 ab
3405 4945 3650 4992 aurora,

2064 5018 2161 5074 tibi
2192 5034 2277 5072 ros
2308 5019 2601 5073 nativitatis
2629 5027 2754 5073 tute.
2788 5018 2928 5073 LXX
2980 5020 3229 5091 legerunt
3261 5005 3456 5100 ηνῇήν
3487 5019 3646 5089 genui

2070 5109 2309 5183 te.AHinc
2358 5111 2502 5181 apud
2555 5110 2922 5183 Epiphaniam
2972 5127 3073 5183 pro
3117 5112 3382 5183 ἰελεδὲχεθ
3416 5112 3653 5183 fortasse

2073 5181 2515 5253 substituendum
2559 5190 2644 5253 est
2672 5182 2942 5253 ιελεδεθὲχ
2966 5181 2989 5242 ξ
3014 5191 3071 5237 ιιι
3104 5184 3157 5237 in
3190 5181 3452 5253 Hexiaplis
3486 5182 3651 5237 Octa-

2069 5252 2241 5324 plisve
2269 5253 2430 5324 colon
2461 5252 3098 5324 illudqrepracsentabat,
3151 5254 3206 5308 in
3239 5269 3349 5324 quo
3373 5252 3649 5324 llebraica

2069 5321 2274 5394 Graecis
2308 5322 2725 5394 c_haracteribus
2762 5324 2966 5394 scripta
2997 5321 3337 5393 legebantur.
3365 5321 3486 5377 Jam
3512 5321 3659 5378 illud.

2069 5391 2276 5465 λακτάλ
2322 5392 2659 5465 Epiphanius
2695 5391 2892 5465 vertit,—
2916 5394 3012 5447 xui.
3044 5391 3151 5465 ergo
3189 5394 3286 5465 τῆς
3309 5395 3501 5465 δρόσου
3521 5411 3650 5448 παι-

2068 5462 2197 5516 δίον.
2230 5462 2360 5529 Quae
2380 5462 2508 5519 sunt
2537 5464 2647 5518 duo
2671 5480 2735 5518 ac
2767 5464 2984 5519 diversa
3020 5462 3171 5520 vocis
3211 5462 3456 5535 ejusdem
3510 5466 3663 5537 glos-

2070 5560 2300 5608 semata.
2326 5538 2409 5613 51:
2434 5565 2601 5605 rorem
2627 5553 2916 5623 signiﬁcat.
2955 5536 3080 5619 #513,
3113 5554 3194 5610 vel
3221 5539 3361 5616 rbu,
3393 5536 3647 5615 vel-mh:

2066 5638 2291 5691 puerum
2324 5633 2377 5679 et
2406 5626 2669 5694 infantem
2697 5623 2834 5688 ;sed
2860 5624 3179 5692 Chaldaice,
3216 5642 3323 5682 non
3362 5626 3648 5682 Hebraice.

2070 5694 2253 5819 Quare
2285 5694 2554 5819 tnihilad
2598 5693 2745 5750 hunc
2800 5694 2985 5751 locum
3026 5698 3298 5769 posterior
3340 5697 3448 5755 ista
3497 5696 3665 5754 notio-

2072 5778 2165 5836 per
2194 5780 2281 5821 me
2309 5803 2324 5818 .
