4008 6240
268 185 337 242 19
1643 187 1698 240 S.
1742 186 2086 245 EPlPllANll
3461 188 3534 246 20

268 314 448 352 omnes
501 295 675 368 angeli
720 299 822 352 mei
863 313 982 353 uoce
1024 314 1124 353 sua
1156 298 1196 355 ί.
1246 297 1434 370 itaque
1481 315 1642 358 voces
1698 304 1842 371 illm,

1954 301 2367 377 κτισθῆναι.Ἦν
2384 305 2490 378 γὰρ
2505 305 2591 360 ἀεὶ
2608 306 2779 376 Λόγος
2798 306 2893 360 σὺν
2907 303 3082 378 Πατρί
3099 321 3112 335 ο
3130 305 3210 359 Δι’
3225 302 3413 358 αὐτοῦ
3425 303 3535 375 γὰρ

267 397 389 442 ante
451 387 791 460 Luciferum,
847 390 986 446 idem
1041 391 1351 463 signiﬁcant
1413 407 1476 448 ac
1519 394 1566 448 si
1614 395 1849 462 diceret,

1959 385 2156 450 πάντα
2182 396 2411 468 γέγονε,
2443 399 2540 452 καὶ
2576 398 2756 468 χωρὶς
2791 397 2984 452 αὑτοῦ
3009 397 3245 468 ἐγένετο
3275 394 3418 450 οὐδὲ
3439 395 3531 448 ἐν.

267 483 589 554 priusquam
620 491 768 540 esset
795 484 1236 558 condereturque
1305 488 1609 559 quidpiam.
1684 487 1923 545 Verbum
1962 491 2108 546 enim
2173 508 2300 546 cum
2343 491 2505 547 Patre
2545 507 2762 563 semper
2811 493 3038 549 exstitit.
3065 489 3200 546 Nam
3241 507 3333 560 per
3363 489 3536 560 ipsum

267 577 447 630 omnia
479 577 626 645 facta
655 587 814 644 sunt,
846 588 896 634 et
923 581 1036 635 sine
1066 582 1179 650 ipso
1210 581 1409 650 factum
1439 593 1516 638 est
1549 583 1698 638 nihil.

337 666 404 722 V.
427 667 636 724 Etenim
671 669 819 725 dicat
845 672 1042 742 aliquis
1063 688 1075 723 :
1096 673 1332 744 Angelos
1363 683 1490 730 ante
1515 676 1694 732 sidera
1723 691 1846 734 esse

269 761 610 818 monstrasti.
660 759 816 828 Quod
851 771 1032 819 autem
1064 764 1229 820 simul
1263 779 1388 821 cum
1421 767 1562 824 coelo
1589 775 1847 840 terraque

270 850 565 920 productos
615 867 740 908 esse
794 851 1002 918 dixisti,
1047 854 1184 911 cedo
1231 871 1470 928 quanam
1528 859 1583 914 Id
1633 861 1845 917 ratione

264 940 676 1011 comprobasti?
703 940 894 999 Nonne
923 952 1049 1001 ante
1071 945 1270 1001 coelum
1300 963 1365 1003 ac
1394 957 1595 1004 terram
1620 952 1846 1006 omnino

263 1031 630 1100 prodierunt?
661 1031 942 1105 Nusquam
987 1037 1132 1092 enim
1176 1047 1364 1111 aperte
1392 1038 1675 1114 Scriptura
1703 1052 1841 1099 tem-

264 1137 366 1192 pus
417 1125 683 1193 expressit
735 1141 846 1196 quo
891 1128 1066 1199 angeli
1113 1131 1382 1200 procreati
1441 1140 1591 1188 sunt.
1649 1132 1826 1189 Actu

263 1211 482 1296 quidem
509 1215 723 1284 priores
747 1217 870 1275 illos
907 1220 1181 1277 sideribus
1225 1224 1504 1280 exstitisse
1548 1239 1659 1280 non
1701 1226 1844 1282 male

263 1303 680 1362 demonstrasti.
734 1308 953 1380 Alioqui
995 1313 1138 1366 enim
1172 1314 1446 1382 quomodo
1473 1313 1641 1370 Deum
1664 1316 1736 1372 ob
1760 1315 1842 1370 fa-

263 1394 472 1450 bricata
519 1397 700 1454 sidera
749 1401 1150 1472 praedicarent?
1198 1401 1309 1460 Nos
1345 1412 1527 1460 autem
1572 1397 1848 1480 cujusque

263 1489 580 1558 quaestionis
620 1493 1038 1552 dissolutionem
1091 1511 1202 1552 non
1246 1513 1312 1554 ex
1366 1499 1585 1570 ingenio
1627 1510 1840 1566 nostro,

263 1581 358 1636 sed
393 1596 460 1637 ex
493 1582 904 1656 Scripturarum
947 1589 1092 1646 serie
1119 1605 1184 1645 ac
1215 1595 1613 1663 consequentia
1649 1594 1843 1651 aﬂ‘erre

2025 673 2102 726 E'.
2134 671 2318 737 Λέξειε
2346 671 2390 726 δ’
2421 673 2488 728 ἄν
2516 689 2617 738 τις’
2651 672 2901 738 Ἐδειξας
2927 672 3005 742 (6)
3035 668 3173 728 εἶναι
3195 672 3301 745 πρὸ
3319 673 3536 746 ἄστρων

1952 765 2079 828 τοὺς
2109 765 2392 834 ἀγγέλους·
2435 763 2552 836 ἅμα
2585 765 2641 818 δὲ
2672 765 2887 838 οὐρανῷ
2911 765 3006 819 καὶ
3035 767 3106 836 γῇ
3137 765 3362 831 τούτους
3400 767 3537 838 ἔφης

1950 855 2254 924 γεγονέναι.
2309 855 2482 925 Πόθεν
2553 856 2848 926 πεποίησαι
2901 855 3002 926 τὴν
3059 854 3363 923 ἀπόδειξιν;
3411 857 3534 926 λέγε

1949 948 2101 1018 ἡμῖν·
2135 947 2256 1017 οὐχὶ
2287 949 2392 1019 ἄρα
2425 948 2531 1020 πρὸ
2551 947 2645 1001 τοῦ
2672 947 2904 1021 οὐρανοῦ
2935 947 3151 1019 καὶτῆς
3187 947 3294 1018 γῆς
3317 949 3536 1014 πάντως

1950 1039 2267 1107 γεγόνασιν;
2336 1039 2570 1110 οὐδαμοῦ
2617 1041 2726 1112 γὰρ
2782 1039 3070 1110 τηλαυγῶς
3142 1040 3397 1110 σημαίνει
3443 1040 3536 1096 τον

1950 1129 2140 1200 χρόνον
2177 1131 2278 1202 τῆς
2310 1130 2417 1184 τῶν
2454 1131 2704 1200 ἀγγέλων
2741 1131 3011 1202 ποιήσεως
3036 1149 3050 1162 ο
3085 1131 3182 1184 καὶ
3203 1131 3286 1185 ὅτι
3312 1132 3411 1202 μὲν
3436 1149 3537 1186 κα..

1949 1219 2058 1283 λῶς
2101 1219 2295 1282 αὐτοὺς
2344 1218 2550 1284 ἔδειξας
2602 1214 2740 1272 εἶναι
2790 1219 2897 1291 πρὸ
2945 1219 3181 1289 ἄστρων.
3218 1220 3281 1273 Ei
3315 1221 3536 1292 μὴ’γὰρ

1946 1307 2108 1384 ἦσαν,
2136 1310 2254 1375 πῶς
2281 1310 2484 1382 ὕμνουν
2516 1311 2651 1366 Θεὸν
2679 1311 2773 1366 ἐπὶ
2802 1314 2868 1382 τῇ
2899 1311 3010 1364 τῶν
3041 1311 3258 1384 ἄστρων
3287 1313 3532 1384 ποιήσει;

1959 1401 2148 1474 Ἡμεῖς
2175 1401 2230 1457 δὲ
2261 1403 2500 1476 ἑκάστην
2531 1404 2849 1475 ζητήματος
2876 1403 3095 1475 εὕρεσιν
3126 1404 3226 1458 οὐκ
3248 1405 3359 1458 ἀπὸ
3389 1405 3534 1460 ἰδίων

1945 1491 2221 1564 λογισμῶν
2263 1494 2540 1566 δυνάμεθα
2566 1494 2770 1564 λέγειν,
2805 1494 2940 1548 ἀλλὰ
2965 1495 3075 1550 ἀπὸ
3103 1495 3204 1566 τῆς
3247 1495 3357 1550 τῶν
3389 1496 3534 1568 Γρα-

1945 1583 2059 1652 φῶν
2095 1585 2430 1650 ἀκολουθίας.
2465 1587 2764 1659 Τηλαυγῶς
2783 1586 2892 1658 γὰρ
2932 1587 3187 1659 σημαίνει
3223 1589 3252 1642 ό
3273 1586 3368 1641 τοῦ
3398 1587 3533 1642 Θεοῦ

261 1689 580 1746 possumus.
623 1655 806 1750 iAtqui
866 1681 1001 1739 illud
1057 1683 1340 1742 evidenter
1388 1655 1610 1745 divinus
1659 1704 1842 1746 sermo

1954 1676 2122 1743 λόγος.
2152 1677 2234 1731 ὄτι
2250 1677 2372 1731 οὔτε
2405 1655 2542 1748 μετά
2564 1679 2632 1732 τὰ
2657 1655 2832 1750 όὶστρα
2848 1655 3135 1749 γεγόνασιν
3157 1678 3535 1748 ἄγγελοι,οῦτε

261 1769 527 1838 declarat,
581 1786 762 1842 neque
816 1782 941 1844 post
1001 1773 1186 1831 sidera
1239 1778 1540 1848 productos
1595 1765 1838 1852 angelos,

261 1877 440 1933 neque
471 1873 599 1920 ante
627 1865 827 1922 coelum
858 1875 1168 1940 terramque
1196 1871 1550 1930 constitutos.
1578 1871 1672 1930 Est
1697 1875 1842 1930 enim

254 1961 412 2008 certa
465 1954 556 2009 illa
590 1963 644 2011 et
679 1956 1040 2016 immutabilis
1095 1962 1405 2030 sententia,
1459 1975 1590 2020 ante
1638 1966 1841 2021 coelum

261 2059 328 2099 ac
373 2051 580 2099 terram
623 2044 758 2100 nihil
792 2049 1018 2104 omnino
1061 2050 1404 2106 conditarum
1451 2068 1634 2108 rerum
1670 2054 1843 2110 exsti-

261 2133 417 2198 tisse,
443 2135 703 2204 quoniam
735 2135 805 2192 In
854 2138 1118 2208 principio
1159 2140 1354 2194 creavit
1387 2139 1528 2194 Deus
1567 2143 1754 2196 caztum
1794 2151 1844 2196 et

263 2237 463 2282 terram
493 2228 536 2294 ’,
563 2235 621 2282 ut
653 2227 784 2284 illud
817 2228 890 2285 sit
915 2231 1138 2288 creandi
1164 2232 1516 2302 principium,
1549 2241 1676 2288 ante
1697 2233 1842 2304 quod

262 2317 466 2372 creatis
499 2331 568 2372 ex
595 2317 759 2374 rebus
787 2321 1013 2376 omnino
1041 2323 1190 2378 nulla
1224 2321 1408 2378 fuerit.

335 2402 700 2470 Quamobrem
741 2423 852 2466 non
887 2416 1088 2480 potest,
1122 2409 1200 2466 uti
1227 2411 1488 2481 diximus,
1514 2413 1660 2484 quod
1692 2413 1836 2470 inest

264 2495 321 2548 in
357 2494 582 2553 homine
623 2500 875 2564 verbum,
928 2501 1093 2556 homo
1116 2505 1448 2572 nuncupari,
1483 2503 1578 2560 sed
1608 2505 1845 2561 hominis

263 2588 513 2643 verbum.
565 2587 720 2655 Quod
747 2588 794 2646 si
819 2589 914 2646 Dei
948 2591 1190 2648 Verbum
1227 2591 1370 2648 Deus
1399 2605 1502 2658 est,
1539 2593 1844 2650 subsisten-

263 2679 342 2732 tia
401 2677 628 2734 minime
676 2686 860 2746 caret;
921 2680 1169 2750 adeoque
1217 2679 1364 2737 Deus
1419 2679 1658 2736 Verbum
1708 2684 1842 2740 sub-

265 2770 436 2836 sistit,
490 2786 520 2824 a
579 2771 690 2827 Deo
743 2771 1001 2844 genitus,
1052 2773 1172 2830 sine
1217 2773 1376 2828 initio
1425 2772 1536 2832 ullo
1590 2789 1654 2829 ac
1709 2781 1842 2829 tem-

263 2879 435 2934 pore:
475 2862 700 2918 Verbum
761 2865 906 2920 enim
960 2881 1087 2920 caro
1141 2865 1345 2934 factum
1401 2873 1518 2930 est,
1583 2874 1634 2920 et
1691 2865 1846 2920 habi-

1944 1768 2052 1838 πρὸ
2078 1769 2307 1840 οὐρανοῦ
2356 1769 2451 1822 καὶ
2484 1769 2606 1840 γῆς,
2645 1768 2834 1838 σαφῶς
2886 1769 3223 1838 ἀμεταθέτου
3254 1770 3408 1834 ὄντος
3439 1769 3534 1824 τοῦ

1946 1857 2136 1930 ῥητοῦ,
2159 1861 2242 1914 ὅτι
2275 1861 2382 1932 πρὸ
2403 1859 2635 1932 οὐρανοῦ
2685 1861 2778 1914 καὶ
2799 1861 2902 1931 γῆς
2931 1861 3084 1914 οὐδὲν
3117 1857 3186 1933 ἦν
3213 1860 3322 1915 τῶν
3355 1878 3536 1916 κεκτι-

1946 1953 2174 2023 σμένων·
2208 1953 2291 2006 ὅτι
2353 1953 2450 2006 Ἐν
2485 1952 2642 2023 ἀρχῇ
2677 1952 2968 2020 ἐποίησεν
3011 1956 3045 2008 ὁ
3091 1953 3236 2021 Θεὸς
3277 1953 3384 2008 τὸν
3433 1954 3537 2008 οὺ-

1938 2041 2129 2107 ρανὸν
2163 2041 2263 2094 καὶ
2290 2039 2405 2112 τὴν
2429 2041 2566 2112 γῆν,
2599 2042 2672 2106 ὡς
2705 2044 2880 2117 ἀρχῆς
2925 2041 3091 2116 οὔσης
3133 2045 3382 2111 κτίσεως,
3441 2044 3536 2099 καὶ
3649 2085 3652 2088 λ

1944 2129 2095 2184 οὐδὲν
2119 2132 2224 2202 πρὸ
2258 2132 2429 2200 αὐτῆς
2471 2133 2578 2186 τῶν
2610 2134 3012 2205 κεκτισμένων.

2014 2403 2089 2456 Οὐ
2115 2401 2334 2457 δύναται
2359 2399 2474 2468 οῦν,
2507 2403 2583 2469 ὡς
2617 2407 2896 2477 προεῖπον,
2923 2406 2950 2459 ό
2977 2407 3032 2459 ὲν
3060 2405 3332 2478 ἀνθρώπῳ
3356 2407 3532 2476 λόγος,

1945 2492 2042 2547 ἄνθ
2049 2511 2231 2565 ρωπος
2251 2495 2551 2556 καλεῖσθαι,
2583 2495 2717 2550 ἀλλὰ
2731 2496 2888 2566 λόγος
2908 2496 3215 2568 ἀνθρώπου.
3233 2498 3296 2551 Ei
3311 2499 3366 2552 δὲ
3387 2501 3414 2553 ὁ
3429 2501 3531 2554 Λό-

1945 2599 2042 2651 γος
2067 2582 2161 2636 τοῦ
2191 2582 2324 2637 Θεοῦ
2340 2584 2472 2648 Θεός
2490 2585 2657 2651 ἐστιν,
2675 2585 2775 2638 οὐκ
2791 2585 2936 2638 ἔστιν
2958 2585 3326 2648 ἀνυπόστατος
3343 2585 3534 2654 Λόγος,

1945 2674 2083 2728 ἀλλὰ
2096 2676 2184 2728 ὲνυ
2191 2678 2454 2740 πόστατος
2467 2675 2598 2741 Θεὸς
2617 2677 2787 2744 Λόγος
2797 2678 2861 2730 ὲκ
2879 2675 2976 2730 τοῦ
2991 2675 3125 2730 Θεοῦ
3142 2693 3368 2748 γεγεννη
3377 2676 3536 2747 μένος

1947 2769 2049 2824 ἀνά
2057 2787 2198 2840 ρχως
2211 2769 2303 2822 καὶ
2317 2769 2579 2840 ἀχρόνως·
2597 2769 2659 2824 '0
2671 2770 2780 2842 γὰρ
2793 2770 2983 2840 Λόγος
2995 2770 3150 2838 σὰρξ
3165 2768 3422 2840 ἐγένετο,
3437 2769 3534 2823 καὶ

1947 2858 2304 2925 ἐσκήνωσεν
2323 2859 2393 2913 ἐν
2409 2859 2573 2928 ἡμῖν,
2599 2861 2697 2914 καὶ
2720 2859 2961 2928 εἴδομεν
2985 2859 3101 2928 τὴν
3117 2859 3306 2924 δόξαν
3325 2859 3534 2924 αὑτοῦ,

265 2955 396 3008 tavit
449 2955 503 3008 in
551 2955 736 3022 nobis,
780 2964 830 3011 et
884 2954 1112 3010 vidimus
1160 2957 1388 3028 gloriam
1436 2955 1574 3026 ejus.
1620 2955 1842 3028 gloriam

1954 2949 2138 3014 δόξαν
2159 2951 2240 3016 ὡς
2260 2951 2642 3020 Μονογενοῦς
2669 2949 2828 3020 παρὰ
2870 2951 3120 3019 Πατρός,
3161 2952 3402 3021 πλήρης
3431 2950 3538 3022 χάμ

262 3047 420 3116 quasi
458 3039 726 3117 Unigeniti
767 3063 802 3101 a
849 3045 1045 3114 Patre,
1094 3047 1306 3118 plenum
1351 3047 1541 3118 gratim
1583 3049 1747 3120 612
1795 3060 1845 3104 et

1954 3057 2108 3108 ριτος
2135 3042 2233 3095 καὶ
2262 3043 2567 3110 ἀληθείας.
2619 3042 2902 3111 Ἰωάννης
2932 3043 3228 3113 μαρτυρεῖ
3272 3045 3406 3114 περὶ
3433 3046 3538 3098 αὺ-

265 3138 524 3192 ueritatis.
571 3137 804 3193 Joannes
832 3137 897 3193 de
922 3138 1016 3193 illo
1041 3147 1284 3205 testatur,
1321 3151 1372 3196 et
1405 3141 1603 3197 clamat
1631 3140 1807 3195 dicens
1827 3157 1845 3194 :

269 3227 376 3282 Hic
421 3239 501 3284 est
556 3245 708 3300 quem
750 3230 867 3283 dixi
909 3230 1053 3284 vobis
1078 3247 1096 3284 :
1129 3230 1235 3298 Qui
1272 3242 1392 3301 post
1423 3249 1504 3288 me
1525 3233 1686 3299 venit,
1722 3241 1844 3286 ante

266 3336 350 3374 me
379 3319 556 3388 factus
589 3327 688 3385 est,
737 3319 864 3390 quia
919 3319 1068 3388 prior
1115 3335 1196 3373 me
1240 3329 1354 3374 erat
1390 3319 1448 3376 'z
1491 3319 1581 3374 hic
1615 3319 1763 3374 venit
1792 3320 1848 3373 in

267 3410 554 3476 mundum,
611 3417 672 3466 ut
723 3410 965 3466 salvetur
1017 3409 1256 3467 mundus
1311 3425 1405 3481 per
1461 3411 1713 3482 ipsum‘.
1777 3409 1846 3466 In

267 3501 465 3557 mundo
516 3512 654 3567 erat,
679 3512 728 3558 et
781 3503 1010 3558 mundus
1058 3519 1152 3574 per
1201 3504 1376 3574 ipsum
1417 3505 1593 3575 factus
1641 3513 1743 3570 est,
1799 3513 1848 3558 et

267 3593 496 3650 mundus
525 3611 644 3650 eum
680 3611 785 3650 non
812 3597 1050 3666 cognovit
1083 3596 1130 3651 β.
1157 3595 1320 3654 Vides
1350 3597 1688 3669 unigenitum
1717 3595 1850 3652 Ver-

269 3687 444 3742 bum?
482 3686 646 3743 Vides
675 3688 730 3742 in
780 3687 987 3742 mundo
1032 3687 1364 3760 completum
1413 3687 1556 3744 inter
1599 3687 1851 3744 homines

268 3795 336 3836 ac
379 3779 596 3850 plenam
637 3796 666 3836 a
714 3779 878 3836 Patre
914 3779 1190 3851 Unigeniti
1218 3779 1445 3851 gloriam
1475 3780 1852 3835 obtinentem?

265 3871 386 3928 Non
417 3879 480 3927 ut
515 3871 675 3929 Pater
703 3873 822 3944 ipse
851 3873 921 3930 sit
945 3871 1209 3934 Verbum.
1240 3879 1334 3927 aut
1361 3886 1487 3928 cum
1518 3869 1699 3928 Verbo
1724 3887 1852 3927 coa-

271 3964 482 4018 lescens
525 3963 861 4034 apparuerit,
897 3963 1046 4019 velut
1089 3963 1253 4018 homo
1300 3962 1632 4026 eumverbo
1677 3963 1852 4028 ipsius

269 4035 518 4122 apparet,
559 4068 739 4124 neque
772 4053 923 4109 illius
950 4054 1180 4110 verbum
1215 4066 1480 4124 apparere
1509 4061 1710 4124 potest,
1745 4055 1851 4108 nisi

269 4143 414 4198 adsit
444 4143 539 4214 qui
583 4143 716 4198 illud
767 4144 1062 4215 eloquitur.
1098 4141 1328 4198 Cuinam
1379 4143 1544 4214 igitur
1576 4143 1852 4198 adhibebo

269 4235 476 4292 ﬁdem?
511 4235 744 4292 Cuinam
787 4237 1095 4294 assentiar?
1141 4236 1183 4289 Α
1227 4236 1556 4306 quibusnam
1597 4235 1764 4290 vitam
1795 4236 1850 4290 in

1947 3132 2076 3198 τοῦ,
2131 3133 2228 3187 καὶ
2260 3133 2516 3204 κέκραγε
2555 3133 2768 3204 λέγων·
2815 3130 3004 3202 Οὗτός
3047 3135 3220 3190 ἐστιν
3261 3135 3334 3190 ὃν
3364 3131 3539 3190 εἷπον

1947 3225 2110 3295 ὑμῖν·
2174 3227 2238 3281 '0
2269 3229 2464 3283 ὀπίσω
2497 3248 2618 3300 μου
2675 3231 2998 3300 ἐρχόμενος
3033 3229 3376 3302 ἔμπροσθέν
3418 3249 3536 3302 μου

1949 3315 2215 3388 γέγονεν,
2247 3319 2334 3374 ὅτι
2361 3320 2592 3389 πρῶτός
2617 3339 2736 3391 μου
2785 3318 2885 3393 ἦν.
2922 3314 3091 3388 οὗτος
3130 3318 3293 3394 ἦλθεν
3317 3324 3396 3386 εἰς
3445 3323 3538 3376 τὸν

1949 3409 2173 3479 κόσμον,
2205 3410 2293 3462 ἵνα
2315 3411 2460 3482 σωθῇ
2487 3412 2515 3464 ό
2544 3412 2748 3482 κόσμος
2768 3412 2836 3469 δι’
2869 3414 3057 3468 αὐτοῦ.
3111 3415 3214 3469 Ἐν
3235 3411 3316 3479 τῷ
3331 3415 3540 3484 κόσμῳ

1949 3497 2047 3571 ἦν,
2080 3501 2178 3555 καὶ
2208 3505 2240 3556 ὀ
2274 3503 2502 3572 κόσμος
2531 3503 2809 3561 διἀῠτοῦ
2831 3506 3087 3578 ἐγένετο,
3123 3505 3222 3560 καὶ
3253 3508 3286 3560 ὁ
3311 3506 3540 3575 κόσμος

1950 3594 2138 3647 αὑτὸν
2168 3595 2278 3648 οὐκ
2306 3595 2480 3664 ἔγνω.
2519 3597 2684 3670 Ὁρᾷς
2719 3599 2983 3670 μονογενῆ
3013 3597 3218 3667 Λόγον;
3275 3595 3438 3667 ὐρᾷς
3477 3597 3536 3649 ὲν

1954 3684 2145 3755 κόσμῳ
2205 3685 2637 3758 πεπληρωμένον
2691 3689 2750 3742 ὲν
2784 3687 3151 3758 ἀνθρώποις,
3209 3686 3307 3741 καὶ
3355 3685 3537 3758 πλήρη

1951 3776 2142 3848 ἔχοντα
2173 3777 2331 3844 δόξαν
2365 3779 2704 3850 Μονογενοῦς
2739 3779 2890 3852 παρὰ
2925 3780 3177 3850 Πατρός;
3215 3780 3316 3850 οὐχ
3339 3777 3415 3842 ὡς
3444 3777 3538 3832 τοῦ

1953 3869 2166 3939 Πατρὸς
2189 3871 2341 3935 ὄντος
2374 3872 2567 3941 Λόγουο
2591 3871 2652 3925 οὐ
2680 3871 2889 3944 Πατρὸς
2921 3870 3036 3941 ἅμα
3074 3869 3234 3940 Λόγῳ
3271 3869 3537 3940 συναλιφῇ

1951 3962 2284 4031 πεφηνότος·
2315 3963 2391 4026 ὡς
2419 3963 2705 4035 ἄνθρωπος
2751 3963 2868 4033 ἅμα
2901 3962 2978 4033 τῷ
3012 3961 3206 4016 ἑαυτοῦ
3231 3960 3373 4031 λόγῳ
3409 3977 3537 4029 φαι-

1953 4056 2196 4121 νόμενος,
2231 4054 2326 4107 καὶ
2364 4057 2392 4108 ὁ
2415 4054 2570 4123 λόγος
2603 4053 2767 4108 αὑτοῦ
2792 4053 2854 4107 οὑ
2889 4052 3109 4106 δύναται
3144 4052 3397 4124 φανῆναι,
3443 4051 3539 4105 ἐὰν

1957 4141 2032 4212 μὴ
2087 4145 2235 4213 παρῇ
2269 4143 2298 4195 ὁ
2330 4143 2700 4212 φθεγγόμενος
2729 4142 2820 4195 τὸν
2865 4141 3041 4210 λόγον.
3087 4142 3204 4195 Τίνι
3244 4140 3424 4194 τοίνυν
3451 4156 3539 4193 πι-

1957 4233 2201 4298 στεύσως
2234 4234 2353 4288 Τίνι
2389 4234 2705 4304 συνθῶμαι;
2739 4233 2896 4304 Παρὰ
2925 4233 3085 4288 τίνων
3119 4232 3269 4288 λάϐω
3299 4231 3443 4304 ζωὴν
3481 4233 3540 4284 ὲν

219 4325 222 4328 ’
267 4327 576 4408 disciplinis
629 4328 936 4398 accipiam?
980 4326 1124 4382 Num
1173 4326 1241 4381 ab
1289 4327 1496 4382 sanctis
1529 4326 1845 4396 Evangelio-

1962 4327 2280 4398 μαθήμασις
2347 4327 2506 4398 Παρὰ
2564 4327 2672 4379 τῶν
2735 4325 2907 4393 ἁγίων
2967 4326 3389 4395 εὑαγγελιστῶν,
3446 4323 3539 4378 καὶ

270 4434 391 4473 rum
444 4419 831 4489 scriptoribus,
863 4429 918 4475 et
947 4419 1128 4474 amatu
1166 4417 1344 4474 sancti
1379 4415 1617 4487 Spiritus
1650 4417 1848 4487 impul-

266 4509 368 4570 sis,
395 4510 488 4578 qui
518 4507 756 4566 Verbum
789 4525 818 4564 a
845 4510 1008 4566 Patre
1047 4511 1276 4566 missum
1305 4525 1430 4565 esse
1457 4509 1851 4579 prodiderunt?

265 4602 347 4654 Au
397 4617 426 4654 a
467 4601 620 4656 Pauli
668 4602 1015 4658 Samosateni
1051 4599 1358 4672 discipuiis,
1391 4601 1484 4672 qui
1515 4615 1642 4655 cum
1669 4599 1852 4656 Verbo

267 4691 436 4745 Deum
473 4701 528 4748 et
577 4708 701 4748 cum
737 4693 846 4748 Deo
874 4692 1112 4748 Verbum
1135 4709 1260 4748 esse
1289 4691 1520 4748 dicunt?
1553 4691 1646 4760 qui
1671 4689 1852 4748 Patris

267 4801 390 4839 eum
445 4783 624 4842 Verbo
672 4795 726 4841 et
773 4786 936 4842 Verbi
996 4801 1122 4840 cum
1155 4785 1319 4840 Patre
1349 4785 1650 4854 comparati
1685 4799 1850 4838 unam

266 4893 390 4934 esse
435 4893 723 4950 personam
752 4877 1060 4934 deﬁniunt?
1087 4877 1156 4931 At
1185 4877 1231 4932 si
1266 4877 1425 4932 unica
1454 4877 1722 4930 duntaxat
1759 4883 1846 4931 est

1956 4419 2448 4490 πνευματοφόρων,
2504 4418 2612 4472 τῶν
2645 4417 2736 4471 τὸν
2767 4417 2938 4486 Λόγον
2989 4418 3143 4490 παρὰ
3185 4417 3399 4487 Πατρὸς
3435 4417 3542 4470 ἁπ-

1956 4511 2282 4581 εσταλμένον
2332 4510 2653 4581 φησάντων;
2685 4507 2948 4580 ἢτούτων
3015 4509 3122 4562 τῶν
3187 4509 3294 4562 ἀπὸ
3327 4505 3538 4561 Παύλου

1958 4602 2052 4655 τοῦ
2084 4603 2465 4672 Σαμοσατέως,
2505 4601 2615 4655 τῶν
2647 4602 2742 4655 σῦν
2765 4601 2841 4671 τῷ
2872 4601 3029 4672 Λόγῳ
3057 4600 3190 4655 Θεὸν
3233 4599 3328 4654 καὶ
3367 4597 3540 4666 Λόγον

1962 4694 2058 4746 σὺν
2096 4691 2172 4763 τῷ
2207 4692 2327 4763 Θεῷ
2377 4693 2713 4762 φασκόντων,
2749 4693 2856 4748 τῶν
2901 4694 2958 4748 ἓν
3008 4693 3296 4765 πρόσωπον
3327 4691 3540 4762 Πατρὸς

1959 4785 2094 4854 πρὸς
2120 4785 2210 4837 τὸν
2235 4786 2426 4854 Λόγον,
2465 4786 2558 4838 καὶ
2586 4786 2675 4838 τὸν
2707 4785 2876 4855 Λόγον
2904 4785 3039 4855 πρὸς
3061 4784 3150 4837 τὸν
3175 4783 3392 4855 Πατέρα
3427 4783 3542 4852 ὁρι-

1961 4875 2192 4942 ζόντων;
2219 4877 2280 4931 Ei
2299 4877 2356 4931 δὲ
2379 4877 2436 4932 ἓν
2465 4878 2524 4932 τὸ
2555 4878 2866 4950 πρόσωπον,
2886 4861 3000 4942 πῶς
3021 4879 3050 4931 ό
3077 4876 3174 4947 μὲν
3195 4873 3538 4940 ἀποστέλλει,

341 5039 356 5070 ³
395 5036 498 5092 Joh
527 5052 755 5101 ιιιιιινιιι,
803 5035 856 5092 7.
936 5035 955 5065 ³
989 5033 1125 5090 Gen.
1161 5049 1198 5100 ι,
1236 5035 1284 5087 l.
1365 5033 1385 5064 ³
1419 5032 1578 5088 Joan.
1619 5041 1664 5096 t,
1699 5033 1834 5096 ΗΛ

1975 5031 1996 5062 ’⁸
2025 5029 2184 5088 Joan.
2218 5049 2304 5100 ιιι,
2339 5035 2425 5090 l7.
2501 5037 2522 5068 ⁵
2546 5033 2706 5092 Joan.
2747 5035 2903 5101 1,10.

336 5196 417 5264 (6)
456 5194 660 5256 Λέξειε
715 5193 767 5246 δ’
818 5193 897 5246 ἄν
943 5209 1052 5256 τις·
1087 5189 1384 5264 ’[Εδειξας.
1421 5190 1655 5264 Angelos
1716 5197 1843 5264 ante

269 5258 458 5320 mundi
517 5265 953 5333 procreationem
1012 5278 1040 5314 ιι
1100 5261 1210 5316 Deo
1235 5262 1421 5333 [at-tes
1448 5258 1570 5314 (ἔδεε
1601 5258 1843 5333 plerique

266 5330 532 5391 veterum
569 5333 811 5396 Patrum,
869 5333 1170 5402 prmsertiin
1225 5330 1842 5402 Grmcoruni,iarhitrati

269 5417 423 5466 sunt,
483 5415 538 5458 et
596 5407 738 5460 inter
799 5399 1030 5459 edituros
1091 5401 1392 5472 Gregorius
1464 5399 1844 5472 Nazianzenus

263 5479 414 5530 Orat.
447 5477 536 5532 33.
567 5475 740 5541 Quam
776 5474 1104 5530 sententiam
1137 5471 1373 5539 theologi
1403 5471 1626 5540 quidam
1679 5479 1843 5524 teme-

265 5548 466 5602 rariam
505 5555 558 5602 et
617 5547 721 5601 hoc
771 5555 1016 5615 tempore
1055 5544 1219 5598 etiam
1269 5543 1579 5615 luerctgiam
1613 5557 1844 5615 prelum-

267 5627 398 5674 hate
417 5637 526 5676 non
545 5631 600 5675 sit
613 5629 668 5674 ιιι
698 5618 854 5674 \ct'ili
889 5613 958 5672 in
988 5617 1190 5688 quibus
1219 5613 1562 5685 prudentiam
1581 5627 1640 5666 ac
1667 5613 1846 5668 neode-

1951 5191 2220 5244 rationem
2282 5194 2477 5247 merito
2557 5193 2834 5248 desiderat
2895 5189 3148 5260 Vasquez
3207 5191 3263 5245 in
3329 5189 3348 5244 l
3403 5187 3532 5260 Par.

1950 5259 2096 5330 disp.
2126 5261 2254 5322 2%,
2302 5264 2390 5316 ubi
2425 5263 2764 5318 validissime
2802 5259 3162 5325 demonstrat,
3196 5275 3296 5315 nec
3319 5259 3535 5330 erroris

1951 5329 2329 5385 damnandam
2358 5334 2504 5386 illam
2534 5349 2658 5388 esse
2705 5347 2880 5400 neque
2899 5333 2966 5385 ah
2985 5331 3228 5386 Ecclesia
3254 5329 3534 5400 reiectam;

1955 5403 2174 5456 tametsi
2221 5403 2378 5472 longe
2415 5403 2490 5456 sit
2536 5404 2704 5456 altera
2763 5399 3120 5473 probabilior,
3149 5415 3276 5473 qua:
3312 5399 3536 5473 angelos

1956 5481 2116 5545 ungat
2148 5481 2276 5526 ante
2316 5467 2441 5526 'cmti
2495 5467 2834 5545 creationem
2872 5489 2997 5532 esse
3027 5467 3348 5545 productos,
3389 5467 3536 5541 quod

1955 5541 2294 5613 Epiphanius
2318 5544 2688 5615 amplectitur.
3028 5541 3045 5545 ’
3077 5583 3080 5586 -
