  <div class='ocr_page' id='page_1' title='image "/cluster/home/n/w/nwhite01/storage/ocr_20150623/42/mdp.39015052824052/019.png"; bbox 0 0 4008 6240; ppageno 0'>
   <div class='ocr_carea' id='block_1_1' title="bbox 313 179 1883 250">
    <p class='ocr_par' dir='ltr' id='par_1_1' title="bbox 313 179 1880 238">
     <span class='ocr_line' id='line_1_1' title="bbox 313 179 1880 238; baseline -0.001 -2"><span class='ocrx_word' id='word_1_1' title='bbox 313 181 386 236; x_wconf 78' lang='grc'><strong>23</strong></span> <span class='ocrx_word' id='word_1_2' title='bbox 1695 180 1754 238; x_wconf 87' lang='lat' dir='ltr'><strong>S.</strong></span> <span class='ocrx_word' id='word_1_3' title='bbox 1797 179 1880 235; x_wconf 73' lang='grc' dir='ltr'><strong>ΕΡ</strong></span> 
     </span>
    </p>
   </div>
   <div class='ocr_carea' id='block_1_2' title="bbox 1989 179 3576 250">
    <p class='ocr_par' dir='ltr' id='par_1_2' title="bbox 1989 181 3576 250">
     <span class='ocr_line' id='line_1_2' title="bbox 1989 181 3576 250; baseline 0.009 -15"><span class='ocrx_word' id='word_1_4' title='bbox 1989 181 2141 237; x_wconf 66' lang='grc' dir='ltr'>ιΑΝιι</span> <span class='ocrx_word' id='word_1_5' title='bbox 2167 212 2170 214; x_wconf 71' lang='lat'><strong><em>~</em></strong></span> <span class='ocrx_word' id='word_1_6' title='bbox 2951 203 2953 206; x_wconf 78' lang='lat'><em>‘</em></span> <span class='ocrx_word' id='word_1_7' title='bbox 3509 192 3576 250; x_wconf 65' lang='grc' dir='ltr'><em>Ξλ</em></span> 
     </span>
    </p>
   </div>
   <div class='ocr_carea' id='block_1_3' title="bbox 316 289 1883 380">
    <p class='ocr_par' dir='ltr' id='par_1_3' title="bbox 316 289 1883 367">
     <span class='ocr_line' id='line_1_3' title="bbox 316 289 1883 367; baseline 0.001 -14"><span class='ocrx_word' id='word_1_8' title='bbox 316 301 460 356; x_wconf 85' lang='lat' dir='ltr'><strong>misit</strong></span> <span class='ocrx_word' id='word_1_9' title='bbox 481 316 562 355; x_wconf 86' lang='lat' dir='ltr'><strong>me</strong></span> <span class='ocrx_word' id='word_1_10' title='bbox 597 299 756 355; x_wconf 84' lang='lat' dir='ltr'><strong>Pater</strong></span> <span class='ocrx_word' id='word_1_11' title='bbox 784 301 826 354; x_wconf 82' lang='lat'><strong>&#39;.</strong></span> <span class='ocrx_word' id='word_1_12' title='bbox 852 299 1025 367; x_wconf 87' lang='lat' dir='ltr'><strong>Quam</strong></span> <span class='ocrx_word' id='word_1_13' title='bbox 1055 289 1223 356; x_wconf 80' lang='lat' dir='ltr'><strong>multa</strong></span> <span class='ocrx_word' id='word_1_14' title='bbox 1255 310 1382 358; x_wconf 90' lang='lat' dir='ltr'><strong>sunt</strong></span> <span class='ocrx_word' id='word_1_15' title='bbox 1411 316 1636 357; x_wconf 88' lang='lat' dir='ltr'><strong>numero</strong></span> <span class='ocrx_word' id='word_1_16' title='bbox 1665 302 1883 357; x_wconf 98' lang='lat' dir='ltr'><strong>totidem</strong></span> 
     </span>
    </p>
   </div>
   <div class='ocr_carea' id='block_1_4' title="bbox 1989 289 3576 380">
    <p class='ocr_par' dir='ltr' id='par_1_4' title="bbox 1992 304 3576 380">
     <span class='ocr_line' id='line_1_4' title="bbox 1992 304 3576 380; baseline 0.004 -22"><span class='ocrx_word' id='word_1_17' title='bbox 1992 304 2367 374; x_wconf 80' lang='grc' dir='ltr'><strong>ἀποστείλας</strong></span> <span class='ocrx_word' id='word_1_18' title='bbox 2394 324 2472 376; x_wconf 81' lang='grc' dir='ltr'><em>με</em></span> <span class='ocrx_word' id='word_1_19' title='bbox 2504 309 2730 380; x_wconf 81' lang='grc' dir='ltr'><em>Πατήρ.</em></span> <span class='ocrx_word' id='word_1_20' title='bbox 2767 306 2914 362; x_wconf 83' lang='grc' dir='ltr'><em>Πόσα</em></span> <span class='ocrx_word' id='word_1_21' title='bbox 2944 308 3000 361; x_wconf 77' lang='grc' dir='ltr'><em>δὲ</em></span> <span class='ocrx_word' id='word_1_22' title='bbox 3031 307 3164 363; x_wconf 77' lang='grc' dir='ltr'><em>ἄλλα</em></span> <span class='ocrx_word' id='word_1_23' title='bbox 3194 307 3453 374; x_wconf 82' lang='grc' dir='ltr'><em>τοσαῦτα,</em></span> <span class='ocrx_word' id='word_1_24' title='bbox 3484 311 3576 365; x_wconf 81' lang='grc' dir='ltr'><strong>καὶ</strong></span> 
     </span>
    </p>
   </div>
   <div class='ocr_carea' id='block_1_5' title="bbox 313 393 1890 464">
    <p class='ocr_par' dir='ltr' id='par_1_5' title="bbox 313 393 1890 464">
     <span class='ocr_line' id='line_1_5' title="bbox 313 393 1890 464; baseline 0.001 -17"><span class='ocrx_word' id='word_1_25' title='bbox 313 393 560 464; x_wconf 78' lang='lat' dir='ltr'><strong>adeoque</strong></span> <span class='ocrx_word' id='word_1_26' title='bbox 601 393 758 464; x_wconf 84' lang='lat' dir='ltr'><strong>plura</strong></span> <span class='ocrx_word' id='word_1_27' title='bbox 801 394 1148 450; x_wconf 87' lang='lat' dir='ltr'><strong>testimonia!</strong></span> <span class='ocrx_word' id='word_1_28' title='bbox 1202 393 1338 450; x_wconf 84' lang='lat' dir='ltr'><strong>Ecce</strong></span> <span class='ocrx_word' id='word_1_29' title='bbox 1375 394 1468 448; x_wconf 68' lang='lat' dir='ltr'><strong>tibi</strong></span> <span class='ocrx_word' id='word_1_30' title='bbox 1506 395 1584 449; x_wconf 83' lang='lat' dir='ltr'><strong>sic</strong></span> <span class='ocrx_word' id='word_1_31' title='bbox 1631 394 1724 450; x_wconf 88' lang='lat' dir='ltr'><strong>ille</strong></span> <span class='ocrx_word' id='word_1_32' title='bbox 1753 407 1890 464; x_wconf 82' lang='lat' dir='ltr'><strong>quo~</strong></span> 
     </span>
    </p>
   </div>
   <div class='ocr_carea' id='block_1_6' title="bbox 311 483 1891 556">
    <p class='ocr_par' dir='ltr' id='par_1_6' title="bbox 311 483 1891 556">
     <span class='ocr_line' id='line_1_6' title="bbox 311 483 1891 556; baseline 0.001 -16"><span class='ocrx_word' id='word_1_33' title='bbox 311 485 437 540; x_wconf 90' lang='lat' dir='ltr'><strong>dam</strong></span> <span class='ocrx_word' id='word_1_34' title='bbox 475 485 529 539; x_wconf 87' lang='lat' dir='ltr'><strong>in</strong></span> <span class='ocrx_word' id='word_1_35' title='bbox 553 485 674 539; x_wconf 89' lang='lat' dir='ltr'><strong>loco</strong></span> <span class='ocrx_word' id='word_1_36' title='bbox 705 496 933 541; x_wconf 88' lang='lat' dir='ltr'><strong>narrat:</strong></span> <span class='ocrx_word' id='word_1_37' title='bbox 975 483 1247 556; x_wconf 79' lang='lat' dir='ltr'><strong>Conﬁteor</strong></span> <span class='ocrx_word' id='word_1_38' title='bbox 1288 487 1413 551; x_wconf 84' lang='lat' dir='ltr'><strong><em>tibi,</em></strong></span> <span class='ocrx_word' id='word_1_39' title='bbox 1445 484 1632 550; x_wconf 90' lang='lat' dir='ltr'><strong>Pater,</strong></span> <span class='ocrx_word' id='word_1_40' title='bbox 1668 485 1891 541; x_wconf 79' lang='lat' dir='ltr'><strong>Domine</strong></span> 
     </span>
    </p>
   </div>
   <div class='ocr_carea' id='block_1_7' title="bbox 310 574 1888 646">
    <p class='ocr_par' dir='ltr' id='par_1_7' title="bbox 310 574 1888 646">
     <span class='ocr_line' id='line_1_7' title="bbox 310 574 1888 646; baseline 0 -17"><span class='ocrx_word' id='word_1_41' title='bbox 310 575 428 630; x_wconf 71' lang='lat' dir='ltr'><strong>caeli</strong></span> <span class='ocrx_word' id='word_1_42' title='bbox 457 592 518 628; x_wconf 86' lang='lat' dir='ltr'><strong>ac</strong></span> <span class='ocrx_word' id='word_1_43' title='bbox 543 585 715 639; x_wconf 70' lang='lat' dir='ltr'><strong>terra&#39;,</strong></span> <span class='ocrx_word' id='word_1_44' title='bbox 741 576 986 646; x_wconf 81' lang='lat' dir='ltr'><strong>quoniam</strong></span> <span class='ocrx_word' id='word_1_45' title='bbox 1019 575 1344 629; x_wconf 73' lang='lat' dir='ltr'><strong>abscondisti</strong></span> <span class='ocrx_word' id='word_1_46' title='bbox 1368 574 1477 627; x_wconf 65' lang='lat' dir='ltr'><strong>ha’c</strong></span> <span class='ocrx_word' id='word_1_47' title='bbox 1507 591 1538 628; x_wconf 91' lang='lat' dir='ltr'><strong><em>a</em></strong></span> <span class='ocrx_word' id='word_1_48' title='bbox 1563 576 1888 644; x_wconf 84' lang='lat' dir='ltr'><strong>sapientibus</strong></span> 
     </span>
    </p>
   </div>
   <div class='ocr_carea' id='block_1_8' title="bbox 309 663 1887 734">
    <p class='ocr_par' dir='ltr' id='par_1_8' title="bbox 309 663 1887 734">
     <span class='ocr_line' id='line_1_8' title="bbox 309 663 1887 734; baseline -0.001 -14"><span class='ocrx_word' id='word_1_49' title='bbox 309 675 360 720; x_wconf 88' lang='lat' dir='ltr'><strong>et</strong></span> <span class='ocrx_word' id='word_1_50' title='bbox 390 665 736 734; x_wconf 84' lang='lat' dir='ltr'><strong>prudentibus</strong></span> <span class='ocrx_word' id='word_1_51' title='bbox 763 708 777 730; x_wconf 90' lang='lat'><strong>,</strong></span> <span class='ocrx_word' id='word_1_52' title='bbox 809 676 857 720; x_wconf 88' lang='lat' dir='ltr'><strong><em>et</em></strong></span> <span class='ocrx_word' id='word_1_53' title='bbox 888 665 1133 720; x_wconf 87' lang='lat' dir='ltr'><strong>revelasti</strong></span> <span class='ocrx_word' id='word_1_54' title='bbox 1158 682 1222 720; x_wconf 88' lang='lat' dir='ltr'><strong>ea</strong></span> <span class='ocrx_word' id='word_1_55' title='bbox 1258 666 1515 734; x_wconf 72' lang='lat' dir='ltr'><strong>parvulis.</strong></span> <span class='ocrx_word' id='word_1_56' title='bbox 1550 663 1639 719; x_wconf 81' lang='lat' dir='ltr'><strong><em>Ita</em></strong></span> <span class='ocrx_word' id='word_1_57' title='bbox 1659 707 1672 730; x_wconf 95' lang='lat'><strong>,</strong></span> <span class='ocrx_word' id='word_1_58' title='bbox 1704 664 1887 733; x_wconf 87' lang='lat' dir='ltr'><strong>Pater,</strong></span> 
     </span>
    </p>
   </div>
   <div class='ocr_carea' id='block_1_9' title="bbox 309 757 1886 826">
    <p class='ocr_par' dir='ltr' id='par_1_9' title="bbox 309 757 1886 826">
     <span class='ocr_line' id='line_1_9' title="bbox 309 757 1886 826; baseline 0.003 -18"><span class='ocrx_word' id='word_1_59' title='bbox 309 759 556 826; x_wconf 82' lang='lat' dir='ltr'><strong>quoniam</strong></span> <span class='ocrx_word' id='word_1_60' title='bbox 603 759 680 811; x_wconf 87' lang='lat' dir='ltr'><strong>sic</strong></span> <span class='ocrx_word' id='word_1_61' title='bbox 716 757 975 826; x_wconf 77' lang='lat' dir='ltr'><strong>placitura</strong></span> <span class='ocrx_word' id='word_1_62' title='bbox 1013 771 1091 812; x_wconf 86' lang='lat' dir='ltr'><strong>est</strong></span> <span class='ocrx_word' id='word_1_63' title='bbox 1123 767 1243 812; x_wconf 82' lang='lat' dir='ltr'><strong>ante</strong></span> <span class='ocrx_word' id='word_1_64' title='bbox 1269 767 1336 812; x_wconf 89' lang='lat' dir='ltr'><strong>te.</strong></span> <span class='ocrx_word' id='word_1_65' title='bbox 1377 757 1570 812; x_wconf 89' lang='lat' dir='ltr'><strong>Omnia</strong></span> <span class='ocrx_word' id='word_1_66' title='bbox 1599 759 1729 812; x_wconf 84' lang='lat' dir='ltr'><strong><em>mihi</em></strong></span> <span class='ocrx_word' id='word_1_67' title='bbox 1772 767 1886 812; x_wconf 89' lang='lat' dir='ltr'><strong>tra-</strong></span> 
     </span>
    </p>
   </div>
   <div class='ocr_carea' id='block_1_10' title="bbox 308 847 1888 918">
    <p class='ocr_par' dir='ltr' id='par_1_10' title="bbox 308 847 1888 918">
     <span class='ocr_line' id='line_1_10' title="bbox 308 847 1888 918; baseline 0.003 -17"><span class='ocrx_word' id='word_1_68' title='bbox 308 851 422 902; x_wconf 87' lang='lat' dir='ltr'><strong><em>dita</em></strong></span> <span class='ocrx_word' id='word_1_69' title='bbox 464 859 587 902; x_wconf 84' lang='lat' dir='ltr'><strong>sunt</strong></span> <span class='ocrx_word' id='word_1_70' title='bbox 629 866 660 902; x_wconf 91' lang='lat' dir='ltr'><strong><em>a</em></strong></span> <span class='ocrx_word' id='word_1_71' title='bbox 692 847 853 902; x_wconf 83' lang='lat' dir='ltr'><strong><em>Patre</em></strong></span> <span class='ocrx_word' id='word_1_72' title='bbox 882 864 1029 913; x_wconf 87' lang='lat' dir='ltr'><strong>meo;</strong></span> <span class='ocrx_word' id='word_1_73' title='bbox 1072 859 1122 902; x_wconf 91' lang='lat' dir='ltr'><strong><em>et</em></strong></span> <span class='ocrx_word' id='word_1_74' title='bbox 1149 865 1299 902; x_wconf 88' lang='lat' dir='ltr'><strong>nemo</strong></span> <span class='ocrx_word' id='word_1_75' title='bbox 1340 850 1482 903; x_wconf 82' lang='lat' dir='ltr'><strong>novit</strong></span> <span class='ocrx_word' id='word_1_76' title='bbox 1527 847 1748 918; x_wconf 82' lang='lat' dir='ltr'><strong>Filium,</strong></span> <span class='ocrx_word' id='word_1_77' title='bbox 1783 852 1888 906; x_wconf 84' lang='lat' dir='ltr'><strong>nisi</strong></span> 
     </span>
    </p>
   </div>
   <div class='ocr_carea' id='block_1_11' title="bbox 313 939 1902 1007">
    <p class='ocr_par' dir='ltr' id='par_1_11' title="bbox 313 939 1902 1007">
     <span class='ocr_line' id='line_1_11' title="bbox 313 939 1902 1007; baseline 0.002 -12"><span class='ocrx_word' id='word_1_78' title='bbox 313 941 508 1006; x_wconf 84' lang='lat' dir='ltr'><strong>Pater;</strong></span> <span class='ocrx_word' id='word_1_79' title='bbox 554 950 603 994; x_wconf 91' lang='lat' dir='ltr'><strong>et</strong></span> <span class='ocrx_word' id='word_1_80' title='bbox 640 941 858 995; x_wconf 79' lang='lat' dir='ltr'><strong>Patrem</strong></span> <span class='ocrx_word' id='word_1_81' title='bbox 899 955 1051 994; x_wconf 87' lang='lat' dir='ltr'><strong>nemo</strong></span> <span class='ocrx_word' id='word_1_82' title='bbox 1099 941 1413 1007; x_wconf 30' lang='lat' dir='ltr'><strong>novit,.nisi</strong></span> <span class='ocrx_word' id='word_1_83' title='bbox 1458 939 1507 993; x_wconf 82' lang='lat' dir='ltr'><em>F</em></span> <span class='ocrx_word' id='word_1_84' title='bbox 1511 941 1672 1006; x_wconf 85' lang='lat' dir='ltr'><strong>ilius,</strong></span> <span class='ocrx_word' id='word_1_85' title='bbox 1723 952 1774 996; x_wconf 86' lang='lat' dir='ltr'><strong><em>et</em></strong></span> <span class='ocrx_word' id='word_1_86' title='bbox 1803 944 1902 1000; x_wconf 68' lang='lat' dir='ltr'><strong>cui,</strong></span> 
     </span>
    </p>
   </div>
   <div class='ocr_carea' id='block_1_12' title="bbox 310 1029 1885 1102">
    <p class='ocr_par' dir='ltr' id='par_1_12' title="bbox 310 1029 1885 1102">
     <span class='ocr_line' id='line_1_12' title="bbox 310 1029 1885 1102; baseline 0.003 -18"><span class='ocrx_word' id='word_1_87' title='bbox 310 1031 487 1086; x_wconf 79' lang='lat' dir='ltr'><strong>Filius</strong></span> <span class='ocrx_word' id='word_1_88' title='bbox 525 1030 850 1084; x_wconf 83' lang='lat' dir='ltr'><strong>revelaverit.</strong></span> <span class='ocrx_word' id='word_1_89' title='bbox 915 1029 1196 1096; x_wconf 83' lang='lat' dir='ltr'><strong>Revelasti,</strong></span> <span class='ocrx_word' id='word_1_90' title='bbox 1233 1031 1448 1102; x_wconf 90' lang='lat' dir='ltr'><strong>inquit,</strong></span> <span class='ocrx_word' id='word_1_91' title='bbox 1480 1049 1542 1086; x_wconf 90' lang='lat' dir='ltr'><strong><em>ea</em></strong></span> <span class='ocrx_word' id='word_1_92' title='bbox 1573 1034 1807 1102; x_wconf 77' lang='lat' dir='ltr'><strong>parvulis</strong></span> <span class='ocrx_word' id='word_1_93' title='bbox 1829 1038 1848 1066; x_wconf 75' lang='grc'>³</span> <span class='ocrx_word' id='word_1_94' title='bbox 1871 1075 1885 1088; x_wconf 92' lang='grc'><strong>.</strong></span> 
     </span>
    </p>
   </div>
   <div class='ocr_carea' id='block_1_13' title="bbox 307 1122 1887 1196">
    <p class='ocr_par' dir='ltr' id='par_1_13' title="bbox 307 1122 1887 1196">
     <span class='ocr_line' id='line_1_13' title="bbox 307 1122 1887 1196; baseline 0.002 -19"><span class='ocrx_word' id='word_1_95' title='bbox 307 1123 394 1187; x_wconf 83' lang='lat' dir='ltr'><strong>Et,</strong></span> <span class='ocrx_word' id='word_1_96' title='bbox 423 1122 617 1178; x_wconf 83' lang='lat' dir='ltr'><strong><em>Omnia</em></strong></span> <span class='ocrx_word' id='word_1_97' title='bbox 644 1123 773 1176; x_wconf 85' lang='lat' dir='ltr'><strong>mihi</strong></span> <span class='ocrx_word' id='word_1_98' title='bbox 803 1123 1003 1177; x_wconf 88' lang='lat' dir='ltr'><strong><em>tradita</em></strong></span> <span class='ocrx_word' id='word_1_99' title='bbox 1042 1133 1166 1178; x_wconf 85' lang='lat' dir='ltr'><strong>sunt</strong></span> <span class='ocrx_word' id='word_1_100' title='bbox 1189 1140 1223 1179; x_wconf 89' lang='lat' dir='ltr'><strong>a</strong></span> <span class='ocrx_word' id='word_1_101' title='bbox 1255 1123 1415 1179; x_wconf 80' lang='lat' dir='ltr'><strong><em>Patre</em></strong></span> <span class='ocrx_word' id='word_1_102' title='bbox 1447 1141 1560 1179; x_wconf 89' lang='lat' dir='ltr'><strong>meo</strong></span> <span class='ocrx_word' id='word_1_103' title='bbox 1588 1126 1628 1190; x_wconf 82' lang='grc'><em>³,</em></span> <span class='ocrx_word' id='word_1_104' title='bbox 1679 1135 1736 1180; x_wconf 91' lang='lat' dir='ltr'><strong>ut</strong></span> <span class='ocrx_word' id='word_1_105' title='bbox 1764 1142 1887 1196; x_wconf 89' lang='lat' dir='ltr'><strong>per-</strong></span> 
     </span>
    </p>
   </div>
   <div class='ocr_carea' id='block_1_14' title="bbox 305 1214 1886 1288">
    <p class='ocr_par' dir='ltr' id='par_1_14' title="bbox 305 1214 1886 1288">
     <span class='ocr_line' id='line_1_14' title="bbox 305 1214 1886 1288; baseline 0.002 -17"><span class='ocrx_word' id='word_1_106' title='bbox 305 1217 550 1286; x_wconf 81' lang='lat' dir='ltr'><strong>egrinam</strong></span> <span class='ocrx_word' id='word_1_107' title='bbox 600 1216 670 1271; x_wconf 90' lang='lat' dir='ltr'><strong>ab</strong></span> <span class='ocrx_word' id='word_1_108' title='bbox 717 1214 842 1272; x_wconf 84' lang='lat' dir='ltr'><strong><em>istis</em></strong></span> <span class='ocrx_word' id='word_1_109' title='bbox 895 1218 1261 1288; x_wconf 78' lang='lat' dir='ltr'><strong>excogitatam</strong></span> <span class='ocrx_word' id='word_1_110' title='bbox 1317 1217 1574 1287; x_wconf 86' lang='lat' dir='ltr'><strong>loquendi</strong></span> <span class='ocrx_word' id='word_1_111' title='bbox 1621 1219 1886 1274; x_wconf 88' lang='lat' dir='ltr'><strong>rationem</strong></span> 
     </span>
    </p>
   </div>
   <div class='ocr_carea' id='block_1_15' title="bbox 304 1292 1116 1378">
    <p class='ocr_par' dir='ltr' id='par_1_15' title="bbox 304 1292 1116 1378">
     <span class='ocr_line' id='line_1_15' title="bbox 304 1292 1116 1378; baseline 0.004 -18"><span class='ocrx_word' id='word_1_112' title='bbox 304 1306 646 1378; x_wconf 66' lang='lat' dir='ltr'><strong>praeciderat.</strong></span> <span class='ocrx_word' id='word_1_113' title='bbox 1114 1292 1116 1295; x_wconf 50' lang='grc'><em>’</em></span> 
     </span>
    </p>
   </div>
   <div class='ocr_carea' id='block_1_16' title="bbox 378 1422 1888 1495">
    <p class='ocr_par' dir='ltr' id='par_1_16' title="bbox 378 1422 1888 1495">
     <span class='ocr_line' id='line_1_16' title="bbox 378 1422 1888 1495; baseline 0.005 -18"><span class='ocrx_word' id='word_1_114' title='bbox 378 1422 487 1478; x_wconf 78' lang='grc' dir='ltr'><strong>νυ.</strong></span> <span class='ocrx_word' id='word_1_115' title='bbox 529 1424 729 1495; x_wconf 83' lang='lat' dir='ltr'><strong>Aspice</strong></span> <span class='ocrx_word' id='word_1_116' title='bbox 766 1440 913 1481; x_wconf 92' lang='lat' dir='ltr'><strong>nunc</strong></span> <span class='ocrx_word' id='word_1_117' title='bbox 951 1423 1086 1494; x_wconf 85' lang='lat' dir='ltr'><strong>quid</strong></span> <span class='ocrx_word' id='word_1_118' title='bbox 1125 1425 1351 1480; x_wconf 89' lang='lat' dir='ltr'><strong>humani</strong></span> <span class='ocrx_word' id='word_1_119' title='bbox 1378 1427 1597 1495; x_wconf 72' lang='lat' dir='ltr'><strong>generis</strong></span> <span class='ocrx_word' id='word_1_120' title='bbox 1631 1425 1888 1484; x_wconf 88' lang='lat' dir='ltr'><strong>assiduus</strong></span> 
     </span>
    </p>
   </div>
   <div class='ocr_carea' id='block_1_17' title="bbox 304 1515 1887 1590">
    <p class='ocr_par' dir='ltr' id='par_1_17' title="bbox 304 1515 1887 1590">
     <span class='ocr_line' id='line_1_17' title="bbox 304 1515 1887 1590; baseline 0.003 -20"><span class='ocrx_word' id='word_1_121' title='bbox 304 1515 482 1572; x_wconf 90' lang='lat' dir='ltr'><strong>hostis</strong></span> <span class='ocrx_word' id='word_1_122' title='bbox 514 1517 768 1574; x_wconf 84' lang='lat' dir='ltr'><strong>diabolus</strong></span> <span class='ocrx_word' id='word_1_123' title='bbox 829 1518 884 1573; x_wconf 92' lang='lat' dir='ltr'><strong>in</strong></span> <span class='ocrx_word' id='word_1_124' title='bbox 927 1533 1118 1574; x_wconf 90' lang='lat' dir='ltr'><strong>eorum</strong></span> <span class='ocrx_word' id='word_1_125' title='bbox 1161 1518 1362 1574; x_wconf 84' lang='lat' dir='ltr'><strong>animis</strong></span> <span class='ocrx_word' id='word_1_126' title='bbox 1403 1520 1703 1588; x_wconf 85' lang='lat' dir='ltr'><strong>pepererit,</strong></span> <span class='ocrx_word' id='word_1_127' title='bbox 1739 1520 1887 1590; x_wconf 86' lang='lat' dir='ltr'><strong>quod</strong></span> 
     </span>
    </p>
   </div>
   <div class='ocr_carea' id='block_1_18' title="bbox 303 1609 1886 1682">
    <p class='ocr_par' dir='ltr' id='par_1_18' title="bbox 303 1609 1886 1682">
     <span class='ocr_line' id='line_1_18' title="bbox 303 1609 1886 1682; baseline 0.003 -18"><span class='ocrx_word' id='word_1_128' title='bbox 303 1609 453 1664; x_wconf 83' lang='lat' dir='ltr'><strong>velut</strong></span> <span class='ocrx_word' id='word_1_129' title='bbox 476 1611 638 1667; x_wconf 73' lang='lat' dir='ltr'><strong>illius</strong></span> <span class='ocrx_word' id='word_1_130' title='bbox 685 1610 866 1665; x_wconf 77' lang='lat' dir='ltr'><strong>aiﬁatu</strong></span> <span class='ocrx_word' id='word_1_131' title='bbox 903 1610 1098 1681; x_wconf 83' lang='lat' dir='ltr'><strong>perciti</strong></span> <span class='ocrx_word' id='word_1_132' title='bbox 1142 1611 1581 1682; x_wconf 83' lang='lat' dir='ltr'><strong>pronuntiarent.</strong></span> <span class='ocrx_word' id='word_1_133' title='bbox 1623 1611 1758 1666; x_wconf 84' lang='lat' dir='ltr'><strong>Nam</strong></span> <span class='ocrx_word' id='word_1_134' title='bbox 1790 1613 1886 1668; x_wconf 57' lang='lat' dir='ltr'><strong>ad-</strong></span> 
     </span>
    </p>
   </div>
   <div class='ocr_carea' id='block_1_19' title="bbox 304 1701 1888 1776">
    <p class='ocr_par' dir='ltr' id='par_1_19' title="bbox 304 1701 1888 1776">
     <span class='ocr_line' id='line_1_19' title="bbox 304 1701 1888 1776; baseline 0.004 -22"><span class='ocrx_word' id='word_1_135' title='bbox 304 1716 498 1758; x_wconf 85' lang='lat' dir='ltr'><strong>versus</strong></span> <span class='ocrx_word' id='word_1_136' title='bbox 537 1701 627 1757; x_wconf 88' lang='lat' dir='ltr'><strong>illa</strong></span> <span class='ocrx_word' id='word_1_137' title='bbox 657 1717 894 1773; x_wconf 77' lang='lat' dir='ltr'><strong>purgare</strong></span> <span class='ocrx_word' id='word_1_138' title='bbox 926 1719 1049 1758; x_wconf 89' lang='lat' dir='ltr'><strong>sese</strong></span> <span class='ocrx_word' id='word_1_139' title='bbox 1080 1703 1303 1758; x_wconf 81' lang='lat' dir='ltr'><strong>student</strong></span> <span class='ocrx_word' id='word_1_140' title='bbox 1336 1701 1578 1759; x_wconf 68' lang='lat' dir='ltr'><strong>Judaicaa</strong></span> <span class='ocrx_word' id='word_1_141' title='bbox 1612 1705 1888 1776; x_wconf 80' lang='lat' dir='ltr'><strong>Opinionis</strong></span> 
     </span>
    </p>
   </div>
   <div class='ocr_carea' id='block_1_20' title="bbox 302 1793 1885 1866">
    <p class='ocr_par' dir='ltr' id='par_1_20' title="bbox 302 1793 1885 1866">
     <span class='ocr_line' id='line_1_20' title="bbox 302 1793 1885 1866; baseline 0.004 -20"><span class='ocrx_word' id='word_1_142' title='bbox 302 1793 589 1856; x_wconf 82' lang='lat' dir='ltr'><strong>satellites.</strong></span> <span class='ocrx_word' id='word_1_143' title='bbox 625 1794 792 1866; x_wconf 66' lang='grc'><strong>614</strong></span> <span class='ocrx_word' id='word_1_144' title='bbox 829 1795 1279 1865; x_wconf 86' lang='lat' dir='ltr'><strong>quandoquidem</strong></span> <span class='ocrx_word' id='word_1_145' title='bbox 1323 1796 1416 1851; x_wconf 74' lang='lat' dir='ltr'><strong>lux</strong></span> <span class='ocrx_word' id='word_1_146' title='bbox 1455 1797 1546 1850; x_wconf 90' lang='lat' dir='ltr'><strong>illa</strong></span> <span class='ocrx_word' id='word_1_147' title='bbox 1590 1797 1885 1863; x_wconf 64' lang='lat' dir='ltr'><strong>doctrinae,</strong></span> 
     </span>
    </p>
   </div>
   <div class='ocr_carea' id='block_1_21' title="bbox 302 1885 1890 1960">
    <p class='ocr_par' dir='ltr' id='par_1_21' title="bbox 302 1885 1890 1960">
     <span class='ocr_line' id='line_1_21' title="bbox 302 1885 1890 1960; baseline 0.004 -22"><span class='ocrx_word' id='word_1_148' title='bbox 302 1901 425 1955; x_wconf 83' lang='lat' dir='ltr'><strong>quae</strong></span> <span class='ocrx_word' id='word_1_149' title='bbox 457 1885 514 1940; x_wconf 92' lang='lat' dir='ltr'><strong>in</strong></span> <span class='ocrx_word' id='word_1_150' title='bbox 564 1887 769 1942; x_wconf 79' lang='lat' dir='ltr'><strong>divinis</strong></span> <span class='ocrx_word' id='word_1_151' title='bbox 811 1886 1125 1959; x_wconf 77' lang='lat' dir='ltr'><strong>Evangeliis</strong></span> <span class='ocrx_word' id='word_1_152' title='bbox 1169 1888 1480 1944; x_wconf 87' lang='lat' dir='ltr'><strong>clarissime</strong></span> <span class='ocrx_word' id='word_1_153' title='bbox 1507 1887 1715 1960; x_wconf 80' lang='lat' dir='ltr'><strong>fulget,</strong></span> <span class='ocrx_word' id='word_1_154' title='bbox 1745 1905 1890 1944; x_wconf 87' lang='lat' dir='ltr'><strong>non-</strong></span> 
     </span>
    </p>
   </div>
   <div class='ocr_carea' id='block_1_22' title="bbox 302 1976 1888 2052">
    <p class='ocr_par' dir='ltr' id='par_1_22' title="bbox 302 1976 1888 2052">
     <span class='ocr_line' id='line_1_22' title="bbox 302 1976 1888 2052; baseline 0.004 -22"><span class='ocrx_word' id='word_1_155' title='bbox 302 1976 457 2032; x_wconf 88' lang='lat' dir='ltr'><strong>nullo</strong></span> <span class='ocrx_word' id='word_1_156' title='bbox 504 1978 715 2048; x_wconf 89' lang='lat' dir='ltr'><strong>pudore</strong></span> <span class='ocrx_word' id='word_1_157' title='bbox 766 1979 894 2035; x_wconf 90' lang='lat' dir='ltr'><strong>illos</strong></span> <span class='ocrx_word' id='word_1_158' title='bbox 955 1979 1156 2046; x_wconf 82' lang='lat' dir='ltr'><strong>allicit,</strong></span> <span class='ocrx_word' id='word_1_159' title='bbox 1201 1995 1273 2036; x_wconf 88' lang='lat' dir='ltr'><strong>ne</strong></span> <span class='ocrx_word' id='word_1_160' title='bbox 1325 1982 1554 2036; x_wconf 81' lang='lat' dir='ltr'><strong>sincerae</strong></span> <span class='ocrx_word' id='word_1_161' title='bbox 1609 1980 1888 2052; x_wconf 77' lang='lat' dir='ltr'><strong>Evangelii</strong></span> 
     </span>
    </p>
   </div>
   <div class='ocr_carea' id='block_1_23' title="bbox 210 2069 1888 2142">
    <p class='ocr_par' dir='ltr' id='par_1_23' title="bbox 210 2069 1888 2142">
     <span class='ocr_line' id='line_1_23' title="bbox 210 2069 1888 2142; baseline 0.001 -18"><span class='ocrx_word' id='word_1_162' title='bbox 210 2104 219 2115; x_wconf 62' lang='grc' dir='ltr'>ι</span> <span class='ocrx_word' id='word_1_163' title='bbox 301 2069 601 2139; x_wconf 84' lang='lat' dir='ltr'><strong>cognitioni</strong></span> <span class='ocrx_word' id='word_1_164' title='bbox 646 2069 867 2140; x_wconf 76' lang='lat' dir='ltr'><strong>penitus</strong></span> <span class='ocrx_word' id='word_1_165' title='bbox 899 2086 1208 2142; x_wconf 80' lang='lat' dir='ltr'><strong>repugnare</strong></span> <span class='ocrx_word' id='word_1_166' title='bbox 1243 2073 1556 2128; x_wconf 86' lang='lat' dir='ltr'><strong>videantur.</strong></span> <span class='ocrx_word' id='word_1_167' title='bbox 1599 2072 1782 2140; x_wconf 85' lang='lat' dir='ltr'><strong>Quare</strong></span> <span class='ocrx_word' id='word_1_168' title='bbox 1813 2074 1888 2128; x_wconf 89' lang='lat' dir='ltr'><strong>ita</strong></span> 
     </span>
    </p>
   </div>
   <div class='ocr_carea' id='block_1_24' title="bbox 301 2160 1889 2231">
    <p class='ocr_par' dir='ltr' id='par_1_24' title="bbox 301 2160 1889 2231">
     <span class='ocr_line' id='line_1_24' title="bbox 301 2160 1889 2231; baseline 0.002 -17"><span class='ocrx_word' id='word_1_169' title='bbox 301 2160 606 2231; x_wconf 86' lang='lat' dir='ltr'><strong>disputant,</strong></span> <span class='ocrx_word' id='word_1_170' title='bbox 664 2161 946 2218; x_wconf 90' lang='lat' dir='ltr'><strong>hominem</strong></span> <span class='ocrx_word' id='word_1_171' title='bbox 1004 2162 1174 2218; x_wconf 83' lang='lat' dir='ltr'><strong>fuisse</strong></span> <span class='ocrx_word' id='word_1_172' title='bbox 1233 2161 1443 2231; x_wconf 82' lang='lat' dir='ltr'><strong>Jesuin,</strong></span> <span class='ocrx_word' id='word_1_173' title='bbox 1501 2165 1589 2219; x_wconf 90' lang='lat' dir='ltr'><strong>cui</strong></span> <span class='ocrx_word' id='word_1_174' title='bbox 1633 2164 1702 2219; x_wconf 90' lang='lat' dir='ltr'><strong>de</strong></span> <span class='ocrx_word' id='word_1_175' title='bbox 1746 2163 1889 2219; x_wconf 72' lang='lat' dir='ltr'><strong>ctrlo</strong></span> 
     </span>
    </p>
   </div>
   <div class='ocr_carea' id='block_1_25' title="bbox 300 2252 1884 2326">
    <p class='ocr_par' dir='ltr' id='par_1_25' title="bbox 300 2252 1884 2326">
     <span class='ocr_line' id='line_1_25' title="bbox 300 2252 1884 2326; baseline 0.003 -19"><span class='ocrx_word' id='word_1_176' title='bbox 300 2252 544 2309; x_wconf 85' lang='lat' dir='ltr'><strong>Verbum</strong></span> <span class='ocrx_word' id='word_1_177' title='bbox 585 2255 931 2325; x_wconf 83' lang='lat' dir='ltr'><strong>aspiraverit.</strong></span> <span class='ocrx_word' id='word_1_178' title='bbox 981 2254 1136 2312; x_wconf 89' lang='lat' dir='ltr'><strong>Unde</strong></span> <span class='ocrx_word' id='word_1_179' title='bbox 1178 2256 1270 2311; x_wconf 88' lang='lat' dir='ltr'><strong>illa</strong></span> <span class='ocrx_word' id='word_1_180' title='bbox 1317 2259 1502 2312; x_wconf 86' lang='lat' dir='ltr'><strong>omnia</strong></span> <span class='ocrx_word' id='word_1_181' title='bbox 1547 2257 1615 2312; x_wconf 88' lang='lat' dir='ltr'><strong>de</strong></span> <span class='ocrx_word' id='word_1_182' title='bbox 1641 2272 1702 2312; x_wconf 92' lang='lat' dir='ltr'><strong>se</strong></span> <span class='ocrx_word' id='word_1_183' title='bbox 1742 2256 1884 2326; x_wconf 87' lang='lat' dir='ltr'><strong>ipso,</strong></span> 
     </span>
    </p>
   </div>
   <div class='ocr_carea' id='block_1_26' title="bbox 299 2346 1886 2417">
    <p class='ocr_par' dir='ltr' id='par_1_26' title="bbox 299 2346 1886 2417">
     <span class='ocr_line' id='line_1_26' title="bbox 299 2346 1886 2417; baseline 0.004 -21"><span class='ocrx_word' id='word_1_184' title='bbox 299 2353 572 2414; x_wconf 89' lang='lat' dir='ltr'><strong>quatenus</strong></span> <span class='ocrx_word' id='word_1_185' title='bbox 602 2355 686 2400; x_wconf 88' lang='lat' dir='ltr'><strong>est</strong></span> <span class='ocrx_word' id='word_1_186' title='bbox 729 2346 924 2410; x_wconf 88' lang='lat' dir='ltr'><strong>homo,</strong></span> <span class='ocrx_word' id='word_1_187' title='bbox 954 2346 1259 2417; x_wconf 78' lang='lat' dir='ltr'><strong>profitetur.</strong></span> <span class='ocrx_word' id='word_1_188' title='bbox 1294 2346 1508 2402; x_wconf 86' lang='lat' dir='ltr'><strong>Etenim</strong></span> <span class='ocrx_word' id='word_1_189' title='bbox 1547 2347 1710 2403; x_wconf 83' lang='lat' dir='ltr'><strong>Pater</strong></span> <span class='ocrx_word' id='word_1_190' title='bbox 1742 2363 1886 2403; x_wconf 91' lang='lat' dir='ltr'><strong>unus</strong></span> 
     </span>
    </p>
   </div>
   <div class='ocr_carea' id='block_1_27' title="bbox 299 2437 1888 2505">
    <p class='ocr_par' dir='ltr' id='par_1_27' title="bbox 299 2437 1888 2505">
     <span class='ocr_line' id='line_1_27' title="bbox 299 2437 1888 2505; baseline 0.004 -16"><span class='ocrx_word' id='word_1_191' title='bbox 299 2445 386 2490; x_wconf 86' lang='lat' dir='ltr'><strong>est</strong></span> <span class='ocrx_word' id='word_1_192' title='bbox 416 2450 543 2493; x_wconf 90' lang='lat' dir='ltr'><strong>cum</strong></span> <span class='ocrx_word' id='word_1_193' title='bbox 580 2437 721 2493; x_wconf 90' lang='lat' dir='ltr'><strong>Filio</strong></span> <span class='ocrx_word' id='word_1_194' title='bbox 753 2437 933 2505; x_wconf 86' lang='lat' dir='ltr'><strong>Deus;</strong></span> <span class='ocrx_word' id='word_1_195' title='bbox 967 2439 1131 2494; x_wconf 89' lang='lat' dir='ltr'><strong>homo</strong></span> <span class='ocrx_word' id='word_1_196' title='bbox 1157 2456 1290 2495; x_wconf 82' lang='lat' dir='ltr'><strong>vero</strong></span> <span class='ocrx_word' id='word_1_197' title='bbox 1315 2456 1379 2496; x_wconf 77' lang='lat' dir='ltr'><strong>ex</strong></span> <span class='ocrx_word' id='word_1_198' title='bbox 1411 2439 1664 2495; x_wconf 78' lang='lat' dir='ltr'><strong>inferiori</strong></span> <span class='ocrx_word' id='word_1_199' title='bbox 1692 2441 1888 2496; x_wconf 86' lang='lat' dir='ltr'><strong>ordine</strong></span> 
     </span>
    </p>
   </div>
   <div class='ocr_carea' id='block_1_28' title="bbox 300 2528 1888 2604">
    <p class='ocr_par' dir='ltr' id='par_1_28' title="bbox 300 2528 1888 2604">
     <span class='ocr_line' id='line_1_28' title="bbox 300 2528 1888 2604; baseline 0.004 -23"><span class='ocrx_word' id='word_1_200' title='bbox 300 2528 576 2598; x_wconf 78' lang='lat' dir='ltr'><strong>propriam</strong></span> <span class='ocrx_word' id='word_1_201' title='bbox 602 2544 895 2598; x_wconf 88' lang='lat' dir='ltr'><strong>personam</strong></span> <span class='ocrx_word' id='word_1_202' title='bbox 920 2546 1032 2601; x_wconf 81' lang='lat' dir='ltr'><strong>prae</strong></span> <span class='ocrx_word' id='word_1_203' title='bbox 1070 2547 1130 2587; x_wconf 82' lang='lat' dir='ltr'><strong>se</strong></span> <span class='ocrx_word' id='word_1_204' title='bbox 1158 2531 1282 2588; x_wconf 84' lang='lat' dir='ltr'><strong>fert.</strong></span> <span class='ocrx_word' id='word_1_205' title='bbox 1325 2532 1404 2586; x_wconf 88' lang='lat' dir='ltr'><strong>lta</strong></span> <span class='ocrx_word' id='word_1_206' title='bbox 1433 2549 1680 2604; x_wconf 76' lang='lat' dir='ltr'><strong>persona:</strong></span> <span class='ocrx_word' id='word_1_207' title='bbox 1712 2534 1888 2590; x_wconf 84' lang='lat' dir='ltr'><strong>omni-</strong></span> 
     </span>
    </p>
   </div>
   <div class='ocr_carea' id='block_1_29' title="bbox 299 2618 1888 2692">
    <p class='ocr_par' dir='ltr' id='par_1_29' title="bbox 299 2618 1888 2692">
     <span class='ocr_line' id='line_1_29' title="bbox 299 2618 1888 2692; baseline 0.008 -22"><span class='ocrx_word' id='word_1_208' title='bbox 299 2632 372 2670; x_wconf 88' lang='lat' dir='ltr'><strong>no</strong></span> <span class='ocrx_word' id='word_1_209' title='bbox 420 2618 790 2674; x_wconf 84' lang='lat' dir='ltr'><strong>contlciuntur</strong></span> <span class='ocrx_word' id='word_1_210' title='bbox 826 2620 978 2676; x_wconf 49' lang='lat' dir='ltr'><strong>duae:</strong></span> <span class='ocrx_word' id='word_1_211' title='bbox 1027 2619 1230 2678; x_wconf 78' lang='lat' dir='ltr'><strong>Verum</strong></span> <span class='ocrx_word' id='word_1_212' title='bbox 1283 2624 1448 2679; x_wconf 86' lang='lat' dir='ltr'><strong>homo</strong></span> <span class='ocrx_word' id='word_1_213' title='bbox 1479 2624 1623 2681; x_wconf 87' lang='lat' dir='ltr'><strong>Deus</strong></span> <span class='ocrx_word' id='word_1_214' title='bbox 1664 2641 1818 2692; x_wconf 84' lang='lat' dir='ltr'><strong>esse,</strong></span> <span class='ocrx_word' id='word_1_215' title='bbox 1852 2642 1888 2682; x_wconf 92' lang='grc' dir='ltr'><strong>ο</strong></span> 
     </span>
    </p>
   </div>
   <div class='ocr_carea' id='block_1_30' title="bbox 299 2708 1886 2786">
    <p class='ocr_par' dir='ltr' id='par_1_30' title="bbox 299 2708 1886 2786">
     <span class='ocr_line' id='line_1_30' title="bbox 299 2708 1886 2786; baseline 0.009 -27"><span class='ocrx_word' id='word_1_216' title='bbox 299 2708 618 2763; x_wconf 87' lang='lat' dir='ltr'><strong>mortalium</strong></span> <span class='ocrx_word' id='word_1_217' title='bbox 660 2711 908 2765; x_wconf 88' lang='lat' dir='ltr'><strong>omnium</strong></span> <span class='ocrx_word' id='word_1_218' title='bbox 967 2712 1324 2770; x_wconf 85' lang='lat' dir='ltr'><strong>stolidissime</strong></span> <span class='ocrx_word' id='word_1_219' title='bbox 1371 2723 1536 2786; x_wconf 90' lang='lat' dir='ltr'><strong>atque</strong></span> <span class='ocrx_word' id='word_1_220' title='bbox 1569 2717 1640 2773; x_wconf 87' lang='lat' dir='ltr'><strong>ab</strong></span> <span class='ocrx_word' id='word_1_221' title='bbox 1671 2718 1886 2774; x_wconf 68' lang='lat' dir='ltr'><strong>caelesti</strong></span> 
     </span>
    </p>
   </div>
   <div class='ocr_carea' id='block_1_31' title="bbox 301 2798 1886 2880">
    <p class='ocr_par' dir='ltr' id='par_1_31' title="bbox 301 2798 1886 2880">
     <span class='ocr_line' id='line_1_31' title="bbox 301 2798 1886 2880; baseline 0.009 -29"><span class='ocrx_word' id='word_1_222' title='bbox 301 2798 572 2868; x_wconf 84' lang='lat' dir='ltr'><strong>sapientia</strong></span> <span class='ocrx_word' id='word_1_223' title='bbox 615 2800 985 2868; x_wconf 88' lang='lat' dir='ltr'><strong>alienissime,</strong></span> <span class='ocrx_word' id='word_1_224' title='bbox 1021 2809 1114 2869; x_wconf 87' lang='lat' dir='ltr'><strong>qui</strong></span> <span class='ocrx_word' id='word_1_225' title='bbox 1149 2806 1373 2876; x_wconf 86' lang='lat' dir='ltr'><strong>potest?</strong></span> <span class='ocrx_word' id='word_1_226' title='bbox 1395 2805 1584 2864; x_wconf 89' lang='lat' dir='ltr'><strong>Potest</strong></span> <span class='ocrx_word' id='word_1_227' title='bbox 1607 2848 1620 2872; x_wconf 92' lang='lat'><strong>,</strong></span> <span class='ocrx_word' id='word_1_228' title='bbox 1654 2809 1709 2865; x_wconf 88' lang='lat' dir='ltr'><strong>id</strong></span> <span class='ocrx_word' id='word_1_229' title='bbox 1738 2809 1886 2880; x_wconf 89' lang='lat' dir='ltr'><strong>quod</strong></span> 
     </span>
    </p>
   </div>
   <div class='ocr_carea' id='block_1_32' title="bbox 300 2891 1881 2972">
    <p class='ocr_par' dir='ltr' id='par_1_32' title="bbox 300 2891 1881 2972">
     <span class='ocr_line' id='line_1_32' title="bbox 300 2891 1881 2972; baseline 0.01 -29"><span class='ocrx_word' id='word_1_230' title='bbox 300 2891 526 2956; x_wconf 85' lang='lat' dir='ltr'><strong>asseris,</strong></span> <span class='ocrx_word' id='word_1_231' title='bbox 559 2891 725 2948; x_wconf 91' lang='lat' dir='ltr'><strong>homo</strong></span> <span class='ocrx_word' id='word_1_232' title='bbox 751 2909 875 2950; x_wconf 90' lang='lat' dir='ltr'><strong>esse</strong></span> <span class='ocrx_word' id='word_1_233' title='bbox 906 2898 1160 2968; x_wconf 74' lang='lat' dir='ltr'><strong>simplex,</strong></span> <span class='ocrx_word' id='word_1_234' title='bbox 1189 2898 1283 2968; x_wconf 90' lang='lat' dir='ltr'><strong>qui</strong></span> <span class='ocrx_word' id='word_1_235' title='bbox 1307 2899 1383 2953; x_wconf 91' lang='lat' dir='ltr'><strong>ita</strong></span> <span class='ocrx_word' id='word_1_236' title='bbox 1412 2899 1480 2955; x_wconf 93' lang='lat' dir='ltr'><strong>de</strong></span> <span class='ocrx_word' id='word_1_237' title='bbox 1507 2917 1567 2956; x_wconf 86' lang='lat' dir='ltr'><strong>se</strong></span> <span class='ocrx_word' id='word_1_238' title='bbox 1601 2901 1881 2972; x_wconf 76' lang='lat' dir='ltr'><strong>loquitur:</strong></span> 
     </span>
    </p>
   </div>
   <div class='ocr_carea' id='block_1_33' title="bbox 300 2979 1952 3076">
    <p class='ocr_par' dir='ltr' id='par_1_33' title="bbox 300 2979 1952 3076">
     <span class='ocr_line' id='line_1_33' title="bbox 300 2979 1952 3076; baseline 0.009 -43"><span class='ocrx_word' id='word_1_239' title='bbox 300 2979 406 3045; x_wconf 83' lang='lat' dir='ltr'><strong>Qui</strong></span> <span class='ocrx_word' id='word_1_240' title='bbox 439 2983 571 3036; x_wconf 84' lang='lat' dir='ltr'><strong><em>vidit</em></strong></span> <span class='ocrx_word' id='word_1_241' title='bbox 605 2999 707 3048; x_wconf 86' lang='lat' dir='ltr'><strong>me,</strong></span> <span class='ocrx_word' id='word_1_242' title='bbox 738 2985 867 3038; x_wconf 86' lang='lat' dir='ltr'><strong><em>vidit</em></strong></span> <span class='ocrx_word' id='word_1_243' title='bbox 886 2994 937 3039; x_wconf 76' lang='lat' dir='ltr'><strong>et</strong></span> <span class='ocrx_word' id='word_1_244' title='bbox 974 2984 1266 3042; x_wconf 60' lang='lat' dir='ltr'><strong>Patrem“?</strong></span> <span class='ocrx_word' id='word_1_245' title='bbox 1289 2985 1424 3044; x_wconf 87' lang='lat' dir='ltr'><strong>Nam</strong></span> <span class='ocrx_word' id='word_1_246' title='bbox 1457 2990 1504 3046; x_wconf 92' lang='lat' dir='ltr'><strong>si</strong></span> <span class='ocrx_word' id='word_1_247' title='bbox 1541 2990 1706 3046; x_wconf 89' lang='lat' dir='ltr'><strong>homo</strong></span> <span class='ocrx_word' id='word_1_248' title='bbox 1731 2992 1882 3064; x_wconf 88' lang='lat' dir='ltr'><strong>ejus-</strong></span> <span class='ocrx_word' id='word_1_249' title='bbox 1909 3016 1952 3076; x_wconf 68' lang='grc' dir='ltr'><strong>ρ</strong></span> 
     </span>
    </p>
   </div>
   <div class='ocr_carea' id='block_1_34' title="bbox 299 3075 1885 3146">
    <p class='ocr_par' dir='ltr' id='par_1_34' title="bbox 299 3075 1885 3146">
     <span class='ocr_line' id='line_1_34' title="bbox 299 3075 1885 3146; baseline 0.008 -19"><span class='ocrx_word' id='word_1_250' title='bbox 299 3075 449 3128; x_wconf 87' lang='lat' dir='ltr'><strong>modi</strong></span> <span class='ocrx_word' id='word_1_251' title='bbox 477 3083 582 3141; x_wconf 90' lang='lat' dir='ltr'><strong>est,</strong></span> <span class='ocrx_word' id='word_1_252' title='bbox 608 3077 790 3146; x_wconf 87' lang='lat' dir='ltr'><strong>qualis</strong></span> <span class='ocrx_word' id='word_1_253' title='bbox 817 3086 902 3134; x_wconf 89' lang='lat' dir='ltr'><strong>est</strong></span> <span class='ocrx_word' id='word_1_254' title='bbox 927 3076 1108 3143; x_wconf 90' lang='lat' dir='ltr'><strong>Pater,</strong></span> <span class='ocrx_word' id='word_1_255' title='bbox 1141 3079 1278 3134; x_wconf 91' lang='lat' dir='ltr'><strong>nihil</strong></span> <span class='ocrx_word' id='word_1_256' title='bbox 1306 3080 1397 3135; x_wconf 89' lang='lat' dir='ltr'><strong>hic</strong></span> <span class='ocrx_word' id='word_1_257' title='bbox 1427 3081 1496 3136; x_wconf 87' lang='lat' dir='ltr'><strong>ab</strong></span> <span class='ocrx_word' id='word_1_258' title='bbox 1523 3081 1745 3139; x_wconf 86' lang='lat' dir='ltr'><strong>homine</strong></span> <span class='ocrx_word' id='word_1_259' title='bbox 1773 3083 1885 3141; x_wconf 86' lang='lat' dir='ltr'><strong>dis-</strong></span> 
     </span>
    </p>
   </div>
   <div class='ocr_carea' id='block_1_35' title="bbox 298 3167 1884 3243">
    <p class='ocr_par' dir='ltr' id='par_1_35' title="bbox 298 3167 1884 3243">
     <span class='ocr_line' id='line_1_35' title="bbox 298 3167 1884 3243; baseline 0.008 -23"><span class='ocrx_word' id='word_1_260' title='bbox 298 3167 571 3234; x_wconf 85' lang='lat' dir='ltr'><strong>crepabit.</strong></span> <span class='ocrx_word' id='word_1_261' title='bbox 614 3169 782 3239; x_wconf 83' lang='lat' dir='ltr'><strong>Atqui</strong></span> <span class='ocrx_word' id='word_1_262' title='bbox 836 3169 984 3225; x_wconf 90' lang='lat' dir='ltr'><strong>Deus</strong></span> <span class='ocrx_word' id='word_1_263' title='bbox 1014 3169 1292 3240; x_wconf 83' lang='lat' dir='ltr'><strong>Verbum,</strong></span> <span class='ocrx_word' id='word_1_264' title='bbox 1337 3174 1431 3242; x_wconf 88' lang='lat' dir='ltr'><strong>qui</strong></span> <span class='ocrx_word' id='word_1_265' title='bbox 1481 3173 1884 3243; x_wconf 77' lang='lat' dir='ltr'><strong>perfectissime</strong></span> 
     </span>
    </p>
   </div>
   <div class='ocr_carea' id='block_1_36' title="bbox 301 3261 1882 3339">
    <p class='ocr_par' dir='ltr' id='par_1_36' title="bbox 301 3261 1882 3339">
     <span class='ocr_line' id='line_1_36' title="bbox 301 3261 1882 3339; baseline 0.011 -28"><span class='ocrx_word' id='word_1_266' title='bbox 301 3270 554 3313; x_wconf 84' lang='lat' dir='ltr'><strong>naturam</strong></span> <span class='ocrx_word' id='word_1_267' title='bbox 595 3261 837 3318; x_wconf 89' lang='lat' dir='ltr'><strong>hominis</strong></span> <span class='ocrx_word' id='word_1_268' title='bbox 879 3264 1092 3329; x_wconf 90' lang='lat' dir='ltr'><strong>induit,</strong></span> <span class='ocrx_word' id='word_1_269' title='bbox 1139 3265 1419 3335; x_wconf 78' lang='lat' dir='ltr'><strong>perfectus</strong></span> <span class='ocrx_word' id='word_1_270' title='bbox 1467 3283 1621 3339; x_wconf 50' lang='lat' dir='ltr'><strong>atque</strong></span> <span class='ocrx_word' id='word_1_271' title='bbox 1665 3270 1810 3327; x_wconf 89' lang='lat' dir='ltr'><strong>Deus</strong></span> <span class='ocrx_word' id='word_1_272' title='bbox 1851 3287 1882 3327; x_wconf 89' lang='lat' dir='ltr'><strong>a</strong></span> 
     </span>
    </p>
   </div>
   <div class='ocr_carea' id='block_1_37' title="bbox 298 3349 1883 3432">
    <p class='ocr_par' dir='ltr' id='par_1_37' title="bbox 298 3349 1883 3432">
     <span class='ocr_line' id='line_1_37' title="bbox 298 3349 1883 3432; baseline 0.009 -29"><span class='ocrx_word' id='word_1_273' title='bbox 298 3349 460 3407; x_wconf 83' lang='lat' dir='ltr'><strong>Patre</strong></span> <span class='ocrx_word' id='word_1_274' title='bbox 509 3360 638 3408; x_wconf 87' lang='lat' dir='ltr'><strong>ante</strong></span> <span class='ocrx_word' id='word_1_275' title='bbox 692 3354 878 3409; x_wconf 88' lang='lat' dir='ltr'><strong>omnia</strong></span> <span class='ocrx_word' id='word_1_276' title='bbox 936 3357 1286 3427; x_wconf 79' lang='lat' dir='ltr'><strong>progenitus,</strong></span> <span class='ocrx_word' id='word_1_277' title='bbox 1339 3373 1448 3413; x_wconf 92' lang='lat' dir='ltr'><strong>non</strong></span> <span class='ocrx_word' id='word_1_278' title='bbox 1518 3361 1702 3416; x_wconf 88' lang='lat' dir='ltr'><strong>minus</strong></span> <span class='ocrx_word' id='word_1_279' title='bbox 1757 3361 1883 3432; x_wconf 90' lang='lat' dir='ltr'><strong>jure</strong></span> 
     </span>
    </p>
   </div>
   <div class='ocr_carea' id='block_1_38' title="bbox 298 3446 1877 3522">
    <p class='ocr_par' dir='ltr' id='par_1_38' title="bbox 298 3446 1877 3522">
     <span class='ocr_line' id='line_1_38' title="bbox 298 3446 1877 3522; baseline 0.006 -23"><span class='ocrx_word' id='word_1_280' title='bbox 298 3461 464 3516; x_wconf 85' lang='lat' dir='ltr'><strong>quam</strong></span> <span class='ocrx_word' id='word_1_281' title='bbox 499 3446 784 3506; x_wconf 76' lang='lat' dir='ltr'><strong>evidenter</strong></span> <span class='ocrx_word' id='word_1_282' title='bbox 809 3448 876 3505; x_wconf 91' lang='lat' dir='ltr'><strong>de</strong></span> <span class='ocrx_word' id='word_1_283' title='bbox 904 3464 963 3505; x_wconf 89' lang='lat' dir='ltr'><strong>se</strong></span> <span class='ocrx_word' id='word_1_284' title='bbox 994 3450 1113 3520; x_wconf 90' lang='lat' dir='ltr'><strong>ipso</strong></span> <span class='ocrx_word' id='word_1_285' title='bbox 1144 3458 1377 3506; x_wconf 88' lang='lat' dir='ltr'><strong>testatur</strong></span> <span class='ocrx_word' id='word_1_286' title='bbox 1409 3469 1422 3504; x_wconf 92' lang='lat'>:</span> <span class='ocrx_word' id='word_1_287' title='bbox 1460 3451 1565 3518; x_wconf 78' lang='lat' dir='ltr'><strong>Qui</strong></span> <span class='ocrx_word' id='word_1_288' title='bbox 1601 3453 1730 3508; x_wconf 84' lang='lat' dir='ltr'><strong>vidit</strong></span> <span class='ocrx_word' id='word_1_289' title='bbox 1769 3472 1877 3522; x_wconf 88' lang='lat' dir='ltr'><strong>me,</strong></span> 
     </span>
    </p>
   </div>
   <div class='ocr_carea' id='block_1_39' title="bbox 297 3539 1880 3613">
    <p class='ocr_par' dir='ltr' id='par_1_39' title="bbox 297 3539 1880 3613">
     <span class='ocr_line' id='line_1_39' title="bbox 297 3539 1880 3613; baseline 0.007 -22"><span class='ocrx_word' id='word_1_290' title='bbox 297 3540 428 3593; x_wconf 84' lang='lat' dir='ltr'><strong><em>vidit</em></strong></span> <span class='ocrx_word' id='word_1_291' title='bbox 457 3550 507 3595; x_wconf 90' lang='lat' dir='ltr'><strong>et</strong></span> <span class='ocrx_word' id='word_1_292' title='bbox 548 3539 803 3607; x_wconf 82' lang='lat' dir='ltr'><strong>Patrem;</strong></span> <span class='ocrx_word' id='word_1_293' title='bbox 848 3542 1310 3613; x_wconf 82' lang='lat' dir='ltr'><strong>quemadmodum</strong></span> <span class='ocrx_word' id='word_1_294' title='bbox 1353 3559 1420 3599; x_wconf 71' lang='lat' dir='ltr'><strong>ex</strong></span> <span class='ocrx_word' id='word_1_295' title='bbox 1461 3543 1772 3600; x_wconf 62' lang='lat' dir='ltr'><strong>Judasorum</strong></span> <span class='ocrx_word' id='word_1_296' title='bbox 1811 3547 1880 3603; x_wconf 88' lang='lat' dir='ltr'><strong>de</strong></span> 
     </span>
    </p>
   </div>
   <div class='ocr_carea' id='block_1_40' title="bbox 298 3632 1878 3702">
    <p class='ocr_par' dir='ltr' id='par_1_40' title="bbox 298 3632 1878 3702">
     <span class='ocr_line' id='line_1_40' title="bbox 298 3632 1878 3702; baseline 0.005 -17"><span class='ocrx_word' id='word_1_297' title='bbox 298 3632 393 3686; x_wconf 91' lang='lat' dir='ltr'><strong>illo</strong></span> <span class='ocrx_word' id='word_1_298' title='bbox 421 3647 676 3689; x_wconf 88' lang='lat' dir='ltr'><strong>sermone</strong></span> <span class='ocrx_word' id='word_1_299' title='bbox 709 3642 928 3690; x_wconf 91' lang='lat' dir='ltr'><strong>constat</strong></span> <span class='ocrx_word' id='word_1_300' title='bbox 960 3651 974 3690; x_wconf 90' lang='lat'><strong>:</strong></span> <span class='ocrx_word' id='word_1_301' title='bbox 1021 3633 1146 3690; x_wconf 89' lang='lat' dir='ltr'><strong>Non</strong></span> <span class='ocrx_word' id='word_1_302' title='bbox 1175 3636 1312 3690; x_wconf 88' lang='lat' dir='ltr'><strong>enim</strong></span> <span class='ocrx_word' id='word_1_303' title='bbox 1359 3637 1567 3702; x_wconf 86' lang='lat' dir='ltr'><strong>solum,</strong></span> <span class='ocrx_word' id='word_1_304' title='bbox 1601 3639 1676 3692; x_wconf 91' lang='lat' dir='ltr'><strong>ait</strong></span> <span class='ocrx_word' id='word_1_305' title='bbox 1712 3637 1878 3694; x_wconf 75' lang='lat' dir='ltr'><strong>Joan-</strong></span> 
     </span>
    </p>
   </div>
   <div class='ocr_carea' id='block_1_41' title="bbox 298 3724 1875 3800">
    <p class='ocr_par' dir='ltr' id='par_1_41' title="bbox 298 3724 1875 3800">
     <span class='ocr_line' id='line_1_41' title="bbox 298 3724 1875 3800; baseline 0.004 -22"><span class='ocrx_word' id='word_1_306' title='bbox 298 3740 418 3789; x_wconf 86' lang='lat' dir='ltr'><strong>nes,</strong></span> <span class='ocrx_word' id='word_1_307' title='bbox 451 3724 754 3795; x_wconf 65' lang='lat' dir='ltr'><strong>qua&#39;rebant</strong></span> <span class='ocrx_word' id='word_1_308' title='bbox 783 3727 1078 3796; x_wconf 78' lang='lat' dir='ltr'><strong>interficere</strong></span> <span class='ocrx_word' id='word_1_309' title='bbox 1116 3728 1308 3796; x_wconf 87' lang='lat' dir='ltr'><strong>ipsum,</strong></span> <span class='ocrx_word' id='word_1_310' title='bbox 1340 3728 1478 3800; x_wconf 84' lang='lat' dir='ltr'><strong>quod</strong></span> <span class='ocrx_word' id='word_1_311' title='bbox 1520 3729 1631 3785; x_wconf 68' lang='lat' dir='ltr'><strong>lucc</strong></span> <span class='ocrx_word' id='word_1_312' title='bbox 1657 3730 1875 3800; x_wconf 82' lang='lat' dir='ltr'><strong>faceret,</strong></span> 
     </span>
    </p>
   </div>
   <div class='ocr_carea' id='block_1_42' title="bbox 295 3806 1877 3895">
    <p class='ocr_par' dir='ltr' id='par_1_42' title="bbox 295 3806 1877 3895">
     <span class='ocr_line' id='line_1_42' title="bbox 295 3806 1877 3895; baseline 0.005 -24"><span class='ocrx_word' id='word_1_313' title='bbox 295 3816 388 3871; x_wconf 76' lang='lat' dir='ltr'><strong>sed</strong></span> <span class='ocrx_word' id='word_1_314' title='bbox 428 3819 590 3872; x_wconf 87' lang='lat' dir='ltr'><strong>etiam</strong></span> <span class='ocrx_word' id='word_1_315' title='bbox 638 3820 764 3889; x_wconf 87' lang='lat' dir='ltr'><strong>quia</strong></span> <span class='ocrx_word' id='word_1_316' title='bbox 800 3817 848 3871; x_wconf 88' lang='lat' dir='ltr'><em>F</em></span> <span class='ocrx_word' id='word_1_317' title='bbox 852 3806 1006 3874; x_wconf 87' lang='lat' dir='ltr'><strong>ilium</strong></span> <span class='ocrx_word' id='word_1_318' title='bbox 1052 3819 1150 3875; x_wconf 87' lang='lat' dir='ltr'><strong>Dei</strong></span> <span class='ocrx_word' id='word_1_319' title='bbox 1191 3837 1302 3876; x_wconf 83' lang='lat' dir='ltr'><strong>sese</strong></span> <span class='ocrx_word' id='word_1_320' title='bbox 1354 3821 1585 3889; x_wconf 87' lang='lat' dir='ltr'><strong>diceret,</strong></span> <span class='ocrx_word' id='word_1_321' title='bbox 1621 3825 1877 3895; x_wconf 73' lang='lat' dir='ltr'><strong>wqualem</strong></span> 
     </span>
    </p>
   </div>
   <div class='ocr_carea' id='block_1_43' title="bbox 297 3910 1879 3981">
    <p class='ocr_par' dir='ltr' id='par_1_43' title="bbox 297 3910 1879 3981">
     <span class='ocr_line' id='line_1_43' title="bbox 297 3910 1879 3981; baseline 0.007 -17"><span class='ocrx_word' id='word_1_322' title='bbox 297 3910 406 3966; x_wconf 85' lang='lat' dir='ltr'><strong>Deo</strong></span> <span class='ocrx_word' id='word_1_323' title='bbox 447 3913 678 3981; x_wconf 83' lang='lat' dir='ltr'><strong>seipsum</strong></span> <span class='ocrx_word' id='word_1_324' title='bbox 723 3930 961 3970; x_wconf 81' lang='lat' dir='ltr'><strong>asserens</strong></span> <span class='ocrx_word' id='word_1_325' title='bbox 987 3915 1030 3970; x_wconf 80' lang='lat'><strong>&quot;.</strong></span> <span class='ocrx_word' id='word_1_326' title='bbox 1063 3913 1198 3970; x_wconf 88' lang='lat' dir='ltr'><strong>Nam</strong></span> <span class='ocrx_word' id='word_1_327' title='bbox 1243 3930 1368 3970; x_wconf 92' lang='lat' dir='ltr'><strong>cum</strong></span> <span class='ocrx_word' id='word_1_328' title='bbox 1409 3917 1520 3974; x_wconf 89' lang='lat' dir='ltr'><strong>illis</strong></span> <span class='ocrx_word' id='word_1_329' title='bbox 1560 3919 1742 3974; x_wconf 87' lang='lat' dir='ltr'><strong>verbis</strong></span> <span class='ocrx_word' id='word_1_330' title='bbox 1773 3920 1879 3975; x_wconf 92' lang='lat' dir='ltr'><strong>uti-</strong></span> 
     </span>
    </p>
   </div>
   <div class='ocr_carea' id='block_1_44' title="bbox 296 3995 1874 4083">
    <p class='ocr_par' dir='ltr' id='par_1_44' title="bbox 296 3995 1874 4083">
     <span class='ocr_line' id='line_1_44' title="bbox 296 3995 1874 4083; baseline 0.006 -26"><span class='ocrx_word' id='word_1_331' title='bbox 296 3995 387 4058; x_wconf 81' lang='lat' dir='ltr'><strong>tur</strong></span> <span class='ocrx_word' id='word_1_332' title='bbox 431 4023 446 4059; x_wconf 89' lang='lat'><strong>:</strong></span> <span class='ocrx_word' id='word_1_333' title='bbox 498 4005 604 4073; x_wconf 83' lang='lat' dir='ltr'><strong>Qui</strong></span> <span class='ocrx_word' id='word_1_334' title='bbox 668 4007 798 4061; x_wconf 88' lang='lat' dir='ltr'><strong><em>vidit</em></strong></span> <span class='ocrx_word' id='word_1_335' title='bbox 843 4023 963 4073; x_wconf 85' lang='lat' dir='ltr'><strong>me,</strong></span> <span class='ocrx_word' id='word_1_336' title='bbox 1013 4008 1140 4062; x_wconf 89' lang='lat' dir='ltr'><strong><em>vidit</em></strong></span> <span class='ocrx_word' id='word_1_337' title='bbox 1202 4018 1252 4062; x_wconf 89' lang='lat' dir='ltr'><strong><em>et</em></strong></span> <span class='ocrx_word' id='word_1_338' title='bbox 1306 4008 1561 4076; x_wconf 87' lang='lat' dir='ltr'><strong>Patrem,</strong></span> <span class='ocrx_word' id='word_1_339' title='bbox 1610 4013 1874 4083; x_wconf 62' lang='lat' dir='ltr'><strong>aequalem</strong></span> 
     </span>
    </p>
   </div>
   <div class='ocr_carea' id='block_1_45' title="bbox 294 4096 1178 4156">
    <p class='ocr_par' dir='ltr' id='par_1_45' title="bbox 294 4096 1178 4156">
     <span class='ocr_line' id='line_1_45' title="bbox 294 4096 1178 4156; baseline 0.003 -4"><span class='ocrx_word' id='word_1_340' title='bbox 294 4097 402 4153; x_wconf 88' lang='lat' dir='ltr'><strong>sibi</strong></span> <span class='ocrx_word' id='word_1_341' title='bbox 426 4096 594 4155; x_wconf 90' lang='lat' dir='ltr'><strong>Deum</strong></span> <span class='ocrx_word' id='word_1_342' title='bbox 621 4098 840 4156; x_wconf 85' lang='lat' dir='ltr'><strong>Patrem</strong></span> <span class='ocrx_word' id='word_1_343' title='bbox 871 4101 1178 4156; x_wconf 88' lang='lat' dir='ltr'><strong>constituit.</strong></span> 
     </span>
    </p>
   </div>
   <div class='ocr_carea' id='block_1_46' title="bbox 361 4191 1875 4258">
    <p class='ocr_par' dir='ltr' id='par_1_46' title="bbox 361 4191 1875 4258">
     <span class='ocr_line' id='line_1_46' title="bbox 361 4191 1875 4258; baseline 0.004 -14"><span class='ocrx_word' id='word_1_344' title='bbox 361 4193 432 4244; x_wconf 84' lang='lat' dir='ltr'><strong>At</strong></span> <span class='ocrx_word' id='word_1_345' title='bbox 479 4191 648 4248; x_wconf 91' lang='lat' dir='ltr'><strong>homo</strong></span> <span class='ocrx_word' id='word_1_346' title='bbox 693 4193 894 4250; x_wconf 90' lang='lat' dir='ltr'><strong>similis</strong></span> <span class='ocrx_word' id='word_1_347' title='bbox 937 4193 1078 4258; x_wconf 89' lang='lat' dir='ltr'><strong>Deo,</strong></span> <span class='ocrx_word' id='word_1_348' title='bbox 1112 4200 1208 4248; x_wconf 92' lang='lat' dir='ltr'><strong>aut</strong></span> <span class='ocrx_word' id='word_1_349' title='bbox 1255 4194 1400 4249; x_wconf 92' lang='lat' dir='ltr'><strong>sicut</strong></span> <span class='ocrx_word' id='word_1_350' title='bbox 1431 4193 1575 4251; x_wconf 86' lang='lat' dir='ltr'><strong>Deus</strong></span> <span class='ocrx_word' id='word_1_351' title='bbox 1606 4211 1730 4252; x_wconf 90' lang='lat' dir='ltr'><strong>esse</strong></span> <span class='ocrx_word' id='word_1_352' title='bbox 1766 4211 1875 4251; x_wconf 91' lang='lat' dir='ltr'><strong>non</strong></span> 
     </span>
    </p>
   </div>
   <div class='ocr_carea' id='block_1_47' title="bbox 1998 398 3576 472">
    <p class='ocr_par' dir='ltr' id='par_1_47' title="bbox 1998 398 3576 472">
     <span class='ocr_line' id='line_1_47' title="bbox 1998 398 3576 472; baseline 0.006 -23"><span class='ocrx_word' id='word_1_353' title='bbox 1998 398 2256 451; x_wconf 79' lang='grc' dir='ltr'><strong>ἐπέκεινα</strong></span> <span class='ocrx_word' id='word_1_354' title='bbox 2303 398 2540 455; x_wconf 70' lang='grc' dir='ltr'><em>τούτωνῑ</em></span> <span class='ocrx_word' id='word_1_355' title='bbox 2588 400 2715 453; x_wconf 81' lang='grc' dir='ltr'><em>Ἰδοὺ</em></span> <span class='ocrx_word' id='word_1_356' title='bbox 2756 399 2885 472; x_wconf 83' lang='grc' dir='ltr'><em>γὰρ,</em></span> <span class='ocrx_word' id='word_1_357' title='bbox 2910 400 3106 470; x_wconf 72' lang='grc' dir='ltr'><em>φησίνο</em></span> <span class='ocrx_word' id='word_1_358' title='bbox 3149 399 3576 472; x_wconf 73' lang='grc' dir='ltr'><em>Ἐξομολογοῦ-</em></span> 
     </span>
    </p>
   </div>
   <div class='ocr_carea' id='block_1_48' title="bbox 1993 491 3575 564">
    <p class='ocr_par' dir='ltr' id='par_1_48' title="bbox 1993 491 3575 564">
     <span class='ocr_line' id='line_1_48' title="bbox 1993 491 3575 564; baseline 0.004 -21"><span class='ocrx_word' id='word_1_359' title='bbox 1993 491 2103 560; x_wconf 78' lang='grc' dir='ltr'><em>μαί</em></span> <span class='ocrx_word' id='word_1_360' title='bbox 2123 506 2224 544; x_wconf 87' lang='grc' dir='ltr'><strong>σοι</strong></span> <span class='ocrx_word' id='word_1_361' title='bbox 2241 531 2254 555; x_wconf 94' lang='grc'><strong>,</strong></span> <span class='ocrx_word' id='word_1_362' title='bbox 2274 492 2487 560; x_wconf 84' lang='grc' dir='ltr'><strong>Πάτερ,</strong></span> <span class='ocrx_word' id='word_1_363' title='bbox 2517 495 2695 564; x_wconf 77' lang='grc' dir='ltr'><em>Κύριε</em></span> <span class='ocrx_word' id='word_1_364' title='bbox 2721 495 2978 562; x_wconf 79' lang='grc' dir='ltr'><em>οὐρανοῦ</em></span> <span class='ocrx_word' id='word_1_365' title='bbox 3003 494 3100 548; x_wconf 77' lang='grc' dir='ltr'><em>καί</em></span> <span class='ocrx_word' id='word_1_366' title='bbox 3139 493 3252 564; x_wconf 73' lang='grc' dir='ltr'><em>γῆς</em></span> <span class='ocrx_word' id='word_1_367' title='bbox 3269 510 3286 526; x_wconf 79' lang='grc' dir='ltr'><strong>ο</strong></span> <span class='ocrx_word' id='word_1_368' title='bbox 3343 495 3432 549; x_wconf 86' lang='grc' dir='ltr'><em>ὅτι</em></span> <span class='ocrx_word' id='word_1_369' title='bbox 3465 497 3575 550; x_wconf 81' lang='grc' dir='ltr'><strong>ἁπ-</strong></span> 
     </span>
    </p>
   </div>
   <div class='ocr_carea' id='block_1_49' title="bbox 1998 585 3578 658">
    <p class='ocr_par' dir='ltr' id='par_1_49' title="bbox 1998 585 3578 658">
     <span class='ocr_line' id='line_1_49' title="bbox 1998 585 3578 658; baseline 0.004 -22"><span class='ocrx_word' id='word_1_370' title='bbox 1998 585 2270 654; x_wconf 69' lang='grc' dir='ltr'><em>ἐκρυψας</em></span> <span class='ocrx_word' id='word_1_371' title='bbox 2300 587 2482 641; x_wconf 81' lang='grc' dir='ltr'><em>ταῦτα</em></span> <span class='ocrx_word' id='word_1_372' title='bbox 2515 587 2634 641; x_wconf 82' lang='grc' dir='ltr'><em>ἀπὸ</em></span> <span class='ocrx_word' id='word_1_373' title='bbox 2659 587 2867 658; x_wconf 73' lang='grc' dir='ltr'><em>σοφῶν</em></span> <span class='ocrx_word' id='word_1_374' title='bbox 2895 587 2992 642; x_wconf 75' lang='grc' dir='ltr'><strong>καί</strong></span> <span class='ocrx_word' id='word_1_375' title='bbox 3025 586 3317 651; x_wconf 84' lang='grc' dir='ltr'><em>συνετῶν,</em></span> <span class='ocrx_word' id='word_1_376' title='bbox 3339 589 3434 642; x_wconf 76' lang='grc' dir='ltr'><em>καί</em></span> <span class='ocrx_word' id='word_1_377' title='bbox 3464 591 3578 643; x_wconf 79' lang='grc' dir='ltr'><strong>ἀπ-</strong></span> 
     </span>
    </p>
   </div>
   <div class='ocr_carea' id='block_1_50' title="bbox 1996 673 3578 749">
    <p class='ocr_par' dir='ltr' id='par_1_50' title="bbox 1996 673 3578 749">
     <span class='ocr_line' id='line_1_50' title="bbox 1996 673 3578 749; baseline 0.006 -22"><span class='ocrx_word' id='word_1_378' title='bbox 1996 673 2310 744; x_wconf 64' lang='grc' dir='ltr'><em>εκάλυψας</em></span> <span class='ocrx_word' id='word_1_379' title='bbox 2327 677 2479 732; x_wconf 85' lang='grc' dir='ltr'><em>αὐτὰ</em></span> <span class='ocrx_word' id='word_1_380' title='bbox 2507 680 2768 747; x_wconf 79' lang='grc' dir='ltr'><strong>νηπίοις.</strong></span> <span class='ocrx_word' id='word_1_381' title='bbox 2796 680 2930 746; x_wconf 80' lang='grc' dir='ltr'><em>Ναὶ,</em></span> <span class='ocrx_word' id='word_1_382' title='bbox 2965 683 2998 734; x_wconf 85' lang='grc' dir='ltr'><strong><em>ό</em></strong></span> <span class='ocrx_word' id='word_1_383' title='bbox 3029 681 3248 749; x_wconf 69' lang='grc' dir='ltr'><em>Πατήρι</em></span> <span class='ocrx_word' id='word_1_384' title='bbox 3272 680 3360 736; x_wconf 86' lang='grc' dir='ltr'><em>ὅτι</em></span> <span class='ocrx_word' id='word_1_385' title='bbox 3389 682 3578 749; x_wconf 77' lang='grc' dir='ltr'><em>οὕτως</em></span> 
     </span>
    </p>
   </div>
   <div class='ocr_carea' id='block_1_51' title="bbox 1997 768 3576 844">
    <p class='ocr_par' dir='ltr' id='par_1_51' title="bbox 1997 768 3576 844">
     <span class='ocr_line' id='line_1_51' title="bbox 1997 768 3576 844; baseline 0.004 -23"><span class='ocrx_word' id='word_1_386' title='bbox 1997 768 2242 838; x_wconf 73' lang='grc' dir='ltr'><em>γέγονεν</em></span> <span class='ocrx_word' id='word_1_387' title='bbox 2266 771 2509 825; x_wconf 83' lang='grc' dir='ltr'><em>εὐδοκία</em></span> <span class='ocrx_word' id='word_1_388' title='bbox 2536 771 2878 842; x_wconf 78' lang='grc' dir='ltr'><em>ἔμπροσθέν</em></span> <span class='ocrx_word' id='word_1_389' title='bbox 2910 787 3046 828; x_wconf 79' lang='grc' dir='ltr'><strong>σου.</strong></span> <span class='ocrx_word' id='word_1_390' title='bbox 3075 774 3279 828; x_wconf 80' lang='grc' dir='ltr'><em>Πάντα</em></span> <span class='ocrx_word' id='word_1_391' title='bbox 3301 792 3402 844; x_wconf 82' lang='grc' dir='ltr'><em>μοι</em></span> <span class='ocrx_word' id='word_1_392' title='bbox 3427 791 3576 841; x_wconf 81' lang='grc' dir='ltr'><em>παρ-</em></span> 
     </span>
    </p>
   </div>
   <div class='ocr_carea' id='block_1_52' title="bbox 1995 857 3575 931">
    <p class='ocr_par' dir='ltr' id='par_1_52' title="bbox 1995 857 3575 931">
     <span class='ocr_line' id='line_1_52' title="bbox 1995 857 3575 931; baseline 0.002 -19"><span class='ocrx_word' id='word_1_393' title='bbox 1995 857 2171 927; x_wconf 83' lang='grc' dir='ltr'><em>εδόθη</em></span> <span class='ocrx_word' id='word_1_394' title='bbox 2216 858 2336 912; x_wconf 79' lang='grc' dir='ltr'><em>ὑπὸ</em></span> <span class='ocrx_word' id='word_1_395' title='bbox 2377 860 2482 913; x_wconf 86' lang='grc' dir='ltr'><strong>τοῦ</strong></span> <span class='ocrx_word' id='word_1_396' title='bbox 2517 863 2748 929; x_wconf 81' lang='grc' dir='ltr'><em>Πατρός</em></span> <span class='ocrx_word' id='word_1_397' title='bbox 2764 879 2913 931; x_wconf 81' lang='grc' dir='ltr'><em>μου,</em></span> <span class='ocrx_word' id='word_1_398' title='bbox 2955 862 3054 916; x_wconf 77' lang='grc' dir='ltr'><em>καί</em></span> <span class='ocrx_word' id='word_1_399' title='bbox 3087 862 3286 929; x_wconf 82' lang='grc' dir='ltr'><em>οὐδεὶς</em></span> <span class='ocrx_word' id='word_1_400' title='bbox 3323 859 3446 917; x_wconf 79' lang='grc' dir='ltr'><em>οἶδε</em></span> <span class='ocrx_word' id='word_1_401' title='bbox 3470 863 3575 916; x_wconf 85' lang='grc' dir='ltr'><strong>τὸν</strong></span> 
     </span>
    </p>
   </div>
   <div class='ocr_carea' id='block_1_53' title="bbox 2005 949 3578 1024">
    <p class='ocr_par' dir='ltr' id='par_1_53' title="bbox 2005 949 3578 1024">
     <span class='ocr_line' id='line_1_53' title="bbox 2005 949 3578 1024; baseline 0.004 -22"><span class='ocrx_word' id='word_1_402' title='bbox 2005 949 2140 1004; x_wconf 83' lang='grc' dir='ltr'><strong>Υίόν</strong></span> <span class='ocrx_word' id='word_1_403' title='bbox 2164 951 2315 1020; x_wconf 80' lang='grc' dir='ltr'><strong>εἰμὴ</strong></span> <span class='ocrx_word' id='word_1_404' title='bbox 2345 955 2377 1005; x_wconf 85' lang='grc' dir='ltr'><strong><em>ό</em></strong></span> <span class='ocrx_word' id='word_1_405' title='bbox 2405 951 2630 1020; x_wconf 84' lang='grc' dir='ltr'><em>Πατὴρ,</em></span> <span class='ocrx_word' id='word_1_406' title='bbox 2673 952 2773 1006; x_wconf 78' lang='grc' dir='ltr'><em>καί</em></span> <span class='ocrx_word' id='word_1_407' title='bbox 2802 952 2910 1007; x_wconf 86' lang='grc' dir='ltr'><em>τὸν</em></span> <span class='ocrx_word' id='word_1_408' title='bbox 2943 955 3171 1022; x_wconf 82' lang='grc' dir='ltr'><strong>Πατέρα</strong></span> <span class='ocrx_word' id='word_1_409' title='bbox 3200 953 3401 1019; x_wconf 75' lang='grc' dir='ltr'><em>οὐδεὶς</em></span> <span class='ocrx_word' id='word_1_410' title='bbox 3425 955 3578 1024; x_wconf 66' lang='grc' dir='ltr'><em>ἔγνω</em></span> 
     </span>
    </p>
   </div>
   <div class='ocr_carea' id='block_1_54' title="bbox 1994 1037 3576 1117">
    <p class='ocr_par' dir='ltr' id='par_1_54' title="bbox 1994 1037 3576 1117">
     <span class='ocr_line' id='line_1_54' title="bbox 1994 1037 3576 1117; baseline 0.004 -23"><span class='ocrx_word' id='word_1_411' title='bbox 1994 1043 2048 1094; x_wconf 80' lang='grc' dir='ltr'><strong>εί</strong></span> <span class='ocrx_word' id='word_1_412' title='bbox 2065 1041 2152 1111; x_wconf 80' lang='grc' dir='ltr'><strong>μὴ</strong></span> <span class='ocrx_word' id='word_1_413' title='bbox 2184 1045 2217 1095; x_wconf 83' lang='grc' dir='ltr'><strong><em>ό</em></strong></span> <span class='ocrx_word' id='word_1_414' title='bbox 2256 1042 2408 1109; x_wconf 81' lang='grc' dir='ltr'><em>Υἱὸς,</em></span> <span class='ocrx_word' id='word_1_415' title='bbox 2443 1045 2538 1097; x_wconf 79' lang='grc' dir='ltr'><strong>καὶ</strong></span> <span class='ocrx_word' id='word_1_416' title='bbox 2559 1037 2734 1111; x_wconf 83' lang='grc' dir='ltr'><strong>ᾧέὰν</strong></span> <span class='ocrx_word' id='word_1_417' title='bbox 2759 1047 2792 1100; x_wconf 83' lang='grc' dir='ltr'><strong><em>ό</em></strong></span> <span class='ocrx_word' id='word_1_418' title='bbox 2827 1045 2958 1112; x_wconf 76' lang='grc' dir='ltr'><strong>Υἱὸς</strong></span> <span class='ocrx_word' id='word_1_419' title='bbox 2990 1045 3380 1117; x_wconf 70' lang='grc' dir='ltr'><strong>ἀποκαλύψῃ.</strong></span> <span class='ocrx_word' id='word_1_420' title='bbox 3442 1048 3576 1112; x_wconf 64' lang='grc' dir='ltr'><strong>Ἀπ-</strong></span> 
     </span>
    </p>
   </div>
   <div class='ocr_carea' id='block_1_55' title="bbox 1994 1133 3576 1209">
    <p class='ocr_par' dir='ltr' id='par_1_55' title="bbox 1994 1133 3576 1209">
     <span class='ocr_line' id='line_1_55' title="bbox 1994 1133 3576 1209; baseline 0.006 -23"><span class='ocrx_word' id='word_1_421' title='bbox 1994 1133 2308 1202; x_wconf 74' lang='grc' dir='ltr'><em>εκάλυψιας</em></span> <span class='ocrx_word' id='word_1_422' title='bbox 2329 1136 2438 1207; x_wconf 82' lang='grc' dir='ltr'><em>γὰρ</em></span> <span class='ocrx_word' id='word_1_423' title='bbox 2475 1137 2733 1204; x_wconf 72' lang='grc' dir='ltr'><em>νηπίοις.</em></span> <span class='ocrx_word' id='word_1_424' title='bbox 2756 1138 2866 1190; x_wconf 70' lang='grc' dir='ltr'><strong>Καὶ</strong></span> <span class='ocrx_word' id='word_1_425' title='bbox 2881 1179 2897 1204; x_wconf 94' lang='grc'><strong>,</strong></span> <span class='ocrx_word' id='word_1_426' title='bbox 2919 1136 3122 1191; x_wconf 83' lang='grc' dir='ltr'><em>Πάντα</em></span> <span class='ocrx_word' id='word_1_427' title='bbox 3145 1156 3247 1208; x_wconf 87' lang='grc' dir='ltr'><em>μοι</em></span> <span class='ocrx_word' id='word_1_428' title='bbox 3273 1139 3576 1209; x_wconf 79' lang='grc' dir='ltr'><strong>παρεδόθη</strong></span> 
     </span>
    </p>
   </div>
   <div class='ocr_carea' id='block_1_56' title="bbox 1993 1212 3576 1303">
    <p class='ocr_par' dir='ltr' id='par_1_56' title="bbox 1993 1212 3576 1303">
     <span class='ocr_line' id='line_1_56' title="bbox 1993 1212 3576 1303; baseline 0.004 -25"><span class='ocrx_word' id='word_1_429' title='bbox 1993 1212 2113 1280; x_wconf 76' lang='grc' dir='ltr'><strong>ὐπῦ</strong></span> <span class='ocrx_word' id='word_1_430' title='bbox 2147 1227 2253 1293; x_wconf 86' lang='grc' dir='ltr'><strong>τοῦ</strong></span> <span class='ocrx_word' id='word_1_431' title='bbox 2283 1229 2513 1296; x_wconf 83' lang='grc' dir='ltr'><em>Πατρός</em></span> <span class='ocrx_word' id='word_1_432' title='bbox 2540 1247 2682 1298; x_wconf 82' lang='grc' dir='ltr'><em>μου,</em></span> <span class='ocrx_word' id='word_1_433' title='bbox 2724 1228 2811 1282; x_wconf 89' lang='grc' dir='ltr'><strong>ἴνα</strong></span> <span class='ocrx_word' id='word_1_434' title='bbox 2843 1229 3053 1303; x_wconf 68' lang='grc' dir='ltr'>ἐκκόψῃ</span> <span class='ocrx_word' id='word_1_435' title='bbox 3082 1230 3180 1302; x_wconf 86' lang='grc' dir='ltr'><em>τὴν</em></span> <span class='ocrx_word' id='word_1_436' title='bbox 3213 1230 3418 1285; x_wconf 82' lang='grc' dir='ltr'><em>τούτων</em></span> <span class='ocrx_word' id='word_1_437' title='bbox 3453 1233 3576 1284; x_wconf 78' lang='grc' dir='ltr'><em>ἑπι-</em></span> 
     </span>
    </p>
   </div>
   <div class='ocr_carea' id='block_1_57' title="bbox 1996 1322 2806 1395">
    <p class='ocr_par' dir='ltr' id='par_1_57' title="bbox 1996 1322 2806 1395">
     <span class='ocr_line' id='line_1_57' title="bbox 1996 1322 2806 1395; baseline 0.005 -19"><span class='ocrx_word' id='word_1_438' title='bbox 1996 1323 2328 1395; x_wconf 81' lang='grc' dir='ltr'><em>νενοημένην</em></span> <span class='ocrx_word' id='word_1_439' title='bbox 2367 1322 2690 1388; x_wconf 86' lang='grc' dir='ltr'><em>ξενολεξίαν.</em></span> <span class='ocrx_word' id='word_1_440' title='bbox 2803 1334 2806 1335; x_wconf 66' lang='grc'><strong><em>⁷</em></strong></span> 
     </span>
    </p>
   </div>
   <div class='ocr_carea' id='block_1_58' title="bbox 2067 1414 3585 1490">
    <p class='ocr_par' dir='ltr' id='par_1_58' title="bbox 2067 1414 3585 1490">
     <span class='ocr_line' id='line_1_58' title="bbox 2067 1414 3585 1490; baseline 0.003 -23"><span class='ocrx_word' id='word_1_441' title='bbox 2067 1415 2142 1468; x_wconf 89' lang='lat' dir='ltr'><strong>Z&#39;.</strong></span> <span class='ocrx_word' id='word_1_442' title='bbox 2189 1414 2328 1468; x_wconf 84' lang='grc' dir='ltr'><em>Ἀλλ’</em></span> <span class='ocrx_word' id='word_1_443' title='bbox 2365 1415 2467 1487; x_wconf 85' lang='grc' dir='ltr'><em>ὅρα</em></span> <span class='ocrx_word' id='word_1_444' title='bbox 2497 1415 2588 1470; x_wconf 87' lang='grc' dir='ltr'><strong>τὸν</strong></span> <span class='ocrx_word' id='word_1_445' title='bbox 2629 1417 2716 1470; x_wconf 76' lang='grc' dir='ltr'><strong>ἀεὶ</strong></span> <span class='ocrx_word' id='word_1_446' title='bbox 2749 1417 3213 1489; x_wconf 82' lang='grc' dir='ltr'><em>ἀντιπολεμοῦντα</em></span> <span class='ocrx_word' id='word_1_447' title='bbox 3249 1420 3314 1490; x_wconf 67' lang='grc' dir='ltr'><em>τῇ</em></span> <span class='ocrx_word' id='word_1_448' title='bbox 3343 1419 3453 1472; x_wconf 84' lang='grc' dir='ltr'><strong>τῶν</strong></span> <span class='ocrx_word' id='word_1_449' title='bbox 3489 1419 3585 1472; x_wconf 85' lang='grc' dir='ltr'><strong>ἀν-</strong></span> 
     </span>
    </p>
   </div>
   <div class='ocr_carea' id='block_1_59' title="bbox 1996 1502 3576 1578">
    <p class='ocr_par' dir='ltr' id='par_1_59' title="bbox 1996 1502 3576 1578">
     <span class='ocr_line' id='line_1_59' title="bbox 1996 1502 3576 1578; baseline 0.003 -22"><span class='ocrx_word' id='word_1_450' title='bbox 1996 1502 2229 1574; x_wconf 81' lang='grc' dir='ltr'><em>θρώπων</em></span> <span class='ocrx_word' id='word_1_451' title='bbox 2277 1505 2435 1573; x_wconf 82' lang='grc' dir='ltr'><strong>φύσει</strong></span> <span class='ocrx_word' id='word_1_452' title='bbox 2477 1505 2750 1570; x_wconf 77' lang='grc' dir='ltr'><em>διάϐολον,</em></span> <span class='ocrx_word' id='word_1_453' title='bbox 2779 1507 2833 1559; x_wconf 89' lang='grc' dir='ltr'><strong>τί</strong></span> <span class='ocrx_word' id='word_1_454' title='bbox 2875 1508 2934 1562; x_wconf 84' lang='grc' dir='ltr'><strong>ὲν</strong></span> <span class='ocrx_word' id='word_1_455' title='bbox 2976 1507 3156 1571; x_wconf 79' lang='grc' dir='ltr'><em>αὐτοῖς</em></span> <span class='ocrx_word' id='word_1_456' title='bbox 3203 1508 3576 1578; x_wconf 85' lang='grc' dir='ltr'><strong>ὲνεκίσσησεν,</strong></span> 
     </span>
    </p>
   </div>
   <div class='ocr_carea' id='block_1_60' title="bbox 1995 1593 3578 1668">
    <p class='ocr_par' dir='ltr' id='par_1_60' title="bbox 1995 1593 3578 1668">
     <span class='ocr_line' id='line_1_60' title="bbox 1995 1593 3578 1668; baseline 0.003 -22"><span class='ocrx_word' id='word_1_457' title='bbox 1995 1593 2184 1664; x_wconf 80' lang='grc' dir='ltr'><em>ὥσπερ</em></span> <span class='ocrx_word' id='word_1_458' title='bbox 2214 1595 2324 1648; x_wconf 85' lang='grc' dir='ltr'><em>ἀπὸ</em></span> <span class='ocrx_word' id='word_1_459' title='bbox 2361 1595 2672 1666; x_wconf 82' lang='grc' dir='ltr'><em>διαδολικῆς</em></span> <span class='ocrx_word' id='word_1_460' title='bbox 2718 1596 2996 1667; x_wconf 77' lang='grc' dir='ltr'><strong>ἐνεργείας</strong></span> <span class='ocrx_word' id='word_1_461' title='bbox 3027 1597 3121 1650; x_wconf 83' lang='grc' dir='ltr'><strong>τοῦ</strong></span> <span class='ocrx_word' id='word_1_462' title='bbox 3164 1596 3363 1667; x_wconf 83' lang='grc' dir='ltr'><em>λέγειν.</em></span> <span class='ocrx_word' id='word_1_463' title='bbox 3403 1598 3578 1668; x_wconf 85' lang='grc' dir='ltr'><em>Δῆθεν</em></span> 
     </span>
    </p>
   </div>
   <div class='ocr_carea' id='block_1_61' title="bbox 1993 1685 3576 1761">
    <p class='ocr_par' dir='ltr' id='par_1_61' title="bbox 1993 1685 3576 1761">
     <span class='ocr_line' id='line_1_61' title="bbox 1993 1685 3576 1761; baseline 0.002 -22"><span class='ocrx_word' id='word_1_464' title='bbox 1993 1685 2100 1756; x_wconf 87' lang='grc' dir='ltr'><em>γὰρ</em></span> <span class='ocrx_word' id='word_1_465' title='bbox 2126 1687 2516 1756; x_wconf 81' lang='grc' dir='ltr'><em>ἀπολογοῦνται</em></span> <span class='ocrx_word' id='word_1_466' title='bbox 2557 1689 2694 1761; x_wconf 90' lang='grc' dir='ltr'><em>πρὸς</em></span> <span class='ocrx_word' id='word_1_467' title='bbox 2731 1688 2903 1743; x_wconf 86' lang='grc' dir='ltr'><em>ταῦτα</em></span> <span class='ocrx_word' id='word_1_468' title='bbox 2939 1691 2986 1743; x_wconf 89' lang='grc' dir='ltr'><em>οἱ</em></span> <span class='ocrx_word' id='word_1_469' title='bbox 3021 1690 3120 1760; x_wconf 84' lang='grc' dir='ltr'><em>τῆς</em></span> <span class='ocrx_word' id='word_1_470' title='bbox 3155 1690 3262 1744; x_wconf 85' lang='grc' dir='ltr'><strong>τῶν</strong></span> <span class='ocrx_word' id='word_1_471' title='bbox 3305 1691 3576 1744; x_wconf 83' lang='grc' dir='ltr'><strong>Ἰουδαίων</strong></span> 
     </span>
    </p>
   </div>
   <div class='ocr_carea' id='block_1_62' title="bbox 1993 1778 3578 1854">
    <p class='ocr_par' dir='ltr' id='par_1_62' title="bbox 1993 1778 3578 1854">
     <span class='ocr_line' id='line_1_62' title="bbox 1993 1778 3578 1854; baseline 0.004 -25"><span class='ocrx_word' id='word_1_472' title='bbox 1993 1778 2259 1848; x_wconf 79' lang='grc' dir='ltr'><em>αἱρέσεως</em></span> <span class='ocrx_word' id='word_1_473' title='bbox 2310 1780 2609 1851; x_wconf 83' lang='grc' dir='ltr'><strong>ὑπηρέται,</strong></span> <span class='ocrx_word' id='word_1_474' title='bbox 2653 1781 2794 1852; x_wconf 85' lang='grc' dir='ltr'><em>ὑπὲρ</em></span> <span class='ocrx_word' id='word_1_475' title='bbox 2836 1783 3026 1835; x_wconf 88' lang='grc' dir='ltr'><em>τούτου</em></span> <span class='ocrx_word' id='word_1_476' title='bbox 3064 1783 3442 1854; x_wconf 75' lang='grc' dir='ltr'><strong>αἰσχυνόμενοι</strong></span> <span class='ocrx_word' id='word_1_477' title='bbox 3487 1782 3578 1836; x_wconf 79' lang='grc' dir='ltr'><em>διὰ</em></span> 
     </span>
    </p>
   </div>
   <div class='ocr_carea' id='block_1_63' title="bbox 1989 1870 3577 1946">
    <p class='ocr_par' dir='ltr' id='par_1_63' title="bbox 1989 1870 3577 1946">
     <span class='ocr_line' id='line_1_63' title="bbox 1989 1870 3577 1946; baseline 0.004 -24"><span class='ocrx_word' id='word_1_478' title='bbox 1989 1870 2089 1941; x_wconf 84' lang='grc' dir='ltr'><strong>τὴν</strong></span> <span class='ocrx_word' id='word_1_479' title='bbox 2115 1871 2223 1924; x_wconf 82' lang='grc' dir='ltr'><strong>τῶν</strong></span> <span class='ocrx_word' id='word_1_480' title='bbox 2249 1872 2407 1926; x_wconf 86' lang='grc' dir='ltr'><strong>θείων</strong></span> <span class='ocrx_word' id='word_1_481' title='bbox 2435 1875 2783 1943; x_wconf 78' lang='grc' dir='ltr'><em>Εὑαγγελίων</em></span> <span class='ocrx_word' id='word_1_482' title='bbox 2810 1874 2954 1946; x_wconf 81' lang='grc' dir='ltr'><strong>σαφῆ</strong></span> <span class='ocrx_word' id='word_1_483' title='bbox 2974 1875 3298 1946; x_wconf 80' lang='grc' dir='ltr'><em>ὑφηγήσεως</em></span> <span class='ocrx_word' id='word_1_484' title='bbox 3323 1876 3577 1930; x_wconf 86' lang='grc' dir='ltr'><em>διδασκα-</em></span> 
     </span>
    </p>
   </div>
   <div class='ocr_carea' id='block_1_64' title="bbox 1990 1961 3573 2039">
    <p class='ocr_par' dir='ltr' id='par_1_64' title="bbox 1990 1961 3573 2039">
     <span class='ocr_line' id='line_1_64' title="bbox 1990 1961 3573 2039; baseline 0.004 -25"><span class='ocrx_word' id='word_1_485' title='bbox 1990 1961 2142 2028; x_wconf 82' lang='grc' dir='ltr'><strong>λίαν,</strong></span> <span class='ocrx_word' id='word_1_486' title='bbox 2176 1963 2264 2016; x_wconf 84' lang='grc' dir='ltr'><em>ἴνα</em></span> <span class='ocrx_word' id='word_1_487' title='bbox 2311 1963 2384 2035; x_wconf 83' lang='grc' dir='ltr'><em>μὴ</em></span> <span class='ocrx_word' id='word_1_488' title='bbox 2425 1964 2632 2033; x_wconf 82' lang='grc' dir='ltr'><strong>ὀφθῶσι</strong></span> <span class='ocrx_word' id='word_1_489' title='bbox 2673 1965 2982 2020; x_wconf 87' lang='grc' dir='ltr'><em>τελειότατα</em></span> <span class='ocrx_word' id='word_1_490' title='bbox 3021 1966 3475 2038; x_wconf 87' lang='grc' dir='ltr'><em>ἀντιπράττοντες</em></span> <span class='ocrx_word' id='word_1_491' title='bbox 3505 1970 3573 2039; x_wconf 78' lang='grc' dir='ltr'><em>τῇ</em></span> 
     </span>
    </p>
   </div>
   <div class='ocr_carea' id='block_1_65' title="bbox 1989 2053 3574 2130">
    <p class='ocr_par' dir='ltr' id='par_1_65' title="bbox 1989 2053 3574 2130">
     <span class='ocr_line' id='line_1_65' title="bbox 1989 2053 3574 2130; baseline 0.004 -23"><span class='ocrx_word' id='word_1_492' title='bbox 1989 2053 2086 2107; x_wconf 83' lang='grc' dir='ltr'><strong>τοῦ</strong></span> <span class='ocrx_word' id='word_1_493' title='bbox 2131 2054 2466 2124; x_wconf 83' lang='grc' dir='ltr'><em>Εὐαγγελίου</em></span> <span class='ocrx_word' id='word_1_494' title='bbox 2499 2057 2727 2128; x_wconf 78' lang='grc' dir='ltr'><strong>ἀληθινῇ</strong></span> <span class='ocrx_word' id='word_1_495' title='bbox 2764 2057 2982 2127; x_wconf 81' lang='grc' dir='ltr'><strong>γνώσει.</strong></span> <span class='ocrx_word' id='word_1_496' title='bbox 3011 2059 3282 2112; x_wconf 84' lang='grc' dir='ltr'>Φάσκουσι</span> <span class='ocrx_word' id='word_1_497' title='bbox 3313 2058 3423 2130; x_wconf 84' lang='grc' dir='ltr'><em>γὰρ</em></span> <span class='ocrx_word' id='word_1_498' title='bbox 3443 2100 3456 2123; x_wconf 85' lang='grc'><strong>,</strong></span> <span class='ocrx_word' id='word_1_499' title='bbox 3491 2060 3574 2114; x_wconf 82' lang='grc' dir='ltr'><em>ὅτι</em></span> 
     </span>
    </p>
   </div>
   <div class='ocr_carea' id='block_1_66' title="bbox 1990 2145 3575 2222">
    <p class='ocr_par' dir='ltr' id='par_1_66' title="bbox 1990 2145 3575 2222">
     <span class='ocr_line' id='line_1_66' title="bbox 1990 2145 3575 2222; baseline 0.002 -20"><span class='ocrx_word' id='word_1_500' title='bbox 1990 2148 2275 2220; x_wconf 80' lang='grc' dir='ltr'><em>ἄνθρωπος</em></span> <span class='ocrx_word' id='word_1_501' title='bbox 2308 2145 2374 2222; x_wconf 83' lang='grc' dir='ltr'><strong>ἦν</strong></span> <span class='ocrx_word' id='word_1_502' title='bbox 2401 2152 2429 2204; x_wconf 90' lang='lat'><strong>6</strong></span> <span class='ocrx_word' id='word_1_503' title='bbox 2461 2149 2686 2222; x_wconf 84' lang='grc' dir='ltr'><em>Ἰησοῦς,</em></span> <span class='ocrx_word' id='word_1_504' title='bbox 2717 2152 2812 2206; x_wconf 74' lang='grc' dir='ltr'><strong>καὶ</strong></span> <span class='ocrx_word' id='word_1_505' title='bbox 2839 2151 2896 2204; x_wconf 83' lang='grc' dir='ltr'><strong>ὲν</strong></span> <span class='ocrx_word' id='word_1_506' title='bbox 2916 2149 3064 2220; x_wconf 71' lang='grc' dir='ltr'><strong>αὑτῷ</strong></span> <span class='ocrx_word' id='word_1_507' title='bbox 3087 2151 3407 2208; x_wconf 75' lang='grc' dir='ltr'><strong>ἐνέπνευσεν</strong></span> <span class='ocrx_word' id='word_1_508' title='bbox 3434 2151 3575 2207; x_wconf 76' lang='grc' dir='ltr'><strong>ἄνω-</strong></span> 
     </span>
    </p>
   </div>
   <div class='ocr_carea' id='block_1_67' title="bbox 1991 2240 3576 2318">
    <p class='ocr_par' dir='ltr' id='par_1_67' title="bbox 1991 2240 3576 2318">
     <span class='ocr_line' id='line_1_67' title="bbox 1991 2240 3576 2318; baseline 0.003 -24"><span class='ocrx_word' id='word_1_509' title='bbox 1991 2240 2081 2294; x_wconf 89' lang='grc' dir='ltr'><em>θεν</em></span> <span class='ocrx_word' id='word_1_510' title='bbox 2103 2241 2132 2293; x_wconf 98' lang='lat'><strong>6</strong></span> <span class='ocrx_word' id='word_1_511' title='bbox 2159 2241 2350 2310; x_wconf 82' lang='grc' dir='ltr'><strong>Λόγος.</strong></span> <span class='ocrx_word' id='word_1_512' title='bbox 2375 2243 2484 2295; x_wconf 80' lang='grc' dir='ltr'><strong>Καὶ</strong></span> <span class='ocrx_word' id='word_1_513' title='bbox 2514 2243 2685 2296; x_wconf 87' lang='grc' dir='ltr'><em>ταῦτα</em></span> <span class='ocrx_word' id='word_1_514' title='bbox 2714 2244 2840 2316; x_wconf 77' lang='grc' dir='ltr'><em>περὶ</em></span> <span class='ocrx_word' id='word_1_515' title='bbox 2867 2242 3063 2297; x_wconf 84' lang='grc' dir='ltr'><em>ἑαυτοῦ</em></span> <span class='ocrx_word' id='word_1_516' title='bbox 3099 2245 3127 2296; x_wconf 94' lang='lat'><strong>6</strong></span> <span class='ocrx_word' id='word_1_517' title='bbox 3165 2244 3451 2318; x_wconf 77' lang='grc' dir='ltr'><em>ἄνθρωπος</em></span> <span class='ocrx_word' id='word_1_518' title='bbox 3489 2245 3576 2298; x_wconf 84' lang='grc' dir='ltr'><strong>λέ-</strong></span> 
     </span>
    </p>
   </div>
   <div class='ocr_carea' id='block_1_68' title="bbox 1988 2333 3573 2416">
    <p class='ocr_par' dir='ltr' id='par_1_68' title="bbox 1988 2333 3573 2416">
     <span class='ocr_line' id='line_1_68' title="bbox 1988 2333 3573 2416; baseline 0.003 -27"><span class='ocrx_word' id='word_1_519' title='bbox 1988 2352 2096 2405; x_wconf 88' lang='grc' dir='ltr'><em>γει.</em></span> <span class='ocrx_word' id='word_1_520' title='bbox 2138 2335 2198 2388; x_wconf 83' lang='lat'><strong>&#39;0</strong></span> <span class='ocrx_word' id='word_1_521' title='bbox 2231 2335 2422 2408; x_wconf 82' lang='grc' dir='ltr'><em>Πατὴρ</em></span> <span class='ocrx_word' id='word_1_522' title='bbox 2450 2335 2560 2408; x_wconf 83' lang='grc' dir='ltr'><em>γὰρ</em></span> <span class='ocrx_word' id='word_1_523' title='bbox 2593 2336 2710 2408; x_wconf 76' lang='grc' dir='ltr'><em>ἅμα</em></span> <span class='ocrx_word' id='word_1_524' title='bbox 2747 2336 2823 2408; x_wconf 82' lang='grc' dir='ltr'><em>τῷ</em></span> <span class='ocrx_word' id='word_1_525' title='bbox 2861 2337 2976 2408; x_wconf 84' lang='grc' dir='ltr'>Υἱῷ</span> <span class='ocrx_word' id='word_1_526' title='bbox 3004 2333 3085 2401; x_wconf 74' lang='grc' dir='ltr'><em>εἷς</em></span> <span class='ocrx_word' id='word_1_527' title='bbox 3119 2338 3279 2402; x_wconf 82' lang='grc' dir='ltr'><em>Θεὸς-</em></span> <span class='ocrx_word' id='word_1_528' title='bbox 3320 2342 3348 2393; x_wconf 85' lang='lat'><strong>6</strong></span> <span class='ocrx_word' id='word_1_529' title='bbox 3380 2339 3437 2392; x_wconf 85' lang='grc' dir='ltr'><em>δὲ</em></span> <span class='ocrx_word' id='word_1_530' title='bbox 3462 2339 3573 2416; x_wconf 59' lang='lat' dir='ltr'><strong>ﬁv-</strong></span> 
     </span>
    </p>
   </div>
   <div class='ocr_carea' id='block_1_69' title="bbox 1990 2427 3574 2502">
    <p class='ocr_par' dir='ltr' id='par_1_69' title="bbox 1990 2427 3574 2502">
     <span class='ocr_line' id='line_1_69' title="bbox 1990 2427 3574 2502; baseline 0.003 -22"><span class='ocrx_word' id='word_1_531' title='bbox 1990 2427 2206 2499; x_wconf 89' lang='grc' dir='ltr'><em>θρωπος</em></span> <span class='ocrx_word' id='word_1_532' title='bbox 2240 2427 2486 2482; x_wconf 84' lang='grc' dir='ltr'><strong>κάτωθεν</strong></span> <span class='ocrx_word' id='word_1_533' title='bbox 2524 2429 2584 2482; x_wconf 89' lang='grc' dir='ltr'><strong>τὸ</strong></span> <span class='ocrx_word' id='word_1_534' title='bbox 2616 2429 2747 2484; x_wconf 78' lang='grc' dir='ltr'><em>ἴδιον</em></span> <span class='ocrx_word' id='word_1_535' title='bbox 2789 2431 3083 2502; x_wconf 86' lang='grc' dir='ltr'><em>πρόσωπον</em></span> <span class='ocrx_word' id='word_1_536' title='bbox 3118 2431 3425 2500; x_wconf 79' lang='grc' dir='ltr'><em>ὑποφαίνει.</em></span> <span class='ocrx_word' id='word_1_537' title='bbox 3461 2432 3574 2485; x_wconf 75' lang='grc' dir='ltr'><strong>Καὶ</strong></span> 
     </span>
    </p>
   </div>
   <div class='ocr_carea' id='block_1_70' title="bbox 1987 2519 3573 2595">
    <p class='ocr_par' dir='ltr' id='par_1_70' title="bbox 1987 2519 3573 2595">
     <span class='ocr_line' id='line_1_70' title="bbox 1987 2519 3573 2595; baseline 0.004 -23"><span class='ocrx_word' id='word_1_538' title='bbox 1987 2519 2162 2584; x_wconf 81' lang='grc' dir='ltr'><em>οὕτως</em></span> <span class='ocrx_word' id='word_1_539' title='bbox 2185 2519 2256 2573; x_wconf 85' lang='grc' dir='ltr'><em>τὰ</em></span> <span class='ocrx_word' id='word_1_540' title='bbox 2286 2520 2380 2574; x_wconf 80' lang='grc' dir='ltr'><em>δύο</em></span> <span class='ocrx_word' id='word_1_541' title='bbox 2409 2521 2676 2592; x_wconf 87' lang='grc' dir='ltr'><em>πρόσωπα</em></span> <span class='ocrx_word' id='word_1_542' title='bbox 2701 2522 3053 2595; x_wconf 83' lang='grc' dir='ltr'><strong>πληροῦνται.</strong></span> <span class='ocrx_word' id='word_1_543' title='bbox 3089 2524 3212 2588; x_wconf 84' lang='grc' dir='ltr'><em>Πῶς</em></span> <span class='ocrx_word' id='word_1_544' title='bbox 3239 2521 3332 2578; x_wconf 84' lang='grc' dir='ltr'><em>οὖν</em></span> <span class='ocrx_word' id='word_1_545' title='bbox 3365 2524 3573 2594; x_wconf 82' lang='grc' dir='ltr'><em>ἄνθρω-</em></span> 
     </span>
    </p>
   </div>
   <div class='ocr_carea' id='block_1_71' title="bbox 1989 2609 3572 2690">
    <p class='ocr_par' dir='ltr' id='par_1_71' title="bbox 1989 2609 3572 2690">
     <span class='ocr_line' id='line_1_71' title="bbox 1989 2609 3572 2690; baseline 0.002 -23"><span class='ocrx_word' id='word_1_546' title='bbox 1989 2630 2091 2678; x_wconf 72' lang='grc' dir='ltr'><strong>πος</strong></span> <span class='ocrx_word' id='word_1_547' title='bbox 2123 2613 2254 2678; x_wconf 85' lang='grc' dir='ltr'>Θεὸς</span> <span class='ocrx_word' id='word_1_548' title='bbox 2282 2614 2505 2669; x_wconf 88' lang='grc' dir='ltr'><em>δύναται</em></span> <span class='ocrx_word' id='word_1_549' title='bbox 2547 2610 2706 2681; x_wconf 75' lang='grc' dir='ltr'><em>εἶναι,</em></span> <span class='ocrx_word' id='word_1_550' title='bbox 2739 2609 2785 2669; x_wconf 81' lang='grc' dir='ltr'><strong>ὧ</strong></span> <span class='ocrx_word' id='word_1_551' title='bbox 2825 2617 3042 2671; x_wconf 87' lang='grc' dir='ltr'><em>πάντων</em></span> <span class='ocrx_word' id='word_1_552' title='bbox 3079 2616 3383 2690; x_wconf 78' lang='grc' dir='ltr'><em>ἀνθρώπων</em></span> <span class='ocrx_word' id='word_1_553' title='bbox 3414 2618 3572 2671; x_wconf 74' lang='grc' dir='ltr'><em>ἀδέλ-</em></span> 
     </span>
    </p>
   </div>
   <div class='ocr_carea' id='block_1_72' title="bbox 1986 2707 3572 2782">
    <p class='ocr_par' dir='ltr' id='par_1_72' title="bbox 1986 2707 3572 2782">
     <span class='ocr_line' id='line_1_72' title="bbox 1986 2707 3572 2782; baseline 0.001 -21"><span class='ocrx_word' id='word_1_554' title='bbox 1986 2725 2134 2780; x_wconf 82' lang='grc' dir='ltr'><em>τερε,</em></span> <span class='ocrx_word' id='word_1_555' title='bbox 2173 2707 2268 2762; x_wconf 77' lang='grc' dir='ltr'><strong>καὶ</strong></span> <span class='ocrx_word' id='word_1_556' title='bbox 2304 2709 2412 2762; x_wconf 83' lang='grc' dir='ltr'><em>ἀπὸ</em></span> <span class='ocrx_word' id='word_1_557' title='bbox 2443 2709 2538 2763; x_wconf 88' lang='grc' dir='ltr'><strong>τοῦ</strong></span> <span class='ocrx_word' id='word_1_558' title='bbox 2572 2709 2895 2782; x_wconf 78' lang='grc' dir='ltr'><strong>ἐπουρανίου</strong></span> <span class='ocrx_word' id='word_1_559' title='bbox 2937 2711 3283 2782; x_wconf 87' lang='grc' dir='ltr'><em>φρονήματος</em></span> <span class='ocrx_word' id='word_1_560' title='bbox 3323 2709 3413 2763; x_wconf 84' lang='grc' dir='ltr'><em>τὸν</em></span> <span class='ocrx_word' id='word_1_561' title='bbox 3447 2709 3572 2763; x_wconf 88' lang='grc' dir='ltr'><em>νοῦν</em></span> 
     </span>
    </p>
   </div>
   <div class='ocr_carea' id='block_1_73' title="bbox 1986 2798 3574 2876">
    <p class='ocr_par' dir='ltr' id='par_1_73' title="bbox 1986 2798 3574 2876">
     <span class='ocr_line' id='line_1_73' title="bbox 1986 2798 3574 2876; baseline -0.001 -21"><span class='ocrx_word' id='word_1_562' title='bbox 1986 2801 2448 2873; x_wconf 77' lang='grc' dir='ltr'><em>ἀπεστραμμένες</em></span> <span class='ocrx_word' id='word_1_563' title='bbox 2488 2801 2613 2867; x_wconf 80' lang='grc' dir='ltr'><em>Πῶς</em></span> <span class='ocrx_word' id='word_1_564' title='bbox 2657 2802 2880 2858; x_wconf 82' lang='grc' dir='ltr'><em>δύναται</em></span> <span class='ocrx_word' id='word_1_565' title='bbox 2911 2802 3199 2876; x_wconf 77' lang='grc' dir='ltr'><em>ἄνθρωπος</em></span> <span class='ocrx_word' id='word_1_566' title='bbox 3235 2798 3374 2856; x_wconf 73' lang='grc' dir='ltr'><em>εἶναι</em></span> <span class='ocrx_word' id='word_1_567' title='bbox 3417 2802 3574 2871; x_wconf 57' lang='grc' dir='ltr'><em>ψιλὸς</em></span> 
     </span>
    </p>
   </div>
   <div class='ocr_carea' id='block_1_74' title="bbox 1987 2893 3572 2965">
    <p class='ocr_par' dir='ltr' id='par_1_74' title="bbox 1987 2893 3572 2965">
     <span class='ocr_line' id='line_1_74' title="bbox 1987 2893 3572 2965; baseline -0.003 -14"><span class='ocrx_word' id='word_1_568' title='bbox 1987 2896 2128 2951; x_wconf 82' lang='grc' dir='ltr'><em>κατὰ</em></span> <span class='ocrx_word' id='word_1_569' title='bbox 2164 2896 2244 2962; x_wconf 84' lang='grc' dir='ltr'><strong>σὲ,</strong></span> <span class='ocrx_word' id='word_1_570' title='bbox 2275 2897 2304 2949; x_wconf 90' lang='lat'><strong>6</strong></span> <span class='ocrx_word' id='word_1_571' title='bbox 2345 2896 2548 2965; x_wconf 79' lang='grc' dir='ltr'><em>λέγων·</em></span> <span class='ocrx_word' id='word_1_572' title='bbox 2608 2895 2662 2949; x_wconf 90' lang='lat'><strong>&#39;0</strong></span> <span class='ocrx_word' id='word_1_573' title='bbox 2702 2896 2972 2964; x_wconf 77' lang='grc' dir='ltr'><em>ἑωρακὼς</em></span> <span class='ocrx_word' id='word_1_574' title='bbox 3023 2895 3148 2964; x_wconf 83' lang='grc' dir='ltr'><strong>ἐμὲ,</strong></span> <span class='ocrx_word' id='word_1_575' title='bbox 3193 2894 3416 2962; x_wconf 82' lang='grc' dir='ltr'><em>ἑώρακε</em></span> <span class='ocrx_word' id='word_1_576' title='bbox 3463 2893 3572 2946; x_wconf 76' lang='grc' dir='ltr'><em>τὸν</em></span> 
     </span>
    </p>
   </div>
   <div class='ocr_carea' id='block_1_75' title="bbox 1986 2984 3571 3060">
    <p class='ocr_par' dir='ltr' id='par_1_75' title="bbox 1986 2984 3571 3060">
     <span class='ocr_line' id='line_1_75' title="bbox 1986 2984 3571 3060; baseline -0.004 -18"><span class='ocrx_word' id='word_1_577' title='bbox 1986 2987 2249 3057; x_wconf 83' lang='grc' dir='ltr'><em>Πατέρα;</em></span> <span class='ocrx_word' id='word_1_578' title='bbox 2269 2989 2333 3041; x_wconf 79' lang='grc' dir='ltr'><strong>Εἰ</strong></span> <span class='ocrx_word' id='word_1_579' title='bbox 2357 2988 2465 3060; x_wconf 85' lang='grc' dir='ltr'><em>γὰρ</em></span> <span class='ocrx_word' id='word_1_580' title='bbox 2487 2990 2514 3042; x_wconf 88' lang='grc' dir='ltr'>ὁ</span> <span class='ocrx_word' id='word_1_581' title='bbox 2539 2987 2825 3060; x_wconf 78' lang='grc' dir='ltr'><em>ἄνθρωπος</em></span> <span class='ocrx_word' id='word_1_582' title='bbox 2853 2987 2928 3050; x_wconf 86' lang='grc' dir='ltr'><em>ὡς</em></span> <span class='ocrx_word' id='word_1_583' title='bbox 2951 2988 2980 3040; x_wconf 97' lang='lat'><strong>6</strong></span> <span class='ocrx_word' id='word_1_584' title='bbox 3008 2987 3220 3056; x_wconf 83' lang='grc' dir='ltr'><em>Πατὴρ,</em></span> <span class='ocrx_word' id='word_1_585' title='bbox 3247 2984 3401 3038; x_wconf 81' lang='grc' dir='ltr'><em>οὐδὲν</em></span> <span class='ocrx_word' id='word_1_586' title='bbox 3425 2984 3571 3037; x_wconf 82' lang='grc' dir='ltr'><em>διαλ-</em></span> 
     </span>
    </p>
   </div>
   <div class='ocr_carea' id='block_1_76' title="bbox 1985 3077 3581 3153">
    <p class='ocr_par' dir='ltr' id='par_1_76' title="bbox 1985 3077 3581 3153">
     <span class='ocr_line' id='line_1_76' title="bbox 1985 3077 3581 3153; baseline -0.001 -19"><span class='ocrx_word' id='word_1_587' title='bbox 1985 3080 2170 3134; x_wconf 86' lang='grc' dir='ltr'><em>λάττει</em></span> <span class='ocrx_word' id='word_1_588' title='bbox 2199 3082 2227 3134; x_wconf 93' lang='lat'><strong>6</strong></span> <span class='ocrx_word' id='word_1_589' title='bbox 2252 3082 2441 3153; x_wconf 81' lang='grc' dir='ltr'><em>Πατὴρ</em></span> <span class='ocrx_word' id='word_1_590' title='bbox 2465 3079 2560 3134; x_wconf 91' lang='grc' dir='ltr'><strong>τοῦ</strong></span> <span class='ocrx_word' id='word_1_591' title='bbox 2598 3079 2906 3151; x_wconf 83' lang='grc' dir='ltr'><em>ἀνθρώπου.</em></span> <span class='ocrx_word' id='word_1_592' title='bbox 2935 3080 2999 3133; x_wconf 78' lang='grc' dir='ltr'><strong>Εἰ</strong></span> <span class='ocrx_word' id='word_1_593' title='bbox 3027 3078 3084 3132; x_wconf 79' lang='grc' dir='ltr'><em>δὲ</em></span> <span class='ocrx_word' id='word_1_594' title='bbox 3107 3081 3135 3132; x_wconf 89' lang='lat'><strong>6</strong></span> <span class='ocrx_word' id='word_1_595' title='bbox 3155 3077 3287 3141; x_wconf 87' lang='grc' dir='ltr'><em>Θεὸς</em></span> <span class='ocrx_word' id='word_1_596' title='bbox 3319 3078 3514 3146; x_wconf 80' lang='grc' dir='ltr'><em>Λόγος.</em></span> <span class='ocrx_word' id='word_1_597' title='bbox 3538 3077 3581 3132; x_wconf 80' lang='grc' dir='ltr'><em>δ’</em></span> 
     </span>
    </p>
   </div>
   <div class='ocr_carea' id='block_1_77' title="bbox 1985 3167 3566 3243">
    <p class='ocr_par' dir='ltr' id='par_1_77' title="bbox 1985 3167 3566 3243">
     <span class='ocr_line' id='line_1_77' title="bbox 1985 3167 3566 3243; baseline -0.003 -18"><span class='ocrx_word' id='word_1_598' title='bbox 1985 3172 2409 3243; x_wconf 82' lang='grc' dir='ltr'><em>ὲνανθρωπήσας</em></span> <span class='ocrx_word' id='word_1_599' title='bbox 2444 3173 2502 3224; x_wconf 79' lang='grc' dir='ltr'>ἐν</span> <span class='ocrx_word' id='word_1_600' title='bbox 2535 3171 2866 3242; x_wconf 69' lang='grc' dir='ltr'><em>τελειότητι,</em></span> <span class='ocrx_word' id='word_1_601' title='bbox 2900 3170 3122 3233; x_wconf 77' lang='grc' dir='ltr'><strong>τελείως</strong></span> <span class='ocrx_word' id='word_1_602' title='bbox 3151 3167 3226 3221; x_wconf 81' lang='grc' dir='ltr'><strong>ὢν</strong></span> <span class='ocrx_word' id='word_1_603' title='bbox 3258 3172 3372 3223; x_wconf 76' lang='grc' dir='ltr'><em>ἐστι</em></span> <span class='ocrx_word' id='word_1_604' title='bbox 3412 3169 3566 3236; x_wconf 85' lang='grc' dir='ltr'><em>Θεὸς,</em></span> 
     </span>
    </p>
   </div>
   <div class='ocr_carea' id='block_1_78' title="bbox 1984 3261 3571 3336">
    <p class='ocr_par' dir='ltr' id='par_1_78' title="bbox 1984 3261 3571 3336">
     <span class='ocr_line' id='line_1_78' title="bbox 1984 3261 3571 3336; baseline -0.003 -17"><span class='ocrx_word' id='word_1_605' title='bbox 1984 3264 2188 3319; x_wconf 77' lang='grc' dir='ltr'><em>ἄνωθεν</em></span> <span class='ocrx_word' id='word_1_606' title='bbox 2220 3264 2330 3318; x_wconf 84' lang='grc' dir='ltr'><em>ἀπὸ</em></span> <span class='ocrx_word' id='word_1_607' title='bbox 2367 3264 2581 3336; x_wconf 88' lang='grc' dir='ltr'><em>Πατρὸς</em></span> <span class='ocrx_word' id='word_1_608' title='bbox 2620 3261 3046 3334; x_wconf 80' lang='grc' dir='ltr'><strong>γεγεννημένος,</strong></span> <span class='ocrx_word' id='word_1_609' title='bbox 3083 3261 3304 3324; x_wconf 82' lang='grc' dir='ltr'><strong>δικαίως</strong></span> <span class='ocrx_word' id='word_1_610' title='bbox 3343 3261 3438 3316; x_wconf 74' lang='grc' dir='ltr'>καὶ</span> <span class='ocrx_word' id='word_1_611' title='bbox 3475 3279 3571 3315; x_wconf 86' lang='grc' dir='ltr'><strong>σα-</strong></span> 
     </span>
    </p>
   </div>
   <div class='ocr_carea' id='block_1_79' title="bbox 1984 3351 3568 3426">
    <p class='ocr_par' dir='ltr' id='par_1_79' title="bbox 1984 3351 3568 3426">
     <span class='ocr_line' id='line_1_79' title="bbox 1984 3351 3568 3426; baseline -0.003 -19"><span class='ocrx_word' id='word_1_612' title='bbox 1984 3355 2100 3424; x_wconf 82' lang='grc' dir='ltr'><strong>φῶς</strong></span> <span class='ocrx_word' id='word_1_613' title='bbox 2130 3353 2426 3426; x_wconf 80' lang='grc' dir='ltr'><em>φθέγγεται</em></span> <span class='ocrx_word' id='word_1_614' title='bbox 2461 3356 2589 3426; x_wconf 73' lang='grc' dir='ltr'><em>περὶ</em></span> <span class='ocrx_word' id='word_1_615' title='bbox 2633 3352 2831 3408; x_wconf 78' lang='grc' dir='ltr'><em>ἑαυτοῦ</em></span> <span class='ocrx_word' id='word_1_616' title='bbox 2862 3352 3055 3421; x_wconf 88' lang='grc' dir='ltr'><em>λέγων,</em></span> <span class='ocrx_word' id='word_1_617' title='bbox 3084 3352 3166 3404; x_wconf 82' lang='grc' dir='ltr'><strong>ὅτι</strong></span> <span class='ocrx_word' id='word_1_618' title='bbox 3208 3352 3270 3404; x_wconf 88' lang='lat'><strong>&#39;0</strong></span> <span class='ocrx_word' id='word_1_619' title='bbox 3294 3351 3568 3418; x_wconf 77' lang='grc' dir='ltr'><em>ἑωρακὼς</em></span> 
     </span>
    </p>
   </div>
   <div class='ocr_carea' id='block_1_80' title="bbox 1979 3443 3566 3517">
    <p class='ocr_par' dir='ltr' id='par_1_80' title="bbox 1979 3443 3566 3517">
     <span class='ocr_line' id='line_1_80' title="bbox 1979 3443 3566 3517; baseline -0.002 -17"><span class='ocrx_word' id='word_1_620' title='bbox 1979 3448 2103 3517; x_wconf 80' lang='grc' dir='ltr'><em>ἐμὲ,</em></span> <span class='ocrx_word' id='word_1_621' title='bbox 2130 3447 2349 3517; x_wconf 83' lang='grc' dir='ltr'><em>ἑώρακε</em></span> <span class='ocrx_word' id='word_1_622' title='bbox 2386 3447 2496 3502; x_wconf 82' lang='grc' dir='ltr'><strong>τὸν</strong></span> <span class='ocrx_word' id='word_1_623' title='bbox 2519 3446 2749 3516; x_wconf 79' lang='grc' dir='ltr'><em>Πατέρα</em></span> <span class='ocrx_word' id='word_1_624' title='bbox 2769 3485 2783 3511; x_wconf 92' lang='grc'><strong>,</strong></span> <span class='ocrx_word' id='word_1_625' title='bbox 2813 3444 2889 3508; x_wconf 85' lang='grc' dir='ltr'><em>ὡς</em></span> <span class='ocrx_word' id='word_1_626' title='bbox 2915 3445 3010 3498; x_wconf 75' lang='grc' dir='ltr'><strong>καὶ</strong></span> <span class='ocrx_word' id='word_1_627' title='bbox 3041 3443 3092 3498; x_wconf 72' lang='grc' dir='ltr'><em>οἱ</em></span> <span class='ocrx_word' id='word_1_628' title='bbox 3143 3443 3386 3498; x_wconf 80' lang='grc' dir='ltr'><em>Ἰουδαῖοί</em></span> <span class='ocrx_word' id='word_1_629' title='bbox 3434 3461 3566 3512; x_wconf 70' lang='grc' dir='ltr'><strong>φασι</strong></span> 
     </span>
    </p>
   </div>
   <div class='ocr_carea' id='block_1_81' title="bbox 1981 3535 3565 3614">
    <p class='ocr_par' dir='ltr' id='par_1_81' title="bbox 1981 3535 3565 3614">
     <span class='ocr_line' id='line_1_81' title="bbox 1981 3535 3565 3614; baseline -0.004 -20"><span class='ocrx_word' id='word_1_630' title='bbox 1981 3543 2109 3614; x_wconf 77' lang='grc' dir='ltr'><em>περὶ</em></span> <span class='ocrx_word' id='word_1_631' title='bbox 2136 3541 2321 3595; x_wconf 83' lang='grc' dir='ltr'><em>αὐτοῦ·</em></span> <span class='ocrx_word' id='word_1_632' title='bbox 2369 3543 2452 3596; x_wconf 85' lang='grc' dir='ltr'><strong>Οὐ</strong></span> <span class='ocrx_word' id='word_1_633' title='bbox 2485 3541 2680 3611; x_wconf 85' lang='grc' dir='ltr'><em>μόνον</em></span> <span class='ocrx_word' id='word_1_634' title='bbox 2730 3540 2862 3608; x_wconf 80' lang='grc' dir='ltr'><em>γὰρ,</em></span> <span class='ocrx_word' id='word_1_635' title='bbox 2904 3537 3089 3609; x_wconf 64' lang='grc' dir='ltr'><em>φησιν,</em></span> <span class='ocrx_word' id='word_1_636' title='bbox 3128 3535 3377 3605; x_wconf 66' lang='grc' dir='ltr'><em>ἐζῆτουν</em></span> <span class='ocrx_word' id='word_1_637' title='bbox 3419 3537 3565 3591; x_wconf 84' lang='grc' dir='ltr'><em>ἀπο-</em></span> 
     </span>
    </p>
   </div>
   <div class='ocr_carea' id='block_1_82' title="bbox 1980 3627 3562 3696">
    <p class='ocr_par' dir='ltr' id='par_1_82' title="bbox 1980 3627 3562 3696">
     <span class='ocr_line' id='line_1_82' title="bbox 1980 3627 3562 3696; baseline -0.004 -11"><span class='ocrx_word' id='word_1_638' title='bbox 1980 3633 2206 3687; x_wconf 75' lang='grc' dir='ltr'><em>κτεῖναι</em></span> <span class='ocrx_word' id='word_1_639' title='bbox 2249 3633 2458 3696; x_wconf 81' lang='grc' dir='ltr'><em>αὐτὸν,</em></span> <span class='ocrx_word' id='word_1_640' title='bbox 2511 3632 2602 3685; x_wconf 84' lang='grc' dir='ltr'><em>ὅτι</em></span> <span class='ocrx_word' id='word_1_641' title='bbox 2645 3629 2833 3684; x_wconf 87' lang='grc' dir='ltr'><em>ταῦτα</em></span> <span class='ocrx_word' id='word_1_642' title='bbox 2887 3628 3096 3694; x_wconf 78' lang='grc' dir='ltr'><em>ἐποίει,</em></span> <span class='ocrx_word' id='word_1_643' title='bbox 3140 3627 3278 3682; x_wconf 79' lang='grc' dir='ltr'><em>ἀλλ’</em></span> <span class='ocrx_word' id='word_1_644' title='bbox 3320 3629 3409 3681; x_wconf 85' lang='grc' dir='ltr'><em>ὅτι</em></span> <span class='ocrx_word' id='word_1_645' title='bbox 3461 3627 3562 3681; x_wconf 81' lang='grc' dir='ltr'><strong>και</strong></span> 
     </span>
    </p>
   </div>
   <div class='ocr_carea' id='block_1_83' title="bbox 1978 3715 3565 3788">
    <p class='ocr_par' dir='ltr' id='par_1_83' title="bbox 1978 3715 3565 3788">
     <span class='ocr_line' id='line_1_83' title="bbox 1978 3715 3565 3788; baseline -0.002 -14"><span class='ocrx_word' id='word_1_646' title='bbox 1978 3723 2115 3776; x_wconf 81' lang='grc' dir='ltr'><em>Υίὸν</em></span> <span class='ocrx_word' id='word_1_647' title='bbox 2153 3722 2300 3776; x_wconf 88' lang='grc' dir='ltr'><em>Θεοῦ</em></span> <span class='ocrx_word' id='word_1_648' title='bbox 2339 3720 2558 3775; x_wconf 84' lang='grc' dir='ltr'><em>ἑαυτὸν</em></span> <span class='ocrx_word' id='word_1_649' title='bbox 2585 3720 2828 3788; x_wconf 72' lang='grc' dir='ltr'><em>ἔλεγεν,</em></span> <span class='ocrx_word' id='word_1_650' title='bbox 2869 3718 3011 3771; x_wconf 80' lang='grc' dir='ltr'><em>ἴσον</em></span> <span class='ocrx_word' id='word_1_651' title='bbox 3041 3715 3163 3783; x_wconf 85' lang='grc' dir='ltr'><strong>Θεῷ</strong></span> <span class='ocrx_word' id='word_1_652' title='bbox 3207 3717 3427 3772; x_wconf 69' lang='grc' dir='ltr'><em>ἑαυτὸν</em></span> <span class='ocrx_word' id='word_1_653' title='bbox 3447 3717 3565 3787; x_wconf 71' lang='grc' dir='ltr'><strong>φά-</strong></span> 
     </span>
    </p>
   </div>
   <div class='ocr_carea' id='block_1_84' title="bbox 1978 3806 3557 3880">
    <p class='ocr_par' dir='ltr' id='par_1_84' title="bbox 1978 3806 3557 3880">
     <span class='ocr_line' id='line_1_84' title="bbox 1978 3806 3557 3880; baseline -0.004 -15"><span class='ocrx_word' id='word_1_654' title='bbox 1978 3827 2164 3865; x_wconf 80' lang='grc' dir='ltr'><em>σκων.</em></span> <span class='ocrx_word' id='word_1_655' title='bbox 2210 3811 2284 3864; x_wconf 91' lang='grc' dir='ltr'><em>Τὸ</em></span> <span class='ocrx_word' id='word_1_656' title='bbox 2317 3809 2427 3880; x_wconf 82' lang='grc' dir='ltr'><em>γὰρ</em></span> <span class='ocrx_word' id='word_1_657' title='bbox 2455 3810 2630 3862; x_wconf 78' lang='grc' dir='ltr'><em>εἰπεῖν</em></span> <span class='ocrx_word' id='word_1_658' title='bbox 2663 3806 2826 3860; x_wconf 86' lang='grc' dir='ltr'><em>πάλιν</em></span> <span class='ocrx_word' id='word_1_659' title='bbox 2846 3847 2860 3869; x_wconf 94' lang='grc'><strong>,</strong></span> <span class='ocrx_word' id='word_1_660' title='bbox 2901 3807 2956 3859; x_wconf 89' lang='grc' dir='ltr'><strong><em>Ὁ</em></strong></span> <span class='ocrx_word' id='word_1_661' title='bbox 2985 3806 3256 3874; x_wconf 80' lang='grc' dir='ltr'><em>ἑωρακὼς</em></span> <span class='ocrx_word' id='word_1_662' title='bbox 3276 3807 3400 3876; x_wconf 84' lang='grc' dir='ltr'><em>ἐμὲ,</em></span> <span class='ocrx_word' id='word_1_663' title='bbox 3446 3806 3557 3859; x_wconf 78' lang='grc' dir='ltr'><strong><em>ἑώ-</em></strong></span> 
     </span>
    </p>
   </div>
   <div class='ocr_carea' id='block_1_85' title="bbox 1970 3896 3558 3975">
    <p class='ocr_par' dir='ltr' id='par_1_85' title="bbox 1970 3896 3558 3975">
     <span class='ocr_line' id='line_1_85' title="bbox 1970 3896 3558 3975; baseline -0.003 -17"><span class='ocrx_word' id='word_1_664' title='bbox 1970 3921 2121 3975; x_wconf 84' lang='grc' dir='ltr'><em>ρακε</em></span> <span class='ocrx_word' id='word_1_665' title='bbox 2164 3903 2272 3957; x_wconf 84' lang='grc' dir='ltr'><strong>τὸν</strong></span> <span class='ocrx_word' id='word_1_666' title='bbox 2317 3901 2582 3970; x_wconf 85' lang='grc' dir='ltr'><em>Πατέρα,</em></span> <span class='ocrx_word' id='word_1_667' title='bbox 2627 3901 2720 3954; x_wconf 88' lang='grc' dir='ltr'><em>τὸν</em></span> <span class='ocrx_word' id='word_1_668' title='bbox 2764 3899 2984 3972; x_wconf 82' lang='grc' dir='ltr'><em>Πατέρα</em></span> <span class='ocrx_word' id='word_1_669' title='bbox 3026 3899 3158 3953; x_wconf 90' lang='grc' dir='ltr'><em>Θεὸν</em></span> <span class='ocrx_word' id='word_1_670' title='bbox 3209 3899 3321 3953; x_wconf 86' lang='grc' dir='ltr'>ῐσον</span> <span class='ocrx_word' id='word_1_671' title='bbox 3363 3896 3558 3954; x_wconf 79' lang='grc' dir='ltr'><em>ἑαυτοῦ</em></span> 
     </span>
    </p>
   </div>
   <div class='ocr_carea' id='block_1_86' title="bbox 1979 3999 2197 4070">
    <p class='ocr_par' dir='ltr' id='par_1_86' title="bbox 1979 3999 2197 4070">
     <span class='ocr_line' id='line_1_86' title="bbox 1979 3999 2197 4070; baseline -0.018 -17"><span class='ocrx_word' id='word_1_672' title='bbox 1979 3999 2197 4070; x_wconf 79' lang='grc' dir='ltr'><strong>φάσκει.</strong></span> 
     </span>
    </p>
   </div>
   <div class='ocr_carea' id='block_1_87' title="bbox 2047 4189 3559 4271">
    <p class='ocr_par' dir='ltr' id='par_1_87' title="bbox 2047 4189 3559 4271">
     <span class='ocr_line' id='line_1_87' title="bbox 2047 4189 3559 4271; baseline -0.009 -16"><span class='ocrx_word' id='word_1_673' title='bbox 2047 4202 2163 4256; x_wconf 82' lang='grc' dir='ltr'>Οὐκ</span> <span class='ocrx_word' id='word_1_674' title='bbox 2195 4201 2479 4271; x_wconf 80' lang='grc' dir='ltr'><em>ἄνθρωπος</em></span> <span class='ocrx_word' id='word_1_675' title='bbox 2518 4197 2575 4251; x_wconf 83' lang='grc' dir='ltr'><strong>δέ</strong></span> <span class='ocrx_word' id='word_1_676' title='bbox 2609 4197 2756 4252; x_wconf 80' lang='grc' dir='ltr'>ἐστιν</span> <span class='ocrx_word' id='word_1_677' title='bbox 2800 4195 2914 4259; x_wconf 76' lang='grc' dir='ltr'><em>ἴσος</em></span> <span class='ocrx_word' id='word_1_678' title='bbox 2939 4193 3070 4265; x_wconf 85' lang='grc' dir='ltr'><strong>Θεῷ</strong></span> <span class='ocrx_word' id='word_1_679' title='bbox 3090 4233 3104 4258; x_wconf 95' lang='grc'><strong>,</strong></span> <span class='ocrx_word' id='word_1_680' title='bbox 3137 4192 3259 4246; x_wconf 80' lang='grc' dir='ltr'><em>οὐδὲ</em></span> <span class='ocrx_word' id='word_1_681' title='bbox 3285 4192 3362 4256; x_wconf 82' lang='grc' dir='ltr'><em>ὡς</em></span> <span class='ocrx_word' id='word_1_682' title='bbox 3392 4189 3559 4254; x_wconf 79' lang='grc' dir='ltr'><em>Θεόςο</em></span> 
     </span>
    </p>
   </div>
   <div class='ocr_carea' id='block_1_88' title="bbox 293 4281 1883 4362">
    <p class='ocr_par' dir='ltr' id='par_1_88' title="bbox 293 4284 1876 4355">
     <span class='ocr_line' id='line_1_88' title="bbox 293 4284 1876 4355; baseline 0.004 -20"><span class='ocrx_word' id='word_1_683' title='bbox 293 4290 514 4352; x_wconf 87' lang='lat' dir='ltr'><strong>potest;</strong></span> <span class='ocrx_word' id='word_1_684' title='bbox 561 4284 659 4340; x_wconf 84' lang='lat' dir='ltr'><strong>sed</strong></span> <span class='ocrx_word' id='word_1_685' title='bbox 704 4286 751 4339; x_wconf 90' lang='lat' dir='ltr'><strong>is</strong></span> <span class='ocrx_word' id='word_1_686' title='bbox 794 4285 1094 4348; x_wconf 87' lang='lat' dir='ltr'><strong>nimirum,</strong></span> <span class='ocrx_word' id='word_1_687' title='bbox 1137 4285 1233 4355; x_wconf 92' lang='lat' dir='ltr'><strong>qui</strong></span> <span class='ocrx_word' id='word_1_688' title='bbox 1283 4299 1313 4338; x_wconf 93' lang='lat' dir='ltr'><strong>a</strong></span> <span class='ocrx_word' id='word_1_689' title='bbox 1349 4284 1471 4340; x_wconf 87' lang='lat' dir='ltr'><strong>Deo</strong></span> <span class='ocrx_word' id='word_1_690' title='bbox 1510 4285 1671 4343; x_wconf 87' lang='lat' dir='ltr'><strong>Patre</strong></span> <span class='ocrx_word' id='word_1_691' title='bbox 1734 4287 1876 4343; x_wconf 86' lang='lat' dir='ltr'><strong>Deus</strong></span> 
     </span>
    </p>
   </div>
   <div class='ocr_carea' id='block_1_89' title="bbox 1989 4281 3561 4362">
    <p class='ocr_par' dir='ltr' id='par_1_89' title="bbox 1989 4281 3561 4362">
     <span class='ocr_line' id='line_1_89' title="bbox 1989 4281 3561 4362; baseline -0.01 -13"><span class='ocrx_word' id='word_1_692' title='bbox 1989 4294 2114 4349; x_wconf 64' lang='grc' dir='ltr'><em>ὶλλὰ</em></span> <span class='ocrx_word' id='word_1_693' title='bbox 2142 4297 2200 4348; x_wconf 84' lang='grc' dir='ltr'>ὲν</span> <span class='ocrx_word' id='word_1_694' title='bbox 2224 4291 2453 4362; x_wconf 81' lang='grc' dir='ltr'><em>ἀληθείᾳ</em></span> <span class='ocrx_word' id='word_1_695' title='bbox 2481 4288 2879 4360; x_wconf 83' lang='grc' dir='ltr'><em>γεγεννημένος</em></span> <span class='ocrx_word' id='word_1_696' title='bbox 2897 4327 2912 4350; x_wconf 97' lang='grc'><strong>,</strong></span> <span class='ocrx_word' id='word_1_697' title='bbox 2939 4289 3003 4340; x_wconf 78' lang='grc' dir='ltr'>ἐκ</span> <span class='ocrx_word' id='word_1_698' title='bbox 3026 4284 3159 4339; x_wconf 88' lang='grc' dir='ltr'><em>Θεοῦ</em></span> <span class='ocrx_word' id='word_1_699' title='bbox 3186 4281 3399 4354; x_wconf 82' lang='grc' dir='ltr'><em>Πατρὸς</em></span> <span class='ocrx_word' id='word_1_700' title='bbox 3427 4282 3561 4345; x_wconf 82' lang='grc' dir='ltr'><strong>Θεὸς</strong></span> 
     </span>
    </p>
   </div>
   <div class='ocr_carea' id='block_1_90' title="bbox 292 4465 1878 4538">
    <p class='ocr_par' dir='ltr' id='par_1_90' title="bbox 292 4465 1878 4538">
     <span class='ocr_line' id='line_1_90' title="bbox 292 4465 1878 4538; baseline 0.003 -16"><span class='ocrx_word' id='word_1_701' title='bbox 292 4472 474 4522; x_wconf 83' lang='lat' dir='ltr'><strong>statur</strong></span> <span class='ocrx_word' id='word_1_702' title='bbox 504 4465 801 4536; x_wconf 87' lang='lat' dir='ltr'><strong>Apostolus</strong></span> <span class='ocrx_word' id='word_1_703' title='bbox 836 4486 849 4522; x_wconf 93' lang='lat'>:</span> <span class='ocrx_word' id='word_1_704' title='bbox 889 4466 994 4534; x_wconf 84' lang='lat' dir='ltr'><strong>Qui</strong></span> <span class='ocrx_word' id='word_1_705' title='bbox 1022 4483 1140 4522; x_wconf 79' lang='lat' dir='ltr'><strong>cum</strong></span> <span class='ocrx_word' id='word_1_706' title='bbox 1169 4468 1222 4522; x_wconf 87' lang='lat' dir='ltr'><strong>in</strong></span> <span class='ocrx_word' id='word_1_707' title='bbox 1266 4469 1443 4538; x_wconf 72' lang='lat' dir='ltr'><strong>{arma</strong></span> <span class='ocrx_word' id='word_1_708' title='bbox 1471 4469 1570 4524; x_wconf 79' lang='lat' dir='ltr'><strong>Dei</strong></span> <span class='ocrx_word' id='word_1_709' title='bbox 1594 4481 1750 4537; x_wconf 87' lang='lat' dir='ltr'><strong>esset,</strong></span> <span class='ocrx_word' id='word_1_710' title='bbox 1773 4489 1878 4526; x_wconf 91' lang='lat' dir='ltr'><strong>non</strong></span> 
     </span>
    </p>
   </div>
   <div class='ocr_carea' id='block_1_91' title="bbox 292 4557 1881 4631">
    <p class='ocr_par' dir='ltr' id='par_1_91' title="bbox 292 4557 1881 4631">
     <span class='ocr_line' id='line_1_91' title="bbox 292 4557 1881 4631; baseline 0.003 -20"><span class='ocrx_word' id='word_1_711' title='bbox 292 4557 536 4628; x_wconf 85' lang='lat' dir='ltr'><strong>rapinam</strong></span> <span class='ocrx_word' id='word_1_712' title='bbox 569 4557 866 4613; x_wconf 85' lang='lat' dir='ltr'><strong>arbitratus</strong></span> <span class='ocrx_word' id='word_1_713' title='bbox 899 4567 1000 4623; x_wconf 89' lang='lat' dir='ltr'><strong>est,</strong></span> <span class='ocrx_word' id='word_1_714' title='bbox 1028 4576 1140 4614; x_wconf 87' lang='lat' dir='ltr'><strong>esse</strong></span> <span class='ocrx_word' id='word_1_715' title='bbox 1170 4561 1426 4631; x_wconf 77' lang='lat' dir='ltr'><strong>wqualem</strong></span> <span class='ocrx_word' id='word_1_716' title='bbox 1449 4561 1576 4625; x_wconf 88' lang='lat' dir='ltr'><strong>Deo,</strong></span> <span class='ocrx_word' id='word_1_717' title='bbox 1604 4562 1696 4617; x_wconf 87' lang='lat' dir='ltr'><strong>sed</strong></span> <span class='ocrx_word' id='word_1_718' title='bbox 1719 4573 1881 4618; x_wconf 87' lang='lat' dir='ltr'><strong>semet</strong></span> 
     </span>
    </p>
   </div>
   <div class='ocr_carea' id='block_1_92' title="bbox 290 4651 1878 4724">
    <p class='ocr_par' dir='ltr' id='par_1_92' title="bbox 290 4651 1878 4724">
     <span class='ocr_line' id='line_1_92' title="bbox 290 4651 1878 4724; baseline 0.003 -19"><span class='ocrx_word' id='word_1_719' title='bbox 290 4654 463 4722; x_wconf 72' lang='lat' dir='ltr'><strong>ipsum</strong></span> <span class='ocrx_word' id='word_1_720' title='bbox 479 4652 788 4718; x_wconf 75' lang='lat' dir='ltr'><strong>exinanivit,</strong></span> <span class='ocrx_word' id='word_1_721' title='bbox 809 4651 1036 4722; x_wconf 76' lang='lat' dir='ltr'><strong>formam</strong></span> <span class='ocrx_word' id='word_1_722' title='bbox 1061 4654 1195 4708; x_wconf 85' lang='lat' dir='ltr'><strong>servi</strong></span> <span class='ocrx_word' id='word_1_723' title='bbox 1210 4655 1468 4722; x_wconf 87' lang='lat' dir='ltr'><strong>accipiens</strong></span> <span class='ocrx_word' id='word_1_724' title='bbox 1487 4653 1527 4707; x_wconf 84' lang='lat'><strong>&#39;.</strong></span> <span class='ocrx_word' id='word_1_725' title='bbox 1575 4653 1654 4707; x_wconf 77' lang='lat' dir='ltr'><strong>Ex</strong></span> <span class='ocrx_word' id='word_1_726' title='bbox 1676 4654 1878 4724; x_wconf 86' lang='lat' dir='ltr'><strong>quibus</strong></span> 
     </span>
    </p>
   </div>
   <div class='ocr_carea' id='block_1_93' title="bbox 292 4743 1875 4814">
    <p class='ocr_par' dir='ltr' id='par_1_93' title="bbox 292 4743 1875 4814">
     <span class='ocr_line' id='line_1_93' title="bbox 292 4743 1875 4814; baseline 0.001 -17"><span class='ocrx_word' id='word_1_727' title='bbox 292 4744 389 4798; x_wconf 82' lang='lat' dir='ltr'><strong>illa</strong></span> <span class='ocrx_word' id='word_1_728' title='bbox 439 4743 609 4798; x_wconf 79' lang='lat' dir='ltr'><strong>verba</strong></span> <span class='ocrx_word' id='word_1_729' title='bbox 663 4744 719 4798; x_wconf 88' lang='lat' dir='ltr'><strong>in</strong></span> <span class='ocrx_word' id='word_1_730' title='bbox 774 4743 951 4812; x_wconf 84' lang='lat' dir='ltr'><strong>forma</strong></span> <span class='ocrx_word' id='word_1_731' title='bbox 993 4752 1129 4799; x_wconf 88' lang='lat' dir='ltr'><strong>esset</strong></span> <span class='ocrx_word' id='word_1_732' title='bbox 1196 4744 1264 4798; x_wconf 88' lang='lat' dir='ltr'><strong>ad</strong></span> <span class='ocrx_word' id='word_1_733' title='bbox 1333 4743 1506 4799; x_wconf 91' lang='lat' dir='ltr'><strong>Deum</strong></span> <span class='ocrx_word' id='word_1_734' title='bbox 1564 4745 1875 4814; x_wconf 77' lang='lat' dir='ltr'><strong>pertinent;</strong></span> 
     </span>
    </p>
   </div>
   <div class='ocr_carea' id='block_1_94' title="bbox 289 4835 1874 4907">
    <p class='ocr_par' dir='ltr' id='par_1_94' title="bbox 289 4835 1874 4907">
     <span class='ocr_line' id='line_1_94' title="bbox 289 4835 1874 4907; baseline 0 -17"><span class='ocrx_word' id='word_1_735' title='bbox 289 4835 436 4907; x_wconf 88' lang='lat' dir='ltr'><strong>quod</strong></span> <span class='ocrx_word' id='word_1_736' title='bbox 471 4842 654 4891; x_wconf 89' lang='lat' dir='ltr'><strong>autem</strong></span> <span class='ocrx_word' id='word_1_737' title='bbox 695 4835 762 4890; x_wconf 91' lang='lat' dir='ltr'><strong>ad</strong></span> <span class='ocrx_word' id='word_1_738' title='bbox 815 4836 1068 4893; x_wconf 76' lang='lat' dir='ltr'><strong>servilem</strong></span> <span class='ocrx_word' id='word_1_739' title='bbox 1113 4835 1344 4891; x_wconf 79' lang='lat' dir='ltr'><strong>formam</strong></span> <span class='ocrx_word' id='word_1_740' title='bbox 1387 4837 1618 4903; x_wconf 88' lang='lat' dir='ltr'><strong>attinet,</strong></span> <span class='ocrx_word' id='word_1_741' title='bbox 1661 4836 1874 4892; x_wconf 84' lang='lat' dir='ltr'><strong>extrin-</strong></span> 
     </span>
    </p>
   </div>
   <div class='ocr_carea' id='block_1_95' title="bbox 289 4927 1875 5001">
    <p class='ocr_par' dir='ltr' id='par_1_95' title="bbox 289 4927 1875 5001">
     <span class='ocr_line' id='line_1_95' title="bbox 289 4927 1875 5001; baseline 0.001 -18"><span class='ocrx_word' id='word_1_742' title='bbox 289 4944 452 4985; x_wconf 89' lang='lat' dir='ltr'><strong>secus</strong></span> <span class='ocrx_word' id='word_1_743' title='bbox 503 4927 734 4985; x_wconf 89' lang='lat' dir='ltr'><strong>ascitam</strong></span> <span class='ocrx_word' id='word_1_744' title='bbox 783 4944 909 4984; x_wconf 86' lang='lat' dir='ltr'><strong>esse</strong></span> <span class='ocrx_word' id='word_1_745' title='bbox 937 4928 1214 4988; x_wconf 83' lang='lat' dir='ltr'><strong>declarat.</strong></span> <span class='ocrx_word' id='word_1_746' title='bbox 1244 4944 1346 4985; x_wconf 90' lang='lat' dir='ltr'><strong>nec</strong></span> <span class='ocrx_word' id='word_1_747' title='bbox 1381 4929 1530 4985; x_wconf 90' lang='lat' dir='ltr'><strong>illius</strong></span> <span class='ocrx_word' id='word_1_748' title='bbox 1578 4929 1875 5001; x_wconf 89' lang='lat' dir='ltr'><strong>aliquando</strong></span> 
     </span>
    </p>
   </div>
   <div class='ocr_carea' id='block_1_96' title="bbox 289 5021 1875 5094">
    <p class='ocr_par' dir='ltr' id='par_1_96' title="bbox 289 5021 1875 5094">
     <span class='ocr_line' id='line_1_96' title="bbox 289 5021 1875 5094; baseline 0.003 -19"><span class='ocrx_word' id='word_1_749' title='bbox 289 5022 461 5079; x_wconf 80' lang='lat' dir='ltr'><strong>fuisse</strong></span> <span class='ocrx_word' id='word_1_750' title='bbox 491 5023 784 5094; x_wconf 79' lang='lat' dir='ltr'><strong>signiﬁcat.</strong></span> <span class='ocrx_word' id='word_1_751' title='bbox 829 5021 935 5078; x_wconf 91' lang='lat' dir='ltr'><strong>Sed</strong></span> <span class='ocrx_word' id='word_1_752' title='bbox 980 5038 1223 5092; x_wconf 62' lang='lat' dir='ltr'><strong>persaepe</strong></span> <span class='ocrx_word' id='word_1_753' title='bbox 1266 5022 1467 5077; x_wconf 91' lang='lat' dir='ltr'><strong>accidit</strong></span> <span class='ocrx_word' id='word_1_754' title='bbox 1509 5033 1567 5078; x_wconf 93' lang='lat' dir='ltr'><strong>ut</strong></span> <span class='ocrx_word' id='word_1_755' title='bbox 1621 5023 1875 5081; x_wconf 87' lang='lat' dir='ltr'><strong>Salvator</strong></span> 
     </span>
    </p>
   </div>
   <div class='ocr_carea' id='block_1_97' title="bbox 288 5114 1867 5188">
    <p class='ocr_par' dir='ltr' id='par_1_97' title="bbox 288 5114 1867 5188">
     <span class='ocr_line' id='line_1_97' title="bbox 288 5114 1867 5188; baseline 0.001 -16"><span class='ocrx_word' id='word_1_756' title='bbox 288 5125 480 5172; x_wconf 90' lang='lat' dir='ltr'><strong>noster</strong></span> <span class='ocrx_word' id='word_1_757' title='bbox 527 5132 592 5173; x_wconf 89' lang='lat' dir='ltr'><strong>ac</strong></span> <span class='ocrx_word' id='word_1_758' title='bbox 633 5115 902 5182; x_wconf 76' lang='lat' dir='ltr'><strong>Dominus</strong></span> <span class='ocrx_word' id='word_1_759' title='bbox 932 5114 1094 5171; x_wconf 84' lang='lat' dir='ltr'><strong>Jesus</strong></span> <span class='ocrx_word' id='word_1_760' title='bbox 1143 5115 1401 5172; x_wconf 90' lang='lat' dir='ltr'><strong>Christus</strong></span> <span class='ocrx_word' id='word_1_761' title='bbox 1443 5115 1699 5188; x_wconf 88' lang='lat' dir='ltr'><strong>Deusque</strong></span> <span class='ocrx_word' id='word_1_762' title='bbox 1733 5116 1867 5173; x_wconf 80' lang='lat' dir='ltr'><strong>Ver-</strong></span> 
     </span>
    </p>
   </div>
   <div class='ocr_carea' id='block_1_98' title="bbox 287 5207 1868 5280">
    <p class='ocr_par' dir='ltr' id='par_1_98' title="bbox 287 5207 1868 5280">
     <span class='ocr_line' id='line_1_98' title="bbox 287 5207 1868 5280; baseline 0 -15"><span class='ocrx_word' id='word_1_763' title='bbox 287 5209 416 5265; x_wconf 84' lang='lat' dir='ltr'><strong>bum</strong></span> <span class='ocrx_word' id='word_1_764' title='bbox 457 5213 706 5280; x_wconf 64' lang='lat' dir='ltr'><strong>quaedam</strong></span> <span class='ocrx_word' id='word_1_765' title='bbox 748 5210 994 5265; x_wconf 90' lang='lat' dir='ltr'><strong>humano</strong></span> <span class='ocrx_word' id='word_1_766' title='bbox 1035 5222 1189 5263; x_wconf 90' lang='lat' dir='ltr'><strong>more</strong></span> <span class='ocrx_word' id='word_1_767' title='bbox 1229 5215 1286 5280; x_wconf 80' lang='lat' dir='ltr'><strong>et</strong></span> <span class='ocrx_word' id='word_1_768' title='bbox 1326 5207 1394 5262; x_wconf 90' lang='lat' dir='ltr'><strong>ad</strong></span> <span class='ocrx_word' id='word_1_769' title='bbox 1423 5207 1706 5263; x_wconf 91' lang='lat' dir='ltr'><strong>hominum</strong></span> <span class='ocrx_word' id='word_1_770' title='bbox 1738 5209 1868 5266; x_wconf 83' lang='lat' dir='ltr'><strong>aﬂ&#39;e-</strong></span> 
     </span>
    </p>
   </div>
   <div class='ocr_carea' id='block_1_99' title="bbox 284 5299 1870 5372">
    <p class='ocr_par' dir='ltr' id='par_1_99' title="bbox 284 5299 1870 5372">
     <span class='ocr_line' id='line_1_99' title="bbox 284 5299 1870 5372; baseline 0.003 -17"><span class='ocrx_word' id='word_1_771' title='bbox 284 5303 498 5358; x_wconf 83' lang='lat' dir='ltr'><strong>ctiones</strong></span> <span class='ocrx_word' id='word_1_772' title='bbox 544 5302 958 5359; x_wconf 87' lang='lat' dir='ltr'><strong>accommodate</strong></span> <span class='ocrx_word' id='word_1_773' title='bbox 1005 5299 1268 5372; x_wconf 79' lang='lat' dir='ltr'><strong>proferat.</strong></span> <span class='ocrx_word' id='word_1_774' title='bbox 1306 5299 1464 5367; x_wconf 85' lang='lat' dir='ltr'><strong>Quod</strong></span> <span class='ocrx_word' id='word_1_775' title='bbox 1493 5307 1609 5355; x_wconf 94' lang='lat' dir='ltr'><strong>tum</strong></span> <span class='ocrx_word' id='word_1_776' title='bbox 1646 5301 1870 5360; x_wconf 87' lang='lat' dir='ltr'><strong>minime</strong></span> 
     </span>
    </p>
   </div>
   <div class='ocr_carea' id='block_1_100' title="bbox 285 5393 1865 5452">
    <p class='ocr_par' dir='ltr' id='par_1_100' title="bbox 285 5393 1865 5452">
     <span class='ocr_line' id='line_1_100' title="bbox 285 5393 1865 5452; baseline 0.001 -2"><span class='ocrx_word' id='word_1_777' title='bbox 285 5393 418 5451; x_wconf 74' lang='lat' dir='ltr'><strong>fecit</strong></span> <span class='ocrx_word' id='word_1_778' title='bbox 465 5410 590 5450; x_wconf 87' lang='lat' dir='ltr'><strong>cum</strong></span> <span class='ocrx_word' id='word_1_779' title='bbox 626 5395 881 5450; x_wconf 88' lang='lat' dir='ltr'><strong>diceret:</strong></span> <span class='ocrx_word' id='word_1_780' title='bbox 925 5394 969 5447; x_wconf 80' lang='grc' dir='ltr'><em>Α</em></span> <span class='ocrx_word' id='word_1_781' title='bbox 1013 5393 1178 5448; x_wconf 81' lang='lat' dir='ltr'><strong>Patre</strong></span> <span class='ocrx_word' id='word_1_782' title='bbox 1219 5409 1332 5448; x_wconf 86' lang='lat' dir='ltr'><strong>meo</strong></span> <span class='ocrx_word' id='word_1_783' title='bbox 1375 5394 1515 5448; x_wconf 69' lang='lat' dir='ltr'><strong><em>exivi</em></strong></span> <span class='ocrx_word' id='word_1_784' title='bbox 1547 5403 1598 5447; x_wconf 90' lang='lat' dir='ltr'><strong>et</strong></span> <span class='ocrx_word' id='word_1_785' title='bbox 1649 5397 1794 5450; x_wconf 87' lang='lat' dir='ltr'><strong>venio</strong></span> <span class='ocrx_word' id='word_1_786' title='bbox 1823 5397 1865 5452; x_wconf 90' lang='lat'><strong>&quot;.</strong></span> 
     </span>
    </p>
   </div>
   <div class='ocr_carea' id='block_1_101' title="bbox 181 4352 1883 4457">
    <p class='ocr_par' dir='ltr' id='par_1_101' title="bbox 181 4374 1876 4451">
     <span class='ocr_line' id='line_1_101' title="bbox 181 4374 1876 4451; baseline 0.006 -24"><span class='ocrx_word' id='word_1_787' title='bbox 181 4413 184 4418; x_wconf 82' lang='lat'><strong>.</strong></span> <span class='ocrx_word' id='word_1_788' title='bbox 296 4375 646 4446; x_wconf 82' lang='lat' dir='ltr'><strong>unigenaque</strong></span> <span class='ocrx_word' id='word_1_789' title='bbox 675 4374 848 4431; x_wconf 89' lang='lat' dir='ltr'><strong>Filius</strong></span> <span class='ocrx_word' id='word_1_790' title='bbox 874 4392 1063 4432; x_wconf 87' lang='lat' dir='ltr'><strong>revera</strong></span> <span class='ocrx_word' id='word_1_791' title='bbox 1093 4380 1382 4448; x_wconf 89' lang='lat' dir='ltr'><strong>processit.</strong></span> <span class='ocrx_word' id='word_1_792' title='bbox 1427 4379 1501 4435; x_wconf 92' lang='lat' dir='ltr'><strong>De</strong></span> <span class='ocrx_word' id='word_1_793' title='bbox 1537 4396 1648 4451; x_wconf 89' lang='lat' dir='ltr'><strong>quo</strong></span> <span class='ocrx_word' id='word_1_794' title='bbox 1682 4383 1759 4437; x_wconf 86' lang='lat' dir='ltr'><strong>ita</strong></span> <span class='ocrx_word' id='word_1_795' title='bbox 1797 4395 1876 4438; x_wconf 87' lang='lat' dir='ltr'><strong>te-</strong></span> 
     </span>
    </p>
   </div>
   <div class='ocr_carea' id='block_1_102' title="bbox 1989 4352 3561 4457">
    <p class='ocr_par' dir='ltr' id='par_1_102' title="bbox 1989 4352 3561 4457">
     <span class='ocr_line' id='line_1_102' title="bbox 1989 4352 3561 4457; baseline -0.007 -16"><span class='ocrx_word' id='word_1_796' title='bbox 1989 4389 2109 4451; x_wconf 81' lang='grc' dir='ltr'><em>Υίὸς</em></span> <span class='ocrx_word' id='word_1_797' title='bbox 2145 4352 2461 4457; x_wconf 74' lang='grc' dir='ltr'><em>μονογενής.</em></span> <span class='ocrx_word' id='word_1_798' title='bbox 2493 4352 2634 4453; x_wconf 53' lang='grc' dir='ltr'><strong>ἒῘ&gt;ησὶ</strong></span> <span class='ocrx_word' id='word_1_799' title='bbox 2803 4381 2932 4452; x_wconf 72' lang='grc' dir='ltr'><em>περὶ</em></span> <span class='ocrx_word' id='word_1_800' title='bbox 2968 4379 3134 4433; x_wconf 82' lang='grc' dir='ltr'><em>αὐτοῦ</em></span> <span class='ocrx_word' id='word_1_801' title='bbox 3170 4352 3381 4442; x_wconf 79' lang='grc' dir='ltr'><em>Παῦλος</em></span> <span class='ocrx_word' id='word_1_802' title='bbox 3403 4394 3416 4407; x_wconf 89' lang='grc'><strong>·</strong></span> <span class='ocrx_word' id='word_1_803' title='bbox 3455 4379 3561 4443; x_wconf 88' lang='grc' dir='ltr'><em>Ὃς</em></span> 
     </span>
    </p>
   </div>
   <div class='ocr_carea' id='block_1_103' title="bbox 1980 4468 3561 4548">
    <p class='ocr_par' dir='ltr' id='par_1_103' title="bbox 1980 4468 3561 4548">
     <span class='ocr_line' id='line_1_103' title="bbox 1980 4468 3561 4548; baseline -0.007 -15"><span class='ocrx_word' id='word_1_804' title='bbox 1980 4480 2050 4533; x_wconf 85' lang='grc' dir='ltr'><em>ἐν</em></span> <span class='ocrx_word' id='word_1_805' title='bbox 2070 4477 2277 4548; x_wconf 71' lang='grc' dir='ltr'><em>μορφῇ</em></span> <span class='ocrx_word' id='word_1_806' title='bbox 2310 4475 2458 4530; x_wconf 83' lang='grc' dir='ltr'><em>Θεοῦ</em></span> <span class='ocrx_word' id='word_1_807' title='bbox 2484 4473 2771 4544; x_wconf 80' lang='grc' dir='ltr'><em>ὑπάρχων</em></span> <span class='ocrx_word' id='word_1_808' title='bbox 2809 4475 2921 4543; x_wconf 85' lang='grc' dir='ltr'><strong>οὐχ</strong></span> <span class='ocrx_word' id='word_1_809' title='bbox 2948 4470 3262 4542; x_wconf 78' lang='grc' dir='ltr'><em>ἁρπαγμὸν</em></span> <span class='ocrx_word' id='word_1_810' title='bbox 3289 4468 3561 4540; x_wconf 69' lang='grc' dir='ltr'><em>ἡγήσατο</em></span> 
     </span>
    </p>
   </div>
   <div class='ocr_carea' id='block_1_104' title="bbox 1979 4558 3561 4630">
    <p class='ocr_par' dir='ltr' id='par_1_104' title="bbox 1979 4558 3561 4630">
     <span class='ocr_line' id='line_1_104' title="bbox 1979 4558 3561 4630; baseline -0.006 -7"><span class='ocrx_word' id='word_1_811' title='bbox 1979 4569 2048 4623; x_wconf 85' lang='grc' dir='ltr'><strong>τὸ</strong></span> <span class='ocrx_word' id='word_1_812' title='bbox 2083 4565 2235 4623; x_wconf 76' lang='grc' dir='ltr'><em>εἶναι</em></span> <span class='ocrx_word' id='word_1_813' title='bbox 2269 4568 2375 4622; x_wconf 82' lang='grc' dir='ltr'><strong>ἴσα</strong></span> <span class='ocrx_word' id='word_1_814' title='bbox 2419 4563 2539 4630; x_wconf 86' lang='grc' dir='ltr'><strong>Θεῷ</strong></span> <span class='ocrx_word' id='word_1_815' title='bbox 2558 4605 2572 4630; x_wconf 92' lang='grc'><strong>,</strong></span> <span class='ocrx_word' id='word_1_816' title='bbox 2609 4565 2746 4619; x_wconf 70' lang='grc' dir='ltr'><strong>ἀλλ’</strong></span> <span class='ocrx_word' id='word_1_817' title='bbox 2774 4563 2992 4618; x_wconf 84' lang='grc' dir='ltr'><em>ἑαυτὸν</em></span> <span class='ocrx_word' id='word_1_818' title='bbox 3029 4558 3289 4616; x_wconf 82' lang='grc' dir='ltr'><em>ἐκένωσε</em></span> <span class='ocrx_word' id='word_1_819' title='bbox 3315 4558 3561 4630; x_wconf 69' lang='grc' dir='ltr'><em>μορφὴν</em></span> 
     </span>
    </p>
   </div>
   <div class='ocr_carea' id='block_1_105' title="bbox 1980 4649 3558 4727">
    <p class='ocr_par' dir='ltr' id='par_1_105' title="bbox 1980 4649 3558 4727">
     <span class='ocr_line' id='line_1_105' title="bbox 1980 4649 3558 4727; baseline -0.007 -12"><span class='ocrx_word' id='word_1_820' title='bbox 1980 4661 2206 4716; x_wconf 73' lang='grc' dir='ltr'><em>δούλου</em></span> <span class='ocrx_word' id='word_1_821' title='bbox 2237 4658 2458 4727; x_wconf 52' lang='grc' dir='ltr'><em>λαϐών.</em></span> <span class='ocrx_word' id='word_1_822' title='bbox 2496 4657 2569 4710; x_wconf 88' lang='grc' dir='ltr'><em>Τὸ</em></span> <span class='ocrx_word' id='word_1_823' title='bbox 2611 4655 2711 4727; x_wconf 84' lang='grc' dir='ltr'><strong>μὲν</strong></span> <span class='ocrx_word' id='word_1_824' title='bbox 2753 4654 2884 4726; x_wconf 73' lang='grc' dir='ltr'><em>περὶ</em></span> <span class='ocrx_word' id='word_1_825' title='bbox 2928 4652 3064 4707; x_wconf 88' lang='grc' dir='ltr'><em>Θεοῦ</em></span> <span class='ocrx_word' id='word_1_826' title='bbox 3113 4650 3194 4724; x_wconf 85' lang='grc' dir='ltr'><em>ἦν</em></span> <span class='ocrx_word' id='word_1_827' title='bbox 3239 4653 3310 4705; x_wconf 86' lang='grc' dir='ltr'><em>ἐν</em></span> <span class='ocrx_word' id='word_1_828' title='bbox 3353 4649 3558 4720; x_wconf 70' lang='grc' dir='ltr'><em>μορφῇ</em></span> 
     </span>
    </p>
   </div>
   <div class='ocr_carea' id='block_1_106' title="bbox 1981 4741 3557 4824">
    <p class='ocr_par' dir='ltr' id='par_1_106' title="bbox 1981 4741 3557 4824">
     <span class='ocr_line' id='line_1_106' title="bbox 1981 4741 3557 4824; baseline -0.007 -19"><span class='ocrx_word' id='word_1_829' title='bbox 1981 4753 2110 4824; x_wconf 69' lang='grc' dir='ltr'><em>περὶ</em></span> <span class='ocrx_word' id='word_1_830' title='bbox 2146 4751 2203 4804; x_wconf 85' lang='grc' dir='ltr'><em>δὲ</em></span> <span class='ocrx_word' id='word_1_831' title='bbox 2243 4751 2342 4822; x_wconf 82' lang='grc' dir='ltr'><em>τῆς</em></span> <span class='ocrx_word' id='word_1_832' title='bbox 2379 4748 2474 4802; x_wconf 87' lang='grc' dir='ltr'><strong>τοῦ</strong></span> <span class='ocrx_word' id='word_1_833' title='bbox 2530 4748 2718 4802; x_wconf 81' lang='grc' dir='ltr'><em>δούλου</em></span> <span class='ocrx_word' id='word_1_834' title='bbox 2771 4746 2982 4820; x_wconf 80' lang='grc' dir='ltr'><em>μορφῆς</em></span> <span class='ocrx_word' id='word_1_835' title='bbox 3021 4741 3385 4816; x_wconf 82' lang='grc' dir='ltr'><em>,προσληπτὴν</em></span> <span class='ocrx_word' id='word_1_836' title='bbox 3419 4741 3557 4794; x_wconf 83' lang='grc' dir='ltr'><em>ἁπέ-</em></span> 
     </span>
    </p>
   </div>
   <div class='ocr_carea' id='block_1_107' title="bbox 1981 4833 3559 4916">
    <p class='ocr_par' dir='ltr' id='par_1_107' title="bbox 1981 4833 3559 4916">
     <span class='ocr_line' id='line_1_107' title="bbox 1981 4833 3559 4916; baseline -0.008 -19"><span class='ocrx_word' id='word_1_837' title='bbox 1981 4861 2116 4916; x_wconf 82' lang='grc' dir='ltr'><em>φηνε</em></span> <span class='ocrx_word' id='word_1_838' title='bbox 2139 4885 2152 4909; x_wconf 91' lang='grc'><strong>,</strong></span> <span class='ocrx_word' id='word_1_839' title='bbox 2185 4843 2279 4898; x_wconf 74' lang='grc' dir='ltr'>καὶ</span> <span class='ocrx_word' id='word_1_840' title='bbox 2305 4843 2404 4896; x_wconf 81' lang='grc' dir='ltr'>οὐκ</span> <span class='ocrx_word' id='word_1_841' title='bbox 2433 4837 2584 4895; x_wconf 77' lang='grc' dir='ltr'><em>εἶπεν</em></span> <span class='ocrx_word' id='word_1_842' title='bbox 2614 4839 2780 4895; x_wconf 85' lang='grc' dir='ltr'><em>αὑτοῦ</em></span> <span class='ocrx_word' id='word_1_843' title='bbox 2824 4834 2990 4893; x_wconf 76' lang='grc' dir='ltr'><em>οὖσαν</em></span> <span class='ocrx_word' id='word_1_844' title='bbox 3023 4852 3172 4889; x_wconf 87' lang='grc' dir='ltr'><em>ποτε.</em></span> <span class='ocrx_word' id='word_1_845' title='bbox 3205 4833 3472 4896; x_wconf 84' lang='grc' dir='ltr'><em>Πολλάκις</em></span> <span class='ocrx_word' id='word_1_846' title='bbox 3502 4833 3559 4885; x_wconf 82' lang='grc' dir='ltr'><em>δὲ</em></span> 
     </span>
    </p>
   </div>
   <div class='ocr_carea' id='block_1_108' title="bbox 1979 4922 3557 5007">
    <p class='ocr_par' dir='ltr' id='par_1_108' title="bbox 1979 4922 3557 5007">
     <span class='ocr_line' id='line_1_108' title="bbox 1979 4922 3557 5007; baseline -0.011 -17"><span class='ocrx_word' id='word_1_847' title='bbox 1979 4936 2076 4990; x_wconf 69' lang='grc' dir='ltr'>καὶ</span> <span class='ocrx_word' id='word_1_848' title='bbox 2103 4933 2458 5007; x_wconf 84' lang='grc' dir='ltr'><em>ἀνθρωπίνως</em></span> <span class='ocrx_word' id='word_1_849' title='bbox 2490 4931 2796 5001; x_wconf 81' lang='grc' dir='ltr'><em>διαλέγεται</em></span> <span class='ocrx_word' id='word_1_850' title='bbox 2826 4930 2854 4982; x_wconf 89' lang='grc' dir='ltr'>ὁ</span> <span class='ocrx_word' id='word_1_851' title='bbox 2880 4925 3070 4997; x_wconf 83' lang='grc' dir='ltr'><em>Σωτὴρ</em></span> <span class='ocrx_word' id='word_1_852' title='bbox 3103 4923 3280 4995; x_wconf 79' lang='grc' dir='ltr'><em>ἡμῶν,</em></span> <span class='ocrx_word' id='word_1_853' title='bbox 3315 4923 3408 4976; x_wconf 79' lang='grc' dir='ltr'>καὶ</span> <span class='ocrx_word' id='word_1_854' title='bbox 3443 4922 3557 4974; x_wconf 84' lang='grc' dir='ltr'><strong>Κύ-</strong></span> 
     </span>
    </p>
   </div>
   <div class='ocr_carea' id='block_1_109' title="bbox 1979 5014 3552 5102">
    <p class='ocr_par' dir='ltr' id='par_1_109' title="bbox 1979 5014 3552 5102">
     <span class='ocr_line' id='line_1_109' title="bbox 1979 5014 3552 5102; baseline -0.013 -19"><span class='ocrx_word' id='word_1_855' title='bbox 1979 5046 2094 5102; x_wconf 82' lang='grc' dir='ltr'><em>ριος</em></span> <span class='ocrx_word' id='word_1_856' title='bbox 2144 5025 2350 5099; x_wconf 86' lang='grc' dir='ltr'><em>Ἰησοῦς</em></span> <span class='ocrx_word' id='word_1_857' title='bbox 2379 5025 2633 5098; x_wconf 85' lang='grc' dir='ltr'><em>Χριστὸς,</em></span> <span class='ocrx_word' id='word_1_858' title='bbox 2673 5025 2703 5076; x_wconf 90' lang='lat'><strong>6</strong></span> <span class='ocrx_word' id='word_1_859' title='bbox 2743 5019 2875 5083; x_wconf 83' lang='grc' dir='ltr'><em>Θεὸς</em></span> <span class='ocrx_word' id='word_1_860' title='bbox 2924 5018 3114 5087; x_wconf 84' lang='grc' dir='ltr'><em>Λόγος,</em></span> <span class='ocrx_word' id='word_1_861' title='bbox 3154 5016 3249 5069; x_wconf 57' lang='grc' dir='ltr'><strong>καὶ⁹</strong></span> <span class='ocrx_word' id='word_1_862' title='bbox 3293 5014 3552 5075; x_wconf 81' lang='grc' dir='ltr'><em>πολλάκις</em></span> 
     </span>
    </p>
   </div>
   <div class='ocr_carea' id='block_1_110' title="bbox 1976 5105 3553 5194">
    <p class='ocr_par' dir='ltr' id='par_1_110' title="bbox 1976 5105 3553 5194">
     <span class='ocr_line' id='line_1_110' title="bbox 1976 5105 3553 5194; baseline -0.012 -17"><span class='ocrx_word' id='word_1_863' title='bbox 1976 5119 2426 5194; x_wconf 83' lang='grc' dir='ltr'><em>ἀνθρωποπαθῶς</em></span> <span class='ocrx_word' id='word_1_864' title='bbox 2449 5117 2768 5188; x_wconf 84' lang='grc' dir='ltr'><em>φθέγγεται.</em></span> <span class='ocrx_word' id='word_1_865' title='bbox 2811 5110 2950 5166; x_wconf 83' lang='grc' dir='ltr'><em>Ἀλλ’</em></span> <span class='ocrx_word' id='word_1_866' title='bbox 2979 5110 3078 5181; x_wconf 83' lang='grc' dir='ltr'><strong>οὐχ</strong></span> <span class='ocrx_word' id='word_1_867' title='bbox 3102 5111 3190 5164; x_wconf 81' lang='grc' dir='ltr'><em>ὅτε</em></span> <span class='ocrx_word' id='word_1_868' title='bbox 3233 5107 3407 5176; x_wconf 90' lang='grc' dir='ltr'><em>λέγει·</em></span> <span class='ocrx_word' id='word_1_869' title='bbox 3456 5105 3553 5158; x_wconf 78' lang='grc' dir='ltr'>Ἐκ</span> 
     </span>
    </p>
   </div>
   <div class='ocr_carea' id='block_1_111' title="bbox 1974 5196 3554 5281">
    <p class='ocr_par' dir='ltr' id='par_1_111' title="bbox 1974 5196 3554 5281">
     <span class='ocr_line' id='line_1_111' title="bbox 1974 5196 3554 5281; baseline -0.012 -14"><span class='ocrx_word' id='word_1_870' title='bbox 1974 5212 2082 5267; x_wconf 81' lang='grc' dir='ltr'><strong>τοῦ</strong></span> <span class='ocrx_word' id='word_1_871' title='bbox 2107 5212 2338 5280; x_wconf 87' lang='grc' dir='ltr'><em>Πατρός</em></span> <span class='ocrx_word' id='word_1_872' title='bbox 2353 5227 2472 5281; x_wconf 85' lang='grc' dir='ltr'><strong>μου</strong></span> <span class='ocrx_word' id='word_1_873' title='bbox 2500 5207 2783 5276; x_wconf 76' lang='grc' dir='ltr'><em>ἐξῆλθον,</em></span> <span class='ocrx_word' id='word_1_874' title='bbox 2821 5203 2918 5258; x_wconf 79' lang='grc' dir='ltr'><strong>καὶ</strong></span> <span class='ocrx_word' id='word_1_875' title='bbox 2971 5202 3127 5270; x_wconf 80' lang='grc' dir='ltr'><strong>ἥκω·</strong></span> <span class='ocrx_word' id='word_1_876' title='bbox 3159 5199 3319 5254; x_wconf 83' lang='grc' dir='ltr'><em>τοῦτο</em></span> <span class='ocrx_word' id='word_1_877' title='bbox 3347 5196 3453 5268; x_wconf 78' lang='grc' dir='ltr'><em>γὰρ</em></span> <span class='ocrx_word' id='word_1_878' title='bbox 3493 5197 3554 5249; x_wconf 77' lang='grc' dir='ltr'><em>οὐ</em></span> 
     </span>
    </p>
   </div>
   <div class='ocr_carea' id='block_1_112' title="bbox 1974 5287 3556 5373">
    <p class='ocr_par' dir='ltr' id='par_1_112' title="bbox 1974 5287 3556 5373">
     <span class='ocr_line' id='line_1_112' title="bbox 1974 5287 3556 5373; baseline -0.011 -15"><span class='ocrx_word' id='word_1_879' title='bbox 1974 5305 2197 5359; x_wconf 80' lang='grc' dir='ltr'><em>δύναται</em></span> <span class='ocrx_word' id='word_1_880' title='bbox 2233 5303 2342 5358; x_wconf 81' lang='grc' dir='ltr'><em>ἀπὸ</em></span> <span class='ocrx_word' id='word_1_881' title='bbox 2387 5300 2801 5373; x_wconf 83' lang='grc' dir='ltr'><em>ἀνθρωπότητος</em></span> <span class='ocrx_word' id='word_1_882' title='bbox 2841 5294 3127 5365; x_wconf 85' lang='grc' dir='ltr'><em>λέγεσθαι·</em></span> <span class='ocrx_word' id='word_1_883' title='bbox 3191 5291 3304 5346; x_wconf 79' lang='grc' dir='ltr'><em>ἀλλ’</em></span> <span class='ocrx_word' id='word_1_884' title='bbox 3343 5290 3432 5343; x_wconf 83' lang='grc' dir='ltr'><em>ὅτε</em></span> <span class='ocrx_word' id='word_1_885' title='bbox 3472 5287 3556 5341; x_wconf 66' lang='grc' dir='ltr'><strong>δικ⁹</strong></span> 
     </span>
    </p>
   </div>
   <div class='ocr_carea' id='block_1_113' title="bbox 1975 5378 3556 5468">
    <p class='ocr_par' dir='ltr' id='par_1_113' title="bbox 1975 5378 3556 5468">
     <span class='ocr_line' id='line_1_113' title="bbox 1975 5378 3556 5468; baseline -0.013 -16"><span class='ocrx_word' id='word_1_886' title='bbox 1975 5397 2146 5462; x_wconf 85' lang='grc' dir='ltr'><em>καίως</em></span> <span class='ocrx_word' id='word_1_887' title='bbox 2169 5395 2536 5468; x_wconf 76' lang='grc' dir='ltr'><em>ἐπιμαρτυρεῖ</em></span> <span class='ocrx_word' id='word_1_888' title='bbox 2567 5392 2741 5460; x_wconf 85' lang='grc' dir='ltr'><em>λέγων</em></span> <span class='ocrx_word' id='word_1_889' title='bbox 2760 5407 2774 5420; x_wconf 84' lang='grc'><strong>·</strong></span> <span class='ocrx_word' id='word_1_890' title='bbox 2818 5389 2960 5445; x_wconf 85' lang='grc' dir='ltr'><strong>Ἐὰν</strong></span> <span class='ocrx_word' id='word_1_891' title='bbox 2977 5387 3093 5457; x_wconf 66' lang='grc' dir='ltr'><strong>ἐγὼ</strong></span> <span class='ocrx_word' id='word_1_892' title='bbox 3109 5380 3388 5457; x_wconf 85' lang='grc' dir='ltr'><em>μαρτυρῶ</em></span> <span class='ocrx_word' id='word_1_893' title='bbox 3419 5378 3556 5448; x_wconf 68' lang='grc' dir='ltr'><em>περι</em></span> 
     </span>
    </p>
   </div>
   <div class='ocr_carea' id='block_1_114' title="bbox 359 5565 1883 5651">
    <p class='ocr_par' dir='ltr' id='par_1_114' title="bbox 359 5575 1883 5644">
     <span class='ocr_line' id='line_1_114' title="bbox 359 5575 1883 5644; baseline 0.003 -11"><span class='ocrx_word' id='word_1_894' title='bbox 359 5580 374 5611; x_wconf 81' lang='grc'>¹</span> <span class='ocrx_word' id='word_1_895' title='bbox 410 5577 571 5636; x_wconf 83' lang='lat' dir='ltr'><strong>Joan.</strong></span> <span class='ocrx_word' id='word_1_896' title='bbox 616 5593 733 5640; x_wconf 83' lang='lat' dir='ltr'><strong>vui,</strong></span> <span class='ocrx_word' id='word_1_897' title='bbox 766 5576 852 5641; x_wconf 77' lang='lat' dir='ltr'><strong>i7,</strong></span> <span class='ocrx_word' id='word_1_898' title='bbox 890 5577 976 5634; x_wconf 80' lang='grc'><strong>18.</strong></span> <span class='ocrx_word' id='word_1_899' title='bbox 1055 5580 1074 5611; x_wconf 80' lang='grc'><em>³</em></span> <span class='ocrx_word' id='word_1_900' title='bbox 1109 5578 1301 5634; x_wconf 82' lang='lat' dir='ltr'><strong>Matth.</strong></span> <span class='ocrx_word' id='word_1_901' title='bbox 1338 5593 1416 5644; x_wconf 83' lang='lat' dir='ltr'><strong>xi,</strong></span> <span class='ocrx_word' id='word_1_902' title='bbox 1447 5576 1537 5636; x_wconf 71' lang='lat'><strong>25.</strong></span> <span class='ocrx_word' id='word_1_903' title='bbox 1612 5577 1634 5611; x_wconf 86' lang='grc'><strong><em>³</em></strong></span> <span class='ocrx_word' id='word_1_904' title='bbox 1675 5575 1810 5637; x_wconf 84' lang='lat' dir='ltr'><strong>Luc.</strong></span> <span class='ocrx_word' id='word_1_905' title='bbox 1869 5597 1883 5636; x_wconf 81' lang='lat'><strong>1</strong></span> 
     </span>
    </p>
   </div>
   <div class='ocr_carea' id='block_1_115' title="bbox 1989 5565 3553 5651">
    <p class='ocr_par' dir='ltr' id='par_1_115' title="bbox 1989 5565 3553 5645">
     <span class='ocr_line' id='line_1_115' title="bbox 1989 5565 3553 5645; baseline -0.012 -9"><span class='ocrx_word' id='word_1_906' title='bbox 1989 5583 2050 5638; x_wconf 72' lang='lat' dir='ltr'><strong>t2.</strong></span> <span class='ocrx_word' id='word_1_907' title='bbox 2128 5582 2150 5615; x_wconf 75' lang='grc'><strong>⁸</strong></span> <span class='ocrx_word' id='word_1_908' title='bbox 2177 5578 2335 5637; x_wconf 85' lang='lat' dir='ltr'><strong>Joan.</strong></span> <span class='ocrx_word' id='word_1_909' title='bbox 2368 5593 2480 5645; x_wconf 78' lang='lat' dir='ltr'><strong>xw,</strong></span> <span class='ocrx_word' id='word_1_910' title='bbox 2512 5579 2566 5634; x_wconf 90' lang='lat'><strong>9.</strong></span> <span class='ocrx_word' id='word_1_911' title='bbox 2643 5576 2663 5610; x_wconf 85' lang='grc'>⁸</span> <span class='ocrx_word' id='word_1_912' title='bbox 2691 5573 2851 5633; x_wconf 83' lang='lat' dir='ltr'><strong>Joan.</strong></span> <span class='ocrx_word' id='word_1_913' title='bbox 2881 5590 2937 5642; x_wconf 72' lang='grc' dir='ltr'><strong>ν,</strong></span> <span class='ocrx_word' id='word_1_914' title='bbox 2979 5571 3066 5628; x_wconf 82' lang='grc'><strong>18.</strong></span> <span class='ocrx_word' id='word_1_915' title='bbox 3141 5567 3163 5601; x_wconf 82' lang='grc'><strong>⁸</strong></span> <span class='ocrx_word' id='word_1_916' title='bbox 3191 5565 3428 5639; x_wconf 88' lang='lat' dir='ltr'><strong>Philipp.</strong></span> <span class='ocrx_word' id='word_1_917' title='bbox 3455 5631 3460 5636; x_wconf 20' lang='grc' dir='ltr'><em>ο</em></span> <span class='ocrx_word' id='word_1_918' title='bbox 3489 5579 3553 5631; x_wconf 83' lang='grc' dir='ltr'><strong>ιι,</strong></span> 
     </span>
    </p>
   </div>
   <div class='ocr_carea' id='block_1_116' title="bbox 285 5650 978 5718">
    <p class='ocr_par' dir='ltr' id='par_1_116' title="bbox 285 5650 978 5718">
     <span class='ocr_line' id='line_1_116' title="bbox 285 5650 978 5718; baseline -0.003 -11"><span class='ocrx_word' id='word_1_919' title='bbox 285 5650 340 5718; x_wconf 82' lang='lat'><em>6,</em></span> <span class='ocrx_word' id='word_1_920' title='bbox 379 5651 430 5708; x_wconf 84' lang='lat'><strong>7.</strong></span> <span class='ocrx_word' id='word_1_921' title='bbox 506 5653 526 5685; x_wconf 88' lang='lat'>&quot;</span> <span class='ocrx_word' id='word_1_922' title='bbox 557 5651 714 5708; x_wconf 82' lang='lat' dir='ltr'><strong>Joatt.</strong></span> <span class='ocrx_word' id='word_1_923' title='bbox 748 5666 858 5713; x_wconf 80' lang='lat' dir='ltr'><strong>xvi,</strong></span> <span class='ocrx_word' id='word_1_924' title='bbox 891 5651 978 5706; x_wconf 74' lang='lat'><strong>&#39;28.</strong></span> 
     </span>
    </p>
   </div>
  </div>
