4008 6240
267 287 338 345 25
1054 293 1424 350 ADVERSUS
1460 292 1802 349 1ΐῶΙῖΕὸΕὸ
1839 291 1900 346 LI

2009 290 2072 345 ιι.
2117 288 2285 346 ron.
2332 295 2392 344 ιι.
2437 318 2506 330 -
2543 284 2821 342 namss.
2862 280 3039 344 va.
3480 266 3551 322 96

267 409 534 479 ἐμαυτοῦ
555 451 569 477 ,
599 406 638 475 ἡ
663 408 961 477 μαρτυρία
980 426 1101 477 μου
1127 410 1239 463 οὐκ
1272 408 1445 464 ἔστιν
1479 407 1713 477 ἀληθής
1731 424 1744 437 ·
1783 407 1869 460 ἵνα
1898 469 1900 477 η

2007 405 2159 475 leque
2206 404 2352 458 enim
2404 401 2548 457 istud
2594 416 2661 456 ex
2709 396 3200 453 bominis’natura
3248 381 3551 457 proiiseisci

272 476 420 576 δείξῃ
470 505 565 574 τὴν
610 476 803 555 ἑαυτοῦ
854 501 1303 572 ὲνανθρώπησιν·
1360 502 1453 555 καὶ
1496 500 1557 553 τὸ
1596 499 1863 553 ἀνάπαλιν

2011 498 2171 551 otuit.
2208 496 2314 550 Sed
2367 495 2419 549 id
2468 493 2687 548 demum
2723 487 3045 559 usurpavit,
3082 496 3206 537 cum
3247 477 3314 532 de
3342 492 3401 531 se
3433 476 3557 543 jure

274 566 687 667 napi-0562:1110;
723 592 929 661 λέγων·
975 566 1101 646 Κᾶν
1137 566 1203 645 τε
1244 590 1358 660 ἐγὼ
1399 588 1683 660 μαρτυρῶ
1728 591 1863 656 περὶ

2007 604 2047 642 .a
2079 596 2313 643 testatus
2340 594 2427 641 est
2460 602 2474 638 :
2511 582 2571 638 Si
2589 600 2679 655 ego
2707 579 3065 636 testimonium
3092 569 3336 642 perhibeo
3383 566 3446 620 de
3477 580 3557 617 me

275 664 555 759 ἐμαυτοῦ,
648 687 945 754 μαρτυρία
966 702 1086 753 μου
1111 683 1347 752 ἀληθής
1375 684 1547 737 ἐστιν
1565 722 1580 747 ,
1607 681 1694 734 ἵνα
1718 677 1865 753 δείξῃ

2007 697 2104 743 rso,
2142 679 2497 734 testimonium
2525 691 2696 730 meum
2728 688 2832 726 non
2858 680 2935 723 est
2964 681 3145 721 verum
3178 664 3193 694 ¹
3219 680 3234 725 ;
3261 674 3371 730 quo
3402 670 3556 711 suam

278 748 798 850 a'meivijv'eésim-‘ca
817 748 1254 847 (minuma;
1285 748 1720 845 ἕνανθρὼπησιν.
1836 748 1863 753 ν

2012 769 2367 825 umanitatem
2421 764 2761 822 ostenderet.
2819 760 2890 812 At
2942 772 2972 812 e
3015 750 3297 810 contrario
3344 748 3413 802 de
3459 757 3559 799 sua

275 876 565 931 divinitate
612 889 924 930 sermonem
971 873 1267 927 instituens
1302 891 1314 926 :
1349 870 1504 936 Etsi,
1536 869 1746 940 inquit,
1780 885 1874 939 ego
1917 866 2277 922 testimonium
2307 864 2548 934 perhibeo
2582 862 2647 916 de
2686 859 2904 927 meipso,
2971 850 3324 907 testimonium
3388 857 3560 897 meum

277 986 456 1024 verum
497 979 575 1022 est
609 971 652 1034 ³,
686 976 746 1021 ιιι
768 982 955 1023 veram
984 966 1038 1021 in
1086 981 1147 1022 se
1179 966 1520 1020 divinitatem
1556 972 1720 1034 atque
1758 963 2156 1017 humanitatem
2186 961 2541 1032 exprimeret.

348 1067 431 1119 H'.
465 1066 540 1117 Οὐ
566 1064 660 1118 δύο
690 1062 869 1117 τοίνυν
894 1062 1043 1126 Ocni,
1067 1062 1149 1115 ὅτι
1176 1060 1301 1114 οὔτε
1331 1060 1424 1113 δύο
1452 1058 1695 1130 Πατὲρες
1714 1074 1727 1088 ·
1750 1056 1873 1110 οὐδὲ

279 1160 548 1232 ἀνῄρηται
579 1162 612 1230 ἡ
646 1159 942 1220 ὑπόστασις
988 1121 1083 1210 τοῦ
1119 1157 1316 1223 Λόγου,
1358 1154 1439 1207 ὅτι
1483 1154 1544 1205 οὺ
1604 1121 1711 1222 μία
1746 1166 1873 1202 συν-

2007 1121 2302 1207 ἐιιι-εειιυὸ,
2333 1150 2514 1204 neque
2536 1137 2704 1193 Verbi
2760 1145 2993 1205 persona
3038 1128 3272 1184 tollitur,
3308 1121 3562 1185 quoniam

2807 1225 2816 1232 .
3189 1230 3213 1232 ν,
3255 1211 3411 1232 mm
3439 1221 3535 1232 Mn

477 1211 727 1322 Θεότητος
761 1249 891 1303 Υίοῦ
915 1211 1055 1321 τιρὸς
1079 1211 1319 1320 Πατέραί
1337 1248 1411 1300 Οὐ
1443 1245 1552 1316 γάρ
1580 1211 1728 1297 ἐστιν
1756 1244 1875 1295 ἐτε-

2007 1242 2100 1297 ‘ilii
2130 1236 2391 1294 divinitas
2427 1242 2772 1301 nequaquam
2806 1225 2860 1278 in
2893 1235 3061 1275 unum
3096 1230 3219 1270 cum
3255 1211 3415 1265 Patre
3435 1221 3567 1261 con-

2570 1319 2611 1323 -
2641 1320 2671 1323 υ
2827 1317 2839 1323 -
2935 1314 2945 1323 -
3121 1315 3133 1323 -
3220 1317 3372 1323 πη-..
3407 1298 3567 1323 τις.--

285 1298 527 1416 ροοόσιος
558 1344 587 1395 6
616 1298 742 1405 ἱίδξ
768 1342 864 1395 τοῦ
901 1298 1318 1412 Πᾶτεξδξξὰῆἆ
1337 1298 1621 1409 όμοόύσιος
1658 1334 1737 1406 τῷ
1758 1336 1874 1387 Πα-

2007 1338 2159 1389 latur.
2209 1328 2330 1383 Non
2374 1298 2531 1381 enim
2570 1319 2749 1375 Filius
2792 1314 3019 1370 alterius
3057 1315 3162 1372 est,
3209 1317 3375 1376 quam
3407 1298 3569 1353 Pater

282 1397 391 1507 ⁸τρί.
437 1397 526 1489 Οὐ.
540 1397 761 1488 δύναται
783 1434 838 1487 δὲ
860 1428 1003 1487 εἶναι
1026 1397 1473 1504 ,ἑτεροούσιοςιτῷ
1498 1397 1872 1499 γεγεννηκότι,

2012 1423 2344 1485 ιιιιειειιιὶω,
2389 1418 2485 1475 sed
2515 1407 3008 1471 consubstantiaiis
3055 1401 3226 1457 Patri.
3264 1397 3447 1466 Neque
3474 1407 3571 1463 po-

285 1488 409 1579 ὧδὲ
462 1524 838 1589 ταυτοούσιος,
882 1523 1021 1577 ἀλλὰ
1061 1488 1479 1594 ὁμιοούσιοςν(8ᾗ.
1715 1488 1877 1573 Σπάλιν

2007 1528 2088 1575 est
2119 1523 2215 1571 aut
2263 1510 2495 1567 alterius
2542 1521 2665 1561 esse
2713 1518 2742 1556 a
2789 1500 3040 1573 genitore
3089 1488 3437 1550 substantiae,
3478 1490 3573 1538 aut

284 1616 516 1685 λέγομεν
562 1615 725 1669 αὑτὸν
911 1609 1050 1667 εἶναι
1094 1578 1289 1667 ταυτὸν
1437 1578 1601 1684 οὐσία
1650 1611 1735 1682 τῷ
1767 1611 1880 1664 Πα-

2007 1609 2227 1681 jusdem
2261 1598 2583 1659 substantia:
2638 1610 2703 1649 ac
2739 1604 2975 1663 persona
3010 1586 3237 1642 minime
3271 1578 3569 1639 distinctae,

284 1678 586 1775 cpi-"E61:
619 1703 727 1774 γὰρ
770 1678 965 1757 ταυτὸν
1000 1705 1068 1774 τῇ
1114 1678 1494 1772 θεότητι,”καὶ
1539 1678 1606 1772 τῇ
1651 1678 1808 1771 οὗσίᾳ
1850 1701 1880 1753 6

2007 1678 2080 1754 red
2119 1692 2646 1752 consubstantialem
2693 1701 2851 1751 esse,
2896 1682 2976 1738 uti
3018 1679 3260 1734 diximus
3288 1714 3303 1741 ,
3331 1678 3567 1775 0pOI'lel;

287 1754 412 1862 1:9);
442 1797 576 1869 πρὸς
601 1750 960 1867 τονΓΠατέρα,
995 1750 1089 1850 xii.
1105 1797 1206 1849 οὐκ
1230 1750 1442 1859 ἀλλοῖος
1471 1750 1621 1867 παρα
1646 1750 1741 1848 τὸν
1763 1750 1877 1846 Plu;

2007 1789 2103 1843 iam
2139 1801 2269 1841 vero
2302 1798 2415 1839 non
2454 1779 2665 1836 idcirco
2706 1777 2851 1831 idem
2887 1788 3013 1828 esse
3043 1784 3169 1823 cum
3207 1765 3391 1824 Patre,
3424 1757 3573 1831 quod

286 1852 451 1954 τέρᾷ,
485 1852 604 1935 ὸιὲὲ
633 1883 742 1937 ἀπὸ
771 1852 960 1955 ἄλλης,
980 1884 1352 1948 ὑποστάσεως,
1391 1852 1528 1937 aias
1553 1852 1633 1948 2a.;
1664 1882 1879 1955 ἀληθῶς

2007 1880 2055 1936 Id
2083 1878 2384 1936 essentiam
2416 1874 2631 1934 attinet,
2665 1867 2971 1940 negandum
3002 1869 3279 1934 putamus.
3309 1855 3400 1909 Est
3426 1852 3571 1907 enim

2046 1054 2187 1110 Vlll.
2229 1008 2724 1122 duocircavneque
2767 1051 2874 1107 dno
2914 1046 2998 1102 Dii
3023 1052 3171 1109 sunt,
3192 1038 3354 1112 615
3386 1050 3559 1122 neque
3670 1008 3696 1085 ν.

289 1976 419 2039 Υἱὸς
450 1975 662 2047 Πατρός
692 1978 757 2046 τῇ
791 1993 853 2028 τε
890 1975 1067 2048 οὐσίᾳ,
1104 1976 1199 2029 καὶ
1227 1979 1293 2047 τῇ
1326 1976 1655 2041 ὑποστάσει,
1688 1976 1782 2028 καὶ
1811 1976 1878 2045 τῇ

291 2066 539 2138 ἀληθείᾳ.
580 2066 718 2118 Ἀλλ’
742 2066 840 2137 οὐχ
864 2068 892 2119 6
926 2068 1114 2138 Πατήρ
1141 2068 1287 2121 ἐστιν
1311 2070 1338 2121 6
1366 2067 1514 2130 Υἱὸς,
1542 2067 1661 2121 οὐδὲ
1690 2067 1718 2118 6
1754 2066 1881 2132 Υἱός

292 2160 441 2211 ἐστιν
472 2158 501 2209 6
541 2158 753 2229 Πατὴρ,
789 2158 923 2211 ἀλλὰ
945 2157 1070 2220 Υἱὸς
1099 2158 1316 2228 ἀληθῶς
1346 2160 1409 2211 ὲκ
1440 2159 1655 2229 Πατρὸς
1692 2174 1883 2226 γεγεν-

292 2251 543 2320 νημένος.
570 2250 662 2302 Διὸ
691 2248 815 2302 οὔτε
848 2249 942 2303 δύο
971 2250 1129 2314 Θεοὶ,
1167 2248 1292 2303 οὔτε
1324 2249 1417 2303 δύο
1444 2250 1599 2313 Υἱοὶ,
1634 2249 1757 2303 οὔτε
1791 2249 1885 2302 δύο

296 2342 429 2412 ἅγια
462 2344 790 2414 Πνεύματα,
818 2342 956 2396 ἀλλὰ
999 2342 1099 2413 μία
1137 2342 1328 2411 θεότης
1362 2344 1394 2413 ἡ
1436 2340 1640 2413 Τριὰς,
1672 2340 1882 2411 Πατὴρ,

296 2432 445 2495 Υίδς,
478 2434 573 2486 καὶ
598 2431 752 2500 ἅγιον
784 2432 1032 2503 Πνεῦμα,
1060 2432 1343 2503 όμοούσιος
1377 2427 1529 2485 οὖσα.
1565 2432 1733 2485 Ὅταν
1778 2430 1886 2500 γὰρ

298 2524 460 2596 εἴπῃς
508 2524 831 2594 ὁμοούσιον,
879 2526 940 2578 οὐ
999 2525 1293 2595 συναλιφὴν
1337 2523 1613 2594 σημαίνει.
1663 2521 1736 2574 Τὸ
1780 2522 1888 2592 γὰρ

300 2617 623 2683 όμοούσιον
653 2616 751 2685 οὐχ
782 2614 899 2678 ἑνός
927 2616 1044 2667 ἐστι
1070 2614 1423 2686 σημαντικὸν,
1470 2613 1590 2666 οὐδὲ
1618 2612 1711 2665 τοῦ
1736 2611 1889 2675 ὄντος

300 2709 432 2762 Υἱοῦ
465 2710 600 2779 πρὸς
634 2708 855 2779 Πατέρα
881 2706 1104 2779 γνησίου
1146 2704 1245 2776 τὴν
1274 2705 1463 2758 οὐσίαν
1491 2703 1761 2773 διίστησι,
1796 2702 1891 2755 καὶ

300 2800 400 2871 τὴν
438 2798 739 2852 ὑπόστασιν
761 2798 1135 2869 ἀπαλλοτριοῖ,
1162 2795 1251 2849 διὰ
1271 2795 1331 2849 τὸ
1352 2795 1655 2867 ὁμοούσιον.
1687 2795 1760 2848 Οὐ
1784 2793 1891 2865 γὰρ

302 2891 478 2961 ἀρχὰς
505 2889 598 2942 δύο
630 2890 894 2961 κηρύττει
921 2891 949 2942 6
985 2889 1128 2954 θεῖος
1167 2890 1344 2957 λόγος,
1377 2886 1666 2958 ἀλλὰημίαν
1695 2886 1889 2957 ἀρχήν.

302 2981 742 3035 Συνελεύσεται
784 2980 914 3051 γὰρ,
952 2981 1137 3049 φησὶν,
1167 2982 1200 3034 ό
1232 2980 1398 3044 οἶκος
1455 2976 1643 3032 Ἰούδα
1667 3017 1680 3039 ,
1715 2976 1813 3029 καὶ
1862 2978 1895 3028 ό

305 3068 473 3137 οἶκος
506 3071 769 3141 Ἰσραὴλ,
798 3073 895 3125 καὶ
925 3070 1215 3138 θήσονται
1239 3070 1475 3135 ἑαυτοῖς
1505 3068 1703 3139 ἀρχὴν
1725 3068 1893 3137 μίαν.

319 3166 379 3218 '0
412 3164 590 3217 τοίνυν
621 3164 797 3235 ἀρχὰς
828 3162 921 3216 δύο
961 3162 1268 3233 κηρύττων,
1291 3161 1384 3214 δύο
1420 3160 1587 3224 Θεοὺς
1614 3158 1895 3230 κηρύττει.

309 3261 418 3313 Καὶ
437 3262 465 3313 6
499 3258 738 3329 ἀναιρῶν
770 3258 861 3310 τὸν
886 3257 1079 3325 Λόγον,
1109 3256 1203 3309 καὶ
1238 3256 1336 3326 τὴν
1360 3253 1524 3308 αὑτοῦ
1574 3252 1895 3315 ὑπόστασιν,

322 3351 654 3422 Ἰουδαῖσμὸν
684 3349 994 3419 ὑποφαίνει.
1022 3348 1287 3420 Μαρκίων
1322 3348 1431 3419 γὰρ
1458 3346 1551 3399 δύο
1572 3345 1747 3418 ἀρχὰς
1770 3346 1900 3397 ὑπο-

312 3446 489 3516 φαίνει
508 3485 523 3510 ,
563 3444 763 3515 μᾶλλον
794 3443 851 3495 δὲ
882 3444 1029 3514 τρεῖς
1062 3442 1283 3503 ἑαυταῖς
1317 3439 1587 3501 ἐναντίας.
1617 3440 1678 3490 Oi.
1705 3438 1762 3490 δὲ
1790 3436 1899 3489 νέοι

326 3538 590 3598 Ἰουδαῖοι,
626 3536 995 3605 Σαμοσατῖται
1024 3527 1188 3596 οὗτοι,
1221 3529 1504 3601 ἀναιροῦσι
1533 3530 1632 3599 τὴν
1666 3526 1901 3581 ὑῖπόστα-

317 3649 401 3685 σιν
433 3631 528 3684 τοῦ
572 3629 770 3697 Λόγου,
818 3627 904 3680 ἵνα
953 3624 1290 3697 κυριοκτόνοι
1339 3625 1434 3676 καὶ
1466 3622 1619 3675 αὐτοὶ
1656 3622 1902 3689 ἀποφαν-

1986 1972 2276 2028 divinitate
2318 1968 2462 2023 idem
2514 1973 2569 2020 et
2618 1961 2859 2018 essentia
2882 1973 3008 2013 cum
3043 1954 3205 2007 Patre
3234 1948 3575 2018 Filius,gnec
3626 1986 3629 1989 γ

1987 2064 2057 2118 ab
2091 2076 2157 2117 eo
2198 2061 2489 2124 diversus,
2528 2064 2624 2109 aut
2654 2070 2720 2108 ex
2752 2051 2931 2106 aliena
2970 2045 3205 2116 quadam
3254 2040 3536 2109 bypostasi
3560 2074 3576 2098 ,

1989 2155 2086 2211 sed
2117 2170 2244 2211 vere
2262 2151 2446 2205 Patris
2478 2157 2530 2203 et
2552 2145 2817 2207 essentia,
2849 2150 2904 2196 et
2931 2135 3237 2210 hyposlasi,
3270 2140 3323 2186 et
3350 2129 3579 2184 veritate

1989 2247 2187 2303 Filius.
2225 2243 2469 2299 Tametsi
2513 2254 2692 2309 neque
2733 2235 2896 2290 Pater
2933 2234 3004 2287 sit
3049 2227 3261 2289 Filius,
3293 2236 3470 2291 neque
3498 2217 3580 2271 Fi-

1989 2341 2099 2395 lius
2131 2337 2378 2393 vicissim
2410 2334 2609 2399 Pater;
2651 2329 2744 2385 sed
2781 2326 2952 2381 Filius
2990 2339 3020 2377 a
3055 2319 3216 2373 Patre
3256 2329 3445 2371 revera
3482 2326 3579 2381 ge-

1991 2432 2161 2487 nitus.
2216 2429 2293 2483 Ex
2335 2443 2446 2497 quo
2477 2426 2571 2485 iit,
2604 2433 2663 2476 nt
2716 2436 2822 2474 non
2864 2418 2973 2471 duo
3014 2414 3125 2469 sint
3175 2410 3295 2472 Dii,
3351 2404 3583 2497 Filii—que

1992 2524 2135 2588 duo,
2174 2537 2282 2576 non
2329 2494 2571 2589 spiritus
2609 2512 2786 2569 sancti
2822 2510 2965 2569 duo,
3000 2505 3092 2561 sed
3129 2516 3234 2556 una
3273 2498 3345 2554 sit
3375 2497 3428 2550 in
3459 2494 3584 2545 'l'ri-

1994 2616 2165 2671 nitate
2198 2611 2493 2673 divinitas,
2529 2609 2717 2669 Pater,
2747 2602 2920 2657 Filius
2949 2606 3004 2653 et
3039 2593 3281 2665 Spiritus
3321 2594 3582 2647 sanctus,
3626 2635 3631 2639 ,

1996 2696 2796 2778 planeque.consubstantialis
2837 2691 3090 2747 exsistat.
3129 2684 3265 2739 Nam
3309 2681 3425 2734 haec
3464 2677 3584 2778 ipsa

1997 2814 2099 2852 vox
2142 2791 2616 2851 consubstantialis
2660 2802 2769 2842 non
2832 2777 3277 2851 conjunctionem
3300 2786 3363 2824 ac
3392 2768 3587 2822 conﬂa-

1996 2892 2202 2944 tionem
2261 2887 2545 2950 declarat;
2594 2896 2703 2935 non
2754 2877 2901 2933 enim
2946 2868 3217 2943 ejusmodi
3261 2862 3588 2919 vocabulum

2002 2995 2169 3034 unum
2224 2975 2486 3047 quiddam
2542 2972 2787 3034 indicat,
2834 2980 3014 3035 neque
3049 2957 3295 3033 germani
3356 2970 3384 3007 a
3428 2951 3590 3005 Patre

2001 3073 2124 3126 Filii
2161 3045 2528 3126 substantiam
2564 3061 2823 3123 secernit,
2863 3064 2959 3110 aut
2993 3049 3317 3123 hypostasin
3352 3045 3589 3097 alienam

2005 3164 2157 3229 facit,
2188 3171 2246 3215 ut
2277 3159 2383 3216 sibi
2414 3150 2908 3211 consubstantialis
2938 3146 3081 3202 ratio
3105 3147 3361 3197 constare
3393 3131 3587 3205 possit.

2007 3226 2286 3326 Siquidem
2328 3266 2498 3307 unum
2553 3242 2941 3301 tantummodo
2965 3281 2980 3307 ,
3014 3228 3135 3292 lnon
3177 3233 3286 3287 duo
3322 3226 3592 3301 principia

2007 3320 2229 3403 divinus
2260 3358 2443 3401 sermo
2474 3338 2755 3411 pmdicat.
2783 3333 3104 3390 Convenient
3128 3370 3144 3397 ,
3180 3324 3377 3395 inquit,
3405 3320 3593 3372 domus

2006 3438 2174 3499 Juda,
2208 3445 2257 3490 et
2287 3410 2691 3493 domusilsrael,
2716 3436 2764 3482 et
2801 3423 3119 3479 constituent
3154 3417 3253 3473 sibi
3274 3415 3400 3484 ipsis
3437 3410 3591 3481 prin-

2009 3532 2241 3599 cipatum
2268 3543 2430 3580 unum
2464 3526 2505 3579 ⁸.
2535 3523 2717 3590 Quare
2740 3518 2833 3590 qui
2869 3518 2978 3571 duo
3014 3509 3281 3584 principia
3304 3501 3557 3576 prOponit
3580 3540 3595 3563 ,

1984 3594 2236 3677 'totidem
2290 3619 2429 3673 Deos
2488 3614 2754 3671 obtrudit.
2818 3606 3086 3677 Quisquis
3144 3612 3324 3656 autem
3356 3594 3596 3650 Verbum

2008 3714 2239 3783 ejusque
2268 3723 2562 3781 personam
2604 3706 2747 3761 tollit
2777 3720 2808 3757 e
2836 3698 3016 3754 medio
3036 3738 3049 3762 ,
3081 3692 3367 3783 Judaicam
3400 3684 3597 3783 impie:

321 3770 471 3886 ρίεπις⁷
734 3770 745 3791 ⁸
822 3770 833 3789 ⁸
1107 3770 1119 3787 ⁸
1394 3770 1405 3786 ι
1558 3770 1593 3785 η
1861 3770 1872 3782 ’
2014 3770 2183 3858 tatem
2241 3770 2504 3856 ostendit.
2560 3794 2802 3850 Marcion
2853 3804 2987 3845 sane
3029 3779 3300 3855 principia
3337 3777 3478 3886 duo:
3514 3770 3600 3886 v.6

321 3864 438 3886 Γ--.

317 3910 425 3965 tria
458 3906 664 3977 potius,
696 3913 751 3960 et
781 3903 998 3974 quidem
1030 3902 1310 3957 contraria
1378 3899 1609 3955 invicem
1633 3937 1648 3962 ,
1721 3896 1974 3953 affirmat.
2015 3900 2085 3951 At
2132 3895 2258 3951 novi
2284 3893 2492 3957 Judaei,
2545 3884 2890 3945 Samosatcni
2913 3926 2928 3949 ,
2968 3882 3190 3951 inquam
3217 3917 3233 3941 ,
3264 3872 3385 3932 isti,
3436 3864 3599 3977 Verri

318 4015 611 4074 personam
638 3997 966 4059 detrahunt,
996 4005 1053 4050 ut
1095 4003 1149 4051 et
1184 3995 1289 4064 ipsi
1320 3994 1533 4049 Domini
1578 3992 1990 4056 interfectores,
2057 4006 2122 4046 ac
2151 3991 2285 4055 Dei,
2352 3998 2408 4045 et
2452 3987 2633 4041 allata:
2673 3982 2834 4039 nobis
2895 3995 2926 4033 a
2955 3974 3186 4031 Domino
3246 3966 3440 4026 salutis
3472 3959 3599 4017 infl-

320 4095 559 4149 ciatores
602 4090 934 4144 habeantur.

391 4139 738 4250 ἷιιξξτοξᾷἶ
754 4139 1042 4250 καὶ
1072 4175 1132 4241 ἐξ
1152 4175 1324 4245 αὐτῆς
1354 4177 1382 4227 6
1404 4174 1532 4236 Υἱὸς
1560 4173 1721 4227 εἰκὼν
1750 4175 1900 4243 ἀκρι-

2085 4166 2298 4222 Maneat
2335 4165 2502 4236 igitur
2546 4176 2715 4217 unum
2760 4173 2882 4214 esse
2925 4149 3276 4225 principium,
3323 4159 3352 4197 a
3383 4157 3491 4212 quo
3520 4139 3603 4195 Fi-

324 4272 457 4344 6ὴς,
503 4244 665 4341 (pacat.
705 4244 1018 4322 ἐκτυιιτοῦσα
1057 4268 1151 4321 τὸν
1198 4244 1326 4319 ἴδιον
1373 4264 1592 4335 Πατέρα
1622 4266 1716 4317 καὶ
1745 4264 1900 4335 ὁμοία

2015 4261 2124 4315 lius
2178 4259 2456 4320 manarit,
2500 4256 2649 4309 velut
2691 4252 2872 4320 imago
2893 4246 3138 4317 quaadam
3169 4244 3453 4301 accurata,
3483 4248 3604 4304 qua!

498 4325 678 4415 στάντα
707 4360 929 4431 τρόπον.
962 4359 1084 4411 Ὀτι
1111 4355 1243 4418 Θεὸς
1276 4357 1339 4408 ὲκ
1376 4325 1535 4417 Θεοῦ,
1564 4354 1659 4406 καὶ
1694 4325 1815 4416 Υἱός
1845 4353 1900 4405 ὲκ

2016 4351 2232 4405 Patrem
2278 4362 2439 4402 suum
2486 4344 2680 4400 referat
2726 4338 2983 4410 proprie,
3026 4334 3185 4402 eique
3229 4330 3283 4383 in
3347 4325 3605 4382 omnibus

2057 4442 2064 4444 _
2376 4438 2385 4444 ,
2745 4434 2754 4442 ,
2893 4428 2930 4444 η
3011 4441 3028 4444 Δ
3208 4437 3267 4444 __
3317 4419 3421 4444 nu
3495 4426 3538 4444 Μ
3575 4430 3601 4444 ἡ

327 4454 560 4526 Πατρὸς,
588 4452 721 4516 Θεὸς
742 4419 997 4521 amem;
1023 4451 1087 4503 ἐκ
1115 4448 1251 4502 Θεοῦ
1281 4446 1560 4519 ἀληθινοῦ,
1593 4447 1688 4500 καὶ
1717 4445 1831 4513 φῶς
1852 4447 1900 4498 ὲ)

2023 4441 2220 4497 similis
2272 4438 2540 4501 exsistat;
2590 4434 2851 4504 quoniam
2890 4428 3033 4483 Deus
3077 4430 3162 4479 est
3203 4437 3270 4478 ex
3314 4419 3453 4481 Deo,
3493 4426 3544 4471 et
3574 4430 3605 4469 a

317 3721 471 3786 θῶσι,
500 3721 594 3774 ita).
622 3717 1012 3791 ὲπαρνησίοεοι
1051 3717 1151 3787 τῆς
1178 3718 1273 3768 τοῦ
1307 3716 1512 3786 Κυρίου
1538 3711 1697 3785 ἡμῶν
1730 3729 1903 3782 σωτη-

328 4544 526 4615 φωτὸς,
578 4542 677 4613 μία
710 4538 846 4594 οὖσα
884 4541 1097 4611 θεότης,
1130 4540 1225 4593 καὶ
1257 4539 1313 4592 ἓν
1348 4538 1587 4608 ἀξίωμα.
1627 4536 1718 4589 Διό
1748 4550 1916 4605 φησι·

328 4634 678 4703 Ποιήσωμεν
705 4631 1020 4701 ἄνθρωπον
1064 4632 1191 4685 κατ’
1219 4631 1426 4685 εἰκόνα
1458 4628 1754 4698 ἡμετέραν
1773 4667 1787 4687 ,
1820 4627 1917 4680 καὶ

328 4730 458 4782 καθ’
489 4727 793 4796 ὁμοίωσιν.
829 4723 966 4778 Οὔτε
1006 4724 1139 4777 Κατ’
1169 4724 1357 4777 εἰκόνα
1378 4723 1500 4794 σὴν,
1530 4722 1618 4776 ἵνα
1644 4720 1717 4791 μὴ
1748 4719 1915 4791 διέλῃ·

328 4820 451 4875 οὔτε
480 4818 616 4872 Κατ’
650 4818 833 4872 εἰκόνα
862 4818 1023 4889 ἐμὴν,
1053 4817 1138 4869 ἵνα
1182 4816 1257 4886 μὴ
1301 4816 1554 4885 ἀνόμοιον
1604 4813 1698 4868 καὶ
1736 4812 1918 4866 ἄνισον

329 4911 612 4984 ἀποφάνῃ·
637 4911 766 4964 κατ’
782 4910 987 4963 εἰκόνα
1015 4908 1071 4961 δὲ
1097 4907 1410 4976 ἡμετέραν·
1430 4907 1525 4959 καὶ
1547 4906 1627 4968 τὸ,
1653 4903 1916 4972 ποιήσω-

327 5021 462 5073 μεν,
514 5001 601 5054 ἵνα
640 5000 716 5070 μὴ
758 4999 1036 5070 ἀλλότριος
1075 4993 1169 5072 ᾖὸ
1212 4997 1403 5068 Πατὴρ
1451 4996 1559 5048 τῶν
1608 4995 1915 5064 γενομένων

333 5098 423 5150 ὑπ’
449 5091 637 5157 αὑτοῦ,
674 5092 807 5162 μηδὲ
829 5093 857 5143 6
880 5089 1192 5160 Μονογενὴς
1225 5088 1505 5159 ἀλλότριος
1534 5087 1629 5157 τῆς
1659 5086 1920 5155 δημιουρ-

331 5187 476 5255 γίας.
524 5183 686 5236 Ἀλλὰ
723 5184 751 5235 ὁ
789 5181 976 5251 Πατὴρ
1014 5182 1111 5235 σὺν
1140 5180 1219 5249 τῷ
1248 5179 1363 5249 Υἰῷ
1395 5178 1735 5248 δημιουργεῖ,
1768 5176 1863 5228 καὶ
1894 5177 1922 5227 6

335 5280 481 5342 Υἱὸς,
515 5278 581 5331 δι’
612 5269 674 5329 οὗ
703 5275 771 5328 τὰ
801 5274 978 5327 πάντα
1001 5274 1210 5343 γέγονε,
1250 5269 1679 5342 συνδημιουργὸς
1707 5267 1787 5338 τῷ
1813 5269 1926 5321 Πα-

2019 4533 2183 4587 Patre
2230 4532 2424 4594 Filius,
2480 4530 2623 4583 Deus
2652 4541 2814 4581 verus
2848 4523 2916 4577 de
2973 4523 3082 4575 Deo
3112 4532 3277 4581 vero,
3318 4515 3503 4569 lumen
3536 4511 3604 4564 de

2022 4625 2254 4690 lumine,
2289 4636 2395 4675 una
2431 4619 2643 4675 scilicet
2677 4614 2956 4674 divinitas,
2990 4622 3207 4678 unaque
3231 4605 3487 4676 dignitas.
3525 4600 3607 4654 0b

2022 4715 2075 4768 id
2128 4713 2201 4767 ita
2258 4712 2537 4781 loquitur:
2593 4705 2881 4758 Faciamus
2915 4700 3178 4755 hominem
3221 4695 3288 4749 ad
3326 4693 3607 4761 imaginem

2021 4816 2258 4859 nostram
2287 4812 2335 4856 et
2366 4796 2769 4854 similitudinem
2802 4793 2845 4846 ⁸.
2875 4789 2994 4844 Νοη
3016 4787 3100 4841 Ad
3131 4785 3424 4856 imaginem
3450 4790 3596 4833 tuam

2023 4897 2181 4959 dixit,
2206 4912 2274 4950 ne
2304 4894 2628 4949 divisionem
2652 4888 2972 4948 induceret;
3002 4894 3179 4949 neque
3200 4877 3283 4930 Ad
3315 4872 3608 4943 imaginem

2025 5006 2222 5052 meam,
2276 5003 2346 5042 ne
2398 4982 2725 5040 dissimilem
2772 4985 2827 5033 et
2875 4973 3198 5043 inaequalem
3248 4965 3606 5025 ostenderet;

2028 5082 2124 5137 sed
2150 5080 2221 5134 ad
2263 5079 2545 5149 imaginem
2571 5083 2832 5129 nostram.
2863 5068 3001 5123 Illud
3044 5079 3192 5125 vero,
3224 5061 3509 5131 faciamus,
3543 5068 3610 5107 eo

2030 5173 2305 5242 pertinet,
2335 5185 2406 5224 ne
2455 5176 2549 5221 aut
2584 5168 2655 5220 ab
2701 5164 2770 5218 iis
2800 5176 2921 5231 quae
2961 5157 3241 5230 produxit,
3272 5149 3613 5207 abalienetur

2029 5263 2210 5328 Pater,
2240 5270 2334 5317 aut
2368 5277 2398 5315 a
2430 5254 2758 5332 procreandi
2810 5251 3091 5309 iunctione
3116 5246 3287 5302 Filius
3314 5249 3614 5298 extraneus

407 5438 422 5467 ¹
454 5434 613 5491 Joan.
654 5451 709 5499 v,
744 5434 832 5488 51.
912 5433 932 5463 ³
957 5428 1114 5485 Joan.
1150 5444 1271 5495 vni,
1306 5428 1392 5484 18.
1468 5428 1488 5460 ³
1514 5422 1640 5482 Ose.
1675 5439 1712 5489 ι,
1751 5424 1805 5478 5.
1879 5420 1900 5451 ⁵

2007 5437 2057 5477 n.
2093 5435 2131 5485 ι,
2166 5417 2256 5473 26.

412 5589 487 5662 (8)
532 5589 685 5662 Οὐδὲ
703 5587 1114 5662 ταυζοούσιος,
1150 5582 1667 5662 ἀλλ’-ὁμοούσιοφ
1697 5578 1922 5662 Difﬁcile

342 5651 793 5714 εδίέαυτοούσιον
823 5657 1015 5713 Latine
1049 5651 1130 5713 sic
1158 5651 1560 5725 expriniere,ut
1585 5655 1653 5706 ab
1681 5667 1746 5706 eo
1771 5651 1919 5725 quod

342 5743 428 5787 eat
450 5730 734 5804 ὁμοούσιον
754 5730 1083 5803 distinguas.
1108 5722 1391 5798 Signiﬁcat
1416 5732 1597 5781 autem
1615 5722 1916 5781 essentiam

2029 5591 2091 5630 ac
2123 5573 2489 5633 substantiam
2520 5573 2595 5627 ita
2622 5569 2840 5642 penitus
2865 5563 3135 5642 eamdem,
3160 5569 3220 5618 ut
3256 5570 3325 5615 ne
3355 5564 3616 5629 persona-

2028 5663 2149 5703 rum
2179 5643 2399 5718 quidem
2426 5637 2723 5701 discrimen
2747 5637 3023 5694 admittat.
