4008 6240
321 199 396 254 27
1715 195 1774 252 S.
1821 195 2163 251 EPIPllANll
3335 223 3345 236 -
3528 191 3602 247 28

324 323 562 388 putetur.
602 315 672 370 At
705 332 838 372 vero
873 317 1037 374 Pater
1065 335 1174 374 una
1205 333 1329 373 cum
1365 317 1534 389 616
1582 314 1726 371 Filio
1754 316 1912 372 moli-

2032 317 2137 387 τρὶ,
2169 317 2262 370 καὶ
2295 316 2384 370 διὰ
2414 315 2473 370 τὸ
2504 316 2562 382 ὲξ
2599 315 2766 370 αὐτοῦ
2797 314 3158 388 γεγεννῆσθαι
3198 313 3290 366 τὸν
3325 313 3452 367 Υίὸν
3471 354 3487 379 ,
3517 307 3600 376 εἷς

320 421 444 476 tur;
481 408 655 468 Filius
679 410 840 474 item,
874 427 972 482 per
1003 427 1166 482 quem
1202 411 1342 465 facta
1376 416 1506 464 sunt
1545 408 1749 473 omnia,
1779 424 1911 479 ope-

2032 409 2152 472 Βεὸς
2181 407 2383 470 τέλειος
2409 409 2475 460 ὲκ
2509 407 2716 461 τελείου
2759 406 2972 478 Πατρδς
2992 447 3006 468 ,
3039 406 3135 459 καὶ
3168 403 3355 476 Πατὴρ
3395 402 3598 468 τέλειος

324 503 405 557 ris
441 510 497 556 et
524 502 642 572 ipse
679 519 803 558 cum
838 502 1004 560 Patre
1045 511 1132 559 est
1164 502 1384 556 artifex.
1425 498 1565 555 Tum
1594 500 1722 570 quia
1741 498 1912 555 Filius

2032 502 2225 556 τελείου
2257 499 2390 554 Υἰοῦ
2412 542 2428 568 ,
2456 500 2559 570 τῆς
2591 500 2868 572 πατρικῆς
2895 499 3228 571 τελειότητος
3254 498 3471 570 ἔχοντος
3503 497 3600 570 τήν

325 593 395 647 ab
425 593 518 648 illo
562 595 782 665 genitus
827 603 946 660 est,
1001 611 1146 651 unus
1189 593 1576 668 per-lectusque
1614 591 1799 656 Deus,
1843 607 1911 648 ex

2032 595 2238 659 εἰκόνα,
2285 591 2449 646 εἰκὼν
2491 592 2629 646 Θεοῦ
2673 593 2769 648 τοῦ
2815 592 3050 663 ἀοράτου
3073 635 3088 658 ,
3133 591 3196 645 οὐ
3249 589 3600 662 παράδειγμα

325 685 488 742 Patre
531 688 774 758 perfecto
806 729 823 755 ,
869 698 926 745 et
961 687 1188 758 perfecti
1222 685 1344 740 Filii
1393 685 1669 756 perfectus
1713 683 1911 753 Pater;

2032 687 2244 752 εἰκόνος,
2273 686 2373 740 οὐκ
2397 683 2560 738 εἰκὼν
2587 685 2823 750 εἰκόνος,
2854 686 2954 739 οὐκ
2986 685 3259 756 ἀνόμοιος,
3289 683 3405 739 ἀλλ’
3434 681 3601 737 εἰκὼν

325 778 420 847 qui
450 779 671 847 quidem
698 787 939 851 paterna?
966 778 1318 850 perfectionis
1347 779 1640 850 imaginem
1673 779 1905 846 obtinet,

2032 778 2110 832 τοῦ
2142 777 2376 850 Πατρὸς,
2411 776 2498 830 ἵνα
2523 775 2586 831 τὸ
2613 777 3032 849 ἀπαράλλακτον
3062 775 3210 848 δείξῃ
3241 776 3341 848 τῆς
3370 774 3480 830 ἀπὸ
3500 773 3598 828 τοῦ
3667 808 3670 810 ~

315 867 510 940 .imago
540 869 763 924 minime
785 870 1140 941 aspectabilis
1168 869 1284 932 Dei,
1305 885 1420 928 non
1447 869 1704 940 imaginis
1723 884 1912 925 exem-

2032 870 2257 941 iwapxou
2289 870 2387 923 καί
2415 868 2647 940 ἀχρόνου
2678 869 2983 942 γεννήσεως
3007 871 3066 922 ὲν
3091 867 3344 939 ἀληθείᾳ.

328 963 499 1032 plum,
535 981 714 1034 neque
736 965 992 1035 imaginis
1016 965 1216 1037 imago,
1254 981 1434 1036 neque
1458 964 1778 1033 dissimilis;
1819 964 1914 1022 sed
1957 965 2138 1038 imago
2178 968 2380 1036 Patris,
2447 975 2508 1024 ut
2561 968 2907 1025 verissimam
2935 965 3084 1020 illam
3129 978 3161 1018 a
3200 962 3362 1018 Patre
3390 959 3599 1033 princi-

327 1059 399 1127 pii
431 1074 495 1111 ac
539 1057 803 1126 temporis
839 1068 1062 1128 experte
1113 1058 1522 1127 generationem
1570 1057 1721 1111 nulla
1771 1057 1826 1111 in
1854 1072 1914 1114 re
1946 1056 2623 1140 variamdissimilemque
2645 1065 2996 1116 monstraret.

395 1153 760 1218 Quamobrem
793 1152 974 1224 imago
1003 1152 1184 1209 Patris
1209 1161 1295 1208 est
1341 1152 1532 1210 Filius.
1571 1151 1706 1206 Nam
1737 1161 1792 1207 et
1821 1167 1910 1208 re—

2089 1157 2266 1212 Εἰκὼν
2291 1159 2472 1212 τοίνυν
2500 1159 2528 1212 ὁ
2562 1158 2692 1221 Υἰὺς
2727 1153 2824 1210 τοῦ
2852 1153 3086 1225 Πατρός.
3131 1151 3242 1204 Καὶ
3278 1149 3389 1222 γάρ
3426 1150 3520 1205 καὶ
3549 1150 3600 1204 οί

325 1259 420 1315 ges
467 1259 564 1312 pro
605 1258 672 1298 eo
715 1243 863 1314 quod
908 1245 1202 1316 imaginem
1249 1245 1489 1311 habent,
1538 1259 1649 1300 non
1698 1243 1913 1300 idcirco

2032 1251 2260 1320 βασιλεῖς
2305 1253 2367 1306 οὐ
2399 1252 2488 1307 διὰ
2527 1251 2589 1306 τὸ
2633 1250 2780 1321 ἔχειν
2826 1247 3014 1302 εἰκόνα
3043 1245 3138 1300 δύο
3180 1244 3288 1298 εἰσί
3322 1242 3562 1313 βασιλεῖς
3583 1280 3600 1307 ,

328 1350 480 1404 rcges
518 1335 627 1390 duo
679 1345 850 1400 sunt,
893 1336 989 1391 sed
1038 1352 1184 1392 unus
1227 1353 1322 1392 rex
1362 1349 1449 1393 est
1484 1337 1758 1392 duntaxat
1785 1352 1912 1392 cum

2032 1343 2156 1398 tua
2208 1343 2462 1416 βασιλεὺς
2495 1337 2592 1407 ἐἷς
2639 1343 2738 1396 σὺν
2779 1343 2846 1413 τῇ
2899 1339 3072 1394 εἰκόνι
3129 1338 3250 1409 (εἰς
3299 1337 3597 1407 βασιλεῖς).

326 1427 563 1495 imagine
592 1441 712 1481 sua.
761 1425 871 1483 Nec
917 1443 1086 1484 unum
1119 1427 1378 1499 quiddam
1406 1437 1493 1485 est
1531 1429 1750 1484 duabus
1777 1443 1915 1483 con-

327 1525 483 1574 stans
519 1519 769 1590 partibus
811 1519 1218 1602 imperfectum.
1259 1519 1459 1576 Verum
1497 1519 1774 1590 perfectus
1807 1517 1913 1574 Pa-

326 1621 433 1675 ter,
470 1612 746 1682 perfectus
792 1611 1003 1680 Filius,
1045 1612 1325 1684 perfectus
1375 1610 1616 1682 Spiritus
1663 1621 1910 1669 sanctus.

2021 1437 2156 1508 Οὑχί
2178 1437 2238 1491 ἓν
2271 1455 2326 1490 τι
2357 1438 2422 1491 ὲκ
2462 1435 2556 1490 δύο
2592 1435 2777 1506 μερῶν
2808 1432 2998 1496 ἀτελὲς
3037 1431 3311 1501 ὑπάρχον·
3350 1429 3487 1483 ἀλλά
3514 1427 3604 1482 τέ-

2018 1528 2160 1594 λειος
2205 1530 2235 1583 ό
2281 1528 2492 1600 Πατὴρ,
2535 1528 2741 1590 τέλειος
2799 1527 2829 1580 ὁ
2870 1525 3031 1589 Υἱὸς,
3080 1523 3284 1578 τέλειον
3333 1521 3396 1575 τὸ
3448 1521 3604 1591 ἅγιον

2020 1619 2266 1691 Πνεῦμα.
2315 1619 2464 1690 Ἐγὼ
2497 1619 2608 1689 γὰρ
2645 1618 2714 1671 ἐν
2739 1616 2822 1682 τῷ
2856 1615 3065 1684 Πατρι·
3097 1614 3197 1684 οὐχ
3233 1613 3311 1677 ὡς
3342 1611 3498 1681 λόγος
3545 1613 3604 1665 ὲν

330 1701 441 1773 Ego
474 1704 638 1771 enim,
674 1703 874 1775 inquit,
908 1705 963 1758 in
992 1703 1156 1759 Patre
1188 1706 1228 1772 ¹,
1269 1720 1379 1759 non
1405 1703 1475 1759 ad
1507 1719 1632 1760 eum
1670 1704 1915 1769 modum,

2032 1685 2219 1784 καρδίᾳ
2248 1685 2580 1782 ἀνθρώπουλ
2618 1709 2756 1765 ἀλλὰ
2790 1707 3009 1779 Πατέρα
3046 1706 3268 1778 οἴδαμεν
3292 1705 3482 1775 νοητὸν
3507 1705 3605 1758 σὺν

327 1813 439 1867 quo
463 1797 518 1850 in
551 1797 790 1852 hominis
820 1796 989 1852 corde
1028 1812 1213 1852 sermo
1239 1806 1325 1852 est
1346 1838 1359 1860 ,
1390 1795 1487 1853 sed
1522 1797 1918 1867 intelligibilem

327 1905 454 1946 cum
496 1888 638 1943 Filio
667 1888 886 1945 Patrem
913 1896 967 1945 et
998 1888 1196 1944 Filium
1227 1905 1258 1944 a
1287 1888 1450 1945 Patre
1490 1890 1736 1960 genitura
1768 1904 1921 1945 asse-

328 1982 526 2036 rimus.
570 1980 929 2051 Nequaquam
968 1996 1099 2037 vero
1150 1980 1295 2036 Deus
1331 1981 1422 2036 ille
1443 1979 1684 2038 Verbum
1727 1980 1782 2035 in
1815 1981 1919 2035 ho-

329 2071 535 2124 minem
569 2071 722 2126 velut
752 2071 808 2125 in
838 2070 1182 2126 domicilium
1215 2070 1490 2141 quoddam
1527 2071 1698 2126 subiit
1734 2090 1747 2126 :
1782 2071 1920 2127 adeo

333 2167 414 2220 ut.
451 2169 811 2232 posteaquam
841 2161 1008 2216 homo
1029 2162 1248 2232 genitus
1280 2168 1385 2229 est,
1419 2162 1738 2232 apparuerit
1771 2162 1826 2216 in
1855 2176 1921 2216 eo

333 2251 596 2317 Verbum,
626 2251 778 2323 quod
819 2252 874 2306 in
915 2255 1058 2307 coelo
1097 2261 1362 2323 pra-terea
1405 2251 1489 2308 sic
1514 2291 1531 2316 ,
1563 2259 1826 2323 tanquam
1865 2252 1920 2306 in

249 2335 251 2337 ’
332 2343 574 2398 hominis
602 2342 772 2399 corde
800 2358 984 2400 sermo
1007 2384 1023 2409 ,
1063 2343 1270 2400 inesset
1308 2345 1363 2399 in
1397 2342 1581 2400 Patre.
1615 2343 1742 2399 Haec
1774 2344 1920 2400 enim
1954 2357 1964 2366 ‘

329 2437 586 2508 dogmata
639 2453 706 2493 ex
765 2437 976 2492 furioso
1026 2437 1293 2492 dtemonis
1338 2436 1520 2492 amatu
1569 2437 1919 2507 prodierunt,

333 2529 701 2600 abnegatique
724 2529 976 2584 funditus
1002 2528 1099 2584 Dei
1123 2536 1284 2584 notas
1306 2545 1419 2600 prae
1448 2544 1510 2584 se
1539 2529 1743 2585 ferunt.

403 2621 494 2676 IX.
535 2622 672 2677 Cum
711 2621 876 2692 igitur
903 2635 1078 2691 pauca
1108 2620 1248 2685 haec,
1277 2635 1400 2692 qua:
1429 2620 1698 2676 hactenus
1731 2619 1922 2690 dispu-

333 2713 612 2782 tavimus,
663 2714 732 2769 ad
785 2713 936 2771 illius
984 2711 1382 2768 confutandam
1429 2713 1683 2770 haeresim
1730 2713 1925 2769 idonea

331 2819 459 2860 esse
517 2803 860 2874 judicemus;
912 2817 1090 2874 neque
1134 2804 1282 2859 enim
1336 2810 1652 2874 expugnatu
1690 2804 1925 2861 dilIicilis

334 2885 552 2950 illorum
592 2897 676 2952 vis
705 2907 821 2962 est,
857 2911 960 2951 nec
984 2896 1282 2968 ejusmodi,
1321 2897 1549 2953 minime
1589 2904 1650 2952 ut
1684 2897 1925 2969 pruden-

335 2987 482 3042 tibus
500 2988 756 3044 omnibus
786 2989 963 3059 possit
992 2989 1199 3057 everti;
1227 3004 1375 3058 cum,
1396 2991 1643 3061 inquam,
1677 2990 1925 3047 veritatis

335 3077 589 3148 dogmate
618 3080 984 3151 doctrinaque
1013 3081 1300 3151 spinarum
1349 3080 1500 3136 illius
1527 3081 1743 3137 radices
1775 3083 1926 3138 exci-

334 3170 600 3238 derimus,
635 3172 899 3243 ejusque,
937 3180 998 3226 ut
1036 3173 1112 3226 ita
1147 3172 1328 3228 dicam
1351 3212 1366 3238 ,
1400 3173 1554 3230 virus
1594 3174 1923 3230 exstinxeri-

321 3277 481 3328 .mus,
516 3279 581 3318 ac
617 3264 886 3318 letifermn
939 3262 1091 3318 illius
1137 3279 1410 3318 venenum
1461 3264 1924 3335 patefecerimus,

337 3359 627 3424 postquam
673 3355 887 3410 scilicet
919 3354 1306 3426 opitulatorem
1337 3370 1464 3410 cum
1508 3353 1652 3409 Filio
1681 3355 1924 3423 Patrem,

337 3447 432 3515 qui
470 3462 596 3503 vere
637 3456 745 3513 est,
793 3450 1214 3514 invocavimus,
1246 3458 1301 3505 et
1343 3449 1544 3504 Filium
1580 3465 1708 3506 vere
1751 3449 1928 3506 subsi-

339 3547 594 3607 stentem,
625 3554 689 3595 ac
715 3542 990 3612 genitum,
1025 3557 1241 3597 necnon
1285 3549 1342 3598 et
1371 3541 1633 3613 Spiritum
1674 3551 1924 3598 sanctqu

341 3632 729 3687 subsistentem
759 3633 882 3702 ejus
911 3633 1177 3704 Spiritum
1204 3648 1268 3689 ac
1295 3635 1612 3699 salutarem,
1647 3635 1928 3706 totiusque

343 3723 490 3778 illius
514 3722 1008 3780 administrationis
1021 3739 1083 3780 ac
1105 3733 1376 3796 suscepta:
1396 3724 1581 3780 carnis
1607 3734 1923 3792 auctorem;

340 3817 663 3887 quaestionis
714 3817 785 3874 ab
818 3818 977 3874 novis
1020 3818 1130 3873 illis
1167 3816 1374 3875 Iudaeis
1419 3819 1714 3889 proposita:
1751 3819 1929 3890 capite

343 3923 438 3978 per
469 3908 666 3965 mortis
693 3916 956 3980 tropaeum
988 3949 1004 3975 ,
1053 3925 1275 3966 crucem
1303 3910 1537 3977 scilicet,
1567 3910 1928 3979 comminuto,

341 3999 410 4054 ad
446 4001 687 4071 reliquas
723 4009 1090 4058 transeamus.

411 4091 682 4148 Caeterum
731 4094 932 4164 vipera:
972 4093 1249 4165 quoddam
1289 4109 1463 4164 genus
1505 4103 1622 4162 est,
1674 4094 1929 4166 dryinam

346 4194 585 4251 vocant,
653 4184 731 4239 illi
762 4186 987 4242 haeresis
1034 4186 1307 4241 conditori
1363 4201 1529 4256 quam
1558 4187 1928 4243 simillimum.

342 4277 497 4342 Quod
530 4286 588 4330 ut
633 4278 928 4347 plurimum
960 4278 1015 4332 in
1059 4279 1244 4335 herbis
1288 4287 1384 4334 aut
1434 4279 1752 4350 quercubus
1795 4279 1933 4334 deli-

344 4369 510 4424 tescit
564 4368 734 4441 [unde
763 4370 814 4425 ei
839 4371 1048 4442 dryinae
1077 4386 1276 4426 nomen
1307 4379 1414 4440 est,
1438 4387 1504 4427 eo
1534 4370 1680 4441 quod
1706 4370 1934 4426 arbores

343 4467 694 4516 consectetur
736 4469 898 4532 atque
941 4462 1086 4517 inter
1121 4462 1249 4518 folia
1287 4477 1408 4534 qua:
1441 4479 1507 4519 ex
1553 4463 1751 4518 arbore
1783 4461 1930 4517 deci-

343 4553 482 4608 dunt
522 4554 743 4623 jaccns,
778 4554 943 4624 617
978 4555 1248 4626 cujusque
1288 4556 1342 4609 in
1376 4571 1436 4612 se
1479 4555 1814 4612 viriditatem
1838 4570 1936 4610 ex-

346 4644 592 4719 primat,]
625 4661 687 4700 ac
719 4647 844 4701 licet
873 4662 980 4702 non
1013 4648 1149 4704 adeo
1183 4649 1442 4704 acerbum
1475 4647 1720 4702 dolorem
1752 4647 1936 4702 inurat

345 4740 451 4794 hoc
489 4739 713 4805 animal,
746 4746 930 4796 tamen
964 4741 1011 4796 si
1043 4740 1256 4797 diutius
1289 4741 1444 4794 virus
1485 4737 1813 4806 adhaeserit,
1849 4739 1931 4795 le-

344 4843 464 4888 tum
509 4831 665 4887 affert
707 4833 941 4888 :codem
979 4848 1210 4904 prorsus
1242 4832 1407 4886 modo
1455 4830 1746 4887 haereticus
1793 4829 1932 4896 iste,

344 4941 471 4980 cum
513 4933 663 4981 secta
699 4938 801 4982 sua
833 4926 898 5011 ad
940 4924 1126 4980 omnia
1159 4939 1281 4980 sese
1315 4937 1513 4995 genera
1554 4922 1932 4980 institutorum

345 5018 651 5088 applicans,
682 5016 750 5073 iis
791 5032 851 5072 se
881 5032 1048 5086 quam
1097 5017 1439 5073 simillimum
1477 5015 1680 5082 edicit;
1717 5029 1842 5070 nam
1880 5021 1935 5070 et

345 5110 555 5166 Christi
604 5109 710 5166 sibi
741 5109 1162 5180 appellationem
1207 5110 1468 5180 imposuit
1488 5149 1503 5171 ,
1534 5115 1589 5164 et
1617 5106 1932 5163 Judatorum

347 5205 602 5273 dogmata
639 5203 960 5273 proﬁtetur;
986 5209 1191 5257 etcum
1227 5200 1465 5257 Verbum
1497 5216 1621 5257 esse
1648 5200 1934 5256 Christum

349 5293 604 5359 fateatur,
639 5311 746 5350 non
779 5309 903 5350 eum
939 5303 1122 5350 tamen
1161 5309 1283 5351 esse
1309 5335 1323 5357 ,
1366 5310 1552 5351 secum
1599 5294 1784 5351 animo
1823 5302 1938 5349 sta-

350 5385 473 5441 tuit.
509 5385 754 5458 Denique
776 5389 831 5443 in
873 5388 1148 5459 plerisque
1187 5403 1247 5443 se
1280 5387 1401 5444 sine
1435 5386 1548 5442 ullo
1584 5387 1795 5457 pudore
1827 5396 1937 5440 tra-

348 5479 519 5538 ducit.
553 5481 727 5551 Cujus
757 5498 857 5538 nos
886 5484 1162 5552 doctrina,
1189 5484 1302 5541 sive
1322 5482 1512 5554 potius
1539 5495 1750 5550 errore,
1783 5479 1939 5538 Chri-

427 5635 630 5695 ‘Joan.
671 5655 784 5710 xxv,
817 5641 898 5696 l0.

2021 1803 2156 1875 Υίῷ,
2202 1803 2296 1858 καὶ
2331 1803 2459 1857 Υἰδν
2499 1801 2608 1856 ἀπὸ
2641 1800 2856 1873 Πατρδς
2895 1798 3315 1869 γεγεννημένον.
3362 1795 3474 1849 Καὶ
3506 1795 3604 1865 οὐχ

2019 1896 2096 1960 ὼς
2133 1897 2190 1950 ὲν
2216 1893 2491 1966 ἀνθρώπῳ
2526 1893 2696 1949 ἐλθὼν
2717 1895 2797 1958 εἰς
2823 1893 3138 1963 οἰκητήριον
3164 1889 3193 1943 ὁ
3217 1889 3361 1952 θεῖος
3396 1888 3567 1957 Λόγος
3587 1903 3604 1918 ⁶

2021 1988 2117 2042 καὶ
2154 1986 2293 2059 μετά
2325 1987 2388 2041 τὸ
2420 1985 2781 2058 γεγεννῆσθαι
2823 1984 3060 2055 ὀφθέντα
3100 1982 3158 2036 έν
3192 1981 3341 2052 αὐτῷ
3367 1982 3458 2034 τὸν
3499 1979 3606 2032 Λό-

2021 2098 2137 2149 γον,
2165 2081 2260 2135 καί
2289 2078 2453 2134 πάλιν
2476 2080 2535 2132 ὲν
2566 2077 2686 2149 Θεῷ
2713 2077 3028 2149 ὑπάρχοντα
3060 2075 3195 2141 ἀνω,
3222 2074 3297 2137 ὡς
3323 2076 3379 2128 ἐν
3409 2073 3607 2144 καρδίᾳ

2021 2173 2312 2246 ἀνθρώπου
2335 2172 2512 2242 λόγος.
2537 2169 2722 2225 Ταῦτα
2743 2169 2853 2239 γάρ
2867 2169 2968 2239 τῆς
2988 2166 3082 2222 τοῦ
3105 2167 3356 2238 δαίμονος
3378 2166 3608 2238 ὲμδρον-

2020 2265 2232 2339 τήσεώς
2263 2267 2402 2333 ἐστι,
2438 2265 2532 2321 καί⁴
2569 2263 2994 2337 ἑπαρνησιθείας
3038 2262 3220 2332 πάσης
3253 2259 3446 2332 ἔχοντα
3481 2259 3608 2322 τοὺς

2023 2359 2396 2433 χαρακτῆρας.

2094 2637 2172 2693 Θ¹.
2204 2635 2390 2692 Ταῦτα
2416 2636 2474 2691 δὲ
2506 2634 2577 2690 τά
2601 2634 2758 2704 ὀλίγα
2778 2631 2916 2707 πρὸς
2949 2631 3046 2703 τὴν
3071 2632 3261 2684 τούτου
3285 2629 3498 2699 αἵρεσιν
3518 2643 3621 2682 κα-
3666 2681 3670 2684 .

2023 2726 2133 2791 λῶς
2151 2726 2296 2798 ἔχειν
2323 2727 2719 2797 δοκιμάσαντες
2742 2742 2756 2755 ο
2786 2724 2848 2777 οὐ
2884 2721 3152 2794 δυσχερὴς
3181 2719 3289 2792 γάρ
3335 2721 3370 2790 η
3401 2717 3610 2772 τούτων

2023 2818 2256 2890 δύναμις
2276 2857 2291 2883 ,
2331 2817 2457 2872 οὔτε
2511 2817 2586 2889 μὴ
2637 2815 2909 2887 δυναμένη
2949 2815 3057 2868 ὑπὸ
3103 2813 3320 2867 πάντων
3372 2807 3611 2863 συνετῶν

2025 2910 2430 2982 ἀνατρέπεσθαι
2450 2928 2462 2939 ·
2501 2909 2582 2964 διὸ
2607 2909 2701 2963 καὶ
2726 2907 2918 2961 τούτου
2955 2906 3054 2968 τὰς
3103 2902 3260 2977 ῥίζας
3291 2901 3399 2955 τῶν
3442 2901 3612 2954 άκανο

1951 3045 1994 3104 C
2027 3004 2138 3060 θῶν
2162 3003 2486 3074 ἐκτεμόντες
2505 3001 2583 3074 τῷ
2609 3002 2709 3074 τῆς
2736 2999 2994 3071 ἀληθείας
3022 2995 3338 3104 κηρῦγματι
3369 2993 3463 3047 καὶ
3489 3007 3613 3104 (ρροέ

2026 3098 2252 3169 νήματι,
2287 3096 2382 3150 καὶ
2408 3095 2502 3149 τὸν
2533 3095 2630 3160 ἰὸν,
2656 3093 2732 3158 ὡς
2763 3094 2958 3154 εἰπεῖν,
2983 3087 3408 3149 ἀποσϐέσαντες,
3439 3080 3615 3137 καὶτὸ

2025 3190 2352 3262 δηλητήριον
2389 3188 2579 3242 τούτου
2622 3185 3023 3258 προδείξαντες,
3063 3181 3156 3234 τὸν
3187 3178 3403 3250 ἀρωγὸν
3434 3178 3616 3230 ἐπικε-

2027 3282 2291 3354 κλημένοι
2322 3282 2419 3336 σὺν
2448 3280 2563 3350 Υἰῷ
2597 3277 2842 3350 Πατέρα,
2871 3275 2962 3330 τὸν
2987 3274 3156 3337 ὄντως
3180 3271 3332 3337 ὄντα,
3363 3269 3457 3324 καὶ
3487 3267 3618 3322 Υἱὺν

2027 3374 2198 3438 ὅντως
2272 3372 2636 3428 ὲνυπόστατον
2693 3365 3092 3437 γεγεννημένον
3111 3403 3128 3428 ,
3195 3363 3291 3417 καὶ
3342 3362 3406 3415 τὺ
3458 3360 3617 3430 ἀγιον

2029 3464 2258 3537 Πνεῦμα
2303 3464 2366 3518 τὸ
2411 3461 2578 3518 αὐτοῦ
2617 3461 2843 3530 Πνεῦμα
2879 3455 3267 3519 ὲνυπόστατον,
3313 3452 3410 3508 καὶ
3443 3453 3618 3522 σωτή-

2031 3575 2147 3630 ριον
2178 3556 2279 3627 τῆς
2305 3555 2638 3625 οἰκονομίας,
2669 3552 2770 3622 τῆς
2800 3549 3068 3621 ένσάρκου
3097 3545 3496 3620 πραγματείας,
3527 3542 3619 3596 διὰ

2029 3645 2124 3700 τοῦ
2158 3645 2420 3716 τροπαίου
2450 3643 2546 3698 τοῦ
2570 3642 2710 3697 κατά
2739 3640 2989 3705 θάνατον,
3016 3637 3109 3692 τοῦ
3142 3635 3377 3708 σταυροῦ
3395 3677 3409 3700 ,
3447 3633 3615 3704 φημὶ,

2029 3740 2128 3811 τὴν
2169 3736 2412 3808 κεφαλὴν
2444 3726 2633 3789 τούτου
2661 3732 2954 3804 ῥήξαντες,
2998 3728 3094 3783 τοῦ
3144 3727 3459 3800 ζητήματος
3506 3724 3619 3778 τῶν

2030 3829 2166 3883 νέων
2205 3825 2506 3890 Ἰουδαίων,
2533 3823 2627 3878 ἐπὶ
2657 3822 2755 3887 τὰς
2787 3821 2915 3892 ἑξῆς
2949 3821 3139 3892 ἴωμεν,
3169 3813 3216 3873 ὦ
3248 3815 3542 3887 ἀγαπητοί.

2102 4094 2332 4167 Δρυῖνας
2357 4092 2466 4163 γάρ
2499 4109 2583 4157 τις
2613 4090 2726 4163 ἔχις
2751 4089 2896 4145 οὕτω
2929 4087 3237 4160 καλουμένη
3270 4087 3445 4158 τοΰτῳ
3475 4085 3618 4138 ἔοικε

2032 4188 2112 4259 τῷ
2136 4187 2482 4260 αἰρεσιάρχῃ,
2529 4187 2619 4250 Ὦς
2658 4184 2883 4256 δρυίνας
2916 4183 3135 4252 λέγεται
3170 4180 3270 4251 μὲν
3307 4175 3446 4233 εἶναι
3482 4177 3618 4248 ἔχις,

2037 4280 2191 4353 παρὰ
2229 4278 2287 4332 δὲ
2313 4278 2412 4342 τὰς
2447 4277 2606 4347 πόας,
2634 4277 2668 4346 ἢ
2719 4275 2813 4328 καὶ
2844 4273 3010 4345 δρῦας
3055 4269 3364 4344 ὲμφωλεύει
3403 4268 3622 4338 συνεχέ-

2040 4388 2244 4426 στατα·
2285 4368 2367 4423 διὸ
2396 4369 2490 4422 καὶ
2529 4368 2750 4439 δρυῒνας
2786 4364 3052 4430 καλεῖται,
3079 4361 3190 4416 ἀπὸ
3239 4359 3335 4414 τοῦ
3380 4358 3621 4429 φιλόδεν-

2038 4465 2166 4537 δρον
2214 4461 2348 4516 αὐτὸ
2398 4457 2572 4523 εἶναι,
2609 4459 2704 4512 καὶ
2743 4457 2906 4511 έαυτὸ
2947 4451 3304 4524 παρεικάζειν
3349 4449 3624 4521 ἀναμέσον

2041 4556 2150 4611 τῶν
2175 4557 2241 4609 ὲκ
2266 4554 2376 4607 τῶν
2397 4552 2629 4624 δένδρων
2669 4548 3011 4621 ριπτομένων
3035 4546 3250 4617 φύλλων
3284 4546 3353 4614 τῇ
3390 4542 3623 4596 ἑκάστου

2040 4644 2373 4717 χλωρότητι·
2407 4641 2469 4696 οὐ
2506 4639 2762 4696 τοσοῦτον
2786 4639 2845 4692 δὲ
2893 4632 3030 4692 εἶναι
3063 4632 3319 4705 ὀδυνηρὸν
3355 4631 3417 4685 τὸ
3447 4629 3620 4696 ζῶον·

2039 4737 2137 4791 ἐὰν
2167 4736 2226 4789 δὲ
2269 4733 2526 4807 ὲπιμείνῃ
2545 4771 2562 4796 ,
2592 4730 2822 4786 θάνατον
2849 4727 3098 4800 ἐμποιεῖν
3121 4742 3136 4756 ο
3169 4723 3344 4787 οῦτως
3380 4720 3492 4792 γὰρ
3531 4719 3626 4774 καὶ

2039 4823 2216 4893 οὗτος,
2244 4827 2339 4882 καὶ
2372 4826 2406 4898 ή
2433 4826 2530 4879 ἀπ’
2555 4822 2722 4878 αὐτοῦ
2748 4821 2960 4893 αἵρεσις
2987 4816 3204 4872 πάντων
3229 4812 3480 4884 ἀριθμῶν
3505 4812 3626 4865 ἐαυ-

2039 4921 2131 4975 τὸν
2169 4918 2559 4984 ἀπεικάζεται,
2613 4913 2852 4988 Χριστοῦ
2903 4912 3003 4983 μὲν
3046 4909 3220 4979 ὄνομα
3255 4904 3623 4976 ἐνδεδυμένος,

2055 5012 2321 5068 Ἰουδαίων
2353 5011 2412 5065 δὲ
2449 5010 2512 5064 τὸ
2540 5009 2798 5082 φρόνημα
2829 4999 3266 5075 ἐπανῃρημένος,
3290 4998 3461 5066 Λόγον
3488 4997 3624 5067 Χρι-

2044 5105 2168 5158 στὸν
2196 5103 2493 5174 ὁμολογῶν,
2522 5103 2623 5155 οὐκ
2651 5100 2780 5153 ὄντα
2801 5097 2859 5151 δὲ
2888 5095 3076 5150 τοῦτον
3097 5093 3493 5164 διανοούμενος.
3515 5090 3628 5144 Καὶ

2043 5199 2102 5252 ὲν
2137 5196 2350 5260 πολλοῖς
2394 5193 2587 5249 ἑαυτὸν
2633 5187 2983 5263 θριαμϐεύων
3013 5187 3112 5242 οὐκ
3164 5183 3501 5256 αἰσχύνεται.
3549 5174 3624 5235 OB

2045 5291 2140 5346 καὶ
2167 5289 2266 5361 τὴν
2303 5286 2567 5343 δοκοῦσαν
2603 5281 2974 5349 διδασκαλίαν,
3007 5281 3218 5352 πλάνην
3257 5279 3318 5333 δὲ
3345 5274 3532 5342 οὖσαν,
3568 5279 3631 5330 ὲν

2046 5384 2124 5456 τῷ
2161 5384 2472 5454 ὑποδήματι
2518 5381 2613 5435 τοῦ
2657 5378 2895 5450 Χριστοῦ
2933 5372 3491 5445 καταπεπατηκότες,
3531 5372 3628 5426 καὶ

2047 5481 2114 5552 τῇ
2152 5477 2317 5551 σμίλῃ
2347 5477 2411 5547 τῇ
2438 5475 2656 5547 ἰατρικῇ
2691 5473 2785 5528 τοῦ
2823 5471 3160 5542 Εὐαγγελίου
3191 5469 3314 5534 τοὺς
3359 5464 3626 5538 δεδηγμέ-
