4008 6240
337 217 399 274 51

1761 211 1822 266 S.
1865 209 2207 266 EPIPHANII

3607 199 3704 257 $2

341 331 518 388 monis
559 329 786 399 appulsa
817 329 971 385 navis
997 345 1190 385 aurum
1233 329 1562 394 advehebat,
1600 337 1655 385 et
1687 329 1948 400 elephan-

2053 327 2196 380 ἐστὶν
2225 327 2283 388 ἐν
2311 328 2378 397 τῇ
2409 324 2532 396 θείᾳ
2554 325 2747 397 Γραφῇ
2775 321 2948 377 Λίλῶν
2970 339 2984 352 ο
3015 320 3142 376 ἔνθα
3170 338 3272 374 που
3307 321 3337 392 ἡ
3370 294 3533 383 ναῦς
3572 319 3702 371 Σο-

339 427 484 477 tiuos
519 421 731 485 dentes,
780 431 836 475 et
867 429 1135 484 aromata,
1173 435 1384 476 necnon
1418 430 1472 474 et
1522 434 1763 489 pavones
1795 418 1930 471 alia-

340 527 447 579 que
496 510 776 564 nonnulla.
828 509 981 566 Alius
1033 520 1116 565 est
1157 518 1348 579 portus
1390 509 1455 563 ad
1503 508 1760 564 Castrum
1822 509 1935 577 cly-

343 601 537 656 smatis
593 602 881 656 obversus.
926 599 1146 655 Tertius
1182 603 1234 654 in
1272 601 1652 671 superioribus
1712 598 1935 669 Egypti

344 692 594 761 partibus
642 691 707 745 ad
768 691 1079 745 Berenicem
1133 693 1388 760 pertinet,
1431 707 1539 760 qua
1578 691 1646 746 ad
1697 689 1935 745 Thebai—

348 783 473 839 dem
540 786 889 854 pervenitur,
955 781 1307 852 indidcmque
1362 781 1605 838 advectae
1669 799 1730 838 ex
1784 781 1937 835 India

349 892 562 932 merces
599 891 694 940 per
727 874 1059 928 Thebaidem
1106 875 1509 938 distrahuntur,
1575 882 1671 928 aut
1703 874 1939 928 Alexan-

350 967 525 1021 driam
578 965 959 1035 Chrysorrhoa
1018 963 1279 1026 ﬂumine.
1329 965 1439 1035 qui.
1473 965 1618 1020 idem
1669 980 1733 1018 ac
1783 963 1937 1038 Nilus

350 1065 466 1120 est,
497 1063 552 1110 et
583 1056 634 1108 in
667 1054 965 1123 Scripturis
1004 1053 1154 1109 Geon
1184 1054 1409 1120 dicitur,
1446 1055 1692 1124 adeoque
1733 1069 1829 1124 per
1853 1061 1940 1108 lo-

351 1156 462 1201 tam
500 1144 795 1216 }Egyptum
825 1163 889 1201 ac
928 1145 1213 1201 Pelusium
1244 1162 1422 1216 usque
1450 1147 1815 1202 devehuntur.
1857 1147 1938 1201 Ad

350 1252 590 1306 eumque
641 1237 862 1292 modum
906 1240 970 1292 ad
1022 1239 1158 1295 alias
1211 1240 1376 1295 urbes
1435 1255 1604 1295 naves
1663 1240 1941 1310 applicant

353 1339 709 1397 mercatores,
753 1333 844 1402 qui
897 1348 963 1386 ex
1006 1331 1159 1388 India
1205 1349 1416 1390 merces
1466 1333 1522 1388 in
1567 1331 1939 1388 Romanorum

355 1418 491 1478 ﬁnes
535 1423 860 1491 important.
1392 1435 1396 1440 ‘

428 1601 491 1655 ll.
535 1600 663 1656 llaec
695 1617 798 1672 ego
829 1602 994 1672 paulo
1032 1601 1348 1672 diligentius
1378 1601 1624 1656 historiae
1653 1616 1774 1656 sum
1811 1617 1943 1656 cau-

355 1707 415 1748 sa
465 1702 813 1762 persecutus,
845 1701 906 1745 ut
939 1695 1379 1764 uniuscujusque
1424 1703 1588 1748 secta:
1620 1695 1847 1765 stirpem
1887 1702 1941 1749 et
1970 1685 2016 1745 Β

354 1784 618 1854 originem
645 1784 878 1840 lectores
905 1795 1321 1856 cognoscerent.
1358 1785 1491 1839 Nam
1530 1788 1622 1856 qui
1661 1789 1940 1842 narratio-

355 1890 480 1929 nem
532 1875 770 1944 aliquam
825 1875 1102 1942 instituit,
1159 1877 1224 1930 ad
1283 1877 1333 1930 id
1392 1892 1491 1948 pro
1534 1877 1746 1932 viribus
1809 1878 1942 1932 eniti

355 1968 536 2031 debet,
604 1978 666 2021 ut
727 1969 797 2022 ab
857 1969 992 2039 ipsis
1033 1968 1434 2040 quodammodo
1503 1969 1777 2024 radicibus
1828 1984 1945 2024 rem

355 2075 570 2114 omnem
597 2067 806 2130 repetat
829 2099 842 2123 ,
871 2060 1015 2115 unde
1053 2061 1258 2115 veritas
1294 2069 1549 2115 constare
1582 2048 1776 2131 possit,
1819 2060 1948 2116 licet

355 2151 559 2220 alioqui
616 2152 873 2222 scriptori
929 2151 1203 2206 sermonis
1255 2151 1523 2222 elegantia
1571 2160 1625 2208 et
1681 2152 1946 2207 orationis

357 2250 620 2297 venustas
664 2259 773 2296 non
826 2251 1123 2313 suppetat;
1161 2258 1270 2313 quo
1312 2259 1379 2298 ex
1430 2244 1508 2297 rei
1543 2244 1774 2300 veritate
1809 2260 1942 2314 pru-

356 2332 611 2389 dentibus
645 2335 694 2388 id
721 2335 866 2405 quod
898 2337 1165 2405 queritur
1194 2335 1609 2405 comprobetur.
1639 2334 1744 2391 Sed
1783 2345 1842 2390 ut
1878 2336 1947 2390 ad

358 2421 714 2493 Scythianum
748 2425 990 2492 redeam,
1035 2425 1124 2480 hic
1161 2426 1316 2480 initio
1364 2427 1572 2480 divitiis
1609 2426 1857 2488 inﬂatus,
1893 2433 1948 2481 et

358 2525 689 2580 aromatum,
740 2526 1175 2586 caatcrarumque
1219 2533 1287 2571 ex
1335 2516 1487 2570 India
1536 2532 1699 2585 opum
1751 2521 1945 2590 copia,

357 2620 482 2658 cum
520 2603 790 2674 Hypselen
841 2604 1140 2660 Thebaidis
1176 2605 1436 2676 Oppidum
1485 2606 1747 2672 venisset,
1784 2609 1952 2680 619

360 2697 542 2766 ibique
580 2695 842 2766 perditam
887 2697 1178 2768 quamdam
1224 2699 1602 2753 mulierculam
1650 2699 1952 2756 invenisset

359 2789 596 2858 eleganti
645 2789 898 2858 corporis
944 2790 1148 2858 specie,
1189 2802 1289 2860 pro
1333 2805 1398 2845 eo
1445 2805 1508 2844 ac
1553 2791 1786 2847 stolidus
1834 2801 1952 2847 erat

361 2887 586 2949 stupore
617 2879 867 2946 allectus,
899 2896 929 2936 e
965 2881 1252 2950 lupanari,
1303 2880 1393 2934 ubi
1436 2887 1552 2934 tum
1587 2881 1952 2936 meretriciam

293 3018 299 3034 .
359 2971 685 3035 exercebat,
739 2972 992 3039 abducit;
1038 2979 1093 3027 et
1145 2971 1214 3026 ad
1263 2987 1384 3026 eam
1435 2972 1855 3036 adhaerescens,
1897 2974 1953 3026 in

363 3063 665 3119 libertatem
696 3074 963 3120 asscrtam
993 3066 1095 3121 sibi
1131 3066 1187 3121 in
1214 3066 1626 3120 matrimonium
1678 3066 1950 3136 adjunxit.

363 3150 569 3206 Deinde
624 3153 787 3223 longo
830 3163 954 3224 post
1019 3162 1265 3225 tempore
1327 3156 1490 3210 homo
1543 3156 1788 3210 nefarius
1843 3171 1955 3225 prae

364 3241 577 3298 deliciis
615 3244 841 3300 minime
885 3260 1007 3300 sese
1044 3246 1362 3311 continens,
1411 3254 1467 3301 et
1505 3249 1559 3300 in
1585 3247 1698 3302 otio
1727 3247 1952 3318 degens.

365 3347 430 3387 ac
456 3334 758 3389 sceleribus
797 3342 1074 3400 assuetus,
1129 3337 1257 3389 novi
1297 3336 1507 3406 aliquid
1548 3337 1607 3392 in
1649 3337 1839 3392 orbem
1873 3338 1957 3392 in-

365 3425 653 3478 troducere
701 3425 871 3478 nimio
903 3439 970 3478 ex
1018 3425 1146 3479 luxu
1192 3427 1248 3481 in
1305 3427 1546 3480 animum
1588 3426 1826 3482 induxit.
1858 3427 1960 3482 Ita-

365 3529 474 3583 que
528 3528 690 3569 voces
746 3514 1010 3584 quasdam
1068 3516 1342 3586 ejusmodi
1400 3531 1468 3572 ex
1528 3532 1671 3584 sese,
1741 3534 1848 3574 non
1886 3535 1957 3575 ex

367 3605 588 3662 Litteris
641 3608 850 3670 sacris,
900 3617 994 3663 aut
1050 3623 1119 3662 ex
1163 3611 1342 3664 sancti
1403 3607 1641 3680 Spiritus
1691 3612 1954 3678 oraculis,

368 3697 463 3752 sed
497 3713 562 3750 ex
606 3695 810 3751 infelici
856 3697 1080 3752 humani
1127 3699 1329 3770 ingenii
1371 3701 1586 3755 ratione
1614 3690 1958 3758 commentus

368 3797 471 3842 est.
515 3787 646 3853 Quae
670 3789 837 3853 enim,
879 3789 1078 3853 aiebat,
1117 3792 1262 3846 ratio
1301 3799 1407 3856 est,
1439 3808 1539 3846 cur
1567 3808 1688 3863 quae
1729 3793 1784 3848 in
1843 3802 1958 3849 tota

369 3884 473 3938 hac
528 3899 714 3938 rerum
775 3885 1133 3941 universitate
1200 3887 1596 3952 continentur,
1661 3888 1954 3958 ina3qualia

370 3985 524 4040 sum,
571 3984 699 4044 puta
752 3976 936 4030 album
987 3983 1043 4030 et
1092 3976 1349 4046 nigrum,
1405 3978 1613 4032 fulvum
1663 3987 1716 4033 et
1758 3981 1956 4044 viride,

371 4064 656 4120 humidum
687 4073 741 4119 et
778 4066 985 4122 siccum
1005 4105 1021 4130 ,
1063 4067 1265 4122 coelum
1296 4083 1362 4122 ac
1387 4077 1530 4123 terra
1552 4110 1568 4135 ,
1597 4084 1704 4122 nox
1733 4079 1788 4124 et
1817 4070 1956 4136 dies,

371 4160 552 4214 anima
583 4167 637 4214 et
667 4175 892 4229 corpus,
930 4163 1130 4214 bonum
1165 4167 1220 4214 et
1251 4161 1484 4227 malum,
1514 4161 1726 4231 justum
1772 4171 1828 4217 et
1874 4163 1960 4218 in-

369 4250 614 4320 justum,
655 4250 762 4306 nisi
803 4249 946 4319 quod
989 4266 1054 4304 ex
1081 4250 1299 4306 duobus
1335 4251 1450 4306 haec
1495 4261 1624 4307 sunt
1673 4253 1959 4324 principiis

1981 3033 2022 3090 C

2036 417 2310 489 λομῶντος
2335 416 2425 471 διὰ
2451 417 2618 488 τριῶν
2643 415 2778 469 ἐτῶν
2801 414 3073 486 ἐρχομένη
3106 412 3268 482 ἔφερε
3295 411 3526 482 χρυσὸν
3567 412 3701 465 καὶ

2036 508 2256 572 ὀδόντας
2285 508 2660 578 ἐλεφαντίνους
2680 547 2693 567 .
2724 505 2994 577 ἀρώματα
3030 522 3092 558 τε
3123 505 3219 558 καὶ
3247 503 3476 566 ταῶνας
3497 544 3514 563 ,
3571 503 3695 555 καὶ

2037 600 2106 654 τὰ
2133 601 2263 656 ἄλλα
2282 619 2297 633 ο
2330 603 2358 654 6
2387 601 2443 655 δέ
2469 601 2655 672 ἕτερος
2686 603 2857 672 ὅρμος
2887 600 2979 653 ἐπὶ
3001 599 3061 652 τὸ
3089 599 3341 670 Κάστρον
3368 598 3473 651 τοῦ
3517 595 3692 650 κλύ-

2041 709 2266 764 σματος·
2304 693 2465 757 ἄλλος
2498 692 2555 747 δέ
2582 693 2845 746 ἀνωτάτω
2875 690 2970 744 ἐπὶ
3000 691 3096 763 τὴν
3135 691 3399 762 Βερνίκην
3428 691 3690 743 καλου-

2043 783 2231 853 μένην,
2264 783 2330 836 δι’
2357 777 2427 854 ἦς
2455 781 2726 854 Βερνίκης
2755 781 3096 851 καλουμένης
3135 780 3229 833 ἐπὶ
3258 783 3356 849 τὴν
3384 779 3683 850 Θηϐαΐδα

2041 875 2334 946 φέρονται,¹
2383 874 2478 928 καὶ
2522 875 2590 928 τὰ
2628 875 2736 928 ἀπὸ
2781 873 2882 943 τῆς
2937 872 3166 942 Ἰνδικῆς
3212 872 3497 943 ἐρχόμενα
3536 869 3687 942 εἴδη

2041 971 2218 1023 ἐκεῖσε
2257 971 2322 1039 τῇ
2373 967 2603 1037 Θηϐαΐδι
2647 965 3042 1038 διαχύνεται,ἢ
3085 966 3177 1018 ἐπὶ
3219 963 3317 1035 τὴν
3373 962 3686 1028 Ἀλεξαν-

2040 1060 2210 1128 δρέων
2241 1059 2329 1114 διὰ
2350 1059 2444 1114 τοῦ
2478 1059 2802 1132 Χρυσορρόα
2832 1056 3104 1129 ποταμοῦ,
3145 1058 3339 1112 Νείλου
3373 1058 3430 1112 δέ
3467 1075 3685 1128 φημι,

2041 1151 2134 1206 τοῦ
2177 1152 2272 1205 καὶ
2305 1152 2460 1223 Γηῶν
2507 1155 2565 1204 ἐν
2609 1155 2728 1214 ταῖς
2760 1152 3004 1222 Γραφαῖς
3032 1150 3336 1222 φερομένου
3361 1190 3375 1213 ,
3416 1151 3532 1204 καὶ
3565 1148 3687 1203 ἐπὶ

2043 1246 2226 1298 πᾶσαν
2272 1244 2381 1298 τῶν
2425 1242 2740 1312 Αἰγυπτίων
2775 1243 2900 1313 γῆν,
2952 1243 3046 1296 καὶ
3080 1242 3173 1296 ἐπὶ
3221 1241 3282 1294 τὺ
3330 1240 3687 1310 Πηλούσιον

2045 1335 2291 1408 φέρεται.
2330 1335 2441 1389 Καὶ
2469 1334 2644 1398 οὕτως
2673 1336 2754 1398 εἰς
2791 1334 2890 1398 τὰς
2922 1334 3088 1396 ἄλλας
3115 1331 3379 1405 πατρίδας
3414 1331 3518 1386 διὰ
3555 1332 3679 1385 θα-

2045 1428 2249 1499 λάσσης
2278 1428 2614 1499 διερχόμενοι
2641 1427 2690 1479 οἱ
2727 1426 2834 1479 άπδ
2859 1425 2957 1496 τῆς
2985 1424 3208 1496 Ἰνδικῆς
3239 1425 3330 1476 ἐπὶ
3356 1423 3456 1494 τὴν
3511 1422 3683 1476 Ῥω-

2049 1519 2244 1591 μανίαν
2279 1516 2699 1588 ἐμπορεύονται.

2121 1609 2198 1664 B'.
2245 1610 2430 1663 Ταῦτα
2459 1609 2516 1662 δέ
2551 1627 2643 1680 μοι
2672 1606 2818 1661 κατά
2840 1605 2987 1671 λέξιν
3016 1603 3358 1675 ἐσπουδάσθη
3391 1603 3680 1676 ἱστορίας

2043 1701 2206 1774 χάριν
2235 1700 2591 1774 παραδοῦναι,
2616 1683 2770 1763 ’ὅπως
2802 1698 3023 1752 καὶτῶν
3055 1695 3220 1769 ῥιζῶν
3245 1697 3483 1766 ἑκάστης
3519 1697 3678 1748 ὑπο-

2043 1793 2243 1856 θέσεως
2292 1794 2340 1845 οί
2396 1790 2744 1860 ἐντυγχάνειν
2804 1788 3079 1851 ἐθέλοντες
3132 1788 3206 1858 μὴ
3264 1789 3673 1858 ἀμοιρησωσι.

2045 1887 2137 1938 Δεῖ
2174 1884 2283 1954 γάρ
2314 1885 2403 1937 τὸν
2455 1883 2885 1953 ἐπιϐαλλόμενον
2933 1881 3184 1952 διηγήσει
3213 1880 3321 1933 τινὶ
3371 1879 3525 1932 κατὰ
3566 1877 3678 1930 δύ-

2045 1995 2207 2048 ναμιν
2237 1975 2646 2041 ἐπιϐάλλεσθαι,
2677 1975 2772 2030 καὶ
2817 1976 2881 2028 ἐκ
2917 1974 3021 2044 τῆς
3049 1971 3204 2044 ῥίζης
3236 1970 3516 2026 ποιεῖσθαι
3553 1970 3675 2041 τὴν

2047 2069 2359 2140 εἰσαγωγήν
2381 2082 2394 2097 '
2429 2067 2580 2122 ἔνθεν
2610 2067 2924 2138 εὑρίσκεται
2977 2066 3071 2119 καὶ
3108 2064 3177 2118 τὰ
3223 2063 3324 2133 τῆς
3354 2062 3672 2132 ἀληθείας,

2047 2158 2150 2213 κᾶν
2176 2175 2236 2211 τε
2257 2158 2436 2229 ἀπορῇ
2467 2159 2496 2210 6
2514 2156 2690 2223 λέγων
2743 2155 3043 2225 εὐκοσμίας
3075 2153 3234 2221 λόγου
3261 2153 3356 2206 καί
3387 2151 3675 2214 εὐεπείας

2049 2249 2294 2320 φθογγῆς
2313 2269 2325 2280 ·
2359 2251 2506 2313 ὅπως
2531 2248 2640 2302 ἀπὸ
2661 2248 2762 2317 τῆς
2788 2245 3050 2318 ἀληθινῆς
3084 2244 3324 2315 ἱστορίας
3350 2241 3412 2296 τδ
3447 2241 3676 2312 ζητού-

2054 2360 2213 2413 μενον
2242 2345 2354 2406 τοῖς
2377 2345 2618 2404 συνετοῖς
2643 2338 3122 2410 ἀποδειχθήσεται.
3168 2337 3256 2389 Ἐν
3286 2337 3428 2407 ἀρχῇ
3459 2333 3669 2386 τοίνυν

2050 2427 2206 2497 οὗτος
2237 2437 2265 2488 6
2291 2433 2588 2495 Σκυθιανδς
2619 2431 2834 2502 πλούτῳ
2865 2429 3043 2500 πολλῷ
3067 2427 3348 2500 ἐπαρθεὶς,
3379 2428 3473 2478 καὶ
3514 2426 3672 2497 κτή-

2056 2540 2220 2594 μασιν
2288 2522 2648 2594 ἡδυσμάτων,
2700 2521 2794 2573 καὶ
2840 2522 2953 2583 τοῖς
2997 2518 3178 2580 ἄλλοις
3233 2517 3347 2576 τοῖς
3396 2512 3510 2566 ἀπὸ
3552 2514 3669 2584 τῆς

2066 2613 2290 2678 Ἰνδίας,
2319 2613 2415 2666 καὶ
2463 2611 2634 2665 ἐλθὼν
2669 2611 2797 2682 περὶ
2827 2608 2925 2680 τὴν
2972 2606 3215 2675 Θηϐαΐδα
3259 2606 3340 2668 εἰς
3399 2603 3668 2675 ’Υψηλὴν

2054 2703 2208 2757 πόλιν
2255 2703 2366 2774 (15)
2414 2702 2558 2756 οὕτω
2610 2701 2974 2773 καλουμένην,
3026 2697 3202 2770 εὑρὼν
3253 2697 3372 2749 ἐκεῖ
3419 2695 3667 2764 γύναιον

2057 2796 2444 2864 ἐξωλέστατον,
2484 2795 2579 2849 καὶ
2604 2793 2792 2848 κάλλει
2837 2792 3088 2863 σώματος
3118 2791 3410 2862 πρόοπτον,
3439 2787 3667 2859 ἐκπλῆ-

2058 2889 2153 2954 ξάν
2184 2906 2244 2942 τε
2271 2887 2466 2942 αὐτῶν
2511 2886 2610 2959 τὴν
2657 2886 2969 2950 ἀσυνεσίαν,
3017 2882 3336 2954 άνελόμενός
3379 2897 3439 2932 τε
3487 2881 3668 2934 τοῦτο

2056 2979 2164 3034 ἀπὸ
2195 2979 2288 3032 τοῦ
2321 2979 2544 3047 στέγους
2572 2978 2804 3048 (ἕστηκε
2838 2976 2948 3048 γὰρ
2986 2977 3020 3045 ἠ
3065 2974 3288 3043 τοιαύτη
3330 2973 3389 3025 ἐν
3417 2973 3484 3043 τῇ
3549 2990 3664 3026 πο-

2056 3070 2284 3142 λυκοίνῳ
2338 3069 2706 3142 ἀσεμνότητι)
2752 3067 3094 3137 ἐπεκαθέσθη
3135 3065 3213 3137 τῷ
3255 3064 3498 3134 γυναίῳ,
3553 3063 3660 3117 καὶ

2056 3161 2429 3235 ἐλευθερώσας
2461 3161 2614 3228 αὐτὸ,
2649 3160 2891 3232 συνῆφθη
2922 3158 3072 3230 αὐτῷ
3097 3156 3235 3229 πρὸς
3271 3155 3468 3226 γάμον.
3508 3155 3663 3226 Χρό-

2057 3271 2146 3306 νου
2176 3252 2232 3305 6ὲ
2276 3251 2472 3306 πολλοῦ
2515 3251 2944 3323 προκόπτοντος,
2973 3251 3065 3305 διὰ
3114 3249 3212 3321 τὴν
3239 3248 3550 3321 ὑπερϐολὴν
3586 3243 3659 3320 ἧς

2056 3340 2168 3414 εἶχε
2215 3344 2464 3415 τρυφῆς,
2500 3342 2599 3395 οὐκ
2645 3343 2876 3413 ἤνεγκεν
2929 3344 2957 3395 6
3006 3341 3334 3412 ἀλητήριος·
3387 3339 3528 3393 ἀλλά
3575 3340 3656 3403 ὡς

2056 3434 2223 3505 ἀργὸς
2247 3433 2343 3486 καὶ
2372 3431 2500 3495 ἐθὰς
2534 3430 2740 3496 κακῶν,
2771 3433 2836 3483 ἐκ
2867 3429 2963 3484 τοῦ
2994 3428 3256 3502 περισσοῦ
3296 3428 3396 3498 τῆς
3430 3427 3655 3498 τρυφῆς

2058 3524 2288 3595 στρήνου
2322 3521 2532 3575 ἐπενόει
2560 3520 2748 3574 λοιπὸν
2775 3518 2916 3573 κατὰ
2943 3518 3034 3571 τδν
3062 3517 3188 3571 νοῦν
3239 3534 3294 3569 τι
3328 3516 3655 3584 καινότερον

2056 3614 2135 3686 τῷ
2161 3613 2260 3684 βίῳ
2285 3615 2590 3685 προσοῖσαι.
2624 3611 2734 3665 Καὶ
2765 3611 2858 3680 ἀφ’
2884 3608 3078 3670 ἑαυτοῦ
3109 3606 3435 3678 διανοηθεὶς,
3474 3605 3656 3658 ἐπλά-

2059 3725 2189 3761 σατο
2220 3708 2438 3778 ῥήματα
2473 3703 2718 3766 τοιαῦτα,
2739 3703 2840 3756 οὐκ
2866 3701 2975 3755 ἀπὺ
3003 3704 3104 3771 τῆς
3126 3699 3276 3762 θείας
3301 3699 3530 3769 Γραφῆς
3557 3697 3652 3750 εὑ-

2061 3799 2328 3872 ράμενος,
2359 3798 2454 3851 καὶ
2496 3796 2813 3866 Πνεύματος
2861 3794 3017 3864 ἁγίου
3062 3792 3337 3863 φθογγῆς,
3369 3790 3508 3844 ἀλλὰ
3543 3791 3655 3844 ἀπὸ

2057 3890 2335 3961 λογισμῶν
2355 3888 2703 3960 ἀνθρωπείας
2734 3886 2950 3956 φύσεως
2977 3885 3084 3939 τῶν
3118 3883 3368 3937 δειλαίων
3395 3881 3646 3952 φάσκων.

2057 3983 2176 4035 Τίνι
2208 3981 2284 4051 τῷ
2311 3980 2454 4050 λόγῳ
2477 3978 2636 4032 ἄνισα
2659 3980 2835 4032 κεῖται
2859 3975 2927 4030 τὰ
2953 3976 3010 4028 ἐν
3043 3974 3206 4029 παντὶ
3234 3971 3313 4042 τῷ
3343 3971 3652 4043 ὁριζομένῳ

2057 4074 2156 4143 τῆς
2198 4073 2446 4144 κτήσεως
2476 4069 2650 4134 κύτει,
2702 4067 2870 4139 μέλαν
2911 4068 3005 4120 καὶ
3055 4065 3271 4130 λευκὸν,
3318 4063 3526 4135 πυρρὸν
3556 4063 3651 4116 καὶ

2058 4163 2291 4236 χλωρὸν,
2327 4162 2494 4234 ὑγρὸν
2535 4161 2631 4216 καὶ
2679 4159 2864 4230 ξηρὸν,
2898 4158 3127 4230 οὐρανὸς
3171 4157 3266 4210 καὶ
3297 4157 3388 4226 γῆ,
3423 4154 3523 4220 νὺξ
3555 4155 3648 4208 καὶ

2057 4254 2262 4326 ἡμέρα,
2291 4253 2439 4325 ψυχὴ
2472 4252 2569 4306 καὶ
2599 4252 2778 4321 σῶμα,
2819 4249 3026 4318 ἀγαθόν
3069 4265 3129 4300 τε
3172 4248 3267 4301 καὶ
3298 4247 3522 4315 φαῦλον,
3571 4246 3649 4299 δί-

372 4341 605 4396 exorta?
637 4339 896 4395 Diabolus
933 4341 1078 4395 enim
1125 4342 1310 4398 acrius
1354 4343 1619 4399 adversus
1658 4345 1950 4399 humanum

2063 4345 2215 4400 καιόν
2252 4362 2313 4397 τε
2347 4345 2442 4398 καὶ
2473 4343 2655 4397 ἄδικον
2684 4357 2698 4406 ;
2733 4340 2850 4393 ἀλλ’
2891 4341 2974 4392 ὅτι
3010 4338 3226 4400 πάντως
3253 4337 3425 4391 ταῦτα
3463 4339 3530 4390 ἐκ
3558 4337 3649 4390 δύο

373 4449 546 4505 genus
581 4431 780 4487 bellum
827 4448 1051 4487 movens
1090 4433 1237 4490 illius
1269 4433 1436 4489 menti
1475 4444 1788 4504 portentum
1822 4437 1955 4505 illud

373 4523 647 4595 epiniouis
687 4524 1064 4594 ingeneravit,
1105 4523 1244 4580 adeo
1279 4533 1337 4580 ut
1372 4525 1520 4596 quod
1546 4542 1822 4596 nusquam
1851 4535 1954 4593 est,

374 4621 558 4672 animo
583 4618 928 4688 conciperet,
962 4627 1016 4673 et
1053 4617 1198 4688 quod
1246 4619 1426 4689 reipsa
1458 4628 1566 4684 est,
1595 4619 1820 4675 minime
1857 4634 1958 4674 co-

373 4719 684 4783 gnosceret,
711 4720 772 4764 ut
811 4710 867 4764 in
905 4711 1103 4767 misere
1143 4710 1517 4765 aberrantium
1549 4711 1832 4765 hominum
1871 4712 1957 4766 in-

372 4805 546 4876 geniis
580 4804 853 4874 quoddam
885 4805 1085 4859 bellum
1117 4805 1411 4867 excitaret,
1449 4802 1542 4872 qui
1593 4810 1788 4872 praeter
1803 4819 1953 4868 eum,

371 4899 465 4968 qui
520 4912 711 4951 revera
763 4904 869 4962 est,
901 4912 1023 4952 esse
1070 4895 1236 4949 alium
1285 4894 1646 4960 arbitrantur,
1709 4903 1870 4964 atque
1926 4907 1956 4946 a

373 4991 607 5053 duabus,
659 5001 719 5043 ut
776 4989 848 5044 ita
898 4990 1101 5056 dicam,
1146 4987 1451 5050 radicibus,
1514 4987 1628 5042 sive
1667 4987 1958 5057 principiis

373 5083 632 5138 universa
681 5081 908 5152 perlici,
962 5081 1108 5151 quod
1143 5080 1387 5134 omnium
1436 5080 1666 5150 impium
1722 5079 1959 5134 maxime

372 5182 457 5228 est
506 5189 570 5229 ac
614 5175 774 5244 longe
829 5173 1279 5244 perditissimum.
1318 5169 1423 5225 Sed
1463 5171 1530 5226 de
1569 5186 1631 5226 ea
1675 5186 1732 5226 re
1765 5178 1956 5240 postea

373 5266 642 5321 dicemus.
685 5265 741 5319 In
792 5266 858 5321 iis
914 5265 1080 5337 igitur
1118 5264 1449 5336 Scythianus
1495 5264 1587 5319 ille
1643 5269 1954 5318 excaacatus

374 5358 580 5425 animo,
629 5367 792 5428 atque
822 5372 853 5411 a
896 5357 1202 5429 Pythagora
1236 5357 1443 5412 erroris
1493 5365 1814 5428 argumenta
1861 5370 1956 5412 ua-

375 5531 537 5570 verso
569 5513 866 5586 respiciens
901 5535 913 5570 :
947 5515 1092 5586 quod
1121 5511 1796 5586 Epiphagniideseriptioni
1819 5525 1954 5567 con-

375 5588 543 5659 gruit,
575 5586 667 5654 qui
718 5584 1015 5645 Berenicen
1062 5587 1284 5642 tertium
1320 5584 1494 5641 Rubri
1527 5584 1697 5641 maris
1731 5591 1953 5655 portum

374 5666 677 5715 enumerat.

2060 4439 2224 4492 τινῶν
2249 4437 2601 4506 συνέστηκεν.
2642 4432 2926 4488 Ἐνεκίσσα
2957 4431 3015 4485 δὲ
3056 4432 3114 4484 ὲν
3144 4432 3210 4502 τῇ
3246 4429 3410 4484 αὑτοῦ
3439 4431 3648 4501 διανοίᾳ

2059 4529 2089 4580 6
2112 4525 2378 4588 διάϐολος,
2414 4524 2509 4577 ἐπὶ
2543 4523 2726 4575 πλεῖον
2762 4520 3099 4592 στρατεύσας
3125 4519 3270 4574 κατὰ
3302 4521 3404 4590 τῆς
3432 4519 3642 4591 ἀνθρω-

2060 4616 2219 4680 πείας
2254 4615 2490 4684 φύσεως,
2515 4614 2575 4667 τὸ
2599 4613 2772 4666 δεινὸν
2799 4612 2967 4684 φρόνη
2978 4630 3073 4682 μα,
3101 4612 3176 4675 ὡς
3203 4612 3453 4665 ὑπονοεῖν
3477 4611 3540 4663 τὸ
3571 4610 3644 4682 μὴ

2060 4707 2140 4770 ὃν,
2195 4707 2286 4759 καὶ
2332 4705 2391 4759 ὂν
2433 4705 2507 4776 μὴ
2549 4701 2952 4772 ἐπιγινώσκειν,
3002 4703 3088 4756 ἵνα
3135 4701 3370 4773 πόλεμόν
3418 4718 3539 4754 τινα
3587 4703 3642 4754 ἐν

2059 4802 2178 4862 ταῖς
2210 4797 2471 4860 διανοίαις
2513 4795 2621 4848 τῶν
2649 4795 3018 4865 ἠπατημένων
3059 4795 3388 4866 ἐνστήσηται
3419 4795 3533 4855 τοῖς
3563 4809 3644 4845 νο-

2065 4891 2314 4962 μίζουσιν
2355 4885 2493 4942 εἷναί
2534 4905 2586 4940 τι
2647 4886 2783 4958 μετὰ
2840 4885 2932 4940 τὸν
2982 4885 3112 4938 ὄντα
3140 4925 3154 4949 ,
3203 4885 3297 4938 καὶ
3357 4883 3434 4948 ὡς
3473 4885 3641 4937 εἰπεῖν

2061 4984 2125 5036 ἐκ
2153 4983 2246 5036 δύο
2293 4982 2480 5053 ῥιζῶν,
2532 4982 2566 5052 ἢ
2599 4981 2693 5035 δύο
2724 4978 2906 5052 ἀρχῶν
2955 4977 3297 5050 ἐνεργεῖσθαι
3350 4978 3418 5031 τὰ
3447 4977 3638 5038 πάντα,

2060 5076 2197 5146 ὅπερ
2230 5075 2345 5127 ἐστὶ
2379 5075 2597 5127 πάντων
2641 5071 3063 5126 δυσσεϐέστατον
3095 5070 3186 5123 καὶ
3221 5067 3636 5141 μοχθηρότατον.

2025 5213 2032 5217 .
2075 5167 2235 5220 Ἀλλά
2277 5167 2404 5236 περὶ
2446 5165 2636 5219 τούτου
2688 5160 2842 5226 αὖθις
2892 5163 3024 5233 ἐρῶ.
3087 5163 3176 5216 Ἐν
3220 5158 3430 5224 τούτοις
3469 5160 3575 5232 γὰρ
3613 5161 3640 5212 6

2062 5258 2461 5331 προειρημένος
2513 5256 2812 5318 Σκυθιανδς
2853 5253 3159 5324 τυφλωθεὶς
3221 5253 3322 5323 τὴν
3383 5251 3636 5310 διάνοιαν,

2061 5352 2243 5407 λαϐὼν
2269 5349 2420 5423 παρὰ
2445 5349 2763 5420 Πυθαγόρου
2795 5347 2894 5410 τὰς
2927 5347 3249 5418 προφάσεις,
3284 5343 3458 5409 οὕτως
3483 5341 3638 5414 ἐφρό-

2135 5508 2248 5581 (15)
2282 5509 2390 5581 Εἰς
2415 5505 2701 5578 ’Υψηλὴν
2727 5507 2927 5561 πόλιν.
2967 5501 3276 5576 Stephanus
3305 5515 3316 5528 ·
3361 5493 3633 5568 ,Ύψηλὶς

2063 5580 2226 5653 κώμη
2256 5580 2559 5650 Αἰγύπτου.
