4008 6240
281 376 352 433 55
1060 371 1434 430 ADVERSUS
1474 371 1819 428 IIERESES
1858 371 1894 426 L

2036 370 2100 428 ιι.
2142 371 2310 429 ron.
2347 372 2413 429 ιι.
2455 405 2521 415 -
2564 348 3068 429 "maestam.

3398 379 3559 434 “'54

284 510 437 565 νησε,
474 491 568 546 καὶ
614 489 830 562 βίϐλους
862 490 1132 560 τέσσαρας
1165 489 1279 558 (14)
1319 487 1498 558 ἐαυτῷ
1537 487 1868 540 πλάσσεται*

1997 496 2097 543 :tus
2126 486 2399 557 ejusmodi
2429 486 2719 557 opiniones
2750 486 2943 541 habuit
2972 527 2987 551 ,
3034 500 3097 539 ac
3128 483 3299 539 .ibros
3332 490 3565 553 quatuor

294 588 351 656 τῇ
406 585 505 655 μιᾷ
536 583 708 652 ὄνομα
749 581 977 653 θέμενος
1012 580 1398 648 Μυστηρίων,
1452 581 1519 650 τῇ
1565 578 1620 631 δὲ
1651 578 1877 650 δευτέρᾳ

287 677 661 746 Κεφαλαίων,
722 675 788 746 τῇ
844 673 1005 745 τρίτῃ
1065 670 1459 741 Εὑαγγέλιον,
1521 672 1588 741 τῇ
1641 670 1876 742 τετάρτῃ

287 766 657 835 Θησαυρῶν’
715 767 771 817 ἐν
819 760 907 827 αἶς
953 763 1022 817 τὰ
1062 762 1287 831 ίσόζυγα
1327 763 1422 814 καὶ
1477 760 1546 814 τά
1612 762 1877 834 ίσόρῤοπα

288 859 380 911 δύο
419 856 604 928 ἀρχῶν
658 855 919 920 συζεύξας
964 852 1233 924 πρόσωπα
1283 851 1406 905 καθ’
1454 851 1693 921 ἑκάστην
1747 850 1879 904 ὑπόο

288 949 460 1012 θεσιν,
513 946 685 1010 οὕτως
736 943 1024 998 ὑπολαϐὼν
1059 946 1087 997 ό
1138 943 1341 1017 τάλας,
1376 943 1469 996 καὶ
1519 941 1691 1006 οῦτως
1738 943 1879 997 κατά

290 1038 445 1091 τοῦτο
476 1038 536 1090 τὸ
573 1038 735 1107 μέρος
778 1036 1130 1105 έφαντάζετο,
1178 1034 1252 1097 ὥς
1305 1051 1357 1087 τι
1410 1034 1555 1105 μέγα
1596 1032 1771 1105 εὑρὼν
1801 1032 1879 1103 τῷ

291 1126 411 1196 βίῳ.
450 1127 560 1179 Καὶ
608 1126 685 1197 τῷ
727 1126 841 1178 ὄντι
885 1125 1027 1195 μέγα
1058 1125 1230 1178 κακὸν
1282 1124 1479 1196 εῦρατο
1512 1124 1589 1196 τῷ
1626 1125 1726 1196 βίῳ
1757 1123 1877 1178 καθ’

290 1217 486 1271 ἑαυτοῦ
522 1218 615 1271 xal.
644 1217 753 1270 τῶν
778 1217 847 1269 ύτι
869 1209 883 1229 ’
901 1216 1067 1269 αὐτοῦ
1095 1215 1484 1287 πλανωμένων.

362 1400 439 1453 Γ’.
472 1398 689 1470 Ἐπειδὴ
718 1397 773 1450 δὲ
800 1399 824 1449 ό
848 1396 987 1469 ἀνὴρ
1008 1397 1065 1449 ἐν
1090 1395 1301 1457 τούτοις
1328 1391 1414 1466 ἦν,
1436 1393 1663 1465 ἀκηκόει
1692 1391 1881 1462 δέέπῶς

293 1494 341 1546 οἱ
376 1492 686 1563 προφῆται,
716 1490 809 1542 καὶ
841 1491 869 1542 ό
898 1490 1061 1559 νόμος
1091 1489 1463 1561 προεφήτευον
1501 1487 1631 1558 περὶ
1658 1489 1758 1555 τῆς
1785 1484 1879 1538 τοῦ

292 1582 497 1650 κόσμου
532 1579 876 1643 συστάσεως,
908 1578 1001 1630 καὶ
1037 1578 1164 1648 περὶ
1202 1577 1294 1630 τοῦ
1329 1577 1448 1640 ἐνὸς
1478 1578 1573 1629 καὶ
1607 1576 1879 1647 μονάρχου
1902 1593 1917 1614 ο

292 1671 388 1725 τοῦ
420 1672 503 1724 ἀεὶ
527 1671 699 1733 ὄντος,
732 1670 826 1722 καὶ
857 1668 931 1740 μὴ
953 1668 1320 1733 διαλείποντος
1352 1668 1445 1721 τοῦ
1479 1664 1619 1721 εἶναι
1642 1667 1879 1739 Πατρὸς,

299 1767 393 1818 καὶ
424 1762 517 1816 τοῦ
552 1761 718 1815 αὑτοῦ
751 1760 901 1824 Υίοῦ,
938 1759 1148 1813 καὶτοῦ
1179 1760 1336 1822 ἁγίου
1370 1757 1713 1829 Πνεύματος,
1746 1758 1878 1828 ἠθέ-

1981 580 2313 650 conscripsit
2369 598 2383 634 :
2438 594 2673 649 quorum
2724 594 2893 632 unum
2954 576 3331 646 Mysteriorum
3376 575 3584 629 inscrt-

1980 672 2127 741 psit,
2157 671 2389 726 alterum
2423 669 2670 738 Cupitum
2699 709 2713 732 ,
2745 670 2965 724 tertium
2997 668 3374 737 Evangelium,
3402 680 3577 735 quar.

1981 772 2094 817 tum
2130 762 2549 817 Thesaurorum.
2594 761 2650 816 In
2683 762 2751 816 iis
2794 761 2947 831 paria
2994 770 3158 830 atque
3197 761 3425 830 aequalia
3459 759 3533 813 du
3552 778 3583 813 (ι

1979 855 2249 925 principia
2310 869 2683 924 personasque
2734 854 2787 906 in
2841 866 3172 921 unoquoque
3243 858 3581 921 argumento

1980 947 2270 1015 copulans,
2304 948 2379 999 ita
2413 945 2517 1001 sibi
2562 950 2914 1015 persuaserat
2946 943 3133 1005 miser,
3179 942 3361 1011 itaque
3390 942 3579 996 hacin

1980 1044 2135 1105 parte
2168 1036 2497 1098 somniabat,
2530 1048 2788 1104 magnum
2812 1048 2843 1086 a
2877 1047 2937 1087 se
2967 1030 3225 1101 quiddam
3257 1031 3312 1084 in
3339 1033 3451 1085 vita
3483 1045 3580 1086 re.

1982 1132 2213 1194 pertum.
2257 1123 2322 1176 Et
2366 1138 2496 1178 vero
2536 1137 2795 1193 magnum
2852 1135 2986 1175 sane
3046 1120 3253 1174 malum
3310 1120 3364 1173 in
3415 1135 3568 1173 suam

1981 1232 2302 1287 eorumque,
2333 1216 2533 1287 quibus
2563 1215 2844 1285 imposuit,
2878 1214 3177 1284 perniciem
3202 1213 3259 1267 in
3288 1211 3454 1267 vitam
3490 1213 3575 1270 in-

1983 1308 2150 1364 vexit.

2054 1400 2142 1455 Ill.
2184 1401 2330 1455 Inter
2364 1401 2480 1455 haec
2507 1416 2630 1454 cum
2671 1399 2919 1455 audisset
2961 1398 3351 1469 prophetarum
3395 1412 3460 1452 ac
3489 1396 3564 1452 le-

1984 1492 2066 1565 gis
2112 1493 2353 1547 oraculis
2414 1492 2604 1546 mundi
2656 1493 3131 1562 procreationem,
3182 1498 3347 1560 atque
3402 1506 3575 1544 unum

1985 1586 2274 1654 solumque
2300 1583 2547 1637 omnium
2590 1583 2896 1653 principem
2940 1582 3455 1651 moderatoremque
3484 1596 3580 1635 ce-

1985 1677 2225 1740 lebrari,
2274 1678 2368 1746 qui
2415 1683 2470 1730 et
2519 1690 2738 1745 semper
2784 1675 3095 1737 exsisteret,
3155 1687 3257 1728 nec
3302 1673 3577 1727 desineret

1987 1783 2254 1837 unquam,
2300 1766 2521 1822 Patrem
2568 1768 2801 1830 scilicet,
2850 1782 2913 1822 ac
2945 1765 3144 1820 Filium
3202 1774 3257 1821 et
3312 1762 3567 1834 Spiritum

293 1857 424 1928 λησε
476 1852 833 1925 περιττοτέρᾳ
888 1852 996 1905 τινὶ
1048 1851 1347 1922 φερόμενος
1400 1849 1736 1921 ἡδυπαθείᾳ,
1790 1850 1883 1903 καὶ

1997 1862 2149 1933 520
2195 1868 2449 1916 sanctum
2473 1899 2488 1923 ,
2534 1859 3027 1915 abundantiori‘bus
3059 1867 3112 1913 et
3146 1857 3330 1913 nimiis
3358 1854 3569 1910 deliciis

294 1946 440 2000 κατά
470 1945 561 1998 τὸν
595 1943 859 1997 ἰδιωτικὸν
885 1941 1049 1996 αὐτοῦ
1091 1942 1213 1995 νοῦν
1245 1941 1630 2006 ἐπιτωθάζων,
1661 1941 1756 1993 καὶ
1790 1939 1885 2010 βα-

299 2041 413 2111 ρεῖς
450 2037 714 2109 στρήνους
765 2036 822 2088 έν
869 2034 1046 2105 ἐαυτῴ
1088 2034 1354 2104 ἀγόμενος
1384 2075 1397 2098 ,
1436 2032 1760 2087 στέλλεσθαι
1787 2033 1886 2103 τὴν

297 2129 522 2204 πορείαν
551 2130 644 2182 ἐπὶ
683 2127 752 2181 τά
804 2127 1153 2198 Ἱεροσόλυμα
1188 2127 1317 2197 περὶ
1357 2127 1484 2189 τοὺς
1516 2124 1738 2196 χρόνους
1778 2125 1885 2177 τῶν

299 2221 611 2277 ἀποστόλων
652 2220 786 2291 (15),
842 2219 917 2282 ὼς
964 2218 1124 2290 δῆθεν
1182 2219 1360 2271 ἐκεῖσε
1416 2216 1740 2287 ποιούμενος
1796 2214 1886 2268 τὸν

300 2315 455 2384 λόγον
486 2313 613 2384 περὶ
643 2312 768 2376 τοὺς
793 2310 860 2364 τά
886 2311 980 2363 ἐπὶ
1011 2309 1307 2381 μοναρχίας
1344 2307 1715 2379 κηρύττοντας
1736 2347 1749 2370 ,
1792 2306 1888 2359 καὶ

301 2408 405 2461 τῶν
450 2406 543 2459 τοῦ
589 2405 725 2459 Θεοῦ
775 2403 1114 2475 κτισμάτων.
1177 2402 1235 2454 'U
1283 2401 1341 2454 δὲ
1378 2400 1585 2464 τάλας.
1622 2398 1884 2463 ἀνελθὼν,

300 2498 640 2553 ἀντιϐάλλειν
677 2496 880 2569 ἤρξατο
910 2495 1046 2567 πρὸς
1085 2494 1210 2555 τοὺς
1249 2493 1427 2544 ἐκεῖσε
1458 2490 1885 2561 πρεσϐυτέρους,

300 2595 425 2656 τοὺς
455 2591 598 2646 κατά
623 2590 721 2661 τὴν
750 2587 1073 2659 νομοθεσίαν
1099 2583 1234 2637 Θεοῦ
1260 2584 1359 2654 τὴν
1383 2582 1461 2653 τῷ
1484 2582 1689 2653 Μωῦσῇ
1718 2583 1889 2634 δοθεῖ-

303 2703 422 2748 σαν,
466 2685 559 2737 καὶ
602 2683 919 2754 προφητικῇ
960 2679 1191 2732 ἑκάστου
1244 2676 1521 2746 προφήτου
1571 2674 1891 2746 διδασκαλίᾳ

303 2776 573 2848 βιοῦντας.
608 2776 727 2828 Ὅτι
753 2814 767 2838 ,
806 2771 930 2834 Πῶς
957 2787 1092 2839 φατε
1114 2768 1210 2822 ἕνα
1241 2768 1373 2820 Θεὸν
1396 2768 1696 2837 ποιήσαντα
1719 2765 1891 2819 νύκτα

302 2887 362 2922 τε
395 2870 488 2921 καὶ
525 2867 756 2937 ἡμέραν,
787 2865 965 2937 σάρκα
1003 2879 1063 2914 τε
1097 2861 1192 2913 καὶ
1223 2858 1422 2930 ψυχὴν,
1468 2859 1633 2929 ξηρόν
1682 2875 1742 2910 τε
1796 2858 1891 2911 καὶ

304 2960 492 3033 ὑγρὸν,
522 2957 749 3029 οὐρανόν
782 2973 841 3008 τε
872 2954 961 3007 καὶ
989 2953 1112 3023 γῆν,
1145 2951 1335 3014 σκότος
1388 2967 1446 3003 τε
1481 2951 1575 3002 καὶ
1619 2949 1769 3018 φῶς;
1826 2949 1889 3001 υἱ

304 3052 364 3106 δὲ
410 3050 600 3116 σαφῶς
630 3047 920 3101 ἐδείκνυον.
966 3044 1040 3098 Οὐ
1067 3042 1175 3113 γὰρ
1202 3044 1235 3113 ὴ
1278 3039 1507 3111 ἀλήθεια
1536 3039 1893 3110 παρακέκρυ-

309 3163 469 3199 πται.
497 3136 567 3196 Ὀ
598 3141 655 3195 δέ
684 3138 978 3207 ἀντιλέγων
1005 3137 1105 3189 ούκ
1129 3134 1410 3206 ᾐσχύνετο.
1446 3132 1629 3203 Μηδὲν
1662 3132 1717 3184 δὲ
1739 3131 1892 3185 δυνά-

310 3253 476 3310 μενος
505 3233 844 3307 περαιῶσαι,
879 3202 1032 3301 δμως
1191 3202 1545 3295 ἀναισχυντία
1586 3224 1682 3294 τῆς
1729 3222 1890 3292 χαλε-
1919 3202 1964 3262 C

308 3331 545 3400 πότητος
577 3325 820 3397 ἐφέρετο.
867 3323 954 3385 Ὠς
992 3321 1047 3373 δὲ
1076 3320 1176 3372 οὐκ
1207 3317 1392 3389 ἴσχυσέ
1424 3334 1475 3369 τι
1500 3315 1715 3400 ἀνῦσαι,
1758 3313 1893 3367 ἀλλά

307 3417 370 3470 τὸ
399 3399 562 3487 ἦττον
589 3413 788 3485 μᾶλλον
822 3410 1192 3480 ἀπηνέγκατο,
1228 3406 1554 3477 ἐπετήδευσε
1586 3405 1654 3457 δι’
1680 3399 1753 3458 ὧν
1779 3400 1893 3474 εἶχε

312 3506 561 3577 μαγικῶν
596 3504 814 3575 βιϐλίων
844 3504 861 3571 (
885 3502 980 3554 καὶ
1007 3494 1115 3569 γάρ
1162 3499 1257 3552 καὶ
1281 3499 1409 3569 γόης
1435 3498 1500 3569 ἦν
1527 3497 1633 3551 ἀπὸ
1658 3490 1757 3567 τῆς
1784 3496 1894 3550 τῶν

323 3597 499 3650 Ἰνδῶν
532 3596 627 3649 καὶ
658 3593 968 3663 Αἰγυπτίων
1010 3592 1103 3645 καὶ
1144 3589 1439 3661 ἐθνομύθου
1488 3588 1678 3658 σοφίας
1724 3590 1895 3658 ἐμπο-

316 3688 649 3758 ρευσάμενος
682 3685 751 3739 τά
794 3683 941 3738 δεινά
982 3684 1076 3736 καὶ
1131 3683 1387 3753 όλετήρια
1426 3680 1526 3749 τῆς
1572 3676 1891 3749 γοητείας),

313 3778 616 3849 φαντασίαν
653 3776 776 3831 τινὰ
802 3774 894 3828 ἐπὶ
933 3771 1181 3843 δώματος
1215 3770 1451 3826 ἀνελθὼν
1490 3770 1583 3824 καὶ
1614 3767 1897 3840 ἐπιτηδεύ-

315 3890 436 3935 σας,
479 3872 631 3942 ὅμως
671 3868 821 3921 οὐδὲν
874 3865 1126 3937 ἰσχύσας,
1165 3864 1300 3917 ἀλλὰ
1339 3860 1666 3916 καταπεσὼν
1709 3862 1773 3914 ἐκ
1802 3860 1895 3914 τοῦ

312 3962 583 4033 δώματος,
611 3958 756 4013 τέλει
783 3957 874 4010 τοῦ
909 3958 1022 4027 βίου
1054 3954 1346 4027 ἐχρήσατο.
1379 3948 1487 4005 Ἦν
1519 3952 1575 4005 δέ
1606 3951 1894 4024 διατρίψας

316 4054 432 4105 ἐκεῖ
476 4048 634 4103 ίκανά
676 4047 793 4119 ἐτη,
844 4047 1090 4118 μαθητὴν
1135 4046 1191 4097 δὲ
1238 4043 1378 4115 ἔχων
1426 4043 1522 4097 ἕνα
1570 4043 1731 4115 μόνον
1777 4043 1897 4114 μεθ’

316 4140 533 4206 ἑαυτοῦ,
568 4140 660 4193 τὸν
701 4138 1098 4211 προειρημένον
1133 4135 1449 4207 Τέρ6ινθον,
1483 4128 1526 4202 ᾧ
1560 4136 1655 4189 καὶ
1684 4136 1753 4189 τὰ
1793 4135 1899 4189 ἴδια

319 4233 637 4287 ἐπίστευσεν
678 4230 751 4294 ὡς
781 4228 1185 4298 πιστικωτάτῳ,
1221 4229 1315 4281 καὶ
1343 4229 1464 4279 κατ’
1514 4225 1724 4282 εὔνοιαν
1751 4226 1901 4298 αύτῷ

319 4322 806 4395 ἐξυπηρετουμένῳ
827 4338 838 4349 ο
876 4320 954 4385 ὃς,
994 4320 1416 4390 τελευτήσαντος
1449 4317 1546 4371 τοῦ
1579 4318 1899 4382 Σκυθιανοῦ,

319 4415 536 4487 κηδεύει
571 4414 669 4484 μὲν
694 4413 855 4465 αὑτὸν
888 4411 1373 4483 φιλοφρονέστατα,
1405 4409 1499 4462 καὶ
1535 4408 1713 4478 θάψας
1761 4410 1902 4464 σκέ-

321 4525 514 4561 πτεται
550 4507 625 4578 μὴ
655 4506 788 4576 πρὸς
833 4505 894 4557 τὸ
927 4504 1147 4572 γύναιον
1176 4501 1522 4573 ἀνακάμψαι,
1554 4501 1613 4555 τὸ
1650 4502 1748 4574 ἢδη
1794 4502 1902 4555 ἀπὸ

319 4598 577 4669 πορνείας
620 4598 738 4669 ἦτοι
784 4594 1159 4667 αἰχμαλωσίας
1207 4592 1288 4665 τῷ
1348 4592 1632 4664 Σκυθιανῴ
1695 4610 1903 4666 συνημ-

322 4689 479 4759 μένον
491 4733 502 4744 .

1987 1954 2276 2023 impulsus,
2313 1963 2476 2021 atque
2503 1959 2562 2005 ut
2591 1951 2713 2004 rudi
2757 1950 3122 2019 imperitoque
3163 1955 3283 2002 erat
3330 1944 3570 2015 ingenio,

1985 2044 2248 2098 cavillans
2296 2058 2361 2098 ac
2408 2042 2819 2097 vehementiore
2859 2039 3266 2102 luxu'fraelus,
3314 2036 3565 2091 Hieroso-

1986 2134 2184 2205 lymam
2218 2134 2320 2189 sub
2352 2134 2723 2203 apostolorum
2760 2141 3007 2203 tempora
3046 2130 3317 2203 proﬁcisci
3359 2130 3575 2193 statuit,

1988 2233 2048 2279 ut
2079 2226 2189 2280 illic
2230 2242 2543 2282 sermonem
2577 2241 2703 2295 cum
2737 2226 2803 2280 iis
2837 2224 3135 2285 conferret,
3168 2224 3261 2292 qui
3291 2236 3353 2275 ea
3378 2218 3573 2289 praedi-

1988 2324 2197 2379 carent,
2265 2334 2386 2388 quze
2415 2317 2481 2371 ad
2528 2318 2692 2372 unius
2732 2316 3095 2386 principatum
3140 2328 3337 2383 resque
3392 2326 3422 2364 a
3449 2309 3577 2370 .Deo

1988 2410 2238 2464 conditas
2273 2412 2629 2479 pertinerent.
2673 2412 2862 2478 Itaque
2910 2408 3242 2475 simulatque
3288 2403 3355 2458 ad
3391 2403 3581 2457 urbem

1990 2502 2136 2555 illam
2196 2502 2455 2567 acceSsit,
2503 2518 2629 2555 cum
2676 2500 3033 2571 presbyteris,
3085 2497 3178 2567 qui
3236 2496 3349 2549 illic
3400 2500 3580 2555 erant,

1989 2595 2193 2664 quique
2227 2611 2295 2649 ex
2331 2595 2464 2664 legis
2492 2609 2521 2647 a
2552 2593 2662 2650 Deo
2698 2592 2836 2647 Mosi
2902 2592 3118 2647 traditae
3149 2606 3212 2644 ac
3248 2587 3579 2659 prophetica?

1991 2686 2294 2755 disciplina:
2354 2687 2679 2757 praescripto
2726 2687 2897 2741 vitam
2960 2683 3341 2741 instituebant.
3393 2679 3579 2748 dispu-

1992 2783 2108 2828 tare
2156 2777 2339 2844 C(Bpil.
2387 2774 2491 2842 Qui
2536 2776 2708 2839 enim,
2759 2775 2961 2838 aiebat,
3012 2788 3183 2827 unum
3236 2786 3359 2827 esse
3412 2769 3581 2823 Deum

1992 2866 2266 2932 asseritis,
2299 2867 2390 2935 qui
2433 2874 2647 2921 noctem
2682 2866 2940 2935 diemque
2998 2864 3329 2926 condiderit,
3367 2875 3582 2915 necnon

1993 2971 2215 3010 carnem
2263 2963 2318 3009 et
2354 2957 2619 3021 animam,
2669 2956 2881 3010 siccum
2936 2962 2990 3009 et
3025 2953 3333 3017 humidum,
3383 2954 3582 3007 ctelum

1994 3053 2154 3115 atque
2186 3056 2410 3109 terram,
2463 3046 2717 3101 tenebras
2744 3062 2809 3100 ac
2851 3046 3073 3101 lucem?
3118 3043 3277 3110 Quod
3344 3056 3464 3097 eum
3503 3043 3582 3096 illi

1995 3148 2179 3209 aperte
2226 3139 2695 3205 demonstrarent;
2729 3154 2904 3208 neque
2935 3138 3081 3194 enim
3120 3137 3335 3191 occulta
3382 3136 3585 3191 veritas

1994 3240 2107 3295 est;
2141 3237 2331 3283 contra
2359 3230 2448 3284 ille
2478 3230 2598 3285 sine
2628 3231 2738 3284 ullo
2761 3230 2968 3300 pudore
2996 3229 3346 3284 contendere.
3384 3225 3585 3282 Verum

1996 3322 2087 3376 ubi
2132 3322 2266 3375 nihil
2303 3321 2540 3392 prolicit,
2582 3320 2639 3375 in
2678 3320 2867 3377 eadem
2914 3320 3275 3376 nihilominus
3325 3320 3589 3375 molestia;

1994 3412 2330 3482 impudentia
2375 3414 2637 3483 persistit.
2664 3412 2949 3467 Postremo
2994 3427 3120 3467 cum
3164 3412 3300 3466 nihil
3348 3411 3587 3467 elﬁceret

1994 3507 2261 3570 omnino,
2320 3502 2418 3558 sed
2482 3504 2663 3558 victus
2716 3503 2897 3573 potius
2955 3501 3313 3566 abscederet,
3360 3500 3589 3571 magicis

1995 3594 2327 3666 quibusdam
2358 3595 2511 3650 libris
2542 3595 2803 3650 adhibitis
2846 3595 2987 3665 (erat
3014 3594 3158 3648 enim
3193 3591 3588 3647 maleﬁciorum

1997 3688 2226 3757 peritus,
2254 3702 2319 3740 ac
2357 3686 2727 3756 perniciosam
2762 3686 2911 3740 illam
2954 3692 3007 3740 et
3046 3684 3375 3741 exitiabilem
3413 3693 3587 3739 artem

1997 3794 2065 3834 ex
2110 3777 2367 3833 Indorum
2426 3786 2481 3833 et
2527 3776 2907 3848 [Egyptiorum
2954 3777 3349 3848 gentiliumque
3415 3775 3588 3831 disci-

1998 3870 2147 3941 plina
2198 3871 2348 3925 velut
2408 3870 2824 3925 mercimonium
2886 3869 3167 3939 quoddam
3218 3870 3588 3939 abstulerat),

2001 3959 2297 4029 prastigiis
2347 3959 2577 4014 illudere
2620 3967 2855 4014 conatus
2894 3967 3015 4025 est;
3053 3973 3116 4013 ac
3148 3958 3311 4013 domo
3353 3958 3589 4028 quadam

2001 4068 2301 4110 conscensa
2337 4053 2510 4108 nihilo
2542 4052 2713 4123 magis
2735 4051 2881 4122 quod
2917 4052 3133 4106 volebat
3167 4058 3459 4105 assecutus
3482 4056 3589 4103 est.

2002 4142 2216 4214 Quippe
2249 4144 2376 4199 inde
2425 4159 2669 4214 praeceps
2715 4143 2976 4199 decidens
3002 4157 3071 4197 ex
3108 4141 3213 4195 hac
3240 4140 3348 4193 vita
3386 4138 3592 4207 migra-

2003 4237 2114 4297 vit,
2165 4251 2294 4290 cum
2336 4237 2539 4292 multos
2579 4237 2691 4291 illic
2741 4251 2916 4290 annos
2957 4234 3195 4304 egisset,
3230 4239 3394 4299 atque
3424 4244 3592 4283 unum

2004 4328 2382 4383 tantummodo
2421 4344 2608 4389 secum
2653 4328 2984 4397 discipulum
3015 4325 3331 4385 habuisset,
3364 4320 3597 4376 Terbin-

2007 4420 2158 4474 thum
2178 4418 2431 4475 videlicet
2448 4422 2619 4484 illum,
2640 4436 2801 4492 quem
2821 4419 3079 4482 diximus,
3102 4416 3190 4472 cui
3216 4424 3270 4471 et
3288 4430 3387 4471 sua
3407 4414 3594 4466 omnia

2006 4511 2154 4566 velut
2221 4510 2489 4565 ﬁdissimo
2560 4510 3187 4579 benevolentissimoque
3268 4503 3596 4560 administro

2010 4602 2304 4657 commisit.
2357 4601 2456 4658 llic
2499 4610 2775 4657 mortuum
2812 4602 3171 4673 Scythianum
3213 4614 3377 4670 quam
3419 4597 3597 4651 hono-

2011 4692 2415 4749 riﬁcentissime
2475 4692 2741 4763 sepelivit.
2792 4692 2929 4747 Tum
2982 4692 3124 4762 apud
3170 4707 3230 4746 se
3287 4674 3596 4745 deliberans

321 4784 511 4837 statuit
552 4781 619 4836 ad
680 4780 825 4836 illam
891 4779 1265 4836 mulierculam
1311 4795 1423 4834 non
1464 4781 1687 4845 reverti,
1754 4798 1894 4852 quan

1997 4803 2005 4839 ε
2068 4788 2379 4844 meretricio
2418 4796 2631 4859 quaestu
2683 4802 2746 4841 ac
2794 4787 3059 4843 servitute
3107 4784 3213 4840 sibi
3264 4781 3597 4853 Scythianus

319 4880 670 4949 adjunxerat.

391 4972 555 5026 Ἀλλά
596 4970 1001 5042 ἀποδιδράσκει,
1049 4969 1229 5024 λαδὼν
1278 4968 1456 5023 πάντα
1507 4969 1718 5040 ὅσαπερ
1757 4965 1904 5042 εἶχε,

323 5064 522 5136 χρυσόν
566 5080 626 5117 τε
666 5064 762 5117 καὶ
804 5064 1063 5134 ἄργυρον,
1096 5062 1189 5115 καὶ
1235 5060 1305 5114 τά
1343 5060 1515 5125 ἄλλα,
1545 5061 1625 5124 είς
1664 5061 1762 5131 τὴν
1799 5061 1906 5115 τῶν

324 5154 548 5225 Περσῶν
576 5154 783 5226 χώραν,
814 5154 1005 5209 ἑαυτοῦ
1033 5154 1094 5207 τὸ
1124 5154 1318 5224 ὄνομα,
1350 5152 1438 5207 ἵνα
1469 5152 1544 5225 μὴ
1581 5154 1907 5226 κατάφωρος

322 5249 567 5319 γένηται,
602 5248 724 5301 ἀντὶ
753 5247 1080 5320 Τερόίνθου,
1106 5248 1180 5311 ὼς
1215 5247 1327 5301 ἄνω
1356 5265 1445 5319 μοι
1477 5247 1903 5317 προδεδήλωται,

324 5338 555 5394 Βουδδᾶν
603 5338 781 5410 ἐαυτῷ
829 5339 1150 5411 ἐπιθέμενος
1191 5339 1382 5410 ὄνομα.
1425 5332 1595 5402 Οῦτος
1635 5338 1693 5392 δὲ
1744 5338 1907 5394 πάλιν

382 5495 492 5567 (ll)
514 5496 891 5579 Καίβίϐλους
908 5495 1232 5576 τέσσαρας.
1254 5493 1410 5617 Agim]
1432 5491 1657 5548 Suidam
1672 5501 1911 5574 quatuor

382 5580 591 5617 urorum
616 5577 850 5617 istorum
870 5565 1251 5617 auctorlmsse
1322 5574 1485 5617 lentur
1514 5563 1906 5617 'l‘ereblnthus.

328 5563 591 5620 librorum
616 5569 850 5623 istorum
870 5573 1065 5619 auctor
1082 5565 1251 5620 fuisse
1282 5563 1485 5619 dicitur
1514 5563 1906 5629 'l‘erebinthus,

325 5637 439 5706 sive
471 5636 717 5702 Buddas;
747 5651 981 5706 quorum
1010 5635 1175 5689 etiam
1208 5634 1342 5689 ordo
1380 5634 1542 5706 aliter
1574 5635 1905 5706 instituitur.

325 5704 461 5777 Nam
487 5708 698 5777 primus
728 5703 815 5761 est
846 5703 1567 5777 Mysterioritm._secundus
1598 5704 1908 5777 Evangelii,

326 5773 526 5855 tertius
553 5775 809 5855 [liquari
830 5817 844 5841 ,
881 5773 1113 5855 quartus
1137 5773 1408 5855 Cupitum.

399 5843 514 5913 με)
547 5847 687 5917 Περὶ
706 5847 850 5913 τοὺς
880 5843 1141 5916 χρόνους
1172 5843 1290 5899 τῶν
1322 5845 1706 5917 ¹ἀποστόλων.
1742 5844 1909 5903 Com-

2081 4967 2271 5038 ltaque
2313 4982 2437 5022 cum
2460 4968 2716 5022 omnibus
2743 4982 2865 5038 qua:
2896 4966 3153 5030 habebat,
3193 4980 3328 5021 auro
3360 4965 3592 5028 scilicet.

2014 5068 2257 5132 argento,
2280 5060 2601 5130 caeterisque
2618 5059 2813 5130 cepiis,
2845 5060 2901 5114 in
2924 5058 3200 5115 Persidem
3229 5058 3459 5128 aufugit.
3489 5056 3589 5121 lbi,

2013 5168 2084 5208 ne
2105 5152 2622 5223 deprehenderetur,
2655 5160 2867 5207 mutato
2900 5152 3141 5215 nomine,
3173 5166 3274 5221 pro
3292 5148 3595 5203 Terbintho

2014 5243 2257 5299 Buddam
2291 5259 2370 5309 se,
2414 5244 2494 5298 uti
2534 5244 2795 5308 diximus,
2843 5245 3100 5315 appellat.
3137 5243 3316 5311 Atque
3344 5241 3433 5295 hic
3469 5256 3597 5310 pes-

2015 5340 2211 5396 simam
2249 5353 2442 5395 rursus
2471 5347 2707 5409 quatuor
2762 5337 2982 5392 illorum
3021 5335 3301 5407 Scytbiani
3334 5332 3599 5387 librorum

2006 5494 2168 5550 mode
2217 5494 2362 5553 istud
2406 5494 2787 5566 accipiendum
2817 5503 2919 5557 est,
2963 5502 3022 5548 ut
3055 5491 3431 5563 apostolorum
3465 5498 3605 5545 tem-

2008 5580 2143 5635 pora
2180 5576 2358 5630 vocet,
2382 5582 2505 5636 quae
2532 5567 2639 5621 illis
2673 5566 2921 5634 proxima
2952 5574 3106 5630 sunt;
3144 5578 3268 5616 nam
3302 5570 3605 5636 utaposto-f

2010 5630 2093 5691 los
2155 5637 2356 5691 viderit
2406 5630 2771 5709 Scythian'us,
2799 5650 3145 5709 nequaquam
3210 5632 3476 5709 procedi_t_,
3526 5630 3604 5685 uti

2010 5715 2199 5834 postia
2231 5702 2531 5777 constabit,
2571 5722 2696 5762 cum
2722 5707 2790 5761 de
2814 5702 3101 5762 Hanicbaei
3136 5702 3385 5776 tempore
3409 5702 3605 5773 dispuv

2036 5793 2068 5832 a
2110 5795 2125 5833 ι
2156 5792 2241 5832 ur.

2011 5779 2241 5833 tabitur.
