4008 6240
376 315 448 371 35
1792 305 1850 360 S.
1894 301 2235 362 EPIPIIAtVll

3642 301 3734 355 '56

377 443 445 483 ac
467 423 802 497 magicarum
841 429 1041 478 artium
1065 428 1120 477 et
1154 419 1554 492 praestigiarum
1593 419 1961 477 [nereditatem

2081 421 2188 494 ἔσχε
2221 421 2399 495 κακὴν
2423 421 2675 492 διαδοχὴν
2702 421 3086 493 κληρονομίας,
3116 420 3182 475 τὰ
3204 421 3454 492 τέσσαρα
3492 419 3728 491 βιϐλία

377 518 536 574 adiit.
585 515 732 571 ldcm
774 517 919 570 enim
967 516 1271 569 litterarum
1316 513 1562 582 apprime
1602 513 1801 569 studiis
1838 521 1959 568 erat

2081 515 2154 568 ῖοῦ
2194 513 2494 568 Σκυθιανοῦ
2542 515 2637 567 καὶ
2681 513 2750 568 τά
2788 514 2887 584 τῆς
2936 513 3170 584 μαγείας
3220 513 3723 585 ἐπιτηδεύματα.

374 609 651 666 eruditus.
695 604 800 662 Sed
854 622 978 661 cum
1027 606 1082 659 in
1134 603 1360 658 Perside
1390 610 1444 658 et
1472 604 1590 674 ipse
1632 605 1957 674 disputaret,

383 710 550 770 atque
576 696 719 769 apud
746 698 966 752 viduam
1001 695 1295 766 quamdam
1343 693 1639 758 habitans,’
1664 709 1788 749 cum
1826 695 1959 749 aedi-

394 793 506 848 tuis
533 806 597 848 ac
648 789 1027 846 sacerdotibus
1077 786 1308 848 Mithrae,
1356 786 1411 839 in
1449 786 1748 855 primisque
1785 782 1962 839 Pareo

381 885 643 956 quodam,
689 896 753 938 ac
801 881 1054 936 Labdaco
1089 877 1390 951 prophetis,
1441 878 1509 932 de
1547 877 1706 949 621
1747 877 1964 932 duobus

381 973 670 1045 principiis
698 969 1076 1034 contenderet,
1117 982 1292 1039 neque
1316 968 1402 1023 vel
1451 967 1778 1022 idololatriae
1820 967 1965 1022 anti-

383 1065 610 1122 stitibus
631 1063 891 1118 resistere
922 1068 1128 1132 posset,
1157 1060 1251 1116 sed
1277 1060 1346 1114 ab
1385 1059 1454 1115 iis
1485 1059 1802 1129 turpissime
1830 1073 1965 1113 con-

383 1158 565 1213 victus
604 1163 772 1219 esset,
815 1152 1123 1224 Scythiani,
1177 1167 1338 1224 quem
1383 1151 1734 1222 sequebatur,
1778 1166 1965 1207 exem-

384 1249 475 1316 plo
516 1248 715 1302 domus
748 1245 1026 1316 fastigium
1067 1244 1467 1308 conscendens,
1512 1243 1696 1312 ibique
1737 1242 1966 1312 magicis

383 1340 594 1394 artibus
633 1338 686 1392 id
730 1337 940 1394 ellicere
983 1335 1235 1400 studens,
1279 1336 1502 1406 nequis
1560 1335 1665 1389 sibi
1709 1334 1967 1402 deinceps

383 1431 760 1486 contradicere
791 1429 1034 1494 auderet,
1079 1429 1148 1483 ab
1206 1430 1399 1500 angelo
1448 1426 1698 1497 dejectus
1742 1425 1965 1489 cecidit,

384 1532 552 1594 atque
581 1522 654 1578 ob
687 1537 752 1578 ea
779 1537 901 1593 quae
928 1519 1257 1576 moliebatur
1287 1518 1552 1574 maleficia
1593 1517 1774 1589 periit.
1813 1521 1968 1572 Anus

385 1630 575 1686 porro,
609 1614 823 1684 sepulto
854 1612 1002 1668 illius
1028 1626 1281 1682 corpore,
1318 1611 1604 1682 pecuniam
1629 1625 1843 1666 onmem
1870 1611 1969 1665 ob-

2061 603 2168 661 Ἶιν
2195 607 2305 678 γάρ
2348 607 2443 661 xal
2468 599 2623 670 οὗτος
2667 607 2725 659 ἐν
2765 605 3090 675 γράμμασιν
3123 605 3556 675 ἐπιμελέστατα
3604 622 3726 658 πε-

2063 700 2441 770 παιδευμένος.
2492 699 2580 762 Ὠς
2611 698 2668 752 δὲ
2702 699 2796 751 καὶ
2826 697 2989 761 αὐτὸς
3015 738 3030 761 ,
3063 698 3456 768 διαλεγόμενος
3501 699 3579 750 ἐν
3636 700 3721 769 τῇ

2064 791 2290 861 Περσῶν
2329 789 2514 862 χώρᾳ,
2552 788 2848 859 καταχθεὶς
2892 788 3028 859 πρὸς
3065 788 3243 860 γραῦν
3290 805 3410 841 τινα
3463 790 3718 856 χήραν,

2065 884 2158 936 καὶ
2204 883 2318 946 τοῖς
2361 881 2454 936 τοῦ
2519 881 2707 953 Μίθρα
2746 881 3038 950 νεωκόροις
3071 898 3128 933 τε
3181 879 3277 934 καὶ
3317 878 3550 951 ἱερεῦσι
3601 878 3722 931 τοῦ

2064 972 2307 1041 εἰδώλου,
2349 974 2608 1046 προφήτῃ
2644 972 2752 1026 τινὶ
2796 973 3002 1044 Πάρκῳ
3039 973 3134 1027 καί¹
3178 971 3444 1042 Λαϐδάκῳ
3519 971 3721 1041 συζη-

2065 1067 2236 1136 τήσας
2271 1066 2539 1137 περὶτῶν
2586 1065 2680 1120 δύο
2719 1065 2928 1137 ἀρχῶν,
2977 1066 3072 1119 καὶ
3106 1064 3183 1136 μὴ
3220 1064 3481 1136 δυνηθεὶς
3545 1065 3716 1134 μήτε
3827 1051 3832 1060 ’

2067 1157 2170 1211 κᾶν
2211 1156 2348 1227 πρὸς
2394 1157 2523 1220 τοὺς
2561 1157 2662 1227 τῆς
2705 1155 3150 1227 εἰδωλολατρείας
3198 1155 3508 1226 πρυτάνεις
3567 1155 3713 1208 δια-

2065 1246 2323 1318 λεχθῆναι
2348 1287 2362 1310 ,
2416 1247 2533 1300 ἀλλ’
2583 1246 2794 1318 ἐλέγχῳ
2828 1247 3111 1311 καταστὰς
3141 1247 3273 1318 παρ’
3317 1247 3543 1311 αὐτῶν,
3596 1245 3716 1300 καὶ

2067 1333 2257 1407 αἶσχος
2303 1337 2786 1409 ἀπενεγκάμενος,
2833 1336 3096 1400 ὡσαύτως
3144 1337 3222 1407 τῷ
3278 1335 3713 1408 προειρημένῳ

2069 1427 2353 1500 Σκυθιανῷ
2377 1429 2448 1482 τὰ
2481 1430 2642 1500 ὅμοια
2677 1431 2976 1501 φρονήσας,
3002 1429 3092 1482 ἐπὶ
3122 1429 3183 1481 τὸ
3207 1428 3490 1498 δωμάτιον
3532 1428 3715 1482 ἀνελ-

2069 1519 2201 1585 θὼν,
2233 1519 2494 1591 μαγεύειν
2521 1538 2574 1574 τι
2600 1519 2760 1593 δῆθεν
2801 1521 2938 1592 πρὸς
2972 1519 3034 1573 τὸ
3071 1521 3144 1593 μή
3178 1537 3298 1574 τινα
3333 1519 3493 1590 αὐτῷ
3528 1520 3708 1574 ἀντι-

2069 1611 2249 1682 λέγειν
2291 1612 2685 1683 ἐπιτηδεύσας,
2735 1613 2840 1667 ὑπὸ
2901 1612 3136 1682 ἀγγέλου
3195 1612 3499 1683 καταχθεὶς
3539 1631 3706 1669 κατ-

387 1705 576 1759 tinuit.
632 1704 766 1770 Quae
817 1701 1039 1772 quidem
1085 1716 1212 1756 cum
1263 1701 1466 1756 liberos
1523 1715 1588 1756 ac
1633 1701 1970 1771 propinquos

2081 1703 2260 1769 ἔπεσε,
2294 1704 2392 1759 καὶ
2425 1704 2600 1769 οὕτως
2627 1704 2859 1777 τέθνηκε
2888 1705 2956 1758 δι’
2991 1706 3056 1776 ἣν
3087 1704 3347 1776 ἠϐούλετο
3376 1706 3703 1778 ἐπιχειρῆ-

389 1797 617 1851 haberet
672 1795 874 1859 nullos,
949 1794 1043 1847 diu
1099 1793 1154 1846 in
1224 1793 1318 1848 illo
1378 1801 1524 1848 statu
1576 1792 1966 1862 perseveravit.

2081 1811 2165 1850 σαι
2201 1796 2466 1866 μαντικὴν
2497 1797 2799 1868 ἐνέργειαν.
2847 1798 2914 1852 Ἡ
2953 1797 3010 1852 δέ
3045 1797 3239 1870 γραῦς,
3273 1799 3703 1869 περιστείλασα

386 1885 628 1942 Tandem
655 1901 783 1942 vero
813 1885 1132 1951 Cubricum,
1172 1884 1266 1955 qui
1311 1892 1366 1939 et
1402 1883 1590 1939 Manes
1633 1883 1814 1939 dictus
1859 1891 1963 1949 est,

386 1977 454 2032 ad
489 1977 752 2048 obsequia
796 1975 1084 2032 famularia
1132 1991 1352 2032 servum
1411 1975 1658 2030 coemit:
1709 1974 1797 2029 cui
1853 1989 1970 2028 mo-

386 2070 536 2123 riens
561 2068 757 2122 malam
789 2067 936 2120 illam
964 2067 1337 2122 Itazreditatem
1373 2064 1599 2135 perinde
1627 2074 1792 2135 atque
1819 2065 1969 2136 aspi-

386 2162 473 2217 dis
500 2161 670 2226 virus,
697 2160 993 2214 multorum
1019 2159 1088 2215 ad
1118 2158 1398 2214 interitum
1435 2171 1500 2212 ac
1534 2157 1835 2228 perniciem
1875 2171 1965 2212 re.

346 2250 359 2255 ’
387 2253 570 2323 liquit.

2073 1885 2262 1942 τούτου
2295 1886 2355 1940 τὸ
2396 1887 2576 1958 σῶμα,
2617 1887 2726 1942 τῶν
2774 1889 3072 1961 χρημάτων
3115 1888 3281 1943 αὐτοῦ
3336 1891 3392 1942 ἐν
3441 1888 3702 1954 καθέξει

2066 1979 2392 2050 γεγένηται·
2449 1980 2545 2034 καὶ
2586 1979 2661 2053 μὴ
2713 1980 2915 2053 ἔχουσα
2957 1980 3156 2047 παῖδα,
3207 1979 3343 2052 μηδέ
3391 1997 3528 2033 τινα
3570 1980 3700 2033 τῶν

2063 2069 2451 2142 διαφερόντων,
2485 2070 2667 2143 ἔμεινε
2697 2073 2880 2146 πολλῷ
2921 2072 3001 2144 τῷ
3035 2072 3212 2144 χρόνῳ
3245 2071 3438 2136 οὓτως.
3470 2071 3704 2124 "Tata-

2068 2175 2158 2230 ρον
2205 2159 2263 2213 δὲ
2308 2159 2674 2232 προσελάϐετο
2721 2163 3002 2235 πριαμένη
3063 2162 3155 2216 τὸν
3192 2161 3537 2234 Κούϐρικον,
3593 2160 3698 2214 τὸν

2064 2251 2159 2304 καὶ
2185 2251 2398 2324 Μάνην,
2445 2253 2611 2326 ἑαυτῇ
2645 2254 2782 2326 πρὸς
2819 2255 3159 2328 ὑπηρεσίαν·
3207 2255 3304 2309 καὶ
3352 2253 3700 2309 τελευτῶσα

385 2344 676 2398 κατέλιπεν
691 2342 838 2414 αὐτῷ
853 2342 921 2397 τὰ
941 2343 1043 2413 τῆς
1061 2343 1236 2414 κακῆς
1253 2342 1636 2415 κληρονομίας,
1652 2341 1728 2406 ὡς
1759 2341 1837 2394 ἰὸν
1852 2341 1960 2394 ἀπὸ
1979 2343 2206 2408 ἀσπίδος
2233 2345 2666 2416 καταλειφθέντα
2680 2349 2759 2410 εἰς
2780 2347 2991 2402 πολλῶν
3010 2346 3215 2420 φθορὰν
3246 2348 3339 2402 καὶ
3366 2346 3691 2404 ἀπώλειαν.

457 2435 547 2493 IV.
607 2438 795 2507 Itaque
843 2436 1137 2502 Cubricus,
1198 2437 1293 2506 qui
1347 2452 1406 2491 se
1464 2435 1678 2490 Mancm
1731 2435 1970 2501 vocavit,

387 2527 534 2583 inter
577 2525 796 2591 Persas,
845 2525 988 2596 apud
1029 2541 1171 2598 quos
1199 2525 1456 2596 degebat,
1495 2524 1784 2594 disputare
1813 2523 1974 2578 iusti-

389 2618 515 2674 tuit.
563 2617 763 2673 Verum
817 2631 944 2672 cum
999 2616 1205 2672 nemini
1257 2615 1518 2686 dogmata
1559 2629 1658 2670 sua
1689 2615 1970 2685 probaret,

399 2710 494 2766 sed
530 2709 844 2782 quicunque
877 2708 1182 2764 doctrinam
1218 2706 1368 2762 illius
1397 2705 1714 2771 audiebant,
1742 2707 1972 2763 moleste

392 2800 619 2866 ferrent,
663 2815 728 2856 ac
772 2799 1015 2856 novitate
1056 2799 1174 2870 ipsa
1217 2799 1614 2870 horrendisque
1659 2799 1768 2855 illis
1815 2805 1870 2854 et
1903 2799 1973 2854 ad

389 2890 776 2962 decipiendum
818 2889 1141 2960 compositis
1178 2889 1380 2945 fabulis
1424 2903 1489 2944 ac
1538 2887 1770 2944 vocibus
1807 2888 1969 2944 vebev

2150 2441 2224 2490 A'.
2253 2437 2423 2492 Πάλιν
2481 2434 2575 2493 οὖν
2613 2439 2958 2510 Κούϐρικος,
3013 2441 3042 2494 6
3085 2439 3278 2493 ἐαυτὸν
3319 2439 3698 2510 ἐπονομάσας

2081 2526 2298 2599 Μάνην,
2334 2530 2391 2582 ἐν
2413 2529 2596 2593 αὐτοῖς
2635 2529 2810 2600 διῆγε,
2836 2530 2930 2584 καὶ
2960 2532 3018 2584 ἐν
3038 2530 3220 2595 αὐτοῖς
3243 2529 3536 2600 διελέγετο.
3571 2531 3695 2584 Καὶ

2081 2618 2156 2682 ὡς
2190 2620 2361 2684 οὐδεὶς
2387 2621 2536 2692 αύτῷ
2567 2620 2836 2689 ἐπείθετο,
2872 2620 3012 2675 ἀλλά
3046 2621 3333 2686 ἀκούοντες
3359 2621 3694 2692 Μανιχαίου

2086 2705 2470 2779 διδασκαλίαν,
2532 2715 2863 2786 ἐδυσφόρουν
2915 2715 3040 2786 μὲν,
3097 2715 3190 2769 καὶ
3229 2714 3694 2780 ἐξενολεκτςῦντο

2081 2807 2282 2870 πάντες
2313 2806 2407 2860 ἐπὶ
2441 2808 2510 2878 τῇ
2561 2806 2881 2878 καινοτομίᾳ
2915 2807 3009 2860 καὶ
3045 2807 3189 2878 δεινῇ
3220 2805 3542 2878 μυθοποιίᾳ,
3588 2807 3695 2862 καὶ

2081 2899 2212 2970 κενῇ
2268 2897 2476 2969 ἀπάτῃ,
2533 2898 2562 2952 6
2601 2896 2658 2951 δὲ
2707 2896 2850 2968 ὁρῶν
2879 2895 2949 2950 τὰ
2989 2895 3095 2950 ἴδια
3125 2896 3224 2966 τῆς
3253 2897 3693 2966 κακομηχανίας

391 2991 607 3040 menter
655 2982 1143 3053 obstupescerent,
1193 2994 1430 3052 cumque
1462 2995 1660 3037 omnes
1683 2980 1797 3047 ille,
1832 2995 1973 3051 quos

2081 2989 2494 3062 ἀνατρεπόμενα
2543 2989 2653 3043 τῶν
2686 2988 2860 3058 λόγων
2892 2987 3213 3059 συνθήματα
3239 3004 3251 3018 ⁸
3282 2986 3380 3059 τὴν
3420 2987 3691 3042 διάνοιαν

389 3078 460 3130 de
490 3074 658 3145 impio
683 3081 997 3130 commento
1032 3087 1321 3128 sermones
1351 3071 1609 3138 habebat,
1630 3070 1802 3127 refelli
1823 3085 1977 3128 ever-

394 3165 545 3234 tique
591 3173 878 3233 cerneret;
921 3165 1270 3222 occasionem
1300 3164 1592 3235 quamdam
1625 3163 1974 3234 excogitavit,

391 3271 491 3327 per
513 3270 680 3326 quam
713 3257 1051 3312 inanissimis
1077 3257 1184 3312 illis
1235 3261 1290 3310 et
1315 3255 1382 3309 ad
1412 3261 1691 3325 stuporem
1713 3253 1968 3310 conﬁctis

396 3347 597 3403 fabulis
626 3347 1014 3402 auctoritatem
1054 3346 1373 3402 ascisceret.
1410 3345 1547 3401 Cum
1575 3345 1722 3401 enim
1759 3357 1980 3414 percre-

393 3439 627 3505 buisset,
670 3438 965 3495 Persarum
1012 3439 1156 3510 regis
1192 3437 1362 3492 lilium
1389 3437 1626 3508 quadam
1654 3436 1980 3509 aegritudine

392 3540 706 3604 correptum
766 3531 822 3586 in
879 3531 1025 3602 regia
1095 3530 1388 3587 Persarum
1451 3531 1587 3586 urbe
1651 3529 1981 3585 decumbere

395 3630 601 3696 (neque
628 3625 773 3679 enim
819 3623 1008 3678 Manes
1047 3623 1160 3679 illic
1189 3622 1439 3694 degebat,
1471 3623 1566 3678 sed
1598 3622 1708 3677 alio
1740 3621 1978 3692 quodam

395 3715 598 3770 inloco
631 3715 699 3770 ab
730 3715 872 3787 regis
911 3713 1034 3767 aula
1069 3713 1306 3784 dissito),
1333 3719 1643 3769 excaecante
1685 3711 1837 3766 illum
1873 3711 1978 3764 im-

396 3806 668 3877 probitate
710 3821 832 3872 sua,
889 3812 1043 3862 ratus
1093 3822 1146 3860 tn
1198 3805 1316 3860 heri
1367 3806 1454 3861 sui
1505 3803 1817 3870 Terbinthi,
1861 3802 1981 3858 sive

395 3895 620 3962 Buddaa,
652 3896 749 3968 qui
776 3904 833 3952 et
867 3893 1154 3967 Scythiani
1184 3895 1360 3952 haeres
1389 3896 1590 3960 fuerat,
1627 3894 1784 3950 libris
1816 3907 1982 3964 posse

395 4004 458 4046 se
514 3989 582 4044 ad
631 3988 936 4045 sanandum
992 3989 1138 4061 regis
1194 3988 1364 4043 lilium
1423 3987 1668 4043 remedia
1727 3985 1980 4057 quaedam

399 4081 668 4149 invenire,
698 4096 766 4137 ex
795 4079 929 4138 urbe
971 4095 1070 4138 sua
1115 4079 1396 4152 digressus
1425 4078 1494 4135 ad
1518 4081 1722 4151 regiam
1747 4085 1980 4134 conten-

397 4174 517 4240 dit,
553 4190 618 4230 ac
649 4189 914 4246 quorsum
937 4174 1177 4230 venisset
1208 4173 1483 4246 aperiens,
1511 4179 1720 4229 certam
1756 4171 1867 4226 lilio
1895 4185 1981 4226 re-

401 4265 486 4334 gis
513 4280 670 4335 opem
722 4265 1014 4335 promittit.
1060 4262 1168 4320 Sed
1204 4278 1331 4335 spes
1378 4263 1734 4334 impostorem
1765 4259 1976 4317 fefellit.

400 4354 535 4410 Nam
576 4371 700 4411 cum
728 4371 875 4427 aegro
908 4356 1306 4412 medicamenta
1340 4355 1588 4428 quaedam
1613 4353 1978 4418 adhibuisset,
2013 4343 2057 4398 D

400 4449 816 4519 exspectatione
867 4462 969 4504 sua
1020 4446 1321 4504 frustratus
1373 4455 1460 4503 est
1489 4465 1503 4503 :
1537 4448 1673 4504 adeo
1723 4453 1783 4500 ut
1836 4445 1981 4501 inter

402 4539 550 4595 illius
577 4555 775 4596 manus
803 4540 1125 4598 adolescens
1158 4549 1439 4611 postremo
1467 4541 1539 4597 sit
1569 4548 1841 4607 mortuus,
1870 4553 1982 4610 quo

402 4645 542 4685 vana
576 4631 750 4702 ipsius
779 4647 845 4688 ac
872 4632 1153 4688 mendacia
1181 4632 1452 4703 promissa
1499 4630 1978 4685 convincerentur.

404 4723 528 4778 llaec
586 4738 710 4780 cum
767 4725 844 4779 ita
895 4725 1283 4795 contigissent,
1321 4725 1486 4795 622
1514 4722 1676 4793 jussu
1731 4721 1874 4793 regis
1923 4720 1978 4775 in

399 4807 619 4873 vincula
649 4817 966 4887 conjicitur.
999 4817 1185 4887 Neque
1213 4817 1360 4872 enim
1396 4815 1688 4870 Persarum
1725 4827 1883 4883 rcges
1926 4812 1981 4866 in

400 4908 670 4980 gravioris
701 4909 887 4963 delicti
919 4922 1042 4962 reos
1077 4906 1313 4963 subinde
1347 4904 1615 4976 supplicia
1646 4903 1981 4970 decernunt;

401 5003 496 5058 sed
541 4999 887 5072 exquisitiori
929 4998 1169 5070 quodam
1203 4997 1398 5054 mortis
1427 4997 1736 5068 excogitato
1760 5009 1982 5066 genere,

403 5091 694 5147 tormentis
743 5091 897 5162 prius
940 5090 1063 5146 illos
1098 5105 1163 5147 ac
1201 5088 1492 5162 quaestioni
1525 5086 1848 5159 subjiciunt.
1881 5085 1983 5150 llic

404 5184 568 5254 igitur
597 5184 816 5240 illorum
841 5198 962 5239 mos
989 5189 1094 5238 est.

473 5355 540 5411 ν.
575 5357 645 5411 At
698 5356 903 5422 Manes,
929 5358 1046 5414 sive
1079 5355 1372 5420 Cubricus,
1419 5356 1639 5412 interim
1668 5357 1722 5410 in
1755 5371 2003 5411 carcere

401 5449 771 5515 detinebatur,
821 5450 914 5506 ubi
949 5449 1100 5505 illum
1128 5449 1381 5520 discipuli
1411 5449 1532 5519 ejus
1562 5448 1860 5504 identidem
1896 5449 1982 5502 in-

403 5540 670 5596 visebant.
720 5538 840 5597 Jam
893 5543 1038 5598 enim
1089 5556 1267 5608 suam,
1321 5547 1383 5594 ut
1418 5540 1491 5594 ita
1519 5539 1721 5606 dicam,
1755 5554 1976 5594 manum

477 5697 494 5730 ³
524 5694 650 5752 For.
683 5698 924 5753 δύναται.
1004 5700 1024 5730 ²
1064 5695 1189 5751 For.
1224 5694 1318 5750 καὶ
1346 5696 1510 5749 ἁτοπ.

2081 3079 2396 3151 κεπφωθεὶς
2445 3080 2658 3134 ἐπενόει
2709 3078 2888 3151 ἐαυτῷ
2931 3077 3202 3151 πρόφασίν
3235 3095 3376 3144 τινα,
3411 3078 3482 3132 δι’
3513 3074 3590 3152 ἦς
3627 3079 3691 3133 τὸ

2085 3171 2217 3226 ίδιον
2249 3170 2635 3242 πλασματικῆς
2667 3169 3084 3242 δεινοποιήσεως
3120 3168 3326 3242 ταύτης
3358 3171 3685 3241 συστήσειε.

2083 3263 2196 3317 Καὶ
2227 3263 2415 3334 φήμης
2451 3261 2810 3334 διαδοθείσης,
2857 3261 2934 3325 ὡς
2971 3263 3000 3316 6
3040 3261 3158 3326 υίὸς
3185 3261 3278 3315 τοῦ
3306 3260 3414 3314 τῶν
3442 3260 3690 3333 Περσῶν

2087 3354 2352 3428 βασιλέως
2374 3353 2654 3426 ἀλγήματί
2679 3370 2782 3406 τινι
2825 3351 3238 3424 περιπέπτωκε,
3266 3351 3362 3406 καὶ
3387 3352 3688 3406 κατέκειτο

2085 3449 2144 3501 ἐν
2170 3449 2236 3520 τῇ
2273 3446 2630 3519 βασιλευούσῃ
2662 3444 2919 3515 Περσίδος
2957 3443 3109 3498 πόλει
3150 3442 3232 3516 (οὐ
3285 3443 3395 3514 γὰρ
3435 3445 3628 3497 ἐκεῖσε
3657 3444 3688 3496 6

2085 3537 2279 3608 Μάνης
2315 3534 2606 3608 διέτριϐεν,
2637 3533 2776 3587 ἀλλὰ
2813 3532 2948 3603 άλλη
2991 3549 3094 3585 που
3121 3530 3229 3586 ἀπὸ
3255 3529 3546 3602 πόρρωθεν
3583 3529 3684 3600 τῆς

2084 3624 2180 3680 τοῦ
2241 3623 2554 3696 βασιλέως)·
2608 3622 2714 3676 ὑπὸ
2753 3623 2853 3694 τῆς
2891 3621 3028 3685 ἰδίας
3076 3619 3276 3684 κακίας
3318 3617 3678 3688 τυφλώττων,

2085 3708 2178 3772 καὶ
2203 3717 2432 3788 νομίσας
2478 3715 2552 3786 μή
2596 3732 2684 3768 πω
2711 3715 2803 3783 ἀφ’
2835 3706 2911 3768 ὧν
2951 3706 3077 3784 εὗρε
3108 3711 3328 3784 βιϐλίων
3351 3701 3448 3764 τοῦ
3477 3708 3677 3764 ἐαυτοῦ

2084 3809 2346 3864 δεσπότου
2371 3806 2689 3881 Τερϐίνθου,
2724 3805 2818 3860 τοῦ
2849 3806 2945 3862 καὶ
2971 3790 3194 3871 Βουδδᾶ,
3227 3805 3470 3876 διαδόχου
3498 3804 3557 3858 δὲ
3578 3801 3678 3857 τοῦ

2087 3896 2424 3965 Σκυθιανοῦ,
2479 3895 2738 3952 δύνασθαί
2780 3898 2795 3929 ¹
2847 3913 2967 3952 τινα
3007 3897 3212 3968 ἰάματα
3249 3895 3548 3968 ἐνεργῆσαι
3593 3894 3675 3957 είς
3711 3968 3713 3970 η

2085 3992 2178 4048 τδν
2204 3991 2299 4046 τοῦ
2340 3989 2604 4062 βασιλέως
2639 3988 2775 4054 υἱὸν,
2811 3986 3037 4058 ἀπαίρει
3078 3987 3144 4040 ἐκ
3184 3984 3280 4039 τοῦ
3318 3984 3451 4038 ἰδίου
3480 3984 3671 4048 τόπου,

2087 4085 2182 4138 καὶ
2203 4084 2368 4154 ὁρμᾷ,
2398 4082 2492 4136 καὶ
2508 4080 2786 4152 τολμήσας
2818 4077 3013 4150 μηνύει
3038 4077 3107 4132 τά
3139 4077 3269 4149 περὶ
3293 4075 3671 4145 ἐαυτοῦ,,ὠφε-

2086 4174 2198 4229 λεῖν
2235 4173 2723 4244 ἐπαγγελλόμενος.
2776 4169 2987 4224 Ἀλλ’ού
3021 4167 3378 4242 προεχώρησε
3411 4167 3490 4239 τῷ
3515 4168 3670 4238 γόητι

2088 4269 2123 4337 ἠ
2182 4267 2281 4338 τῆς
2333 4265 2548 4329 ἐλπίδος
2594 4263 2888 4335 φαντασία.
2949 4261 3232 4334 Ἤμϐροτε
3286 4260 3397 4331 γὰρ
3436 4261 3546 4316 ἀπὸ
3572 4261 3672 4331 τῆς

2087 4357 2416 4430 καραδοκίας
2451 4356 2576 4411 τινὰ
2607 4355 2724 4427 εῐδη
2752 4354 3206 4427 φαρμακευτικῆς
3235 4353 3574 4424 προενέγκας
3594 4351 3671 4422 τῷ

2087 4446 2499 4519 νοσηλευομένῳ
2557 4443 2710 4500 παιδὶ
2752 4443 2849 4497 τοῦ
2902 4439 3186 4513 βασιλέως.
3219 4439 3386 4503 Τέλος
3425 4437 3558 4507 γοῦν
3593 4438 3672 4500 εἰς

2088 4536 2186 4602 τὰς
2209 4539 2396 4609 χεῖρας
2419 4535 2586 4590 αὑτοῦ
2618 4535 2844 4604 θνήσκει
2871 4533 2929 4587 τὸ
2949 4531 3256 4604 μειράκιον,
3293 4529 3381 4583 ἴνα
3399 4529 3576 4582 πάντα
3601 4525 3668 4581 τὰ

2091 4628 2230 4702 μετά
2269 4627 2364 4681 τοῦ
2396 4625 2622 4696 ψεύδους
2644 4623 2986 4694 διελέγχηται
3019 4623 3224 4693 μάταια
3255 4619 3665 4690 ἐπαγγέλματα.

2100 4724 2189 4786 Ὠς
2219 4721 2276 4776 δὲ
2303 4718 2463 4775 τοῦτο
2509 4716 2683 4780 οὕτως
2734 4714 2936 4786 ἀπέϐη,
2981 4711 3364 4786 προστάγματι
3409 4707 3666 4781 βασιλικῷ

2087 4812 2415 4886 ἐμϐάλλεται
2444 4810 2524 4874 εἰς
2548 4808 2611 4862 τὸ
2637 4808 3030 4879 δεσμωτήριον.
3060 4805 3136 4859 Οὐ
3160 4803 3269 4877 γὰρ
3303 4803 3464 4868 εὐθὺς
3489 4804 3538 4856 οἱ
3564 4801 3666 4855 τῶν

2086 4903 2313 4977 Περσῶν
2343 4900 2583 4972 βασιλεῖς
2608 4899 2706 4964 τὰς
2725 4898 2996 4970 τιμωρίας
3027 4896 3168 4951 κατά
3191 4895 3300 4949 τῶν
3325 4894 3424 4959 τὰς
3454 4893 3663 4966 μείζους

2086 4997 2287 5061 αἰτίας,
2310 4994 2420 5049 τῶν
2445 4993 2619 5064 ἁτοπή
2629 5008 2773 5064 ματα
2809 4991 2830 5022 ⁸
2861 4989 3112 5062 δρώντων
3125 4988 3479 5060 ἐπιφέρουσιν
3498 5005 3511 5020 ο
3535 4984 3664 5041 ἀλλά

2087 5087 2478 5160 περιττοτέραν
2520 5085 2646 5138 τινὰ
2671 5081 2945 5137 ἐπινοοῦσι
2985 5080 3282 5152 θανατικὴν
3315 5079 3494 5151 ψῆφον
3533 5077 3660 5149 μετὰ

2090 5179 2339 5250 βασάνων
2399 5178 2527 5240 τοὺς
2581 5173 3079 5244 ἐπαπειλουμένους
3155 5171 3509 5228 διατίθεσθαι.
3558 5168 3660 5224 Καὶ

2087 5267 2261 5323 ταῦτα
2293 5267 2392 5338 μὲν
2417 5265 2611 5328 οὕτως.

2159 5358 2237 5411 E'.
2273 5353 2540 5426 Ἑπέμενέ
2593 5370 2652 5407 τε
2687 5354 2753 5424 τῇ
2795 5353 2986 5425 εἱρκτῇ
3024 5350 3283 5406 διατελῶν
3325 5352 3354 5404 6
3400 5348 3603 5418 Μάνης,
3631 5346 3658 5397 6

2087 5450 2182 5503 ml
2207 5448 2536 5520 Κούϐρικος,
2585 5447 2678 5500 καὶ
2703 5445 2808 5501 ὑπὸ
2844 5445 2955 5501 τῶν
2987 5445 3132 5501 ἰδίων
3165 5443 3425 5516 μαθητῶν
3450 5444 3658 5497 ἐπισκε-

2084 5537 2373 5608 πτόμενος.
2433 5536 2572 5608 Ἤδη
2617 5537 2724 5609 γὰρ
2762 5539 2791 5592 6
2815 5537 3063 5610 ἀγύρτης
3121 5535 3454 5607 συναγήοχεν
3495 5528 3656 5598 ἐαυτῷ
