4008 6240
331 386 400 445 37
814 402 821 403 ί
974 383 1347 444 ADVERSUS
1385 383 1727 441 "BERESES
1761 383 1887 439 LIB.
1929 385 1992 442 Il.
2034 381 2200 441 TOM.
2253 381 2319 437 ll.
2354 414 2415 427 —
2458 382 2729 441 IIAERES.
2774 380 2956 441 LXVI.
3538 382 3610 440 $8

337 526 592 601 στρατὸν,
644 527 721 592 ὡς
778 526 974 591 εἰπεῖν,
1023 525 1119 589 οὒς
1176 525 1241 596 δὴ
1285 524 1533 597 μαθητὰς

335 619 570 692 ἀριθμὸν
622 619 723 690 ήδη
787 619 917 690 περὶ
973 617 1067 671 δύο
1120 619 1215 671 καὶ
1258 618 1479 670 εἴκοσιν.
1538 614 1627 682 Ἐξ
1666 609 1742 669 ὧν
1772 632 1938 678 τινας·

334 712 488 781 τρεῖς
541 709 923 781 ἐκλεξάμενος,
972 709 1174 779 Θωμᾶν
1217 725 1339 762 τινα
1374 706 1518 761 οὕτω
1567 706 1923 778 καλούμενον,

338 801 436 855 καὶ
475 801 761 873 Ἑρμείαν,
812 801 907 856 καὶ
943 801 1175 866 ’Λδδαν,
1220 799 1470 871 διενοήθη
1509 800 1761 871 ἀκηκοὼς
1798 798 1926 870 περὶ

337 891 449 945 τῶν
472 894 614 947 κατά
645 894 745 962 τὴν
786 892 1042 947 Ἰουδαίαν
1080 892 1178 946 καὶ¹
1220 891 1278 945 ἐν
1305 890 1412 962 ὅλῳ
1441 889 1520 961 τῷ
1549 892 1737 961 κόσμῳ
1765 889 1925 961 ἱερῶν

341 982 566 1053 βιϐλίων
591 1026 606 1051 ,
641 985 787 1056 φημὶ
828 984 886 1037 δέ
925 983 1349 1055 Χριστιανικῶν,
1388 982 1553 1053 νόμου
1582 999 1642 1035 τε
1675 984 1769 1034 καὶ
1795 998 1926 1052 προ-

338 1072 549 1144 φητῶν,
594 1072 967 1141 Εὑαγγελίων,
1021 1075 1118 1127 καὶ
1176 1071 1512 1127 ἀποστόλων.
1564 1070 1699 1133 Δοῦς
1745 1071 1925 1124 τοίνυν

340 1166 567 1237 χρυσίον
593 1168 705 1229 τοῖς
732 1166 1172 1238 προειρημένοις,
1214 1166 1307 1219 ἐπὶ
1338 1166 1404 1219 τά
1440 1165 1582 1236 μέρη
1616 1164 1725 1217 τῶν
1764 1164 1926 1234 Ἰερο⁴

343 1257 592 1329 ωλὺμων
615 1258 921 1313 ἀπέστειλε.
946 1258 1120 1311 Τοῦτο
1146 1258 1203 1312 δὲ
1238 1258 1461 1329 ἐποίησε
1496 1257 1662 1328 πρινὴ
1702 1257 1927 1327 καθειρ-

344 1347 540 1418 χθῆναι
598 1349 655 1402 ἐν
702 1351 769 1421 τῇ
812 1349 1050 1421 φυλακῇ,
1079 1351 1167 1403 ὅτε
1207 1349 1588 1419 διαλεγόμενος
1612 1348 1828 1411 πολλοῖς
1864 1348 1927 1401 τὸ

345 1438 474 1491 ἴδιον
501 1438 678 1509 δόγμα
702 1440 803 1493 οὐκ
834 1441 1023 1511 ἴσχυσε
1064 1441 1350 1512 συστῆσαι.
1399 1440 1676 1512 ’Λκηκοὼς
1713 1440 1770 1494 δέ
1798 1422 1927 1509 περὶ

339 1528 603 1599 ὀνόματος
640 1529 877 1601 Χριστοῦ
908 1532 999 1584 καὶ
1023 1530 1132 1585 τῶν
1156 1531 1320 1584 αὐτοῦ
1343 1531 1563 1595 δούλων,
1586 1530 1928 1601 Χριστιανῶν

337 1618 401 1672 τέ
435 1635 600 1689 φημι,
640 1618 924 1689 διεγνώκει
969 1621 1058 1676 διὰ
1076 1621 1171 1676 τοῦ
1197 1621 1459 1693 ὀνόματος
1486 1622 1584 1692 τῆς
1619 1620 1927 1699 ῦποθέσεως

340 1713 579 1784 Χριστοῦ
609 1713 887 1784 ἀπατῆσαι
924 1715 1049 1777 τοὺς
1087 1712 1553 1784 πεπλανημένους.
1584 1714 1647 1766 Oi
1674 1712 1730 1766 δὲ
1768 1714 1929 1768 ἀπελ-

340 1800 528 1868 θόντες
547 1804 830 1876 ὠνήσαντο
854 1819 867 1833 ⁸
897 1802 959 1855 οὐ
1002 1800 1111 1873 γὰρ
1140 1802 1514 1856 ἀνεϐάλλοντο.
1548 1799 1923 1871 Παλινδρομήι

341 1911 537 1960 σαντες
585 1897 664 1961 δὲ,
698 1895 775 1959 ὡς
814 1894 876 1947 οὐ
916 1892 1428 1964 καταλαμϐάνουσιν
1461 1891 1622 1947 αὑτὸν
1651 1891 1835 1945 οὐκέτι
1868 1894 1926 1945 ἐν

340 1986 613 2059 ἐλευθέρῳ
660 1986 802 2060 ἀέρι,
860 1984 997 2040 ἀλλά
1052 1985 1110 2036 ἐν
1155 1983 1236 2055 τῷ
1280 1983 1659 2055 δεσμωτηρίῳ,
1705 1982 1928 2037 κάκεῖσε

340 2079 698 2147 εἰσελθόντες,
760 2078 1106 2132 ἐπεδείκνυον
1150 2074 1302 2146 αὑτῷ
1340 2075 1440 2139 τὰς
1472 2074 1710 2145 βίϐλους.
1757 2074 1816 2129 Ὀ
1845 2074 1928 2140 δὲ,

340 2170 523 2225 λαϐὼν
552 2171 647 2225 καὶ
677 2170 1067 2243 ἀνερευνήσας,
1096 2166 1550 2238 ἐρῤᾳδιούργησε,
1587 2166 1929 2237 προσπλὲξας

338 2266 408 2335 τῇ
440 2262 669 2335 ἀληθείᾳ
700 2263 761 2317 τὸ
791 2257 921 2316 ἴδιον
952 2259 1166 2330 ψεῦδος,
1188 2257 1315 2311 ἔνθα
1341 2275 1443 2311 που
1478 2249 1603 2329 εὗρε
1638 2257 1929 2329 πρόσωπον

342 2355 503 2424 λόγου
553 2354 588 2425 ἢ
653 2354 847 2425 κλῆσιν
882 2353 1190 2424 δυναμένην
1233 2351 1513 2405 ἀποτελεῖν
1542 2351 1795 2422 ὁμοίωμα
1836 2348 1928 2402 τοῦ

343 2445 511 2499 αὑτοῦ
529 2447 899 2519 φρονήματος.
924 2445 1036 2498 Καὶ
1067 2442 1319 2496 ἐντεῦθεν
1346 2441 1533 2495 λοιπὸν
1568 2441 1833 2514 ἐκράτυνε
1869 2440 1931 2493 τὸ

342 2536 678 2591 ἐπίπλαστον
726 2536 821 2590 τοῦ
884 2533 1051 2590 αὐτοῦ
1113 2533 1471 2605 κοσμήματος
1515 2535 1556 2588 ί.
1630 2534 1791 2588 Ἀλλά
1836 2533 1931 2587 καὶ

345 2626 552 2698 μεταξὺ
582 2627 841 2701 ἄργυρον,
867 2625 1320 2698 προσλιπαρήσας
1350 2625 1441 2679 τὸν
1480 2625 1573 2678 ἐπὶ
1596 2624 1689 2679 τοῦ
1720 2614 1931 2697 δεσμωὲ

339 2720 557 2793 τηρίου,
609 2719 791 2773 δίδωσι
839 2718 1029 2782 πολὺν,
1091 2717 1185 2769 καὶ
1256 2716 1438 2785 φυγὰς
1497 2717 1929 2784 ἀπαλλάττεται,

342 2812 683 2883 καταλείψας
711 2811 810 2884 τὴν
836 2811 945 2866 τῶν
974 2810 1203 2883 Περσῶν
1236 2808 1442 2882 χώραν,
1479 2811 1572 2864 καὶ
1598 2812 1665 2881 τῇ
1711 2807 1931 2881 Ῥωμα-

341 2902 435 2975 νίᾳ
486 2901 809 2974 προσέϐαλε.
856 2896 1035 2957 Μέσον
1072 2902 1129 2956 δὲ
1163 2903 1262 2975 ήδη
1304 2902 1588 2973 τυγχάνων
1611 2901 1711 2971 τῆς
1742 2901 1933 2972 Μέσης
1972 2908 1981 2913 “

340 2996 454 3049 τῶν
493 2994 758 3066 ποταμῶν
796 2994 891 3048 καὶ
934 2994 1035 3066 τῆς
1077 2994 1357 3067 Περσίδος,
1387 2994 1516 3064 περὶ
1548 2992 1648 3056 τὰς
1696 2993 1931 3063 ἐρημίας

344 3085 427 3140 ῑτι
457 3086 741 3159 ὑπάρχων,
786 3088 987 3158 ἤκουσε
1028 3086 1156 3157 περὶ
1196 3086 1435 3157 μεγάλου
1467 3084 1611 3148 τινος
1649 3083 1841 3154 ἀνδρὸς
1874 3085 1932 3137 ἐν

342 3179 631 3252 θεοσεϐείᾳ
665 3178 944 3249 ἀκροτάτῃ
992 3176 1409 3247 διαπρέποντος,
1456 3172 1777 3245 Μαρκέλλου
1812 3170 1935 3224 τοῦ·
1962 3193 2005 3251 C

341 3288 508 3342 νομα,
549 3268 934 3331 κατοικοῦντος
979 3269 1036 3322 ἐν
1076 3266 1343 3339 Κασχάρῃ
1373 3264 1525 3319 πόλει
1561 3264 1661 3335 τῆς
1688 3264 1932 3317 Μεσοπο-

341 3360 572 3432 ταμίας,
625 3359 687 3424 δς
728 3354 799 3431 ἦν
861 3358 1000 3430 ἀνὴρ
1032 3357 1176 3412 κατά
1218 3358 1396 3411 πάντα
1441 3354 1786 3427 Χριστιανὸς,
1837 3354 1931 3407 καὶ

343 3450 530 3521 ἔργοις
595 3445 944 3518 δικαιοσύνης
1003 3444 1459 3516 θαυμασιώτατος
1489 3484 1504 3509 ,
1569 3443 1768 3516 χήραις
1832 3444 1930 3513 μὲν

241 3596 253 3605 ,
343 3540 609 3613 ἐπαρκῶν
626 3540 721 3594 καὶ
742 3538 995 3609 πένησιν,
1034 3539 1289 3609 ὀρφανοῖς
1315 3536 1371 3590 δέ
1402 3536 1499 3591 καὶ
1535 3538 1651 3599 τοῖς
1683 3535 1932 3605 ἐνδεομέ-

342 3648 486 3695 νοις·
529 3630 819 3685 διανοεῖται
871 3627 1207 3701 προσπλέξαι
1268 3627 1405 3698 πρὸς
1462 3625 1552 3680 τὸν
1608 3625 1798 3697 ἀνδρα,
1842 3625 1930 3691 ἵν’,

345 3723 663 3796 ὑποχείριον
703 3721 892 3775 τοῦτον
945 3721 1310 3792 κτησάμενος,
1357 3718 1614 3791 δυνηθείη
1657 3718 1724 3771 δι’
1765 3715 1931 3770 αὐτοῦ

345 3815 617 3886 κατάρξαι
636 3815 698 3869 οὐ
725 3814 888 3886 μόνον
918 3813 1017 3884 τῆς
1062 3810 1508 3881 Μεσοποταμίας,
1532 3809 1670 3863 ἀλλά
1709 3810 1803 3863 καὶ
1838 3808 1932 3862 τοῦ

346 3903 612 3974 κλίματος
637 3901 837 3966 παντὸς
861 3900 957 3955 τοῦ
989 3899 1126 3972 πρὸς
1151 3898 1249 3971 τὴν
1270 3899 1468 3972 Συρίαν
1482 3916 1543 3952 τε
1576 3898 1671 3952 καὶ
1714 3898 1931 3968 Ῥωμα-

347 3993 488 4047 νίαν.
521 3990 728 4063 Γράφει
766 3990 822 4045 δέ
860 3988 1009 4061 αὐτῷ
1036 3988 1330 4060 ἐπιστολὴν
1353 3987 1497 4042 οὕτω
1533 3988 1623 4041 διά
1646 3986 1934 4059 Τύρϐωνός

347 4100 495 4147 τινος
555 4083 664 4137 τῶν
711 4082 878 4136 αὐτοῦ
936 4080 1198 4153 μαθητῶν
1237 4080 1345 4134 ἀπὸ
1396 4079 1490 4133 τοῦ
1544 4079 1779 4151 πέρατος
1836 4078 1934 4132 τοῦ

348 4175 608 4247 Στράγγα
640 4171 912 4243 ποταμοῦ,
947 4171 1055 4226 ἀπὸ
1087 4170 1383 4226 καστέλλου
1420 4170 1750 4241 Ἀραϐίωνος
1791 4169 1936 4223 οὕτω

348 4254 688 4337 καλουμένου
717 4282 732 4298 ο
784 4266 907 4336 ήτις
950 4266 984 4335 ὴ
1025 4262 1283 4335 ἐπιστολή
1332 4265 1574 4334 περιεῖχε
1629 4261 1777 4317 τάδε.
1825 4261 1935 4314 Καί

353 4377 444 4431 μοι
474 4358 657 4412 λαϐὼν
701 4357 975 4427 ἀνάγνωθι
1013 4356 1076 4410 τὸ
1125 4355 1468 4427 ἐπιτήδευμα
1507 4354 1609 4425 τῆς
1660 4353 1756 4407 τοῦ
1794 4353 1937 4407 ἀπα-

348 4452 547 4517 τεῶνος
578 4450 903 4524 μοχθηρίας.

520 4630 857 4699 Μανιχαίου
883 4627 1035 4698 πρὸς
1068 4625 1427 4696 Μάρκελλον
1454 4622 1772 4691 ἐπιστολή.

424 4744 517 4810 ς’.
548 4742 848 4812 Μανιχαῖος
886 4740 1183 4804 ἀπόστολος
1232 4736 1405 4810 Ἰησοῦ
1456 4736 1716 4809 Χριστοῦ,
1758 4737 1852 4789 καὶ
1890 4736 1937 4789 οἱ

354 4835 454 4889 σὺν
503 4834 627 4905 ἐμοὶ
692 4833 896 4897 πάντες
947 4831 1095 4901 άγιοι
1145 4829 1241 4883 καὶ
1293 4828 1576 4901 παρθένοι,
1633 4827 1939 4900 Μαρκέλλῳ

351 4926 532 4996 τέκνῳ
573 4923 844 4996 ἀγαπητῷ
871 4922 1050 4996 χάρις,
1092 4922 1263 4986 ἔλεος,
1298 4921 1489 4994 είρήνη
1517 4920 1626 4974 ἀπὸ
1656 4919 1791 4973 Θεοῦ
1825 4921 1939 4973 Πα-

352 5016 482 5089 τρὸς
511 5016 607 5070 καὶ
642 5015 848 5086 Κυρίου
879 5014 1036 5086 ήμῶν
1074 5011 1250 5082 Ἰησοῦ
1286 5010 1527 5082 Χριστοῦ
1546 5026 1561 5042 ·
1608 5009 1704 5063 καὶ
1732 5012 1768 5082 ὴ
1792 5010 1941 5077 δεξιά

353 5108 449 5163 τοῦ
473 5108 654 5173 Φωτὸς
692 5107 1015 5179 διατηρήσοι
1060 5122 1121 5159 σε
1154 5102 1261 5158 ἀπὸ
1297 5102 1392 5156 τοῦ
1419 5101 1714 5167 ἐνεστῶτος
1752 5102 1948 5167 αἰῶνος

356 5201 619 5275 πονηροῦ,
656 5201 753 5255 καὶ
795 5199 905 5255 τῶν
934 5195 1359 5269 συμπτωμάτων
1381 5194 1567 5261 αὐτοῦ,
1590 5194 1685 5249 καὶ
1704 5194 1950 5265 παγίδων

354 5289 449 5344 τοῦ
479 5289 737 5361 πονηροῦ.
780 5289 973 5360 Ἀμήν.

426 5382 538 5455 Τὴν
571 5383 669 5453 μὲν
718 5382 849 5453 περὶ
888 5381 949 5433 σὲ
985 5380 1206 5451 ἀγάπην
1234 5376 1498 5450 μεγίστην
1547 5369 1716 5429 οὖσαν
1742 5374 1937 5448 αίσθης

358 5470 471 5536 θεὶς
496 5472 618 5526 λίαν
641 5472 845 5543 ἐχάρην
866 5487 881 5503 ·
927 5471 1028 5542 τὴν
1055 5470 1114 5524 δέ
1142 5468 1323 5524 πίστιν
1346 5467 1446 5521 οὐκ
1480 5464 1646 5521 οὖσαν
1677 5467 1817 5520 κατὰ
1846 5465 1937 5520 τὸν

359 5564 516 5637 ιρθὸν
565 5566 724 5636 λόγον
763 5563 1060 5637 ἠχθέσθην.
1093 5559 1260 5617 Ὅθεν
1286 5558 1422 5631 πρὸς
1446 5558 1817 5629 ἐπανόρθωσιν
1842 5557 1935 5610 τοῦ

359 5658 466 5714 τῶν
483 5658 784 5730 ἀνθρώπων
809 5657 1000 5728 γένους
1017 5651 1366 5719 ἀποσταλεὶς,
1396 5649 1711 5723 φειδόμενός
1735 5665 1795 5703 τε
1828 5647 1936 5704 τῶν

437 5820 454 5850 ⁸
486 5832 575 5882 γρ.
606 5812 968 5886 βοσκήματος.

1587 523 1794 588 ἐκάλει,
1831 520 1923 577 τὸν
1958 511 1997 563 Α
2028 501 2328 555 circulator
2361 500 2462 555 iste
2494 500 2811 569 collegerat,
2850 514 2989 569 quos
3026 496 3329 567 discipulos
3363 498 3612 552 nomina-

2027 591 2140 659 bat,
2174 593 2315 647 duos
2345 606 2410 646 ac
2444 592 2655 663 viginti.
2688 591 2933 657 Quorum
2964 608 2995 647 e
3024 607 3257 647 numero
3282 599 3396 646 tres
3424 592 3611 663 elegit,

2027 680 2317 749 Thomam,
2376 683 2663 739 Ilermeam
2717 691 2772 739 et
2826 684 3056 738 Addam.
3112 685 3192 739 Ac
3251 702 3375 740 cum
3429 688 3618 741 animo

2026 783 2301 844 repeteret
2345 790 2469 845 quae
2516 775 2585 829 de
2630 775 2806 829 sacris
2848 775 3290 831 Christianorum
3326 778 3482 832 libris
3513 794 3614 831 au-

2024 864 2224 929 dierat,
2273 866 2364 935 qui
2424 865 2479 919 in
2527 863 2712 919 Judaea
2762 873 2989 935 totoque
3032 875 3300 920 terrarum
3343 869 3477 922 orbe
3505 869 3617 922 cir—

2026 957 2496 1021 cumferebantur,
2528 957 2632 1011 hoc
2660 964 2745 1012 est
2776 957 2913 1027 lege,
2953 957 3253 1026 prophetis,
3304 957 3617 1032 Evangeliis

2026 1048 2521 1119 apostolorumque
2572 1048 2819 1118 scriptis,
2865 1054 3152 1102 numerata
3212 1050 3442 1118 pecunia
3489 1050 3615 1105 Ilie-

2028 1137 2363 1208 rosolymam
2423 1138 2550 1193 illos
2611 1138 2832 1206 allegat.
2893 1136 3001 1191 Sed
3056 1138 3157 1191 hoc
3212 1146 3339 1192 ante
3390 1139 3618 1204 fecerat,

2028 1242 2194 1297 quam
2261 1229 2317 1282 in
2377 1243 2657 1285 carcerem
2720 1228 3130 1298 conjiceretur,
3191 1230 3414 1298 quando
3472 1232 3617 1301 apud

2028 1319 2232 1373 multos
2274 1319 2439 1373 verba
2494 1320 2704 1375 faciens
2751 1319 2949 1389 dogma
2999 1334 3160 1373 suum
3213 1321 3446 1388 probare
3504 1336 3612 1375 non

2028 1419 2261 1481 poterat.
2334 1411 2701 1478 Quamobrem
2757 1411 2944 1467 audito
2982 1412 3184 1465 (Ihristi
3231 1413 3459 1482 ejusque
3503 1428 3619 1466 ser-

2031 1518 2247 1569 vorum,
2304 1504 2408 1559 hoc
2451 1513 2536 1560 est
2585 1504 3045 1568 Christianorum,
3082 1503 3337 1568 nomine,
3371 1504 3472 1556 hac
3502 1505 3619 1574 ipsa

2031 1593 2396 1665 professionis
2445 1595 2610 1663 hujus
2662 1594 3026 1666 appellatione
3072 1594 3139 1648 ad
3175 1595 3483 1649 illudendos
3518 1596 3612 1649 ho-

2030 1688 2205 1743 mines
2240 1687 2392 1742 abuti
2443 1688 2654 1743 statuit.
2686 1687 2923 1743 Profecti
2956 1687 3141 1757 itaque
3170 1687 3422 1756 discipuli
3448 1688 3620 1744 libros

2033 1779 2158 1836 illos
2214 1780 2365 1834 nulla
2417 1780 2741 1850 interposita
2774 1794 2928 1834 mora
2957 1786 3235 1835 coemunt.
3291 1779 3498 1834 Deinde
3550 1781 3619 1834 ad

2034 1872 2356 1941 magistrum
2408 1873 2612 1927 reversi
2670 1873 2783 1942 jam
2852 1886 2976 1926 eum
3031 1872 3283 1927 libertate
3341 1874 3616 1942 privatum

2030 1971 2194 2034 atque
2242 1965 2297 2019 in
2342 1979 2621 2019 carcerem
2666 1971 3013 2034 compactum
3051 1966 3351 2034 reperiunt.
3386 1964 3508 2031 Quo
3542 1965 3610 2019 ad

2030 2055 2181 2110 illum
2236 2055 2470 2127 ingressi
2502 2056 2671 2111 libros
2702 2054 2959 2110 offerunt.
3013 2054 3225 2121 Quibus
3268 2057 3508 2127 acceptis
3539 2070 3604 2112 ac

2029 2147 2323 2219 diligenter
2362 2148 2619 2215 evolutis,
2664 2148 2806 2201 mala
2845 2146 2949 2201 fide
2978 2148 3235 2217 pleraque
3264 2147 3609 2217 depravavit,

2029 2238 2246 2293 veritati
2302 2237 2646 2293 mendacium
2692 2253 2852 2292 suum
2908 2238 3203 2291 admiscuit
3242 2279 3256 2305 ,
3304 2239 3623 2309 ubicunque

2030 2329 2271 2398 speciem
2321 2329 2560 2399 aliquam
2629 2329 2897 2384 orationis
2945 2330 3476 2402 appellationemque
3526 2345 3624 2385 na-

2029 2429 2155 2475 ctus
2196 2429 2283 2474 cst
2310 2460 2325 2485 ,
2368 2435 2491 2490 qua:
2539 2420 2789 2474 nonnihil
2832 2421 3112 2491 opinionis
3141 2425 3268 2491 :sua:
3302 2423 3483 2478 simile
3510 2438 3627 2493 prie

2028 2526 2092 2566 se
2127 2509 2315 2566 ferret.
2352 2509 2508 2566 Unde
2539 2519 2594 2567 et
2621 2509 2913 2566 confictam
2941 2511 3202 2582 deinceps
3230 2528 3260 2567 a
3292 2529 3350 2569 se
3382 2514 3626 2568 fabulam

2041 2602 2313 2658 afﬁrmare
2353 2612 2586 2661 conatus
2615 2612 2720 2660 est.
2758 2604 2981 2659 Interim
3020 2604 3224 2675 ingenti
3264 2607 3624 2677 pecuniarum

2033 2697 2086 2751 vi
2151 2697 2502 2766 assiduisque
2555 2698 2810 2768 precibus
2870 2706 3098 2752 exorato
3140 2697 3624 2753 commentariensi

2035 2789 2222 2859 fugam
2261 2789 2478 2860 arripit,
2513 2804 2577 2844 ac
2607 2790 2794 2845 relicta
2831 2788 3055 2844 Perside
3087 2788 3457 2844 Romanorum
3491 2790 3627 2845 ﬁnes

2034 2876 2370 2948 ingreditur.
2435 2879 2684 2949 Cumque
2716 2878 2828 2947 jam
2878 2878 2947 2932 ad
2991 2878 3398 2948 MesOpotamiae
3442 2879 3628 2935 Persi—

2033 2966 2230 3038 disque
2258 2967 2497 3022 confinia
2534 2983 2600 3023 ac
2638 2967 3011 3034 solitudinem,
3048 2984 3172 3037 quae
3206 2968 3320 3022 illic
3372 2975 3477 3033 est,
3510 2984 3627 3038 pcr-

2033 3058 2295 3124 venisset,
2326 3058 2639 3112 nuntiatum
2660 3066 2745 3114 est
2775 3059 3291 3128 praestantissimum
3316 3060 3610 3128 quemdam

2041 3163 2164 3203 esse
2212 3149 2428 3214 virum,
2486 3158 2651 3219 atque
2706 3149 2995 3205 excellenti
3058 3150 3260 3220 pietate
3309 3150 3623 3220 praeditum,

2038 3240 2356 3296 Marcellum
2391 3242 2635 3304 nomine,
2668 3242 2761 3312 qui
2793 3241 3104 3306 Caseharae,
3134 3242 3280 3312 quod
3313 3242 3625 3313 Mesopota-

2039 3329 2162 3385 miae
2195 3329 2457 3400 oppidum
2514 3337 2619 3395 est,
2676 3330 2971 3395 habitaret,
3028 3331 3208 3385 virum
3258 3330 3627 3401 undequaque

2037 3420 2453 3489 Christianum,
2525 3429 2689 3493 atque
2736 3422 2792 3477 in
2842 3422 3101 3478 omnibus
3148 3423 3377 3493 justitize
3432 3422 3626 3479 officiis

2036 3512 2200 3582 plane
2257 3511 2740 3585 mirabilem:qui
2790 3520 2845 3568 et
2899 3513 3103 3573 viduis.
3162 3520 3217 3569 et
3269 3515 3624 3585 pauperibus,

2040 3619 2254 3659 necnon
2311 3612 2365 3661 et
2395 3605 2685 3676 orphanis,
2716 3621 2781 3660 ac
2808 3605 3049 3676 denique
3098 3605 3473 3677 indigentibus
3515 3605 3626 3658 lar-

2040 3698 2269 3769 giretur.
2319 3696 2402 3752 Ad
2437 3698 2585 3753 hunc
2622 3697 2793 3769 igitur
2833 3698 3108 3768 applicare
3138 3714 3199 3754 se
3222 3697 3387 3769 623
3421 3697 3628 3752 consti-

2039 3780 2168 3849 tuit,
2226 3790 2285 3837 ut
2326 3797 2451 3837 cum
2498 3782 2801 3838 obnoxium
2852 3783 2955 3837 sibi
3000 3782 3280 3837 hominem
3317 3781 3625 3845 habuisset,

2040 3892 2151 3931 non
2198 3876 2256 3932 in
2302 3875 2696 3947 Mesopotamia
2727 3875 2911 3941 modo,
2956 3874 3053 3930 sed
3092 3882 3146 3929 et
3175 3883 3293 3928 toto
3325 3873 3419 3928 illo
3454 3870 3633 3944 Syriae

2042 3966 2383 4038 Romanique
2421 3966 2635 4037 imperii
2673 3973 2854 4021 tractu
2887 3965 3159 4021 dominari
3205 3973 3413 4035 posset.
3469 3964 3622 4030 Quo-

2041 4059 2190 4113 eirca
2217 4057 2489 4127 ejusmodi
2522 4057 2591 4112 ad
2622 4056 2775 4111 illum
2804 4057 3094 4127 epistolam
3120 4056 3334 4122 scribit,
3363 4071 3460 4126 per
3480 4055 3628 4109 Tur-

2040 4150 2240 4206 bonem
2289 4149 2607 4220 quemdam,
2636 4164 2805 4203 unum
2835 4164 2899 4203 ex
2932 4148 3223 4217 discipulis
3256 4146 3396 4211 suis,
3434 4161 3501 4201 ex
3536 4160 3628 4201 ea-

2043 4243 2203 4299 stello
2250 4241 2547 4305 Arabione,
2598 4240 2746 4312 quod
2780 4240 2846 4295 ad
2877 4241 3170 4309 Strangam
3206 4236 3431 4292 ﬂuvium
3460 4238 3627 4292 silum

2042 4343 2129 4391 est
2159 4353 2173 4390 :
2209 4334 2440 4405 epistola
2485 4348 2652 4404 porro
2704 4335 2780 4389 ita
2812 4348 2935 4389 sese
2975 4331 3230 4387 habebat.
3278 4331 3453 4397 Quam
3484 4338 3539 4383 tu
3575 4331 3628 4384 in

2042 4441 2241 4483 manus
2272 4425 2548 4497 accipiens
2575 4425 2895 4497 intpostoris
2937 4424 3086 4481 illius
3109 4424 3362 4479 callidam
3392 4438 3457 4478 ac
3484 4430 3625 4477 vete-

1964 4540 2010 4596 ι)
2049 4520 2310 4575 ratoriam
2347 4527 2520 4573 artem
2556 4518 2785 4589 legemlo
2815 4518 3156 4587 cognoscito.

2334 4633 2625 4689 Mauichwi
2652 4635 2722 4688 ad
2752 4632 3070 4689 Marcellum
3097 4632 3343 4704 epistola.

2114 4748 2203 4803 τι.
2260 4746 2599 4802 Manichmus
2639 4746 2924 4817 apostolus
2970 4745 3111 4802 Jesu
3154 4746 3394 4811 Christi,
3440 4752 3495 4801 et
3532 4744 3629 4816 qui

2044 4853 2259 4893 mecum
2302 4846 2433 4892 sunt
2472 4837 2655 4892 sancti
2720 4851 2911 4891 omnes
2950 4844 3007 4891 et
3050 4834 3329 4905 virgines,
3374 4834 3636 4890 Marcello

2046 4930 2157 4985 fiiio
2184 4930 2538 5001 charissimo,
2571 4929 2772 5001 gratia,
2826 4927 3232 4994 misericordia,
3283 4942 3387 4998 pax
3439 4942 3471 4981 a
3518 4925 3633 4981 Deo

2044 5022 2208 5077 Patre
2238 4997 2309 5078 ἐι
2354 4997 2597 5077 Domino
2630 5030 2821 5077 nostro
2845 5019 2978 5076 lesu
3004 5018 3257 5086 Christo;
3288 4997 3356 5073 ac
3380 5027 3435 5073 te
3468 5016 3632 5072 Lucis

2045 5110 2273 5168 dextera
2307 5111 2584 5167 custodiat
2616 5126 2647 5166 a
2676 5111 2933 5184 praesenti
2957 5111 3159 5179 saeculo
3186 5125 3442 5181 nequam,
3480 5109 3630 5179 ejus-

2045 5219 2155 5276 que
2185 5204 2430 5273 casibus,
2453 5214 2503 5261 ει
2548 5206 2757 5278 laqueis
2792 5206 3039 5279 maligni.
3069 5206 3262 5261 Amen.

2119 5374 2277 5442 Quod
2309 5383 2362 5433 te
2387 5392 2603 5434 summa
2625 5379 2895 5437 charitate
2922 5377 3209 5450 praeditum
3231 5390 3354 5433 esse
3374 5378 3630 5449 cognovi,

2047 5468 2404 5526 vehementer
2466 5487 2589 5527 sum
2644 5473 2888 5544 gavisus.
2953 5470 3107 5537 Quod
3160 5485 3294 5525 vero
3328 5485 3435 5525 non
3466 5480 3636 5525 rectae

2044 5557 2248 5611 rationi
2302 5572 2733 5616 consentancam
2793 5560 2952 5615 fidem
3013 5558 3308 5630 profiteris,
3374 5558 3635 5629 equidem

2044 5649 2218 5707 dolui.
2277 5650 2649 5719 Quamobrem
2716 5666 2845 5707 cum
2901 5650 2971 5705 ad
3024 5649 3408 5725 corrigendum
3458 5663 3632 5723 genus
