4008 6240
237 340 292 396 ἂι
876 345 1245 404 ADVERSUS
1281 347 1622 404 lleRESES
1664 344 1791 402 LIB.
1830 345 1893 402 11.
1938 343 2099 401 TO.\|.
2144 345 2207 400 ll.
2252 379 2316 389 --
2359 347 2632 403 ll/ERES.
2677 347 2863 404 LXVI.
3429 335 3496 389 η

389 483 713 553 Ἐπιστολὴ
744 486 1102 556 Μαρκέλλου
1137 489 1286 558 πρὸς
1323 494 1476 546 Mart
1482 489 1672 560 χαῖον.

304 616 622 687 Μάρκελλος
664 617 805 688 ἀνὴρ
842 620 1115 690 ἐπίσημος
1164 622 1451 693 Μανιχαίῳ
1480 622 1557 690 τῷ
1595 621 1682 673 διὰ
1720 619 1821 687 τῆς

230 709 526 778 ἐπιστολῆς
560 709 876 782 δηλουμένῳ
905 713 1137 783 χαίρειν.
1163 714 1273 785 Τὴν
1298 715 1398 784 μέν
1429 715 1532 767 ὑπὸ
1563 715 1656 766 σοῦ
1688 731 1825 784 γρα-

232 802 425 866 φεῖσαν
445 799 736 869 ἐπιστολὴν
761 805 1126 873 προσηκάμην
1147 821 1160 835 ·
1184 805 1277 857 τὸν
1289 805 1345 857 δὲ
1369 805 1444 856 “ro
1456 805 1635 875 ρϐωνα
1658 822 1825 875 προσ-

231 892 505 963 εδεξάμην
533 895 675 946 κατὰ
719 894 1119 967 φιλοφροσύνην
1154 898 1310 967 ἐμήν.
1346 897 1465 949 Τῶν
1489 897 1546 949 δὲ
1570 898 1830 967 γραμμά-

235 1002 344 1038 των
387 987 478 1037 τὸν
526 984 649 1038 νοῦν
679 987 929 1057 οὐδαμῶς
966 987 1168 1056 ἔγνων·
1202 991 1249 1041 εί
1287 989 1361 1060 μὴ
1405 991 1468 1042 σὺ
1517 990 1827 1060 παραγενό-

237 1093 400 1144 μενος
414 1076 629 1147 φράσῃς
660 1079 793 1146 ἡμῖν
822 1079 1196 1150 καταλογάδην
1215 1079 1466 1144 ἕκαστον,
1491 1080 1564 1142 ὡς
1590 1079 1827 1148 ὑπέσχου

235 1167 324 1219 διὰ
346 1167 443 1235 τῆς
474 1167 785 1237 ἐπιστολῆς.
815 1168 1119 1240 Ἔρρωσθε.

312 1285 392 1335 Η’.
435 1282 620 1336 Ταῦτα
653 1285 814 1352 γνοὺς
845 1287 873 1338 ὁ
906 1285 1100 1356 Μάνης
1149 1286 1444 1340 ἐσκέπτετο
1490 1288 1588 1340 οὐκ
1621 1287 1831 1358 ἀγαθὴν

237 1372 378 1429 εἶναι
400 1377 612 1447 τὴντοῦ
641 1376 930 1447 Τύρϐωνος
957 1381 1014 1431 ἐν
1039 1378 1259 1443 καθέξει
1299 1381 1594 1451 γενομένην
1629 1399 1834 1451 παρου-

239 1467 365 1519 σίαν
402 1465 683 1534 (πολλάκις
724 1466 782 1519 δὲ
830 1467 927 1520 καὶ
962 1467 1123 1520 αὐτὸν
1152 1467 1358 1539 ἠπάτα,
1393 1469 1530 1521 ἄλλα
1573 1470 1722 1540 παρὰ
1767 1469 1837 1522 τὰ

238 1559 370 1611 ὄντα
404 1558 801 1629 λογιζόμενος),
833 1561 1205 1632 πληροφορίας
1241 1561 1340 1632 τῆς
1369 1561 1562 1615 ἐαυτοῦ
1595 1561 1836 1625 διανοίας

242 1651 423 1720 χάριν.
484 1651 698 1723 Ὅμως,
758 1652 845 1704 διὰ
900 1655 999 1723 τῆς
1063 1654 1356 1723 ἐπιστολῆς
1414 1654 1709 1724 λαϐόμενος
1738 1653 1838 1724 τὴν

243 1743 545 1815 πρόφασιν,
579 1743 856 1814 δρομαίως
887 1740 990 1815 ῆκε
1019 1745 1153 1816 πρὸς
1187 1746 1279 1799 τὸν
1311 1746 1650 1817 Μάρκελλον.
1689 1748 1748 1800 '0
1781 1746 1839 1799 δὲ

1851 473 1897 527 Α

2200 489 2447 544 Marcelli
2482 493 2551 544 ad
2587 493 2938 546 Mauichtvum
2977 489 3226 558 epistola-

1999 629 2289 683 Marcellus
2335 632 2416 683 vir
2461 629 2690 686 illustris
2722 629 3018 683 Manichaee
3069 643 3166 697 per
3215 627 3505 696 epistolam

1928 722 2060 774 mihi
2092 723 2314 792 cognito
2359 722 2611 776 salutem.
2667 720 2865 790 Accepi
2915 735 3053 789 quas
3090 721 3154 774 ad
3191 735 3276 774 me
3310 720 3506 773 dedisti

1935 815 2165 870 litteras.
2207 814 2515 885 Tyrbonem
2544 811 2707 883 625
2736 826 2866 866 vero
2898 826 2994 880 pro
3027 828 3145 864 mea
3176 813 3512 881 benignitate

1932 907 2169 977 suscepi.
2208 906 2351 971 Quid
2389 915 2570 960 autem
2604 905 2801 958 litterae
2853 913 2958 958 ture
3008 904 3112 958 sibi
3157 906 3325 957 velint
3375 921 3512 957 non-

1932 996 2060 1048 dum
2116 996 2398 1057 intellexi,
2457 995 2561 1047 nisi
2616 1002 2673 1047 tu
2725 993 2792 1046 ad
2841 1009 2939 1047 nos
2997 993 3222 1046 veniens
3276 993 3512 1062 singula,

1934 1089 2009 1141 uti
2069 1104 2160 1155 per
2217 1089 2430 1142 litteras
2477 1087 2754 1156 recepisti,
2799 1086 2862 1139 ad
2905 1085 3128 1138 verbum
3172 1083 3514 1153 exposueris.

1939 1177 2142 1232 Valete.

2011 1291 2146 1345 VIII.
2193 1291 2314 1345 Haec
2369 1292 2461 1344 ubi
2513 1290 2698 1345 Manes
2745 1291 2978 1358 accepit.
3027 1291 3242 1343 tametsi
3293 1291 3426 1344 nihil
3467 1291 3520 1344 in

1942 1403 2005 1439 ea
2054 1385 2329 1456 Tyrbonis
2380 1385 2681 1438 retentione
2716 1382 2842 1435 boni
2884 1395 3008 1436 esse
3043 1398 3227 1436 secum
3273 1383 3515 1436 animad-

1938 1486 2176 1533 verteret
2215 1479 2233 1547 (
2263 1492 2504 1547 persaepe
2541 1491 2668 1530 vero
2698 1476 2808 1528 falli
2837 1477 3094 1544 Opinione
3124 1476 3352 1538 solebat,
3385 1476 3525 1529 alia-

1940 1586 2045 1640 que
2067 1571 2271 1634 omnia,
2300 1583 2462 1639 quam
2489 1569 2584 1631 ita,
2615 1567 2691 1621 uti
2721 1583 2778 1622 se
2809 1582 2898 1621 res
2927 1567 3159 1621 habebat
3191 1567 3518 1636 conjicere),

1944 1672 2003 1718 ut
2035 1663 2103 1718 de
2136 1670 2248 1716 tota
2296 1679 2353 1714 re
2386 1661 2587 1716 certior
2619 1660 2794 1725 ﬁeret,
2832 1660 3128 1714 occasione
3176 1675 3240 1714 ex
3287 1658 3527 1714 Marcelli

1945 1758 2145 1813 litteris
2208 1766 2454 1825 accepta,
2499 1754 2782 1810 celerrime
2831 1753 2900 1808 ad
2932 1753 3104 1807 .illum
3145 1754 3403 1807 accurrit.
3461 1752 3531 1805 At

243 1833 546 1896 ἐπίσκοπος
595 1833 887 1904 Ἀρχέλαος
920 1834 1058 1906 ἔχων
1101 1837 1160 1887 ἐν
1202 1833 1382 1905 ἑαυτῷ
1437 1834 1577 1905 μετὰ
1619 1836 1712 1889 τὸν
1747 1836 1839 1888 λό-

1973 1851 2252 1905 trchelaus
2280 1849 2574 1918 episcopus
2611 1855 2807 1916 ιιι-αξιοι·
2842 1845 3157 1900 doctrinam
3212 1843 3334 1899 ﬁdei
3376 1845 3530 1899 insu-

252 1945 343 1995 γον
375 1929 391 1958 ¹
425 1927 519 1980 καὶ
547 1926 610 1980 τὸ
639 1926 938 1998 ζηλωτικὸν
980 1927 1082 1996 τῆς
1124 1928 1380 1990 πίστεως,
1411 1925 1746 1990 ἐϐουλεύετο,
1791 1929 1840 1981 εἰ

247 2015 313 2088 ῆν
346 2018 593 2082 δυνατὸν,
630 2019 690 2086 ἐξ
730 2019 905 2090 αὐτῆς
934 2019 1025 2073 τὸν
1053 2019 1242 2090 ἄνδρα,
1265 2019 1455 2092 ὥσπερ
1490 2019 1775 2091 πάρδαλιν,
1806 2021 1840 2092 ἢ

243 2110 434 2175 λύκον,
464 2111 499 2182 ἡ
521 2127 576 2164 τι
597 2110 785 2182 ἕτερον
812 2111 922 2163 τῶν
947 2108 1151 2180 Θηρίων
1180 2109 1477 2180 ἀγρεύσας,
1503 2109 1720 2179 θανάτῳ
1742 2129 1845 2164 πα-

251 2201 529 2272 ραδοῦναι,
559 2201 647 2254 ἵνα
676 2201 752 2273 μὴ
783 2201 846 2254 λυ
856 2201 1030 2272 μανθῇ
1053 2201 1122 2255 τὰ
1142 2201 1458 2273 θρέμματα,
1484 2203 1729 2258 τοιούτου
1751 2203 1848 2275 θη-

253 2296 367 2366 ρὸς,
402 2293 511 2365 [ἐφ’
540 2293 686 2366 ὁδοῦ]
719 2294 818 2364 τὴν
861 2295 884 2327 ⁸
923 2293 1129 2347 εἴσοδον
1162 2293 1462 2349 κατανοῶν.
1511 2294 1570 2347 Ὀ
1605 2295 1661 2348 δὲ
1689 2295 1849 2365 Μάρ-

255 2384 446 2448 κελλος
478 2387 542 2456 τῇ
578 2384 932 2456 μακροθυμία
969 2384 1170 2456 μᾶλλον
1197 2385 1351 2456 ἠξίου
1393 2386 1487 2439 καὶ
1513 2385 1850 2453 ἀνεξικάκως

255 2479 349 2530 τὸν
400 2478 538 2549 πρὸς
582 2477 746 2531 αὐτὸν
779 2476 1028 2546 διάλογον
1065 2478 1160 2530 ἀπ’
1183 2477 1350 2531 αὐτοῦ
1390 2479 1663 2548 γενέσθαι.
1701 2480 1761 2533 '0
1793 2479 1851 2534 δέ

258 2571 363 2640 ἤδη
417 2569 757 2641 μεμαθηκὼς
807 2569 911 2641 τῆς
954 2569 1050 2624 τοῦ
1082 2570 1242 2642 Μάνη
1271 2570 1497 2644 γνώμης
1529 2571 1631 2644 τὴν
1673 2574 1853 2626 πᾶσαν

260 2661 538 2715 ὑπόθεσιν·
579 2663 878 2735 διηγήσατο
920 2663 1029 2735 γὰρ
1069 2665 1251 2728 αὐτοῖς
1283 2666 1311 2718 ὁ
1340 2664 1588 2736 Τύρὸων,
1614 2665 1763 2737 αύτῷ
1795 2683 1856 2719 τε

261 2755 358 2807 καὶ
391 2755 718 2828 Μαρκέλλῳ,
741 2756 841 2827 τὴν
867 2756 969 2827 τῆς
999 2757 1260 2828 αἱρέσεως
1289 2759 1470 2811 πᾶσαν
1500 2759 1854 2828 κενοφωνίαν·

263 2849 341 2910 ὡς
369 2850 397 2901 ὁ
431 2849 530 2917 μὲν
571 2849 767 2918 Μάνης
801 2849 895 2902 δύο
933 2851 1107 2920 ἀρχὰς
1130 2852 1429 2921 εἰσηγεῖται
1456 2851 1728 2923 ὰνάρχους
1772 2852 1862 2905 ἀεὶ

265 2939 453 3003 οὔσας,
492 2941 584 2993 καὶ
617 2941 883 3012 μηδέποτε
919 2942 1298 3006 διαλειπούσας
1340 2942 1398 2995 τὺ
1431 2937 1593 3006 εἶναι,
1621 2943 1861 2996 ἀντικει-

273 3036 440 3102 μένας
470 3033 606 3103 πρὸς
640 3033 893 3105 ἀλλήλαςσ
928 3036 1022 3088 καὶ¹
1042 3037 1106 3105 τῇ
1141 3035 1241 3105 μὲν
1275 3035 1374 3105 μιᾷ
1396 3034 1567 3106 ὄνομα
1591 3035 1771 3106 τίθησι
1803 3034 1865 3088 τὸ

272 3126 390 3195 φῶς
429 3128 525 3179 καὶ
554 3126 782 3196 ἀγαθὸν,
811 3130 877 3198 τῇ
909 3128 966 3180 δὲ
995 3127 1159 3198 ἑτέρᾳ
1193 3126 1385 3188 σκότος
1412 3126 1506 3178 καὶ
1542 3125 1762 3191 κακίαν,
1787 3125 1862 3188 ὼς

273 3214 413 3273 εἶναι
443 3219 576 3271 Θεὸν
602 3220 696 3272 καὶ⁵
720 3219 984 3273 διάϐολονο
1009 3219 1138 3272 ποτὲ
1159 3218 1216 3271 δέ
1244 3218 1337 3272 καὶ
1363 3217 1518 3282 θεοὺς
1544 3219 1672 3281 τοὺς
1692 3218 1870 3288 ἀμφο-

274 3311 468 3384 τέρους
500 3311 677 3377 καλεῖ,
715 3312 846 3366 Θεὸν
873 3311 1098 3380 ἀγαθὸν,
1135 3312 1230 3365 καὶ
1263 3311 1397 3364 Θεὸν
1422 3310 1681 3382 πονηρόν.
1716 3306 1870 3363 Εἶναι

277 3405 335 3458 δὲ
363 3407 430 3458 ἐκ
456 3403 569 3458 τῶν
603 3403 698 3457 δύο
727 3403 912 3476 ἀρχῶν
947 3404 1016 3457 τὰ
1041 3404 1238 3469 πάντα,
1267 3403 1360 3456 καὶ
1402 3403 1744 3457 συνεστάναιο
1779 3403 1872 3456 καὶ

280 3496 377 3567 τὴν
419 3497 519 3566 μὲν
555 3496 686 3567 μίαν
724 3495 900 3566 ἀρχὴν
931 3495 1001 3549 τὰ
1045 3495 1224 3564 ἀγαθὰ
1250 3496 1428 3549 πάντα
1460 3499 1656 3561 ποιεῖν,
1687 3495 1784 3566 τὴν
1816 3495 1874 3548 δέ

279 3587 366 3640 ἑτέ
378 3602 476 3648 ραν
507 3585 706 3656 ὁμοίως
741 3586 808 3639 τὰ
835 3585 1032 3654 φαῦλα.
1067 3588 1251 3656 Ἔχειν
1277 3586 1334 3639 δὲ
1365 3588 1422 3640 ἐν
1447 3585 1526 3657 τῷ
1549 3587 1738 3657 κόσμῳ
1764 3586 1875 3640 τῶν

279 3682 375 3735 δύο
401 3679 609 3734 τούτων
635 3680 819 3752 ἀρχῶν
844 3680 943 3744 τὰς
965 3682 1311 3745 ὑποστάσεις.
1342 3680 1454 3733 Καὶ
1484 3681 1583 3752 τὴν
1619 3681 1716 3752 μὲν
1747 3680 1877 3750 μίαν

282 3773 458 3845 ἀρχὴν
492 3773 849 3842 πεποιηκέναι
875 3772 936 3825 τὸ
969 3771 1150 3842 σῶμα,
1180 3773 1280 3844 τὴν
1313 3772 1370 3826 δέ
1399 3769 1576 3843 ψυχὴν
1604 3767 1745 3824 εἶναι
1777 3771 1878 3841 τῆς

285 3868 498 3935 ἐτέρας.
527 3865 708 3934 Αὐτὴν
740 3864 796 3917 δὲ
831 3860 1093 3935 εἶναιτὴν
1118 3864 1298 3935 ψυχὴν
1326 3865 1424 3935 τὴν
1457 3866 1515 3918 ἐν
1548 3863 1876 3935 ἀνθρώποις,

286 3961 380 4012 καὶ
417 3959 478 4010 ἐν
507 3959 672 4011 παντὶ
716 3958 864 4027 ζώῳ,
917 3958 1012 4012 καὶ
1059 3956 1313 4027 πετεινῷ,
1356 3958 1449 4010 καὶ
1493 3957 1728 4028 ἑρπετῷ,
1785 3957 1880 4009 καὶ

288 4052 567 4122 κνωδάλῳ·
594 4053 656 4104 ού
698 4051 857 4122 μόνον
906 4050 1042 4104 ἀλλὰ
1075 4051 1171 4103 καὶ
1203 4051 1261 4103 ἐν
1288 4053 1398 4112 τοῖς
1431 4053 1618 4118 φυτοῖς
1655 4049 1753 4120 τὴν
1780 4047 1881 4118 τῆς

289 4143 438 4213 ζωῆς
469 4143 671 4213 ἰκμάδα
699 4144 915 4213 κίνησιν
941 4139 1080 4196 εἶναι
1114 4143 1293 4213 ψυχῆς
1324 4141 1570 4211 φάσκων,
1598 4143 1661 4210 ἢν
1693 4141 1786 4194 καὶ
1823 4141 1882 4193 ἐν

290 4241 402 4302 τοῖς
435 4238 745 4310 ἀνθρώποις
771 4239 1125 4310 ὑπάρχουσαν
1148 4238 1314 4306 λέγει.

360 4355 440 4410 Θ’.
485 4355 655 4409 Ἀλλα
683 4355 737 4409 δὲ
757 4356 859 4409 ὅσα
893 4353 1224 4424 μυθοποιᾶω,
1249 4352 1344 4406 καὶ¹
1363 4352 1630 4406 διδάσκων
1661 4350 1880 4421 φάσκει,

291 4450 382 4504 τὸν
425 4449 675 4502 ἐσθίοντα
714 4449 924 4519 σάρκας
951 4449 1129 4519 ψυχήν
1164 4465 1327 4518 φησιν
1347 4446 1548 4499 ἐσθίειν
1582 4445 1674 4498 τὸν
1711 4443 1878 4498 τοιοῦ-

293 4559 406 4604 τον,
444 4541 540 4593 καὶ
562 4536 700 4594 εἶναι
722 4539 884 4593 αὐτὸν
917 4539 1101 4611 ἔνοχον
1125 4537 1218 4592 τοῦ
1249 4538 1344 4592 καὶ⁴
1375 4537 1538 4592 αὑτὸν
1565 4535 1804 4590 τοιοῦτόν
1829 4552 1882 4586 τι
1916 4513 1962 4571 ί)

294 4635 571 4704 γενέσθαι.
611 4634 699 4697 Ὠς
729 4635 777 4687 εί
799 4633 969 4703 ἔφαγε
997 4636 1201 4704 χοῖρον,
1221 4633 1402 4702 χοῖρον
1424 4625 1580 4693 αὖθις
1607 4626 1880 4695 γενέσθαι,

295 4729 328 4800 ἢ
364 4727 586 4797 ταῦρον,
624 4725 658 4795 ἢ
696 4726 903 4795 ὄρνεον,
941 4723 975 4792 ἦ
1014 4741 1064 4776 τι
1093 4720 1202 4773 τῶν
1238 4719 1513 4789 ἐδωδίμων
1545 4714 1879 4785 κτισμάτων.

299 4821 389 4874 Διὸ
419 4819 679 4890 ἐμψύχων
711 4817 772 4870 οὐ
808 4816 1125 4888 μετέχουσιν
1151 4805 1316 4866 οὗτοι.
1349 4811 1459 4863 Καὶ¹
1482 4809 1598 4869 ἐὰν,
1626 4808 1780 4878 φησὶ,
1802 4807 1886 4868 τὶς

302 4912 545 4983 φυτεύσῃ
576 4911 610 4982 ἢ
650 4909 844 4980 συκῆν,
878 4909 912 4980 ἢ
943 4908 1152 4970 ἐλαίαν,
1182 4907 1215 4978 ἢ
1260 4904 1522 4975 ἄμπελον,
1568 4902 1601 4972 ἢ
1653 4917 1886 4969 συκομο-

304 5007 444 5078 ρίαν,
478 5006 512 5075 ἢ
547 5004 803 5074 περσέαν,
838 5002 933 5056 καὶ
969 5000 1130 5054 αὑτὸν
1157 4999 1574 5067 τελευτήσαντα,
1611 4989 1766 5055 αὖθις
1797 4992 1886 5044 δε-

307 5097 560 5169 σμεῖσθαι
589 5095 754 5149 αὑτοῦ
790 5094 886 5165 τὴν
917 5093 1094 5164 ψυχὴν
1135 5094 1193 5144 ἐν
1225 5093 1337 5152 τοῖς
1365 5088 1599 5150 κλάδοις,
1633 5079 1712 5148 οἷς
1757 5082 1887 5150 ἐφύα

303 5207 459 5244 τευσε
486 5189 748 5259 δένδρεσι,
777 5187 870 5239 καὶ
910 5187 983 5257 μὴ
1016 5183 1274 5237 δύνασθαι
1304 5180 1671 5251 ὑπερϐαίνειν.
1701 5176 1810 5229 Καὶ
1839 5175 1890 5226 εἴ

306 5299 406 5344 τις.
444 5280 597 5351 φησὶ,
637 5281 794 5349 γήμῃ
832 5281 1084 5345 γυναῖκα,
1125 5272 1279 5338 αὖθις
1311 5273 1471 5327 αὑτὸν
1511 5269 1648 5342 μετὰ
1681 5269 1776 5339 τὴν
1805 5271 1891 5320 ἐν·

307 5373 495 5426 τεῦθεν
535 5369 856 5440 ἀπαλλαγὴν
903 5367 1468 5438 μετενσωματοῦσθαι,
1511 5364 1605 5418 καὶ
1649 5360 1892 5431 γίνεσθαι

312 5465 471 5517 uvam
523 5466 776 5531 γυναῖκα,
837 5462 986 5522 ὅπως
1038 5461 1134 5512 καὶ
1183 5460 1343 5521 αὐτὸς
1371 5455 1668 5527 γαμηθείη.
1702 5453 1810 5506 Καὶ
1847 5452 1897 5504 εἴ

314 5575 415 5620 τις,
445 5559 628 5628 φησὶν.
665 5556 953 5622 ἐφόνευσεν
995 5553 1299 5622 ἄνθρωπον,
1342 5551 1479 5621 μετὰ
1505 5550 1602 5619 τὴν
1649 5547 1898 5616 σώματος

315 5647 634 5718 ἀπαλλαγὴν
667 5645 823 5712 αὖθις
876 5644 1346 5716 καταστρέφεσθαι
1387 5644 1482 5714 τὴν
1522 5641 1687 5696 αὑτοῦ
1721 5640 1900 5711 ψυχὴν

389 5823 408 5854 ⁸
439 5821 500 5876 F.
542 5823 680 5892 μετὰ
705 5823 812 5875 τῶν
841 5823 1036 5890 λόγων.
1149 5825 1170 5853 ²
1199 5820 1257 5875 F.
1287 5821 1478 5891 ἐφόδῳ,
1512 5819 1631 5890 τήν.

655 5915 924 5974 ΡΑτιιοι.
959 5915 1074 5971 Gn.
1120 5914 1172 5972 Χ
1189 5913 1286 5970 ιιι

1959 1959 2057 2014 per
2105 1943 2303 1997 ardore
2351 1940 2636 2011 praeditus,
2679 1946 2871 1994 auctor
2907 1947 3045 2002 erat,
3081 1948 3161 2001 ut,
3192 1939 3237 1992 si
3265 1938 3378 1994 ﬁeri
3405 1954 3534 2008 pos-

1951 2043 2056 2098 set,
2095 2033 2259 2088 homo
2306 2033 2418 2094 ille,
2466 2030 2623 2101 pardi
2673 2031 2850 2085 instar
2880 2045 2942 2084 ac
2974 2029 3110 2099 lupi,
3154 2030 3238 2084 vel
3289 2029 3536 2099 cujusvis

1950 2127 2179 2182 alterius
2229 2125 2452 2188 bestiae,
2497 2124 2834 2193 interceptus
2875 2122 3038 2177 morti
3085 2122 3413 2187 traderetur,
3468 2137 3538 2176 ne

1964 2216 2239 2288 ejusmodi
2275 2216 2404 2271 ferae
2440 2215 2758 2268 incursione
2789 2229 2986 2283 pecora
3018 2214 3371 2279 laederentur,
3411 2228 3538 2268 eum

1958 2310 2110 2366 illius
2142 2310 2454 2380 ingressum
2492 2315 2873 2378 cognosceret.
2910 2306 3198 2361 Marcellus
3227 2314 3420 2362 contra
3447 2321 3542 2375 pa-

1963 2403 2165 2458 tienter
2198 2417 2262 2456 ac
2285 2399 2481 2455 leniter
2513 2400 2697 2469 potius
2731 2400 2883 2453 illum
2911 2398 2965 2452 in
2997 2398 3272 2468 colloquio
3299 2406 3542 2452 tractan-

1964 2497 2094 2551 dum
2129 2495 2377 2566 putabat.
2436 2492 2532 2549 Ille
2575 2506 2707 2547 vero
2745 2500 3031 2561 comperta
3065 2492 3176 2559 jam
3220 2490 3397 2546 Manis
3423 2492 3543 2561 opi-

1956 2589 2121 2643 nione
2149 2603 2212 2642 ac
2242 2586 2492 2641 doctrina
2525 2605 2538 2640 :
2574 2585 2848 2655 siquidem
2879 2583 3063 2655 Tyrbo
3117 2584 3337 2654 utrique
3370 2591 3542 2640 totam

1957 2679 2107 2734 illius
2153 2687 2318 2734 sectae
2360 2678 2663 2732 vanitatem
2707 2677 3032 2748 explicarat,
3079 2675 3542 2746 quemadmodum

1961 2772 2172 2828 scilicet
2206 2771 2317 2825 duo
2347 2771 2619 2840 principia
2667 2777 2961 2830 statueret,
3009 2784 3132 2838 quas
3176 2775 3231 2822 et
3275 2768 3546 2838 principio

1963 2870 2240 2925 carerent,
2274 2877 2373 2916 nec
2399 2875 2640 2928 unquam
2675 2859 3010 2920 desinerent,
3044 2859 3388 2927 invicemque
3423 2873 3550 2912 con-

1963 2954 2135 3008 traria
2164 2953 2382 3014 forent;
2415 2966 2646 3021 quorum
2691 2965 2861 3002 unum
2908 2950 3083 3003 lucem
3117 2964 3181 3002 ac
3213 2948 3415 3002 bonum
3453 2964 3550 3018 ap-

1966 3045 2232 3116 pellaret:
2300 3043 2533 3096 alterum
2593 3040 2850 3094 tenebras
2899 3053 2963 3092 ac
3013 3040 3239 3100 malum,
3291 3045 3350 3092 ut
3403 3037 3547 3092 idem

1971 3137 2083 3192 sint
2107 3150 2171 3188 ac
2194 3133 2338 3189 Deus
2366 3141 2421 3188 et
2455 3131 2709 3187 diabolus
2734 3149 2748 3184 :
2779 3145 2919 3199 quos
2942 3130 3162 3199 quidem
3192 3130 3384 3184 ambos
3411 3144 3552 3183 non-

1972 3239 2252 3295 nunquam
2295 3222 2435 3278 Deos
2459 3223 2803 3284 :nominaret,
2832 3219 3001 3274 Deum
3033 3220 3289 3275 videlicet
3320 3221 3550 3283 bonum,

1975 3334 2038 3375 ac
2067 3317 2235 3372 Deum
2276 3317 2501 3370 malum.
2547 3314 2631 3368 Ab
2670 3314 2758 3368 his
2785 3312 3003 3366 duobus
3033 3311 3324 3382 principiis
3354 3320 3552 3366 exorta

1976 3427 2040 3466 ac
2063 3409 2360 3466 constituta
2391 3421 2515 3463 esse
2540 3405 2755 3472 omnia;
2785 3419 3020 3475 quorum
3077 3404 3148 3458 ab
3185 3404 3358 3458 altero
3386 3404 3554 3469 bona,

1976 3504 2044 3558 ab
2068 3504 2240 3557 altero
2263 3500 2406 3554 mala
2426 3498 2611 3552 omnia
2639 3497 3092 3567 proﬁciscuntur,
3127 3511 3248 3564 qua:
3272 3496 3554 3550 amborum

1977 3591 2370 3664 principiorum
2404 3589 2461 3644 in
2495 3589 2599 3643 hoc
2622 3587 2827 3642 mundo
2855 3587 3270 3644 subsistentiam
3301 3588 3554 3641 habeant.

1979 3682 2061 3735 Ad
2116 3681 2231 3737 hate
2283 3695 2486 3750 corpus
2531 3677 2599 3732 ab
2646 3691 2757 3732 uno
2803 3678 3025 3732 illorum
3075 3692 3200 3732 esse
3248 3677 3554 3741 conditum,

1980 3773 2218 3827 animam
2253 3773 2321 3827 ab
2347 3773 2538 3825 altero.
2577 3769 2711 3835 Quae
2739 3769 2956 3838 quidem
2999 3769 3180 3823 anima
3216 3780 3324 3822 tam
3361 3771 3415 3823 in
3456 3771 3560 3822 ho-

1981 3865 2266 3928 minibus,
2329 3878 2494 3933 quam
2566 3863 2621 3915 in
2681 3861 2897 3916 caeteris
2956 3861 3318 3916 animalibus.
3391 3861 3559 3916 adeo-

1982 3973 2091 4026 que
2143 3955 2368 4017 avibus,
2432 3953 2781 4022 serpentibus
2853 3967 2918 4006 ac
2968 3953 3162 4008 bestiis
3217 3953 3348 4006 insit
3391 3971 3404 4006 :
3452 3953 3562 4005 imo

1984 4051 2146 4104 etiam
2195 4047 2483 4115 stirpibus,
2531 4045 2588 4099 in
2629 4045 2830 4114 quibus
2873 4044 3090 4098 vitalem
3124 4044 3406 4097 humorem
3444 4058 3563 4096 me-

1987 4151 2101 4195 tum
2135 4139 2335 4193 animae
2361 4137 2553 4196 deﬁnit
2598 4151 2744 4202 esse,
2792 4133 3099 4206 cujusmodi
3149 4136 3203 4188 in
3247 4135 3563 4189 hominibus

1986 4231 2253 4287 cernitur.

2058 4345 2146 4400 IX.
2191 4345 2395 4399 Prmter
2421 4344 2539 4399 haac
2565 4343 2700 4398 alias
2723 4346 3008 4413 plerasque
3039 4338 3252 4395 fabulas
3294 4335 3562 4405 adjnngit,

1989 4438 2134 4490 velut
2171 4436 2213 4490 si
2247 4436 2370 4505 quis
2400 4435 2661 4488 carnibus
2691 4443 2965 4488 vescatur.
3006 4431 3242 4484 animam
3279 4428 3564 4493 devorare,

1989 4543 2219 4597 eamque
2261 4525 2608 4580 committere
2647 4537 2886 4591 pmnam,
2920 4533 2978 4575 ut
3013 4525 3066 4577 in
3104 4523 3339 4592 idipsum
3390 4527 3570 4574 mute-

1990 4630 2101 4675 tur.
2146 4619 2315 4691 626
2362 4614 2610 4685 Exempli
2661 4614 2858 4683 gratia,
2896 4615 2941 4668 si
2976 4629 3202 4684 porcum
3245 4613 3566 4677 comederit,

1990 4729 2219 4785 porcqu
2275 4713 2427 4766 illum
2479 4709 2630 4773 fore,
2685 4708 2769 4763 vel
2826 4715 3064 4770 taurum,
3128 4707 3215 4761 vel
3266 4722 3443 4768 avem,
3483 4706 3567 4758 vel

1991 4807 2269 4878 quidpiam
2309 4821 2416 4874 quo
2444 4806 2738 4859 vescimur.
2777 4799 3011 4870 Ideoque
3041 4801 3110 4855 ab
3140 4800 3399 4854 animatis
3435 4799 3561 4853 abs-

2003 4904 2197 4952 tinent.
2251 4895 2408 4961 Quod
2455 4895 2500 4949 si
2560 4895 2715 4965 quis,
2753 4893 2949 4962 inquit,
3005 4891 3167 4945 licum
3216 4889 3438 4954 severit,
3478 4901 3577 4948 aut

1997 4990 2200 5052 oleam,
2251 4996 2345 5041 aut
2388 4988 2578 5050 vitem,
2619 4993 2711 5040 aut
2745 4999 3115 5056 sycomorum,
3151 4989 3245 5034 aut
3278 4979 3580 5050 persicam,

1999 5088 2121 5151 post
2166 5096 2270 5132 moi
2291 5087 2396 5133 tem
2449 5080 2591 5147 ejus,
2637 5093 2800 5148 quam
2845 5076 3128 5146 plantavit,
3161 5073 3376 5128 arboris
3406 5067 3581 5123 ramis

2000 5175 2277 5243 alligatur,
2328 5181 2388 5225 ut
2435 5171 2561 5225 inde
2615 5170 2799 5240 egredi
2850 5185 2958 5224 non
3005 5167 3198 5237 possit.
3253 5164 3584 5230 Quicunque

1999 5280 2130 5318 vero
2171 5278 2394 5317 uxorem
2445 5262 2682 5321 duxerit,
2717 5268 2838 5330 post
2865 5258 3072 5312 obitum
3105 5259 3158 5309 in
3199 5252 3345 5308 aliud
3379 5264 3584 5319 corpus

2002 5357 2224 5415 transit,
2257 5355 2420 5425 ﬁtque
2460 5354 2675 5419 nudier,
2706 5361 2837 5408 utet
2866 5353 3107 5407 vicissim
3144 5347 3316 5418 possit
3355 5344 3579 5399 nubere.

2005 5451 2106 5516 Qui
2152 5450 2424 5504 hominem
2468 5447 2752 5512 occiderit,
2799 5446 2890 5499 ubi
2922 5461 2986 5499 ex
3022 5444 3122 5496 hac
3162 5442 3271 5494 vita
3304 5436 3584 5500 discessit,

2008 5545 2061 5597 in
2110 5543 2318 5613 celephi
2368 5556 2570 5611 corpus
2624 5541 2910 5608 demigrat,
2945 5545 3039 5590 aut
3073 5537 3270 5598 muris,
3327 5541 3422 5589 aut
3474 5546 3588 5586 ser-

2010 5638 2209 5708 pentis,
2259 5645 2350 5689 aut
2392 5632 2542 5688 aliud
2595 5632 2831 5698 denique
2864 5627 2922 5682 lit
2972 5627 3262 5698 ejusmodi.
3322 5625 3485 5697 quale
3533 5621 3591 5677 id

3275 5897 3314 5949 2
