4008 6240
491 285 556 342 3.3
1891 297 1946 351 S.
1989 299 2043 352 El

2148 301 2330 357 nam
3121 285 3128 292 ’
3672 313 3746 374 44

487 409 571 455 est
619 401 762 469 quod
803 401 1157 460 interfecerit.
1192 405 1331 472 Quin
1364 407 1465 461 hoc
1501 407 1722 477 insuper
1751 412 2036 465 asserebat

2168 419 2248 480 είς
2306 418 2568 488 κελέιρου¹
2599 421 2777 492 σῶμα,
2807 422 2838 492 ἢ
2868 423 2945 486 εἰς
2980 423 3102 493 μῦν,
3135 425 3166 495 ἣ
3200 425 3278 488 είς
3308 425 3450 492 ὅφιν,
3491 425 3524 494 ἡ
3554 443 3606 479 τι
3629 443 3741 480 τοι·

487 495 764 549 cmlestem
807 494 952 548 illam
996 496 1121 552 boni
1151 497 1242 552 Dei
1283 499 1626 567 sapientiam,
1662 516 1784 554 cum
1826 505 2060 556 animam

487 599 580 652 per
641 586 820 638 omnia
876 586 1192 658 dissipatam
1251 590 1507 660 colligere
1563 592 1720 646 vellet
1789 593 2058 664 (animam

483 676 628 728 enim
657 684 765 730 tam
814 677 924 744 ille,
953 694 1112 748 quam
1146 681 1265 748 ejus
1297 689 1595 738 sectatores
1629 682 1930 743 ll-laniclnei.
1970 686 2059 740 Dei

484 766 809 834 particulam
859 785 978 824 esse
1025 779 1236 839 putant,
1269 771 1340 824 ab
1369 787 1542 842 eoque
1584 776 1848 840 avulsam,
1904 785 1956 830 et
1994 778 2060 831 ab

485 857 700 912 adversi
746 859 957 927 imperii
999 859 1309 931 radicisque
1354 864 1695 938 principibus
1741 867 1796 921 in
1827 869 2058 938 captivi-

487 957 649 1002 tatem
695 948 966 1004 redactam
1003 952 1055 1004 in
1099 967 1326 1022 corpora
1357 972 1480 1011 esse
1511 957 1880 1030 depressam).
1925 959 2060 1014 Pro-

487 1037 613 1092 inde
649 1039 792 1106 quod
822 1040 1009 1094 eadem
1051 1044 1138 1094 illa
1169 1045 1324 1100 cibus
1355 1063 1543 1103 eorum
1579 1061 1724 1106 esset
1749 1051 2053 1120 hominum,

483 1128 573 1198 qui
599 1128 770 1196 ipsam
811 1141 1123 1198 rapuerant,
1157 1144 1319 1206 atque
1355 1139 1408 1192 in
1449 1143 1776 1210 corporibus
1810 1146 1924 1199 suis
1944 1147 2060 1201 dis-

487 1219 810 1283 tribuerant,
853 1223 1054 1290 quibus
1103 1227 1264 1281 etiam
1294 1229 1462 1284 robur
1487 1233 1741 1304 viresque
1800 1237 2057 1306 suppedi-

477 1315 555 1363 tet
591 1326 604 1375 ;
667 1319 952 1380 propterea
1011 1313 1306 1386 Sapientia,
1353 1321 1551 1393 inquit,
1591 1324 1682 1378 illa
1717 1341 1879 1396 quam
1917 1329 2055 1382 dixi-

481 1415 622 1463 mus,
663 1401 845 1456 sidera
891 1404 943 1457 in
981 1407 1120 1462 caelo
1167 1409 1270 1464 ista
1317 1413 1606 1470 collocavit
1644 1418 1813 1472 solem
1867 1435 1928 1474 ac
1980 1422 2054 1474 lu-

478 1507 627 1556 nam,
677 1495 974 1566 stellasque
1021 1509 1270 1564 cazteras,
1317 1512 1371 1559 et
1412 1507 1560 1562 illam
1614 1509 1900 1566 duodecim
1944 1515 2054 1569 cle-

477 1584 696 1647 mentis,
742 1594 800 1638 ut
849 1586 1055 1645 Graecis
1109 1594 1306 1662 placet,
1353 1607 1697 1656 constantem
1745 1606 2050 1660 machinam

477 1677 753 1744 produxit.
791 1679 1003 1746 Quibus
1032 1683 1102 1738 ab
1133 1685 1418 1744 elementis
1441 1691 1669 1746 aﬂirmat
1711 1705 2048 1752 mortuorum

2171 507 2325 560 οὖτον
2353 507 2508 574 αὖθις
2538 512 2775 578 ἔσεσθαι,
2807 515 3023 579 ὁποίους
3045 518 3139 569 καὶ
3161 517 3466 585 ἐφόνευσεν.
3497 519 3742 586 Ἔφασκε

2164 599 2220 652 δὲ
2245 601 2425 666 πάλιν,
2455 603 2536 655 ὅτι
2569 605 2600 674 ἡ
2635 605 2791 673 σοφία
2825 607 2858 676 ἠ
2883 607 3088 660 ἀνωθεν
3117 607 3210 660 τοῦ
3231 608 3432 677 ἀγαθοῦ
3461 609 3595 662 Θεοῦ
3619 611 3742 680 βου-

2163 687 2424 760 λευομένη
2460 691 2559 762 τὴν
2579 693 2754 762 ψυχὴν
2787 695 2885 764 τὴν
2909 697 2966 747 ὲν
2994 696 3165 750 ἅπασι
3209 697 3550 767 διαχυθεῖσαν
3579 696 3741 768 (εἶναι

2164 779 2271 848 γάρ
2295 797 2428 850 φησι
2453 782 2633 847 αὐτὸς,
2661 786 2754 836 καὶ
2784 787 2830 837 οἱ
2866 787 2958 838 ἀπ’
2977 787 3139 840 αὑτοῦ
3167 789 3476 858 Μανιχαϊοι,
3509 789 3609 860 τὴν
3638 790 3742 858 ψυ-

2162 870 2262 939 χὴν
2305 871 2469 941 μέρος
2513 873 2670 936 Θεοῦ,
2713 875 2806 928 καὶ
2853 877 2946 930 ἀπ’
2984 876 3148 930 αὑτοῦ
3188 878 3649 944 ἀποσπασθεῖσαν,
3679 882 3742 934 ἐν

2163 962 2510 1035 αἰχμαλωσίᾳ
2535 966 2812 1037 ἀρχόντων
2833 967 2932 1037 τῆς
2957 969 3335 1040 ἀντικειμένης
3367 971 3542 1042 ἀρχῆς
3560 989 3618 1025 τε
3644 975 3741 1026 καὶ

2162 1051 2315 1123 ῥίζης
2353 1055 2789 1127 καταϐεϐλῆσθαι
2837 1061 2894 1113 εν
2942 1063 3050 1124 τοῖς
3077 1060 3348 1132 σώμασι)’
3385 1063 3524 1117 κατά
3552 1065 3741 1120 τοῦτον

2158 1143 2251 1196 τὸν
2274 1146 2492 1216 τρόπον,
2527 1149 2681 1219 φησὶ,
2708 1149 2796 1203 διὰ
2820 1151 2880 1203 τὸ
2918 1151 3087 1222 αὐτὴν
3115 1152 3308 1222 βρῶμα
3337 1153 3602 1226 ὑπάρχειν
3630 1156 3740 1210 τῶν

2158 1235 2325 1307 αὐτὴν
2347 1238 2705 1308 ἀρπαξάντων
2729 1240 2824 1295 ἀνθ
2835 1240 3050 1311 ρώπων,
3077 1243 3170 1296 καὶ
3197 1242 3376 1316 ἰσχύος
3397 1247 3741 1316 παρεκτικὴν

2159 1331 2272 1391 τοῖς
2302 1330 2507 1394 αὐτοῖς,
2542 1333 2636 1385 καὶ
2669 1333 2728 1386 ὲν
2760 1332 2973 1404 σώμασι
3010 1336 3516 1408 καταμερισάντων·
3547 1339 3736 1392 τούτου

2154 1418 2337 1484 ἕνεκα,
2368 1421 2552 1490 φησὶν,
2593 1424 2626 1494 ἡ
2681 1425 3050 1496 προειρημένη
3091 1426 3251 1496 σοφία
3277 1427 3401 1490 τοὺς
3445 1427 3738 1499 φωστῆρας

2155 1512 2378 1576 τούτους
2425 1513 2680 1568 κατέθετο
2719 1517 2777 1568 ἐν
2815 1516 3048 1588 οὐρανῷ,
3082 1517 3231 1588 ἥλιόν
3264 1535 3322 1571 τε
3361 1520 3453 1572 καὶ
3509 1519 3738 1591 σελήνην

2156 1603 2248 1655 καὶ
2286 1603 2480 1674 ἄστρα,
2507 1606 2753 1676 μηχανὴν
2774 1606 2975 1678 ταύτην
2998 1610 3346 1680 ἐργασαμένη
3371 1609 3457 1664 διὰ
3489 1611 3598 1664 τῶν
3635 1610 3740 1666 δὼ-

2153 1694 2287 1746 δεκα
2317 1696 2614 1765 στοιχείων,
2645 1691 2717 1750 ὧν
2747 1698 2793 1750 oi
2821 1697 3079 1770 ’Έλληνες
3107 1699 3396 1769 φάσκουσι.
3425 1703 3536 1756 Ka‘t
3565 1702 3733 1758 ταῦτα

477 1765 780 1830 hominum,
828 1772 1256 1844 animaliumque
1295 1785 1614 1836 creterorum
1656 1786 1868 1843 animas
1898 1789 1952 1842 in
1978 1790 2043 1842 al-

2154 1786 2224 1840 τά
2269 1789 2508 1857 στοιχεῖα
2553 1789 2943 1860 διισχυρίζεται
2975 1765 3271 1861 ἀνιμίίσθαι
3297 1792 3396 1856 τάς
3423 1793 3600 1865 ψυχὰς
3628 1794 3733 1848 τῶν

476 1865 586 1909 tum
625 1860 934 1929 splendidas
979 1879 1044 1920 ac
1077 1867 1407 1926 collucentes
1445 1875 1619 1938 evehi,
1661 1878 1802 1932 unde
1845 1880 1896 1933 in
1934 1897 2054 1935 sca-

472 1947 642 2016 pham
701 1949 966 2008 l'erantur.
1015 1955 1194 2012 Solem
1240 1961 1440 2032 quippe
1487 1980 1550 2019 ac
1603 1967 1784 2021 lunam
1835 1973 2050 2042 navigia

471 2053 596 2093 esse
637 2043 884 2110 quaedam
935 2048 1254 2105 existimat:
1285 2069 1518 2123 quorum
1564 2059 1706 2128 quod
1759 2061 1942 2118 minus
1968 2072 2051 2120 est

471 2145 572 2200 pro
607 2132 751 2188 lunre
778 2141 1081 2196 crescentis
1129 2144 1306 2211 spatio
1336 2162 1404 2201 xv
1435 2147 1629 2206 diebus
1660 2166 1800 2208 onus
1833 2155 2048 2224 vehere,

471 2223 637 2293 idque
667 2225 909 2296 demum,
943 2231 1196 2287 confecto
1227 2243 1350 2304 post
1381 2253 1445 2292 xv
1476 2239 1619 2295 diem
1648 2258 1832 2306 cursu,
1873 2249 2050 2316 majus

473 2313 528 2366 in
588 2315 905 2387 navigium,
961 2321 1129 2376 solem
1177 2323 1453 2392 videlicet,
1515 2345 1806 2400 exponere.
1865 2333 2046 2390 Solem

473 2419 621 2472 vero,
691 2408 802 2463 sive
873 2411 1136 2480 majorem
1205 2415 1350 2469 illam
1407 2420 1609 2486 navim,
1684 2423 1738 2477 in
1789 2433 2045 2479 aeterna‘n

465 2495 655 2562 vitam,
711 2498 1103 2572 beatorumque
1156 2505 1313 2561 sedes
1381 2510 1592 2565 animas
1656 2517 2043 2570 transmittere.

468 2585 548 2639 Ad
582 2603 707 2642 eum
733 2591 953 2645 modum
987 2609 1082 2662 per
1114 2597 1283 2650 solem
1320 2613 1384 2653 ac
1411 2601 1594 2655 lunam
1631 2605 1843 2661 animas
1876 2615 2050 2664 trans-

466 2677 609 2732 vehi.
663 2677 820 2744 Quod
865 2683 1083 2752 quidem
1133 2687 1198 2740 ad
1235 2703 1330 2744 eas
1371 2691 1650 2760 pertinere
1700 2705 1875 2765 putat,
1927 2717 2047 2768 quae

466 2768 747 2824 vanissimi
787 2772 870 2826 sui
901 2772 1169 2845 dogmatis
1207 2779 1496 2834 scientiam
1548 2787 1910 2854 perceperint.
1967 2789 2042 2841 uti

465 2870 768 2930 repurgata:
821 2862 998 2918 fictam
1045 2867 1193 2922 illam
1229 2872 1696 2929 transductionem
1741 2877 2042 2933 obtineant.

465 2949 618 3016 Quod
647 2953 751 3008 nisi
783 2958 1114 3024 cognitionis
1141 2959 1286 3017 illius
1321 2964 1596 3035 particeps
1620 2967 1804 3035 fuerit,
1853 2971 2045 3025 anima:

464 3051 626 3114 negat
663 3061 814 3115 spem
841 3047 1002 3102 ullam
1041 3051 1237 3109 salutis
1265 3069 1388 3111 esse
1419 3060 1775 3128 propositam.
1811 3059 2044 3116 Omnino

462 3134 702 3207 denique
731 3139 887 3209 longa
916 3149 1000 3194 est
1027 3141 1172 3199 illius
1189 3149 1480 3202 commenti
1515 3151 1803 3222 tragmdia.

529 3365 691 3435 627
733 3365 800 3420 X.
845 3366 969 3424 Haec
998 3369 1164 3440 igitur
1193 3387 1316 3425 cum
1349 3373 1420 3426 ita
1460 3390 1518 3430 se
1541 3373 1819 3442 haberent,
1855 3386 1910 3432 et
1943 3379 2044 3434 Ar-

460 3449 684 3506 chelaus
711 3454 929 3522 penitus
964 3458 1146 3510 omnia
1184 3469 1506 3530 cognosset,
1537 3474 1596 3518 ut
1631 3464 1698 3519 de
1743 3470 2044 3536 quaestione

460 3542 550 3596 illa
579 3543 860 3614 disputare
893 3559 1100 3617 posset,
1123 3567 1356 3622 cumque
1385 3554 1454 3608 ad
1481 3553 1533 3608 id
1561 3565 1708 3612 esset
1727 3558 2040 3616 instructis-

459 3637 654 3700 simus,
684 3641 878 3707 partim
924 3643 1066 3711 quod
1111 3658 1144 3696 a
1193 3646 1476 3715 multiplici
1510 3647 1818 3704 divinarum
1857 3668 2038 3708 rerum

459 3727 692 3781 scientia
755 3733 1137 3800 paratissimus
1194 3745 1332 3802 erat,
1387 3738 1582 3807 partim
1635 3742 1778 3812 quod
1825 3758 1856 3796 a
1903 3744 2040 3816 Tyr-

464 3817 601 3874 hune
644 3821 938 3892 perdoctus
967 3835 1093 3880 ante
1127 3826 1324 3891 fuerat,
1372 3836 1426 3883 et
1468 3846 1658 3888 omnes
1700 3835 1890 3890 nefarii
1943 3837 2039 3892 ho-

459 3909 624 3964 minis
656 3914 962 3984 prazstigias
1009 3927 1266 3972 accurate
1307 3919 1594 3987 didicerat,
1629 3939 1758 3980 ecce
1786 3927 1884 3982 tibi
1911 3943 2035 3982 cum

457 4016 682 4057 suorum
739 4007 998 4062 comitatu
1049 4007 1235 4065 Manes
1279 4013 1533 4089 accessit.
1579 4014 1766 4080 Quare
1804 4018 2036 4074 subinde

458 4093 606 4147 nulla
651 4097 936 4166 interjecta
982 4115 1132 4154 mora
1182 4102 1458 4172 publicam
1497 4106 1842 4164 collationem
1873 4110 2034 4166 insti-

457 4193 618 4239 tuunt
650 4188 701 4240 in
732 4189 931 4258 oppido
961 4190 1080 4260 ipso
1107 4191 1413 4258 Caschara,
1448 4203 1505 4250 ut
1534 4206 1660 4253 ante
1691 4200 1876 4254 omnia
1903 4217 2034 4256 con-

457 4277 782 4333 troversiam
825 4278 971 4334 illam
1023 4283 1320 4353 agitarent.
1369 4286 1454 4341 Ad
1487 4287 1542 4341 id
1580 4303 1710 4343 vero
1749 4299 2035 4346 concerta—

455 4363 625 4421 tionis
677 4369 918 4426 arbitros
962 4372 1227 4445 deligunt,
1288 4375 1583 4448 Marsipum
1633 4381 1948 4450 quemdam,
1980 4392 2033 4438 et

2155 1879 2528 1934 τελευτώντων
2589 1881 2890 1952 ἀνθρώπιον
2933 1901 2990 1938 τε
3042 1884 3136 1937 καὶ
3180 1883 3288 1938 τῶν
3341 1885 3516 1940 ἄλλων
3556 1886 3732 1952 ζώων,

2156 1970 2378 2037 φαεινὰς
2399 1969 2584 2034 οὔσας·
2616 1973 2877 2045 φέρεσθαι
2905 1973 2958 2028 δὲ
2981 1975 3070 2028 ἐπὶ
3093 1975 3152 2028 τὸ
3183 1977 3405 2044 σκάφος.
3433 1977 3598 2031 Πλοία
3626 1977 3736 2050 γὰρ

2155 2059 2297 2113 θέλει
2320 2062 2497 2130 λέγειν
2528 2064 2678 2134 ἥλιόν
2703 2082 2761 2118 τε
2789 2065 2880 2118 καὶ
2919 2065 3166 2138 σελήνην·
3205 2068 3300 2122 καὶ
3328 2068 3387 2122 τὺ
3411 2069 3507 2139 μὲν
3537 2067 3736 2138 μικρὸν

2155 2152 2336 2207 πλοῖον
2379 2155 2704 2224 φορτοῢσθαι
2749 2157 2852 2220 ἓως
2885 2159 3106 2230 ἡμερῶν
3147 2159 3464 2223 δεκαπέντε,
3503 2161 3598 2212 καὶ
3635 2160 3738 2230 τὴν

2153 2241 2431 2314 πλήρωσιν
2477 2245 2576 2316 τῆς
2631 2246 2881 2317 σελήνης,
2937 2248 3029 2302 καὶ
3076 2247 3219 2302 οὓτω
3262 2247 3490 2320 διαίρειν
3533 2267 3595 2302 τε
3641 2251 3738 2303 καὶ

2153 2333 2502 2388 ἀποτίθεσθαι
2570 2335 2674 2390 ἀπὸ
2732 2338 3226 2411 πεντεκαιδεκάτης
3300 2341 3380 2403 εἰς
3453 2339 3514 2392 τὸ
3593 2340 3736 2410 μέγα

2152 2425 2354 2491 πλοῖον,
2387 2427 2630 2482 τουτέστι
2663 2429 2754 2482 τὸν
2794 2430 2964 2500 ἥλιον.
3011 2431 3113 2484 Τὸν
3141 2431 3200 2484 δὲ
3241 2432 3391 2502 ἥλιον
3419 2432 3519 2503 τὴν
3559 2433 3734 2502 μεγά-

2150 2516 2247 2586 λην
2270 2515 2401 2570 ναῦν
2433 2517 2854 2590 διαπορθμεύειν
2881 2523 2962 2585 εἰς
2993 2522 3085 2576 τὸν
3113 2525 3211 2594 τῆς
3242 2523 3388 2594 ζωῆς
3423 2524 3617 2588 αἰῶνα,
3641 2526 3738 2578 καὶ

2154 2607 2417 2678 μακάρων
2441 2610 2636 2680 χῶρον.
2675 2611 2786 2664 Καὶ
2814 2611 2984 2677 οὕτως
3013 2613 3111 2678 τὰς
3136 2614 3314 2686 ψυχὰς
3337 2614 3424 2668 διὰ
3460 2616 3553 2670 τοῦ
3580 2615 3734 2688 ἡλίου

2151 2699 2243 2751 καὶ
2275 2699 2374 2769 τῆς
2403 2701 2630 2772 σελήνης
2663 2702 3209 2776 διαπορθμευθείσας.
3242 2707 3364 2760 Ἐπὶ
3406 2707 3514 2778 γὰρ
3538 2707 3644 2761 τῶν
3671 2709 3736 2762 ἐν

2149 2790 2377 2858 γνὼσει¹
2404 2793 2548 2862 λέγει
2569 2796 2666 2864 τῆς
2695 2797 2872 2851 αὐτῶν
2903 2797 3272 2868 χυδαιολογίας
3293 2799 3493 2865 ταύτας
3523 2800 3734 2871 καθαρ-

2149 2883 2331 2948 θείσας
2387 2886 2773 2954 καταξιοῦσθαι
2819 2894 2918 2962 τῆς
2962 2891 3463 2962 διαπορθμεύσεως,
3529 2891 3734 2962 ταύτης

2146 2973 2244 3044 τῆς
2287 2978 2414 3047 παρ’
2450 2977 2600 3048 αὐτῷ
2647 2979 2988 3049 μυθοποιίας.
3025 2981 3195 3034 Πάλιν
3225 2981 3283 3033 δὲ
3325 2979 3504 3051 ψυχὴν
3546 2979 3735 3032 οὐκέτι

2071 3109 2112 3166 C
2151 3065 2438 3130 σώζεσθαι,
2475 3069 2522 3121 εἰ
2551 3070 2625 3140 μή
2654 3087 2704 3123 τι
2731 3069 2796 3124 ἂν
2831 3071 2928 3142 τῆς
2957 3071 3211 3141 γνώσεως
3234 3071 3334 3142 τῆς
3361 3071 3530 3141 αὐτῆς
3561 3070 3733 3166 μετά-

2151 3173 2286 3227 σχοι.
2323 3157 2432 3212 Καὶ
2463 3158 2629 3230 πολλή
2671 3159 2756 3224 τίς
2802 3161 2949 3214 ἐστιν
2988 3163 3020 3234 ἡ
3062 3162 3162 3233 τῆς
3203 3162 3473 3232 ποιήσεως
3525 3160 3734 3232 ταύτης

2147 3263 2174 3296 τ
2187 3247 2442 3316 ραγῳδία.

2217 3359 2271 3410 l'.
2314 3357 2400 3421 Ὠς
2433 3359 2489 3412 δὲ
2521 3361 2692 3416 ταῦτα
2729 3357 2798 3431 ἦν
2834 3363 3027 3426 οὕτως,
3070 3365 3163 3417 καὶ
3197 3367 3258 3418 ὲν
3288 3366 3594 3438 καταλήψει
3638 3385 3732 3438 γε·-

2145 3447 2366 3518 γένηται
2398 3450 2502 3502 ὑπὸ
2529 3451 2628 3514 τοῦ,
2655 3452 2946 3523 Ἀρχελάου
2977 3456 3056 3516 εἰς
3087 3455 3185 3526 τὴν
3215 3457 3496 3530 ἀντιϐολὴν
3521 3459 3615 3512 τοῦ
3640 3460 3731 3531 ζη-

2142 3541 2403 3610 τήματος,
2441 3542 2786 3613 ἑτοιμότατος
2831 3543 3113 3614 ὑπάρχων,
3155 3545 3242 3598 διὰ
3285 3547 3399 3618 τὴν,
3429 3549 3564 3620 πρὸς
3593 3551 3730 3606 Θεὸν

2144 3630 2524 3688 πολυποίκιλον
2554 3634 2751 3702 γνῶσιν
2780 3631 2873 3688 τοῦ
2896 3635 3110 3706 ἀνδρὸς,
3147 3639 3240 3690 καὶ
3276 3636 3340 3690 δι’
3373 3639 3439 3709 ἣν
3467 3657 3726 3712 προεντε-

2143 3720 2411 3776 θείκειτο³
2457 3724 2606 3795 παρὰ
2644 3725 2738 3778 τοῦ
2767 3725 3052 3798 Τύρϐωνος
3097 3729 3344 3802 ἀκριϐῶς
3389 3734 3726 3804 μεμαθηκὼς

2139 3811 2237 3882 τῆς
2281 3813 2409 3884 περὶ
2442 3813 2530 3866 τὸν
2567 3813 2733 3888 ἄνδρα
2766 3818 3016 3888 γοητείας
3055 3819 3123 3873 τὰ
3163 3822 3360 3890 πάντα,
3401 3825 3509 3880 ἰδοὺ
3543 3829 3574 3880 ὁ
3599 3829 3722 3881 Md‘

2139 3918 2236 3970 νης
2289 3905 2621 3975 παρεγένετο
2665 3907 2783 3977 μεθ’
2827 3903 2900 3964 ὧν
2943 3906 3058 3982 εἶχε
3108 3913 3228 3984 μεθ’
3257 3917 3451 3970 ἑαυτοῦ
3485 3918 3722 3991 ἀνδρῶν.

2153 3993 2240 4058 Ἐξ
2269 3995 2436 4064 αὐτῆς
2461 3991 2551 4050 οὖν
2587 3998 2680 4050 καὶ
2713 3999 2873 4064 εὐθὺς
2907 4004 3275 4076 παρέρχονται
3301 4008 3381 4071 είς
3424 4007 3724 4080 συζήτησιν

2137 4081 2391 4156 δημοσίᾳ,
2431 4089 2487 4140 ἐν
2512 4088 2645 4160 αὐτῇ
2671 4093 2737 4162 τῇ
2769 4093 3055 4170 Κασχάρῃ,
3091 4099 3356 4170 πρότερον
3389 4103 3468 4166 είς
3496 4103 3594 4172 τὴν
3621 4105 3721 4158 αὒ-

2136 4175 2243 4227 τῶν
2274 4176 2555 4249 ἀντιϐολὴν
2591 4181 2685 4232 τοῦ
2717 4181 3028 4254 ζητήματος
3057 4188 3416 4261 αίρησάμενοι
3442 4193 3576 4263 ὁμοῦ
3603 4211 3724 4266 κρι-

2135 4265 2254 4328 τὰς,
2294 4268 2585 4339 Μάρσιπόν
2622 4289 2741 4325 τινα
2777 4275 3018 4347 ὀνόματι,
3051 4283 3146 4332 καὶ
3185 4283 3466 4350 Κλαύδιον,
3499 4287 3594 4342 καὶ
3626 4265 3721 4342 Al-

2138 4355 2351 4423 γιαλέα,
2381 4358 2473 4412 καὶ
2497 4360 2851 4430 Κλεόϐουλον,
2876 4366 2969 4419 τὸν
2997 4369 3095 4438 μὲν
3117 4368 3224 4424 τῶν
3249 4371 3406 4436 ἐκτὸς
3436 4373 3610 4444 λόγων
3639 4395 3725 4446 ιρι-

455 4455 768 4526 Claudium,
808 4471 862 4516 et
903 4441 1233 4536 Egialeum,
1287 4477 1342 4521 et
1389 4441 1710 4524 Cleobulu-m
1745 4490 1757 4524 :
1797 4487 2029 4540 quorum

2148 4448 2382 4518 λόσοφον,
2411 4453 2501 4505 τὸν
2533 4452 2590 4505 δὲ
2639 4455 3076 4530 ίατροσοφιστὴν,
3103 4461 3194 4514 τὸν
3238 4461 3294 4516 δὲ
3324 4465 3482 4534 φύσει
3508 4441 3719 4539 ⁷γριιιμ-

453 4545 662 4616 primus
694 4550 914 4619 gentilis
937 4554 1235 4621 sapientim,
1276 4557 1555 4613 secundus
1593 4559 1878 4615 medicinae
1905 4576 2030 4629 pro-

455 4637 650 4703 fessor,
699 4639 897 4696 tertius
940 4645 1363 4712 grammaticus;
1415 4654 1728 4714 postremus
1769 4657 1886 4701 erat
1943 4664 2027 4702 so-

455 4729 654 4798 phista.
705 4730 873 4785 Multa
919 4734 974 4786 in
1019 4750 1082 4788 ea
1138 4735 1512 4806 disputatione
1569 4739 1712 4792 ultro
1779 4741 2029 4810 citroque

447 4821 650 4889 jactata
683 4835 830 4890 sunt,
859 4841 982 4879 cum
1015 4827 1143 4881 hinc
1178 4827 1362 4883 Manes
1399 4828 1612 4884 fabulas
1658 4846 1790 4887 suas
1831 4848 2032 4904 propo-

450 4920 625 4976 neret,
665 4911 790 4969 inde
817 4916 1120 4972 Archelaus
1159 4919 1309 4972 velut
1333 4921 1586 4988 egregius
1633 4921 1788 4976 miles
1835 4923 2030 4978 adver-

451 5005 579 5058 sarii
606 5007 709 5061 tela
754 5008 802 5060 vi
847 5025 945 5062 sua
995 5025 1060 5064 ac
1106 5010 1311 5065 virtute
1370 5011 1688 5068 discuteret.
1742 5011 2028 5071 Postremo

451 5095 627 5150 victus
661 5107 743 5152 est
789 5097 996 5164 Manes,
1029 5115 1092 5154 ac
1131 5101 1199 5156 de
1222 5101 1468 5170 judicum
1510 5107 1781 5160 sententia
1811 5108 2028 5165 veritati

447 5186 673 5242 victoria
705 5192 890 5245 cessit.
911 5191 1066 5256 Quod
1095 5193 1285 5262 utique
1317 5195 1512 5249 mirum
1545 5198 1749 5252 nemini
1779 5215 1901 5256 esse
1931 5202 2026 5256 de-

451 5271 558 5327 bet.
607 5273 820 5330 Veritas
860 5281 1003 5331 enim
1037 5295 1134 5349 per
1166 5297 1224 5335 se
1253 5281 1370 5350 ipsa
1403 5285 1683 5349 consistit,
1724 5302 1826 5342 nec
1859 5287 2023 5358 dejici

449 5375 648 5433 potest,
679 5371 1028 5438 quantumvis
1056 5375 1372 5443 improbitas
1397 5377 1620 5430 audacia
1653 5377 1790 5432 freta
1827 5379 2024 5434 firmis-

447 5455 607 5522 sima,
656 5460 856 5528 quibus
887 5471 970 5516 est
1004 5464 1093 5518 illa
1122 5467 1442 5533 constricta,
1477 5469 1694 5522 vincula
1719 5471 2022 5525 dissolvere

2115 4551 2118 4553 ’
2143 4544 2390 4612 ματικὸν,
2419 4545 2514 4600 καὶ
2544 4547 2636 4601 τὸν
2663 4549 2818 4604 ἄλλον
2848 4554 3127 4625 σοφιστήν.
3161 4556 3270 4609 Καὶ
3298 4557 3506 4612 πολλῶν
3539 4563 3720 4632 ρημά-

2137 4653 2243 4689 των
2265 4637 2569 4709 εἰρημένων
2591 4639 2648 4708 ὲξ
2669 4641 2942 4713 ἑκατέρων
2972 4644 3081 4698 τῶν
3107 4647 3312 4718 μερῶν,
3343 4650 3435 4703 τοῦ
3463 4669 3521 4704 τε
3559 4655 3718 4726 Μάνη

2137 4729 2204 4782 τὰ
2231 4731 2329 4802 τῆς
2359 4730 2632 4801 μυθώδους
2657 4733 3002 4800 διδασκαλίας
3029 4739 3482 4812 προϐαλλομένου,
3511 4745 3603 4798 καὶ
3625 4747 3718 4799 τοῦ

2151 4821 2441 4892 Ἀρχελάου
2471 4823 2660 4896 ὥσπερ
2693 4826 3066 4896 ἀριστεύοντος
3102 4831 3344 4898 ὁπλίτου,
3380 4835 3473 4888 καὶ
3505 4839 3574 4909 τῇ
3613 4837 3719 4904 ἰδία

2140 4913 2303 4966 αὑτοῦ
2353 4913 2577 4986 δυνάμει
2630 4915 3017 4988 καθαιροῦντος
3063 4919 3131 4972 τὰ
3181 4921 3308 4993 βέλη
3352 4923 3462 4977 τῶν
3507 4925 3719 4978 διεναν-

2137 5007 2277 5071 τίας,
2314 5007 2375 5060 τὸ
2422 5009 2595 5080 πέρας
2628 5010 2687 5062 τὸ
2723 5005 2883 5081 ἦττον
2925 5013 3374 5084 ἀπενεγκαμένου
3411 5017 3508 5072 τοῦ
3531 5017 3716 5090 Μάνη,

2137 5101 2231 5152 καὶ
2255 5103 2554 5170 κρινάντων
2580 5101 2688 5156 τῶν
2713 5103 2914 5172 κριτῶν
2943 5105 3002 5157 τὸ
3027 5105 3276 5177 βραϐεῖον
3315 5104 3453 5164 εἶναι
3486 5112 3551 5181 τῇ
3585 5110 3718 5180 ἀλη-

2136 5191 2274 5264 θείᾳ,
2301 5194 2436 5264 ὅπερ
2474 5195 2572 5247 οὐκ
2609 5190 2676 5265 ἦν
2711 5195 2916 5266 θαῦμα,
2967 5198 3372 5274 αὑτοσυστάτης
3418 5201 3584 5274 οὔσης
3617 5203 3716 5273 τῆς

2134 5283 2408 5354 ἀληθείας,
2469 5286 2564 5338 καὶ
2612 5285 2688 5356 μὴ
2732 5287 3038 5360 δυναμένης
3077 5293 3476 5366 καθαιρεῖσθαι,
3507 5295 3608 5349 κάν
3653 5313 3712 5349 τε

2133 5375 2484 5447 ἀντιπράττοι
2525 5379 2556 5448 ή
2589 5379 2786 5449 ἀνομία
2825 5381 3178 5457 ἀναισχυντίᾳ
3201 5387 3473 5460 φερομένη
3511 5388 3590 5458 τῷ
3617 5389 3708 5459 τῆς

2131 5468 2386 5538 ἀληθείας
2415 5469 2617 5538 δεσμῷ,
2643 5470 2736 5524 τοῦ
2765 5467 2997 5539 ψεύδους
3032 5479 3104 5548 μὴ
3135 5479 3348 5548 ἔχοντος
3392 5480 3710 5543 ὑπόστασιν,

529 5659 543 5689 ¹
587 5658 695 5752 νοξ
725 5662 826 5716 ista
856 5663 1086 5752 κελέιρομ
1117 5667 1247 5750 mihi
1271 5667 1530 5752 ‘nopdnm
1556 5669 1892 5752 cognita.A_b
1921 5670 2021 5752 hac

2148 5669 2556 5752 εφίαςιῖοΐεὶιιηι
2579 5672 2880 5742 derivatur,
2907 5680 3052 5749 quod
3090 5689 3174 5736 est
3206 5681 3429 5738 haeresis
3450 5695 3542 5742 ιν.
3571 5696 3626 5736 n.
3649 5685 3701 5740 9.

445 5724 472 5761 ⁸
503 5727 632 5798 Leg.
657 5724 1178 5805 διαπορθμευθείσας
1201 5737 1424 5792 ἐπὶτῶν
1453 5740 1510 5790 ὲν
1545 5724 1764 5804 γνῶσει,
1800 5747 1906 5792 etc.

1988 5740 2007 5769 ³
2045 5737 2099 5791 F.
2137 5737 2493 5811 προενήχητο.
