4008 6240
287 362 357 420 45
962 319 1328 422 AilV'EBSUS
1371 367 1711 424 IUERESES
1751 368 1878 428 LIB.
1915 368 1972 424 ll.
2002 367 2163 424 TOM.
2208 371 2274 426 ll.
2301 367 2663 424 -—lLF.RES.
2707 366 2888 423 LXVI.
3497 369 3566 424 46

296 485 424 558 μηδὲ
480 483 654 556 βάσιν,
698 487 774 550 ὡς
825 489 916 541 καὶ
968 491 1006 560 ἡ
1055 489 1183 543 σκιά
1227 487 1318 542 τοῦ
1359 490 1603 556 σκότους,
1652 493 1747 547 καὶ
1780 493 1873 546 τοῦ

1984 500 2226 548 conetur.
2259 492 2466 547 Contra
2488 507 2616 545 vero
2644 491 2986 546 mendacium
3015 488 3178 544 solidi
3208 487 3346 544 nihil
3379 489 3566 556 habet,

286 579 465 648 ὖφεως
511 577 572 631 τὸ
606 580 877 653 σφαλερὸν
927 583 1026 652 τῆς
1068 583 1393 656 ὲπιϐἀσεως,
1440 585 1531 638 καὶ
1565 586 1877 657 ἁνέρειστον

288 673 386 742 τῆς
405 671 515 724 τῶν
551 673 732 725 ποδῶν
761 675 1100 746 στερήσεως,

360 854 463 905 IA'.
512 853 793 906 Ἐντεῦθεν
844 855 872 906 ὁ
921 856 1115 926 Μάνης
1147 858 1483 929 ἀποδράσας,
1538 859 1878 928 βουλομένων

285 943 397 997 τῶν
440 943 630 1015 δήμων
683 946 848 999 αὐτὸν
877 946 1246 1019 λιθοϐολῆσαι,
1278 952 1326 1002 εί
1360 951 1434 1022 μὴ
1472 951 1553 1003 ὄτι
1595 951 1878 1022 παρῆλθεν

287 1037 368 1097 εἰς
395 1035 558 1106 μέσον
591 1037 931 1107 Μάρκελλος,
970 1040 1066 1092 καὶ
1097 1040 1175 1111 τῷ
1201 1023 1466 1112 αἰδεσίμιρ
1505 1042 1668 1096 αὑτοῦ
1707 1061 1868 1115 προσ-

286 1127 422 1198 ώπῳ
455 1128 877 1198 κατεδυσώπησε
924 1133 1053 1196 τοὺς
1091 1132 1318 1203 δήμους.
1364 1135 1486 1187 ἐπεὶ
1522 1134 1589 1188 ἂν
1636 1138 1664 1189 ὁ
1709 1137 1877 1200 τάλας

286 1219 480 1291 νεκρὸς
515 1219 692 1288 μένων
720 1220 889 1273 πάλαι
923 1221 1226 1292 eumue
1255 1222 1619 1293 ἀναχωρήσας
1646 1223 1702 1276 δὲ
1723 1224 1874 1296 ἔρχει

287 1327 376 1363 ται
405 1312 487 1374 είς
521 1311 714 1383 κώμην
738 1312 862 1366 τινὰ
887 1313 988 1384 τῆς
1014 1315 1326 1386 Καρχάρων
1358 1317 1439 1378 είς
1467 1315 1758 1387 Διοδωρίδα
1784 1333 1877 1369 κα-

286 1399 575 1472 λουμένην,
610 1403 667 1454 ὲν
750 1403 986 1474 Τρύφων
1009 1423 1090 1468 τις
1116 1405 1524 1470 ἐπιεικέστατος
1547 1407 1665 1461 κατ’
1699 1411 1877 1462 ἐκεῖνο

286 1493 482 1562 καιροῦ
522 1493 785 1565 ἐτύγχανε
830 1495 939 1548 τῶν
968 1497 1155 1550 αὐτόθι
1187 1497 1576 1570 πρεσϐύτερος.
1612 1500 1750 1572 Παρ’
1778 1494 1822 1568 ᾧ
1847 1503 1874 1554 6

285 1587 479 1656 Μάνης
507 1587 820 1658 γενόμενος,
845 1589 1006 1644 πάλιν
1033 1589 1206 1642 ἐκύκα
1230 1591 1600 1662 καυχώμενος,
1630 1593 1870 1647 καταλα-

288 1676 401 1731 ϐὼν
433 1679 526 1731 τὸν
546 1679 715 1750 ἄνδρα
744 1680 949 1748 ἀγαθὸν
989 1681 1087 1752 μὲν
1118 1682 1306 1748 τᾶλλα,
1336 1685 1430 1737 καὶ
1458 1684 1770 1756 θαυμαστὸν
1803 1690 1868 1758 τῇ

288 1769 591 1840 θεοσεϐείᾳ,
639 1772 894 1842 πενιχρὸν
929 1772 985 1826 δὲ
1014 1773 1092 1844 τῷ
1128 1775 1290 1846 λόγῳ.
1337 1776 1498 1830 Ἀλλά
1530 1778 1625 1830 καὶ
1661 1779 1719 1830 ὲν
1749 1778 1872 1831 τού-

283 1880 420 1927 τοις,
463 1863 538 1928 ὡς
578 1863 896 1935 ὑπείληφεν,
933 1865 1034 1919 οὐκ
1096 1867 1317 1945 ἴσχυσεν
1381 1871 1740 1933 ἐπιτωθάζειν
1794 1871 1874 1943 τῷ
1908 1851 1946 1904 Β

283 1953 381 2007 τοῦ
416 1955 652 2024 Χριστοῦ
677 1956 866 2026 δούλῳ.
911 1958 967 2011 Ὁ
1002 1958 1135 2022 Θεὸς
1167 1961 1276 2032 γὰρ
1316 1962 1405 2015 ἀεὶ
1441 1966 1554 2026 τοῖς
1591 1965 1677 2016 ἐπ’
1711 1965 1874 2019 αὐτὸν

285 2046 597 2111 ἐλπίζουσιν
627 2050 906 2120 ἑτοιμάζει
933 2051 1031 2116 τὰς
1058 2054 1121 2107 ὲκ
1143 2054 1458 2126 Πνεύματος
1487 2056 1641 2124 ἁγίου
1664 2057 1874 2128 δωρεὰς

287 2141 808 2212 ὲπιχορηγούμενος,
851 2144 929 2207 ὡς
974 2145 1071 2198 καὶ
1104 2147 1471 2218 ἐπηγγείλατο
1498 2148 1737 2221 ἀψευδὴς
1773 2149 1870 2214 ὣν,

283 2234 367 2286 ὅτι
397 2233 492 2302 Μὴ
517 2236 924 2304 μεριμνήσητε
949 2239 1006 2291 τί
1033 2239 1259 2306 εἴπητε.
1296 2240 1382 2295 Οὐ
1407 2241 1517 2311 γὰρ
1539 2242 1710 2311 ὑμεῖς
1734 2245 1876 2298 ἐστε

285 2327 341 2377 οἱ
372 2327 728 2393 λαλοῦντες,
763 2329 926 2383 ἀλλὰ
951 2330 1017 2383 τὸ
1054 2331 1297 2399 Πνεῦμα
1337 2332 1444 2386 τοῦ
1470 2334 1701 2402 Πατρός
1729 2353 1871 2403 μου,

245 2439 248 2441 λ
282 2417 355 2469 τὸ
396 2418 634 2472 λαλοῦν
663 2420 735 2472 ἐν
780 2419 942 2490 ὑμῖν.
993 2422 1272 2476 Ἐντεῦθεν
1315 2424 1474 2478 πάλιν
1522 2424 1876 2497 βουληθέντος

284 2507 632 2574 διαλέξασθαι
671 2511 806 2582 πρὸς
830 2513 1099 2584 Τρύφωνα
1125 2515 1216 2567 τὸν
1243 2515 1634 2588 πρεσϐύτερον,
1661 2520 1755 2572 καὶ
1785 2520 1875 2574 αὐ-

283 2599 379 2652 τοῦ
404 2601 462 2652 ἐν
492 2601 705 2666 πολλοῖς
736 2605 1106 2669 ἀντειπόντος,
1131 2607 1444 2677 γράψαντός
1469 2627 1529 2662 τε
1561 2609 1638 2680 τῷ
1681 2612 1873 2686 Ἀρχε-

284 2691 400 2762 λάῳ
423 2694 550 2765 περὶ
570 2696 668 2763 τῆς
700 2696 1013 2761 ὑποθέσεως
1034 2698 1260 2768 ταύτης,
1291 2699 1373 2751 ὅτι
1417 2700 1582 2771 Ἀνήρ
1605 2717 1690 2765 τις
1710 2696 1874 2776 ἦλθεν

287 2784 544 2848 ἐνταῦθα,
578 2782 666 2838 οἶα
699 2786 761 2856 δὴ
799 2787 962 2850 λύκος
992 2787 1184 2859 βαρὺς,
1221 2790 1315 2843 καὶ
1341 2790 1572 2844 διολέσαι
1607 2792 1705 2862 τὴν
1737 2794 1872 2863 μάν-

286 2877 420 2945 δραν
451 2879 737 2949 ἐπιχειρεῖ,
784 2880 964 2940 Ἀλλὰ,
995 2881 1320 2953 παρακαλῶ,
1353 2882 1672 2938 ἀπόστειλόν
1703 2903 1793 2955 μοι
1824 2885 1876 2938 τί

285 2969 352 3022 ἂν
388 2971 524 3041 πρὸς
563 2971 750 3026 τοῦτον
784 2975 1120 3046 ποιήσωμαι,
1150 2975 1182 3047 ἦ
1213 2975 1388 3039 ποίοις
1420 2975 1599 3044 λόγοις
1637 2977 1876 3030 ἀντείπω

286 3065 352 3132 τῇ
414 3061 593 3116 αὐτῶν
647 3065 1125 3138 κακοδιδασκαλίᾳ.
1183 3068 1293 3120 Καὶ
1336 3069 1385 3120 εί
1417 3069 1516 3141 μὲν
1551 3068 1713 3132 αὐτὸς
1744 3086 1877 3123 κατ-

286 3156 458 3222 αξιοῖς
504 3159 931 3229 παραγενέσθαι,
982 3160 1285 3232 ἀμέριμνον
1331 3161 1613 3232 ποιήσειας
1654 3161 1752 3232 τὴν
1779 3161 1874 3215 τοῦ

286 3247 527 3319 Χριστοῦ
555 3249 814 3320 μάνδραν,
848 3251 942 3304 καὶ
966 3251 1034 3304 τὰ
1070 3251 1360 3324 θρέμματα
1388 3253 1573 3306 αὐτοῦ.
1609 3254 1667 3306 Ὀ
1693 3254 1749 3307 δὲ
1771 3256 1878 3308 ἀπ-

288 3340 529 3394 έστειλεν
552 3342 701 3413 αὐτῷ
726 3343 819 3396 δύο
845 3344 1035 3413 λόγους
1057 3347 1114 3397 ἐν
1139 3346 1416 3418 προχείρῳ
1440 3344 1839 3399 καταλαῦἐσθαι
1857 3348 1873 3377 ⁸

287 3429 366 3500 τῷ
405 3431 586 3502 Μάνῃ·
619 3431 937 3499 ἐκδέξασθαι
975 3433 1031 3487 δὲ
1059 3434 1157 3506 τὴν
1193 3435 1363 3488 αὑτοῦ
1394 3436 1696 3506 παρουσίαν
1729 3436 1879 3506 αὐτῷ

288 3523 582 3594 ἐσήμανεν.
632 3523 690 3576 '0
724 3525 917 3596 Μάνης
949 3522 1005 3579 δὲ
1044 3527 1101 3580 ἐν
1136 3530 1202 3599 τῇ
1239 3527 1380 3601 μέσῃ
1410 3527 1574 3601 κώμῃ
1609 3529 1880 3601 προῆλθεν

287 3611 685 3683 ὀρθμαίτερον,
733 3615 1210 3687 προσκαλούμενος
1255 3622 1314 3672 ὲν
1363 3617 1441 3689 τῷ
1490 3619 1878 3691 συνάρξασθαι,

289 3704 682 3776 προκαλεῖσθαι
713 3706 804 3760 τὸν
831 3707 1101 3779 Τρύφωνα
1122 3712 1202 3774 εἰς
1221 3709 1411 3781 λόγους
1430 3711 1606 3781 ἥκειν.
1640 3711 1750 3764 Καὶ
1783 3710 1879 3764 τοῦ

291 3796 588 3868 Τρύφωνος
617 3798 1016 3870 ίνδαλλομένου,
1047 3803 1440 3874 ἀποκριθέντος
1460 3804 1516 3857 δὲ
1543 3803 1708 3857 αὐτοῦ
1740 3803 1880 3875 πρὸς

291 3885 422 3950 ἔπος
447 3882 522 3940 ὧν
550 3887 719 3959 ᾔτησε
747 3889 889 3942 κατά
921 3891 1018 3962 τὴν
1048 3892 1112 3944 ὲκ
1134 3892 1268 3945 Θεοῦ
1295 3892 1544 3946 δοθεῖσαν
1572 3893 1722 3965 αὐτῷ
1752 3894 1880 3948 σύν-

292 3995 431 4043 εσιν,
463 3979 559 4032 καὶ
585 3979 982 4051 στροϐήσαντος
1009 3981 1099 4036 τὸν
1127 3984 1416 4038 ἀπατεῶνα
1446 3985 1545 4056 ὴρέ
1557 4003 1632 4058 μα
1678 3986 1796 4050 πῶς
1822 3988 1881 4040 ὲν

290 4063 334 4137 ᾧ
361 4071 539 4142 ἐαυτῷ
569 4071 680 4145 (16)
711 4073 1030 4138 ἐνεδοίαζεν,
1060 4077 1364 4130 ἀνακύπτει
1393 4079 1422 4130 ὁ
1463 4079 1752 4150 Ἀρχέλαος
1782 4079 1884 4133 ῶσ-

293 4181 399 4234 περ
457 4165 679 4236 ίσχυρδς
724 4167 1109 4239 οἰκοδεσπότης
1158 4169 1270 4222 τῶν
1310 4169 1455 4224 ἰδίων
1514 4172 1880 4242 ἐπιμελούμε-

295 4275 383 4321 νος
407 4296 422 4319 ,
453 4259 548 4310 καὶ
581 4258 719 4328 μετὰ
748 4261 1063 4331 παρρησίας
1099 4260 1343 4315 ἐπελθὼν
1371 4261 1450 4334 τῷ
1481 4264 1646 4336 συλᾷν
1675 4266 1882 4334 ἐπιχει-

297 4351 478 4422 ροῦντι
513 4351 872 4422 ὲνεϐριμεϊτο.
909 4352 1085 4416 Εὐθὺς
1121 4353 1177 4406 δὲ
1214 4355 1290 4417 ὡς
1326 4350 1468 4408 εἶδεν
1495 4357 1524 4408 ό
1563 4355 1754 4424 Μάνης
1790 4357 1883 4410 τὸν

308 4441 619 4513 Ἀρχέλαον,
649 4442 1015 4513 ὑποκριτικῶς
1043 4443 1166 4495 καθ’
1186 4443 1480 4515 ὑπόκρισιν
1521 4443 1649 4514 ἔφη·
1677 4445 1780 4497 Ἔα
1815 4461 1882 4513 με

1982 601 2158 655 neque
2225 585 2582 639 fundamento
2655 585 2766 638 ullo
2821 583 3058 650 nititur;
3113 583 3342 654 perinde
3402 591 3568 653 atque

1982 679 2174 731 uu'tbra
2213 679 2585 740 tenebrarum,
2632 687 2730 730 aut
2773 676 3018 732 lubricus
3046 683 3101 731 et
3136 675 3431 742 instabilis,
3465 689 3567 746 pro

1981 783 2047 821 eo
2087 767 2234 836 quod
2264 766 2498 835 pedibus
2530 774 2700 827 caret,
2739 765 3010 836 serpentis
3044 766 3348 834 ingressus.

2052 859 2142 913 )il.
2211 857 2528 914 Secundum
2581 859 2695 912 haec
2751 858 2940 912 Manes
2979 857 3104 926 fuga
3151 857 3254 910 sibi
3300 855 3560 912 consulit.

1980 951 2226 1022 Populus
2249 953 2394 1008 enim
2430 951 2707 1022 lapidibus
2743 951 2896 1004 illum
2927 949 3162 1004 obruere
3193 949 3423 1015 volebat,
3457 949 3562 1003 nisi

1981 1044 2276 1100 Marcellus
2328 1045 2384 1098 in
2430 1044 2668 1100 medium
2700 1043 2962 1113 prodiens
2996 1042 3149 1095 vultu
3188 1042 3306 1111 ipso
3337 1057 3564 1097 venera—

1980 1137 2146 1192 tionis
2199 1139 2361 1208 pleno
2412 1145 2747 1206 aspectuque
2800 1135 3178 1205 repressisset.
3244 1133 3400 1200 Quod
3456 1135 3563 1187 nisi

1981 1229 2568 1298 fecisset,jamdudum
2604 1227 2794 1282 infelix
2825 1228 2914 1281 ille
2951 1227 3222 1298 periisset.
3251 1225 3377 1280 inde
3403 1226 3567 1296 igitur

1979 1319 2271 1375 discedens
2303 1318 2650 1373 Diodoridem
2685 1320 2894 1389 (pagus
2939 1318 2986 1371 is
3017 1328 3101 1372 est
3143 1317 3197 1370 in
3237 1315 3566 1388 Carcliaris)

1977 1428 2100 1468 sese
2148 1413 2404 1476 contulit,
2460 1413 2551 1465 ubi
2595 1411 2854 1482 Tryphon
2898 1412 3120 1481 quidam
3167 1410 3400 1466 eratvir
3423 1409 3568 1482 opti-

1976 1519 2122 1566 mus,
2150 1519 2214 1558 ac
2259 1516 2375 1557 tum
2405 1503 2510 1558 loci
2566 1503 2715 1556 illius
2753 1501 3059 1572 presbyter.
3089 1501 3168 1554 Ad
3203 1499 3348 1554 hunc
3379 1499 3567 1555 Manes

1976 1595 2259 1649 divertens
2306 1610 2524 1649 rursum
2557 1595 2788 1648 miscere
2819 1591 3025 1652 omnia,
3057 1605 3121 1644 ac
3157 1605 3216 1645 se
3242 1597 3571 1660 arroganter

1976 1687 2192 1752 etl‘erre,
2251 1696 2448 1742 nactus
2479 1688 2752 1741 hominem
2782 1685 2986 1754 alioqui
3025 1683 3252 1744 bonum,
3297 1691 3350 1736 et
3384 1683 3567 1736 excel-

1982 1781 2116 1835 lenti
2167 1781 2366 1849 pietate
2414 1779 2725 1849 praeditum,
2759 1776 2853 1831 sed
2882 1776 3150 1829 orationis
3181 1774 3437 1845 prmsidio
3471 1774 3566 1828 de-

1977 1876 2226 1929 stitutum
2257 1891 2271 1939 ;
2307 1888 2495 1928 vermn
2547 1889 2614 1926 ne
2665 1872 2745 1924 sic
2783 1870 3037 1940 quidem,
3083 1869 3161 1922 uti
3223 1877 3563 1939 speraverat,

1978 1964 2210 2018 illudere
2234 1962 2449 2020 Christi
2469 1978 2630 2018 servo
2668 1961 2863 2032 potuit.
2893 1960 3038 2016 Deus
3078 1962 3224 2014 enim
3262 1960 3328 2014 iis
3360 1959 3454 2030 qui
3503 1958 3562 2012 in

1977 2073 2036 2113 se
2063 2057 2366 2120 Conlitlunt,
2410 2054 2651 2126 Spiritus
2692 2055 2870 2109 sancti
2906 2053 3050 2107 dona
3073 2051 3242 2124 628
3268 2057 3564 2120 pra‘parat,

1977 2149 2195 2205 abunde
2229 2151 2482 2220 largitur,
2507 2157 2672 2218 prout
2703 2150 2820 2218 ipse
2848 2146 3124 2214 pollicitus
3149 2151 3253 2206 est,
3293 2144 3386 2216 qui
3412 2157 3564 2198 men-

1979 2244 2069 2295 tiri
2106 2259 2211 2297 non
2262 2251 2463 2312 potest.
2501 2241 2705 2304 Nolite,
2747 2241 2943 2310 inquit,
2997 2238 3217 2294 solliciti
3250 2253 3383 2298 esse,
3435 2233 3562 2305 quid

1978 2334 2291 2403 loquamini.
2361 2332 2480 2390 Non
2524 2335 2661 2386 enim
2712 2350 2799 2386 vos
2843 2331 2970 2384 estis
3004 2331 3096 2401 qui
3136 2328 3434 2399 loquimini,
3471 2326 3564 2380 sed

1979 2424 2215 2493 Spiritus
2245 2425 2428 2479 Patris
2458 2426 2578 2487 mei,
2599 2425 2689 2495 qui
2710 2424 2945 2494 loquitur
2974 2423 3029 2476 in
3051 2421 3195 2476 vobis
3227 2423 3267 2475 ².
3300 2419 3405 2474 Sed
3435 2434 3562 2474 cum

1979 2515 2168 2571 Manes
2200 2517 2398 2570 iterum
2446 2531 2571 2570 cum
2621 2514 2915 2586 Tryphone
2951 2513 3272 2584 presbytero
3301 2511 3563 2579 congredi

1979 2608 2159 2669 vellet,
2194 2607 2287 2678 qui
2320 2608 2424 2662 sibi
2464 2607 2520 2662 in
2559 2607 2835 2678 plerisque
2866 2604 3301 2666 contradixerat,
3333 2602 3423 2656 ille
3446 2615 3561 2655 rem

1979 2713 2195 2753 omnem
2229 2713 2326 2769 per
2349 2698 2560 2751 litteras
2589 2697 2860 2751 Archelao
2892 2694 3191 2766 significat,
3229 2693 3315 2748 his
3348 2690 3561 2746 verbis:

1980 2787 2153 2843 llou'io
2185 2789 2410 2858 quidam
2444 2789 2553 2842 huc
2600 2788 2858 2852 accessit,
2912 2784 3004 2854 qui
3055 2784 3398 2840 infestissimi
3452 2782 3565 2853 lupi

1980 2896 2132 2934 more
2163 2880 2306 2934 ovile
2340 2879 2568 2949 perdere
2602 2879 2942 2949 aggreditur.
2979 2876 3204 2942 Verum,
3231 2875 3461 2930 obsecro
3489 2885 3565 2935 Ic.

1979 2974 2160 3028 scribe
2217 2972 2283 3025 ad
2334 2988 2420 3027 me
2475 2973 2934 3043 quemadmodum
2991 2971 3254 3025 adversus
3292 2968 3443 3022 illum
3478 2982 3566 3020 me

1980 3081 2169 3135 gerere
2219 3073 2488 3136 oporteat,
2545 3081 2609 3120 ac
2652 3065 2854 3136 quibus
2905 3063 3212 3117 rationibus
3244 3059 3567 3131 perniciosa!

1980 3159 2101 3227 ejus
2150 3157 2415 3212 doctrina:
2453 3159 2732 3213 resistere.
2763 3155 2918 3223 Quod
2952 3155 2997 3209 si
3023 3154 3209 3208 venire
3235 3155 3350 3224 ipse
3375 3153 3570 3224 digna-

1986 3249 2157 3314 beris,
2209 3248 2419 3304 Christi
2467 3250 2610 3303 ovile
2657 3262 2988 3319 gregemque
3017 3247 3084 3299 ab
3112 3246 3260 3298 omni
3297 3244 3568 3300 sollicitu-

1981 3341 2108 3393 dine
2136 3337 2415 3393 liberabis.
2458 3338 2757 3392 Archelaus
2787 3338 2872 3391 his
2905 3336 3148 3406 acceptis
3191 3333 3390 3389 litteris
3423 3333 3566 3388 duos

1981 3431 2047 3485 ad
2078 3447 2201 3486 eum
2250 3432 2420 3485 libros
2466 3431 2653 3494 mittit,
2702 3446 2842 3502 quos
2888 3429 2942 3483 in
2985 3437 3236 3499 promptu
3298 3427 3570 3497 facileque

1981 3521 2492 3592 coniiprehenderet,
2545 3532 2738 3577 contra
2789 3519 3003 3574 Manem
3041 3521 3412 3589 conscriptos.
3449 3518 3568 3572 Ca:-

1982 3623 2160 3668 terum
2200 3623 2257 3668 ut
2291 3614 2584 3670 adventum
2619 3630 2778 3670 suum
2811 3614 3228 3685 praestolaretur
3259 3613 3564 3668 admonuit.

1980 3704 2203 3761 Interim
2251 3706 2440 3762 Manes
2484 3708 2722 3761 medium
2756 3707 2809 3760 in
2844 3722 3038 3778 pagum
3073 3720 3290 3760 summo
3324 3705 3569 3760 diluculo

1982 3796 2244 3866 prodiens
2295 3794 2650 3867 Tryphonem
2701 3795 2770 3850 ad
2821 3794 3216 3867 disputandum
3283 3804 3567 3866 provocat.

1982 3888 2086 3954 Qui
2136 3904 2261 3943 cum
2316 3905 2376 3944 se
2424 3890 2678 3953 stitisset,
2708 3897 2762 3943 et
2793 3887 2862 3942 ad
2907 3890 3092 3943 omnia
3121 3903 3242 3959 qua;
3277 3887 3570 3958 quaasierat

1985 3982 2304 4052 singillatim
2338 3996 2437 4052 pro
2466 3997 2552 4047 ea,
2585 3996 2749 4052 quam
2779 3996 2808 4036 a
2840 3980 2952 4036 Deo
2988 3988 3300 4051 acceperat,
3349 3979 3571 4053 sapien-

1983 4075 2061 4128 tia
2094 4074 2493 4143 rcspondisset,
2521 4082 2686 4145 atque
2721 4073 3073 4143 impostorem
3106 4074 3285 4129 lenius
3313 4072 3566 4145 agitaret,

1987 4164 2130 4234 apud
2163 4179 2222 4218 se
2247 4163 2496 4217 nonnihil
2545 4163 2826 4227 haesitans,
2877 4170 3102 4234 repente
3134 4162 3436 4218 Archelaus
3465 4177 3572 4217 nec
3609 4232 3622 4241 .

1993 4258 2216 4327 Opinato
2272 4264 2604 4326 conspectus
2651 4267 2754 4321 est,
2805 4257 2897 4326 qui
2948 4263 3208 4324 tanquam
3265 4257 3570 4314 acerrimus

1984 4347 2413 4423 paterfamilias,
2438 4362 2775 4417 suorumque
2808 4346 3277 4412 studiosissimus,
3309 4347 3571 4403 audacter

1993 4423 2049 4494 in
2089 4440 2400 4510 prtedonem
2453 4440 2697 4497 fremens
2743 4443 2995 4496 incurrit.
3051 4442 3224 4508 Quem
3277 4449 3336 4497 ut
3382 4441 3571 4498 Manes

295 4534 433 4606 πρὸς
453 4533 721 4604 Τρύφωνα
743 4534 1106 4602 διαλέγεσθαιο
1136 4535 1453 4606 ὑπερϐαίνει
1481 4537 1590 4608 γάρ
1621 4554 1688 4607 με
1708 4537 1770 4589 τὸ
1792 4537 1881 4592 σὺν

1989 4534 2220 4604 aspexit,
2253 4533 2507 4589 simulata
2545 4534 2804 4588 blanditia
2837 4555 2850 4590 :
2879 4534 3010 4591 Sine
3062 4553 3170 4601 me,
3213 4537 3410 4607 inquit,
3443 4552 3570 4591 cum

295 4627 510 4698 ἀξίωμα
541 4627 632 4680 διὰ
664 4627 754 4680 τὸν
779 4627 1098 4681 ἐπίσκοπον.
1143 4627 1202 4682 ’0
1229 4628 1308 4693 δὲ,
1340 4628 1435 4681 καὶ
1464 4629 1602 4699 μετὰ
1623 4629 1881 4697 ἐλέγχους

296 4717 390 4772 τοῦ
422 4717 584 4787 λόγου
626 4718 848 4789 μείζονα
876 4719 1038 4772 αὑτὸν
1072 4719 1374 4792 ὑποκριτὴν
1410 4719 1716 4784 ἀποδείξας,
1761 4723 1882 4773 ἁπ-

297 4812 566 4882 εφίμωσε.
642 4811 762 4865 Τῶν
813 4811 870 4864 δὲ
911 4812 1002 4865 ὑπ’
1043 4813 1252 4866 ἐκείνου
1303 4812 1674 4885 προτεθέντων
1710 4813 1884 4881 λόγων

296 4906 393 4968 τὰς
437 4903 714 4968 ὲπιλύσεις
756 4906 1143 4975 ποιησάμενος,
1172 4901 1330 4969 αὖθις
1368 4908 1448 4968 είς
1480 4905 1741 4977 αἰσχύνην
1788 4907 1886 4960 αὺ-

299 4996 388 5049 τδν
424 4997 752 5066 κατέστησε,
788 4997 984 5067 μηκέτι
1013 4997 1310 5068 δυνάμενον
1332 4998 1561 5070 διαίρειν
1594 5000 1787 5070 στόμα.
1822 5000 1887 5052 Oi

301 5090 354 5143 δὲ
377 5089 520 5152 λαοὶ,
552 5087 715 5160 ζῆλον
743 5090 905 5143 πάλιν
930 5090 1300 5162 ἀνειληφότες,
1331 5092 1633 5162 ἐπειρῶντο
1659 5092 1750 5144 τὸν
1774 5091 1889 5144 ἀλι-

302 5185 485 5253 τήριον
527 5180 981 5250 διαχειρίσασθαι.
1037 5182 1095 5234 Ὀ
1122 5181 1179 5233 δὲ
1209 5181 1453 5252 ἀποδρὰς
1491 5184 1617 5246 τοὺς
1655 5184 1884 5254 δήμους,

309 5278 399 5330 καὶ
425 5277 504 5339 εἰς
531 5275 626 5328 τὸν
653 5274 1048 5345 προειρημένον
1079 5275 1374 5330 κάστελλον
1412 5277 1466 5328 Ἀ
1477 5275 1742 5347 ραδίωνος
1781 5276 1887 5328 πά-

309 5366 388 5420 λιν
409 5370 652 5436 ἀφῖκται.

383 5705 396 5734 ¹
429 5702 552 5758 Vitii
587 5702 834 5758 nonnihil
870 5702 1054 5758 subest
1090 5700 1219 5757 huic
1251 5701 1395 5757 loco.
1474 5702 1494 5731 ²
1524 5698 1716 5753 Matth.
1755 5713 1808 5764 κ,
1852 5699 1937 5754 ll).

385 5836 494 5901 (l6)
550 5833 756 5904 Ἠρέμα
778 5848 902 5900 πως
932 5835 1002 5888 ἐν
1038 5827 1086 5900 ᾦ
1112 5830 1322 5898 ἐαυτῷ.
1357 5831 1483 5888 Cor.
1545 5833 1729 5904 ἡρέμα
1765 5851 1882 5898 πως
1909 5852 1922 5866 θ

1990 4621 2285 4692 Tryphoue
2341 4623 2708 4687 contendere;
2745 4630 2802 4676 tu
2854 4623 2999 4676 enim
3053 4639 3139 4678 me
3187 4640 3311 4678 cum
3343 4624 3420 4680 sis
3451 4625 3572 4694 epi-

1992 4726 2196 4781 scopus
2252 4711 2519 4782 dignitate
2562 4729 2812 4783 superas.
2859 4715 3164 4770 Archelaus
3209 4732 3360 4781 vero,
3409 4733 3471 4771 ex
3506 4731 3574 4770 co

1989 4806 2132 4876 quod
2184 4807 2295 4878 jam
2351 4808 2500 4864 illius
2561 4809 2758 4880 dogma
2809 4809 3152 4864 confutatum
3201 4818 3341 4874 erat,
3400 4812 3573 4865 multo

1990 4915 2153 4969 quam
2188 4900 2371 4954 verbis
2407 4900 2638 4969 exprimi
2670 4908 2879 4969 posset,
2909 4900 3204 4954 simulandi
3235 4901 3572 4956 callidiorem

1991 5007 2114 5047 esse
2147 4991 2355 5057 docuit,
2413 5007 2584 5062 osque
2615 4993 2689 5046 illi
2723 5007 2955 5062 prorsus
2985 4993 3237 5047 occlusit.
3280 4991 3418 5046 Tum
3452 5008 3573 5063 qua'

1992 5084 2060 5136 ab
2097 5083 2190 5136 illo
2232 5083 2513 5152 proposita
2555 5083 2771 5137 fuerant
2801 5082 3127 5148 dissolvens,
3168 5097 3369 5139 norum
3393 5085 3442 5139 ei
3475 5100 3574 5154 pu-

1994 5174 2182 5228 dorem
2204 5175 2457 5238 incussit,
2486 5191 2608 5229 cum
2635 5191 2702 5228 ne
2733 5174 2950 5230 hiscere
2979 5175 3199 5245 quidem
3227 5175 3462 5243 amplius
3478 5191 3568 5227 au-

1996 5266 2168 5322 deret.
2201 5266 2314 5321 Sub
2345 5268 2458 5322 haec
2484 5269 2720 5338 populus
2764 5267 3084 5322 ardentibus
3117 5281 3335 5323 rursum
3376 5267 3572 5322 animis
3631 5265 3640 5274 ’

1998 5360 2290 5414 scelestum
2337 5361 2487 5413 illum
2535 5362 2847 5430 opprimere
2897 5370 3129 5416 conatus
3174 5370 3278 5415 est.
3330 5358 3572 5425 Quorum

2000 5453 2090 5507 ille
2115 5467 2314 5509 manus
2343 5453 2608 5524 effugiens
2642 5454 2708 5508 ad
2740 5453 3029 5510 castellum
3066 5451 3362 5512 Arabionis
3388 5466 3572 5510 rever-

1999 5559 2094 5600 sus
2118 5552 2225 5600 est.

1965 5835 2024 5886 ἐν
2059 5828 2126 5902 ᾧ,
2151 5839 2259 5887 etc.
