4008 6240
420 327 486 382 (έἹ
1845 317 1904 373 S.
1946 313 2001 372 El

2108 315 2292 372 IIANII
3615 311 3687 370 48

485 440 602 496 XII.
644 441 748 498 Sed
767 440 1056 500 Persarum
1083 461 1198 512 rex,
1227 450 1507 514 comperta
1527 440 1810 496 Maniehmi
1835 439 1983 510 fuga,
2019 442 2065 498 A

419 536 605 590 missis
645 537 972 592 satellitibus
1013 539 1066 592 iu
1111 538 1300 593 eodem
1346 537 1438 590 illo
1471 533 1700 589 castello
1738 548 1991 602 compre-

419 628 649 681 hensum
693 627 968 682 hominem
1009 628 1370 697 ignominiose
1414 627 1470 679 in
1515 624 1796 680 Persidem
1830 623 1998 678 abdu-

419 717 496 769 xit
527 737 541 768 :
573 716 662 768 ubi
703 717 920 771 calamo
966 725 1091 771 cute
1137 716 1406 780 detracta,
1437 715 1703 777 ultimum.
1726 713 1894 784 629
1923 712 1991 768 de

417 819 484 858 eo
517 806 840 876 supplicium
879 809 1132 876 sumpsit.
1181 805 1356 872 Quam
1381 805 1601 877 quidem
1637 812 1820 860 cutem
1852 805 1994 859 utris

418 895 474 949 in
511 898 753 958 modum,
803 896 1018 950 iul‘artis
1063 899 1258 966 paleis,
1295 899 1361 952 ad
1397 898 1721 952 hodiernum
1750 896 1895 950 diem
1938 897 1994 950 in

419 984 642 1042 Perside
675 997 916 1041 servant.
966 986 1123 1041 Hune
1153 988 1319 1057 igitur
1354 989 1444 1042 ille
1473 989 1682 1042 exitum
1707 988 1831 1041 vitae
1857 1001 1995 1041 con-

419 1084 640 1130 secutus
661 1085 762 1130 est.
791 1073 872 1130 0b
903 1077 954 1130 id
977 1075 1254 1132 Μακήριιωί
1285 1079 1502 1134 lectulis
1527 1078 1644 1133 suis
1672 1078 1994 1132 arundinem

418 1167 798 1226 substernunt.
839 1165 981 1238 Ergo
1013 1168 1102 1222 ille
1131 1169 1212 1223 sic
1245 1179 1498 1224 mortuus
1527 1186 1646 1234 eos,
1683 1185 1821 1240 quos
1859 1170 1992 1234 dixi,

417 1257 718 1326 discipulos
753 1259 993 1328 reliquit,
1023 1259 1256 1324 Addam,
1288 1260 1577 1326 Thomam,
1606 1271 1660 1314 et
1685 1262 1992 1328 llermeam,

416 1363 580 1417 quos,
631 1357 922 1420 antequam
960 1353 1052 1405 illo
1101 1353 1292 1407 mortis
1327 1367 1525 1422 genere
1566 1368 1756 1422 poenas
1799 1354 1994 1416 lueret,

414 1443 566 1494 varia
603 1440 658 1494 in
704 1441 821 1494 loca
871 1439 1173 1495 dimiserat.
1223 1441 1486 1497 I-Iermeas
1533 1444 1679 1498 enim
1731 1444 1784 1497 in
1829 1443 1999 1514 Egy-

417 1537 568 1599 ptqu
607 1529 884 1600 profectus
917 1538 1021 1598 est,
1050 1546 1285 1600 quocum
1335 1533 1580 1603 plerique
1614 1534 1811 1588 versati
1847 1541 1994 1588 sunt.

417 1622 605 1694 Neque
654 1623 798 1678 enim
851 1623 1078 1692 antiqua
1108 1635 1192 1678 est
1224 1623 1520 1678 admodum
1577 1625 1690 1680 lucc
1747 1625 1996 1689 haeresis,

418 1713 552 1769 adeo
583 1723 642 1768 ut
668 1715 761 1783 qui
793 1730 917 1768 cum
947 1715 1181 1769 Hermea
1229 1713 1404 1771 Manis
1435 1717 1706 1786 discipulo
1739 1716 1994 1770 collocuti

418 1819 566 1875 sunt,
611 1810 771 1864 nobis
802 1823 923 1878 quae
954 1807 1024 1862 ad
1056 1809 1206 1862 illum
1248 1783 1594 1879 pertinebant
1626 1810 1992 1865 narraverint.
2028 1783 2072 1840 Β

419 1902 602 1958 Addas
657 1903 712 1956 in
766 1901 1106 1971 superiorem
1159 1902 1442 1972 regionem
1475 1902 1632 1966 abiit,
1661 1901 1901 1958 Thomas
1937 1903 1992 1956 in

417 1993 682 2048 Iudaeam.
733 1993 910 2062 Atque
959 1993 1028 2047 ab
1084 1992 1154 2047 iis
1211 2003 1360 2048 secta
1417 1993 1510 2047 illa
1558 1993 1623 2048 ad
1671 1993 1993 2048 hodiernum

419 2101 592 2156 usque
625 2085 769 2140 diem
811 2085 956 2140 vires
991 2095 1155 2155 atque
1189 2085 1588 2140 incrementum
1627 2086 1836 2140 habuit.
1873 2086 1994 2140 Cre-

417 2185 593 2231 tei~um
630 2173 816 2228 Manes
854 2172 1118 2243 Spiritum
1151 2189 1209 2228 se
1236 2189 1358 2228 esse
1405 2175 1739 2243 paraeletum
1783 2187 1999 2228 assere-

417 2267 551 2327 bat,
603 2281 668 2321 ac
723 2281 1116 2334 nonnunquam
1166 2266 1471 2336 apostolum
1504 2281 1561 2321 se
1590 2281 1716 2320 esse
1764 2264 1994 2330 Christi,

418 2359 553 2411 alias
593 2356 925 2427 paracletum
971 2355 1237 2426 Spiritum
1271 2355 1554 2427 praedicat.
1605 2355 1812 2425 Estque
1840 2371 1998 2426 pror-

419 2466 514 2504 sus
535 2449 778 2504 insolens
805 2455 860 2503 et
893 2448 1133 2503 absurda
1163 2447 1423 2503 exe-.ecati
1458 2447 1698 2502 hominis
1739 2448 1830 2501 illa
1867 2463 1990 2518 per-

418 2540 623 2595 suasio.
1837 2597 1840 2599 Α

489 2629 627 2684 XIII.
668 2629 787 2684 1am
817 2643 946 2684 vero
975 2643 1200 2684 necesse
1237 2637 1320 2684 est
1354 2637 1410 2683 ut
1441 2629 1696 2699 deinceps
1729 2629 1998 2685 adversus

419 2729 560 2782 hanc
603 2728 855 2782 Ineresim
915 2725 1223 2795 stolidaqne
1285 2725 1432 2778 illius
1482 2723 1704 2778 decreta
1754 2723 2002 2792 dispute-

419 2837 562 2876 mus.
605 2818 741 2873 Nam
793 2835 913 2889 qua:
964 2819 1228 2872 hactenus
1265 2816 1506 2870 diximus
1541 2815 1744 2868 nudam
1792 2814 1860 2868 de
1907 2815 2002 2870 illo

421 2912 704 2967 historiam
749 2909 1055 2964 continent.
1103 2907 1188 2960 Ab
1227 2921 1292 2962 eo
1333 2906 1497 2976 igitur
1540 2905 1820 2960 ordiemur
1849 2903 1998 2974 quod

419 3003 651 3058 docendi
685 3017 749 3056 ac
794 3000 1070 3056 scribendi
1118 2997 1446 3068 dicendique
1495 2997 1712 3052 initium
1764 2997 1998 3067 sumpsit

2163 439 2263 494 IB’.
2318 436 2558 492 Ἐκεῖθεν
2586 435 2642 492 δὲ
2665 437 2694 490 ὁ
2721 436 2829 490 τῶν
2851 435 3078 508 Περσῶν
3105 434 3374 506 βασιλεὺς,
3398 435 3560 503 γνοὺς
3581 436 3680 506 τὴιν

2099 529 2192 582 τοῦ
2217 530 2375 602 Μάνη
2403 531 2745 601 καταφυγὴν,
2773 529 3121 592 ἀποστείλας,
3153 529 3248 582 καὶ
3271 527 3681 598 χειρωσάμενος

2099 619 2262 672 αὐτὸν
2289 622 2346 676 ὲν
2376 618 2452 690 τῷ
2479 621 2867 691 προειρημένῳ
2901 619 3201 690 καστέλλῳ,
3237 619 3318 680 είς
3345 617 3444 688 τὴν
3477 617 3682 687 Περσί-

2097 711 2164 764 δα
2204 711 2414 781 ἀτίμως
2451 711 2796 765 καθείλκυσε·
2829 714 2923 766 καὶ
2952 711 3011 763 τὸ
3044 711 3220 782 δέρμα
3255 709 3419 763 αὑτοῦ
3447 707 3686 778 καλάμῳ

2100 803 2362 868 κελεύσας
2396 804 2713 874 ἐκδαρῆναι,
2762 804 2904 856 οὕτω
2938 803 3037 874 τὴν
3069 803 3337 876 τιμωρίαν
3385 801 3534 872 αὐτῷ
3575 804 3686 854 ἁπ-

2101 895 2318 949 έδωκεν.
2347 896 2510 950 Ὅθεν
2532 898 2626 950 καὶ
2650 896 2948 967 ἐκδαρέντα
2981 895 3233 965 καλάμῳ,
3259 894 3353 947 καὶ
3395 893 3484 946 τὸν
3513 894 3686 946 ἀσκὸν

2098 989 2262 1043 αὑτοῦ
2291 989 2673 1060 ἐμπλησθέντα
2705 988 2923 1060 ἀχύρων
2959 987 3040 1040 ἔτι
3060 987 3155 1040 καὶ
3181 985 3341 1057 δεῦρο
3370 987 3426 1038 ὲν
3457 985 3686 1056 Περσίδι

2099 1081 2300 1152 ἔχουσι.
2341 1082 2450 1136 Καὶ⁵
2477 1080 2620 1134 οὕτω
2654 1081 2748 1134 τὸν
2781 1080 2895 1151 βίον
2923 1079 3281 1148 κατέστρεψε.
3314 1077 3404 1130 Διὸ
3437 1078 3591 1131 αὐτοὶ
3631 1078 3685 1130 oi

2097 1175 2388 1244 Μανιχαῖοι
2439 1175 2551 1245 (Π)
2601 1173 2696 1226 ἐπὶ
2763 1171 3030 1242 καλάμοις
3092 1169 3192 1234 τὰς
3255 1170 3440 1234 κοίτας
3501 1169 3685 1222 αὐτῶν

2099 1263 2397 1318 ποιοῦνται.
2431 1263 2588 1316 Οὕτω
2605 1263 2662 1316 δὲ
2687 1261 2852 1316 αὑτοῦ
2886 1260 3266 1324 ἀποθανόντος,
3303 1261 3396 1312 καὶ
3429 1259 3687 1312 καταλεί-

2098 1361 2296 1428 ψαντος
2342 1357 2469 1419 τοὺς
2505 1355 2700 1409 ἑαυτοῦ
2739 1354 3008 1426 μαθητὰς,
3042 1353 3136 1415 οὓς
3181 1354 3426 1423 εἴπομεν,
3476 1353 3690 1417 ’Δδδᾶν,

2099 1451 2192 1503 καὶ
2224 1450 2446 1520 Θωμᾶν,
2493 1449 2586 1502 καὶ
2630 1449 2908 1520 Ἑρμείαν,
2953 1447 3081 1517 πρὶν
3125 1446 3155 1515 ἢ
3192 1445 3352 1498 αὑτὸν
3387 1445 3485 1516 τὴν
3525 1446 3684 1514 δίκην

2098 1537 2394 1594 ἀπολαϐεῖν
2430 1539 2571 1592 κατὰ
2602 1538 2692 1590 τὸν
2724 1536 3092 1606 δεδηλωμένον
3121 1535 3340 1604 τρόπον,
3371 1526 3510 1604 ¹Ῐίίσαν
3543 1536 3688 1588 ἁπο-

2102 1631 2386 1695 σταλέντες
2431 1632 2522 1684 ὑπ’
2556 1629 2742 1694 αὑτοῦ,
2777 1632 2806 1684 ὁ
2835 1630 2934 1699 μὲν
2983 1627 3241 1698 Ἑρμείας
3269 1630 3349 1691 είς
3377 1626 3475 1698 τὴν
3517 1626 3690 1696 Δίγυ-

2103 1741 2254 1790 πτον,
2286 1717 2331 1792 ᾧ
2368 1724 2462 1776 καὶ
2489 1723 2776 1794 συνέτυχον
2811 1722 3017 1776 πολλοί·
3060 1723 3161 1776 οὐκ
3193 1723 3306 1774 ἔστι
3338 1721 3445 1792 γὰρ
3489 1720 3688 1790 ἀρχαῖ-

2100 1814 2270 1877 ζουσα
2301 1816 2334 1886 ἡ
2365 1815 2596 1884 αἵρεσις,
2635 1815 2728 1866 καὶ
2758 1813 2808 1865 οἱ
2845 1811 3301 1880 συντετυχηκότες
3325 1809 3402 1880 τῷ
3426 1826 3687 1880 προειρη-

2103 1905 2250 1977 μένῳ
2281 1906 2530 1977 Ἐρμείᾳ,
2561 1904 2777 1975 μαθητῇ
2817 1903 2930 1958 ὄντι
2963 1903 3059 1958 τοῦ
3094 1903 3278 1973 Μάνη,
3305 1903 3438 1972 ἡμῖν
3464 1901 3534 1954 τὰ
3559 1899 3687 1954 κατ’

2098 1999 2261 2054 αὑτὸν
2282 1999 2626 2070 διηγήσαντο·
2663 1997 2844 2060 Ἀδδᾶς
2875 1997 2930 2050 δὲ
2955 1995 3050 2048 ἐπὶ
3072 1995 3141 2049 τὰ
3169 1993 3475 2066 ἀνωτερικὰ
3499 1992 3643 2064 μέρη
3668 2007 3684 2022 ·

2100 2093 2302 2163 Θωμᾶς
2321 2093 2377 2144 δὲ
2412 2091 2504 2144 ἐπὶ
2525 2090 2623 2162 τὴν
2661 2089 2917 2143 Ἰουδαίαν
2939 2093 2956 2158 (
2965 2089 3070 2158 I8).
3089 2089 3176 2154 Ἐξ
3197 2081 3272 2141 ὧν
3297 2083 3605 2158 ἐκρατύνθη
3623 2083 3691 2137 τὸ

2098 2185 2275 2256 δόγμα
2326 2185 2494 2238 εἰσέτι
2538 2183 2716 2254 δεῦρο.
2744 2184 2934 2251 Ἔλεγε
2973 2182 3030 2236 δὲ
3068 2181 3258 2234 ἑαυτὸν
3295 2193 3323 2235 ο
3351 2182 3543 2250 Μάνης
3573 2181 3684 2250 (19)

2099 2272 2238 2332 εἶναι
2272 2277 2332 2330 τὸ
2365 2275 2588 2346 Πνεῦμα
2617 2275 2677 2328 τὸ
2709 2273 3076 2346 παράκλητον·
3123 2273 3216 2325 καὶ
3253 2272 3384 2326 ποτὲ
3425 2272 3523 2342 μὲν
3551 2273 3688 2326 ἀπό-

2103 2369 2287 2424 στολον
2336 2369 2534 2439 φάσκει
2559 2367 2750 2422 ἑαυτὸν
2785 2366 3042 2438 Χριστοῦ,
3073 2365 3202 2418 ποτὲ
3239 2365 3292 2416 δὲ
3320 2363 3545 2433 Πνεῦμα
3575 2382 3686 2416 πα-

2103 2462 2390 2534 ράκλητον.
2415 2459 2524 2514 Καὶ
2549 2459 2721 2528 πολλὴ
2755 2457 2856 2526 τῆς
2883 2455 3206 2526 τυφλώσεως
3237 2453 3428 2507 τούτου
3462 2453 3688 2507 κακόδο·

2101 2551 2190 2617 ξος
2219 2549 2616 2618 ἀλλοιοτροπία.

2173 2642 2270 2696 II".
2298 2641 2576 2695 Ἐντεῦθεν
2593 2640 2800 2700 λοιπὸν,
2824 2637 3118 2707 ἀγαπητοὶ,
3141 2637 3301 2708 χρεία
3318 2639 3452 2708 ἡμῖν
3476 2635 3692 2706 γίνεται

2101 2737 2182 2799 είς
2207 2735 2304 2806 τὴν
2329 2734 2541 2806 αἵρεσιν
2567 2735 2758 2792 εἰπεῖν,
2789 2733 2882 2785 καὶ
2913 2733 2992 2794 είς
3021 2729 3121 2802 τὴν
3150 2729 3322 2800 αὐτῆς
3349 2747 3688 2800 ματαιοφρο-

2103 2826 2268 2898 σύνην
2289 2842 2302 2855 ·
2339 2824 2408 2877 τὰ
2451 2825 2556 2895 γὰρ
2583 2821 2922 2894 παρελθόντα
2943 2822 3120 2876 πάντα
3143 2820 3286 2874 κατὰ
3314 2822 3554 2892 ἱστορίαν
3583 2822 3690 2890 ὑφ·-

2099 2919 2397 2990 ηγησάμην
2416 2933 2429 2946 ·
2455 2916 2575 2970 ὅθεν
2603 2915 2667 2985 δὴ
2695 2913 2922 2986 ἄρχεται
2944 2914 3212 2968 διδάσκειν
3241 2931 3302 2966 τε
3331 2914 3424 2967 καὶ
3453 2915 3689 2984 γράφειν

2103 3013 2197 3065 καὶ
2226 3009 2404 3079 λέγειν
2431 3011 2459 3063 ὁ
2483 3006 2871 3079 χαλεπώτατος
2887 3006 3077 3074 Μάνης
3093 3009 3149 3059 ὲν
3165 3005 3243 3076 τῷ
3260 3007 3399 3074 Περὶ
3425 3006 3688 3070 πίστεως

341 3075 354 3089 ’
413 3092 862 3161 improbissimus
904 3089 1092 3144 Manes
1141 3089 1195 3142 in
1240 3103 1306 3143 eo
1362 3089 1523 3153 libro,
1571 3103 1732 3158 quem
1775 3087 1852 3141 De
1899 3086 2001 3157 ﬁde

2108 3101 2269 3157 αὑτοῦ
2300 3075 2463 3174 λόγῳ.
2489 3075 2735 3164 ⁷Ϊῦίϐλους
2775 3099 2889 3169 ’γὰρ
2929 3091 3085 3161 οὗτος
3115 3075 3402 3168 διαφόρους
3435 3097 3646 3161 ἐξέθετο
3669 3114 3683 3125 ’

422 3185 680 3255 scripsit;
731 3184 900 3240 libros
939 3185 1083 3238 enim
1119 3182 1300 3236 varios
1343 3181 1531 3248 edidit,
1577 3197 1810 3251 quorum
1859 3197 2004 3236 unus

424 3277 616 3347 ιὶςςὶιιιὶ
653 3277 790 3332 duas
821 3277 875 3329 in
905 3282 1102 3345 partes
1140 3273 1472 3329 distributus
1512 3281 1622 3338 est,
1660 3272 2006 3342 alphabetico

423 3369 614 3423 ordine
655 3383 768 3437 .pro
823 3369 1127 3422 litterarum
1187 3367 1388 3438 quibus
1448 3365 1571 3438 Syri
1625 3373 1854 3420 utuntur
1905 3381 2008 3419 nu-

425 3478 612 3528 mero;
667 3475 793 3514 nam
843 3459 1090 3531 plerique
1136 3458 1427 3514 Persarum
1480 3468 1679 3528 praater
1733 3459 2000 3512 elementa

425 3552 639 3608 Persica
673 3551 936 3621 Syrorum
966 3565 1184 3621 quoque
1219 3548 1416 3604 litteris
1457 3557 1705 3612 utuntur,
1743 3547 2006 3618 quemad-

424 3645 642 3698 modum
685 3645 828 3714 apud
881 3657 982 3698 nos
1027 3643 1328 3697 innumerte
1366 3650 1555 3712 gentes
1591 3638 1809 3696 ϐιαιως
1849 3641 2006 3694 adhi-

425 3741 582 3802 lwnt,
638 3737 853 3794 tametsi
906 3737 1135 3808 singulae
1184 3737 1294 3792 fere
1339 3751 1467 3791 suas
1511 3749 1575 3789 ac
1609 3735 1868 3805 proprias
1901 3734 2004 3788 ha-

421 3832 603 3886 beant.
659 3831 765 3883 Alii
821 3845 948 3884 vero
993 3828 1440 3885 recouditissima
1506 3827 1768 3899 Syrorum
1818 3827 2005 3897 lingua

423 3938 545 3976 sese
618 3921 920 3984 venditant,
998 3919 1308 3989 eujusmodi
1381 3929 1466 3974 est
1521 3917 2001 3990 Palmyrenorum,

422 4029 584 4083 «unum
621 4029 725 4068 una
749 4028 872 4067 cum
909 4011 1098 4082 viginti
1140 4011 1352 4065 duobus
1383 4010 1502 4078 ejus
1543 4010 1827 4065 elementis
1857 4011 2007 4064 adhi-

421 4105 570 4162 hcut.
605 4102 742 4157 lIiue
769 4112 854 4159 est
895 4102 1038 4172 quod
1073 4102 1357 4158 Mauichazi
1389 4103 1526 4156 liber
1563 4101 1786 4156 totidem
1829 4102 1884 4156 in
1915 4117 2004 4157 se-

420 4198 633 4254 ctiones
681 4195 943 4250 dividitur
984 4213 998 4250 :
1049 4195 1214 4265 hujus
1256 4194 1542 4264 inscriptio
1589 4201 1674 4249 est
1715 4192 2003 4248 Manio/net

423 4289 693 4358 mysteria.
729 4286 882 4341 Alius
919 4295 1002 4341 est
1039 4287 1129 4340 cui
1179 4286 1450 4340 Thesauro
1495 4300 1692 4339 nomen
1741 4285 2001 4339 inditum.

421 4379 624 4434 Praeter
653 4378 789 4441 hos,
829 4378 965 4432 alios
993 4377 1257 4447 quosdam
1300 4377 1366 4430 ad
1405 4375 1715 4432 illudendos
1756 4375 2004 4432 homines

2111 3195 2240 3265 μίαν
2287 3193 2386 3264 μὲν
2441 3192 2724 3264 ἰσάριθμον
2771 3190 3039 3244 εἰκοσιδύο
3073 3189 3352 3258 στοιχείων
3397 3189 3506 3242 τῶν
3545 3189 3689 3244 κατὰ

2105 3287 2205 3358 τὴν
2234 3286 2342 3340 τῶν
2367 3285 2552 3356 Σύρων
2577 3283 2911 3354 στοιχείωσιν
2935 3281 3002 3334 δι’
3026 3280 3356 3352 ἀλφαϐήτων
3395 3280 3688 3350 συγκειμέ-

2106 3395 2204 3450 νην
2229 3395 2242 3407 ο
2273 3377 2510 3448 χρῶνται
2535 3375 2644 3446 γάρ
2665 3376 2716 3427 οἱ
2741 3374 2983 3426 πλεῖστοι
3003 3371 3113 3425 τῶν
3141 3371 3369 3443 Περσῶν
3394 3371 3532 3442 μετὰ
3553 3372 3688 3443 Περ-

2108 3469 2236 3522 σικὰ
2267 3469 2502 3539 στοιχεῖα
2547 3467 2641 3519 καὶ
2672 3464 2750 3536 τῷ
2790 3463 2948 3535 Σύρῳ
2982 3463 3294 3535 γράμματι,
3329 3461 3521 3533 ὥσπερ
3553 3463 3686 3532 παρ’

2104 3563 2235 3631 ἡμῖν
2273 3560 2442 3612 πολλὰ
2481 3559 2608 3628 ἔθνη
2642 3559 2754 3621 τοῖς
2801 3557 3130 3628 Ἑλληνικοῖς
3157 3557 3477 3628 κέχρηνται,
3508 3555 3688 3620 redeo:

2105 3670 2169 3721 γε
2191 3653 2359 3706 ὄντων
2387 3649 2570 3721 σχεδὸν
2597 3648 2740 3702 κατὰ
2765 3648 2916 3712 ἔθνος
2942 3648 3088 3702 ἰδίων
3107 3647 3475 3720 γραμμάτων.
3505 3645 3690 3699 ’Ἄλλοι

2105 3743 2160 3796 δὲ
2191 3741 2348 3813 δῆθεν
2374 3742 2474 3811 τὴν
2503 3739 2810 3811 βαθυτάτην
2832 3738 2939 3792 τῶν
2966 3725 3154 3810 Σύρων
3183 3736 3459 3790 διάλεκτον
3493 3734 3688 3804 capsa}—

2105 3851 2306 3900 νονται,
2346 3835 2443 3906 τήν
2469 3851 2528 3886 τε
2559 3831 2702 3906 [τὴν]
2746 3831 2886 3886 κατὰ
2921 3831 3020 3901 τὴν
3054 3829 3354 3902 Παλμύραν
3385 3829 3687 3894 διάλεκτον,

2105 3926 2275 3997 αὐτήν
2303 3943 2364 3978 τε
2397 3925 2489 3978 καὶ
2519 3925 2588 3978 τὰ
2610 3923 2790 3977 αὐτῶν
2822 3925 3090 3993 στοιχεῖα·
3129 3919 3396 3973 είκοσιδύο
3428 3921 3484 3974 δὲ
3513 3920 3689 3973 ταῦτα

2108 4020 2362 4091 ὑπάρχει.
2413 4018 2610 4090 Διόπερ
2647 4017 2742 4071 καὶ
2786 4018 2820 4086 ἠ
2863 4016 3002 4086 αὑτὴ
3038 4014 3217 4084 βίϐλος
3251 4013 3519 4068 εἰκοσιδύο
3545 4016 3690 4085 τμή-

2109 4128 2257 4182 ματα
2297 4111 2470 4178 λόγων
2503 4111 2805 4181 τέτμηται·
2857 4107 3029 4179 ταύτῃ
3063 4105 3120 4159 δὲ
3163 4105 3470 4177 ἐπιτίθησιν
3515 4105 3718 4176 δνομα.

2106 4203 2436 4272 Μανιχαίου
2479 4201 2812 4271 μυστήρια·
2870 4199 3033 4270 ἑτέρᾳ
3083 4197 3140 4249 δὲ
3189 4198 3524 4266 Θησαυρός.
3575 4197 3690 4250 Καὶ

2105 4294 2270 4358 ἄλλας
2297 4295 2362 4366 δὴ
2397 4294 2612 4362 βίϐλους
2639 4291 2914 4352 καττύσας
2955 4289 3311 4358 φαντάζεται,
3345 4289 3435 4343 τὸν
3459 4290 3692 4356 Μικρῦν

2105 4388 2170 4461 δὴ
2198 4385 2510 4456 θησαυρὸν
2547 4385 2689 4438 οὕτω
2727 4381 3082 4452 καλούμενον,
3125 4381 3294 4452 ἄλλην
3324 4381 3382 4434 δὲ
3413 4381 3512 4452 τὴν
3543 4382 3688 4448 Περὶ

421 4471 721 4538 contexuit,
752 4471 895 4525 velut
922 4467 1182 4524 Minorem
1203 4470 1526 4524 thesaurum.
1555 4470 1690 4524 Item
1725 4468 1798 4524 De
1827 4479 2001 4525 astra-

2109 4479 2522 4549 ἀστρολογίας.
2565 4475 2639 4528 Οὐ
2663 4474 2771 4544 γὰρ
2798 4472 3084 4526 ἀποδέουσι
3110 4473 3210 4542 τῆς
3244 4471 3500 4542 τοιαύτης
3533 4488 3691 4542 περι-

420 4571 585 4640 logia.
643 4565 827 4636 Neque
865 4565 1010 4620 enim
1047 4580 1076 4618 a
1104 4565 1338 4640 curiosis
1375 4563 1482 4618 illis
1536 4563 1748 4620 artibus
1787 4565 1994 4620 abhor-

423 4669 590 4717 rent:
644 4660 776 4730 quin
829 4657 1013 4728 potius
1063 4657 1414 4712 astronomia:
1461 4656 1750 4712 scientiam
1797 4673 1908 4727 prie
1942 4673 2002 4714 se

421 4753 624 4815 ferunt,
666 4765 729 4806 ac
774 4749 842 4804 de
884 4764 948 4803 ea
993 4747 1306 4819 gloriantur.
1369 4747 1476 4803 Sed
1532 4755 1586 4804 et
1625 4749 1862 4805 amuleta
1899 4751 2006 4806 hoc

420 4854 505 4903 est
544 4860 781 4916 appensa
814 4842 1062 4914 quaadam
1094 4858 1124 4897 e
1157 4842 1299 4896 collo
1324 4881 1339 4906 ,
1385 4855 1596 4896 necnon
1633 4850 1687 4896 et
1720 4842 2006 4900 cautiones

418 4939 582 5012 63o
630 4938 871 5009 magicas
915 4951 980 4991 ac
1031 4933 1335 5006 praestigias
1371 4943 1656 5004 usurpant.
1693 4934 1895 4991 Verum
1925 4935 2005 4992 sic

421 5036 572 5089 illum
604 5047 765 5102 quem
801 5028 912 5084 dixi
940 5029 1138 5082 librum
1173 5027 1360 5082 Manes
1400 5027 1717 5083 exorditur:

490 5124 630 5179 XIV.
675 5123 809 5178 Erat
847 5122 986 5176 Deus
1015 5131 1064 5176 et
1101 5122 1348 5184 materia,
1393 5121 1485 5174 tua;
1523 5130 1570 5174 et
1606 5120 1828 5174 tenebra:
1851 5159 1865 5179 ,
1913 5119 2003 5171 bo-

422 5235 546 5272 num
573 5227 621 5271 et
653 5215 874 5278 malum,
907 5229 1022 5282 qute
1063 5222 1172 5266 tam
1213 5212 1419 5280 penitus
1449 5211 1550 5265 sibi
1591 5211 1810 5264 invicem
1851 5217 2004 5262 erant

491 5441 604 5510 (l7)
640 5440 736 5492 Διὸ
773 5438 945 5494 αὐτοὶ
1002 5440 1056 5492 οὶ
1100 5433 1442 5510 Μαγιχαῒοι.
1483 5429 1629 5510 Vel-ti
1664 5439 1842 5510 potest
1875 5451 1888 5486 :
1921 5431 2000 5510 O_b_

423 5515 475 5568 id
495 5499 792 5564 ‘Manichwi
824 5524 980 5576 super
1016 5499 1305 5560 arundines
1328 5501 1547 5576 cubant.
1577 5499 1711 5576 _Nain
1754 5500 2002 5576 Mattarii

421 5591 709 5654 propterea
742 5571 897 5645 dicti,
932 5577 1079 5654 quod
1109 5579 1163 5654 in
1187 5574 1374 5628 mattis
1413 5571 1734 5627 dormirent.
1775 5575 1916 5646 Aug.
1971 5591 2002 5628 v

421 5646 590 5708 contr.
632 5649 894 5705 Faustum
931 5646 1166 5702 Manich.

493 5723 601 5793 (18)
647 5720 850 5790 Θωμᾶς
875 5717 1068 5793 defiat
1099 5711 1565 5793 ενήνςζοιῃδίιιίαιςΣ
1601 5713 2001 5793 gerrigendum

420 5783 858 5852 ex"Tlie0tl6rcto
883 5785 1052 5842 videri
1089 5783 1371 5854 possitén‘t
1403 5785 1502 5856 τὴν
1531 5785 1742 5842 Ἰνδίαν.
1769 5783 1920 5843 Nam
1945 5797 2006 5842 ut

2103 4571 2295 4640 εργίας
2315 4588 2331 4599 ·
2379 4565 2514 4620 ἀλλὰ
2546 4564 2746 4636 μᾶλλον
2779 4563 2962 4626 αὐτοῖς
2991 4565 3048 4615 ὲν
3093 4561 3370 4632 προχείρῳ
3394 4563 3691 4632 καυχήμα⁴

2106 4679 2198 4725 τος
2222 4660 2507 4732 πρόκειται
2535 4653 2868 4727 ἀστρονομία
2891 4669 2904 4682 ·
2937 4655 3033 4706 καὶ
3063 4653 3432 4724 φυλακτήρια,
3467 4653 3611 4726 φημὶ
3630 4653 3690 4706 δὲ

2106 4755 2176 4808 τὰ
2214 4752 2513 4824 περίαπτα,
2565 4747 2660 4802 καὶ
2699 4747 2856 4801 ἄλλαι
2895 4745 3036 4809 τινὲς
3077 4745 3285 4814 ἐπῳδαὶ
3332 4747 3428 4798 καὶ
3470 4763 3691 4816 μαγγα-

2107 4847 2266 4897 νεῖαι.
2310 4843 2571 4912 Ἂρχεται
2621 4838 2747 4908 γοῦν
2801 4838 2860 4892 ὲν
2911 4838 2979 4908 τῇ
3014 4835 3180 4890 αὑτοῦ
3239 4835 3406 4910 βίϐλῳ
3437 4837 3617 4908 λέγειν
3661 4839 3692 4890 ὁ

2109 4935 2270 4999 αὐτὸς
2303 4933 2495 5004 Μάνης
2514 4951 2528 4964 ο

2175 5119 2272 5173 IA'.
2287 5113 2395 5171 Ἦν
2415 5117 2558 5181 Θεὸς
2575 5118 2670 5170 καί
2691 5117 2828 5184 ὕλη,
2847 5117 2971 5187 φῶς
2984 5118 3081 5172 καὶ
3099 5119 3340 5184 σκότος,
3355 5117 3578 5186 ἀγαθὸν
3597 5117 3696 5170 καί

2112 5209 2320 5274 κακὸν,
2344 5209 2465 5274 τοῖς
2495 5206 2684 5264 πᾶσιν
2703 5208 2896 5278 ἄχρως
2921 5211 3184 5277 ἐναντία,
3217 5212 3298 5277 ὡς
3326 5208 3477 5264 κατὰ
3501 5207 3696 5279 μηδὲν

2103 5433 2386 5506 Christum
2431 5433 2762 5506 imitaretur,
2813 5435 3194 5506 cognominem
3239 5435 3386 5490 illius
3437 5437 3694 5506 apostolo

2102 5503 2435 5576 discipulum
2469 5504 2525 5559 in
2561 5503 2768 5576 Indiam
2798 5503 3072 5576 allegavit.
3107 5503 3309 5558 Verum
3343 5503 3507 5576 etiam
3547 5505 3692 5559 infra

2105 5591 2160 5647 n.
2204 5573 2264 5647 5t
2307 5573 2776 5647 Thomamistum
2827 5573 3318 5646 pseudapostolum
3375 5577 3432 5630 in
3476 5573 3692 5647 Syriam

2105 5646 2444 5701 destinatum
2479 5644 2689 5703 scribit.

2179 5717 2291 5787 (I9)
2327 5715 2544 5788 Ἔλεγε
2571 5713 2638 5769 δὲ
2659 5717 2921 5788 ,ἑαυτὸνό
2937 5715 3168 5783 Μάνης.
3193 5714 3310 5771 lmo
3333 5725 3386 5773 et
3407 5717 3690 5772 Christum

2107 5787 2350 5855 seipsum
2371 5787 2492 5844 esse
2539 5789 2712 5848 dixit:
2743 5787 3013 5842 Theodor.
