4008 6240
277 392 345 450 ιο
892 391 1264 449 Αυνιῖῐιευδ
1320 393 1668 450 Incussus
1706 379 1834 450 LI‘B.
1874 393 1892 450 1

1997 381 2153 451 ron.
2200 397 2261 452 ιι.
2303 429 2371 439 -
2413 395 2681 454 omnes.
2734 397 2916 452 LXVI.
3469 400 3541 455 so

269 505 685 560 ἐπικοινωνεῖν
702 507 952 575 θάτερον
979 509 1220 578 θατέρῳ.
1259 511 1370 562 Καὶ
1399 503 1553 575 οὗτος
1586 511 1686 581 μέν
1711 511 1858 563 ἐστιν
1887 560 1892 571 ,

1997 514 2256 575 ontraria,
2311 512 2460 566 nulla
2511 523 2566 566 ut
2621 513 2846 566 alterum
2901 529 3016 565 cum
3081 512 3247 564 altera
3300 528 3536 565 conmm-

269 600 304 652 ὁ
332 598 599 670 πρόλογος
630 598 723 652 τοῦ
756 599 1017 672 ἀγύρτου.
1063 601 1345 656 Ἐντεῦθεν
1371 603 1598 674 ἄρχεται
1630 603 1730 672 τῆς
1757 603 1862 655 αὑ-

273 689 371 743 τοῦ
399 690 831 760 κακομηχανίας.
861 693 1020 762 Καὶὴ
1048 693 1147 764 μὲν
1169 693 1349 764 βίϐλος
1371 697 1428 747 ὲν
1451 696 1643 748 πλάτει
1661 697 1860 760 κεῖται,

273 782 505 835 τοιαῦτά
535 800 657 836 τινα
686 783 866 852 φαῦλα
892 785 1028 838 ἄττα
1064 787 1412 857 περιέχουσα,
1442 782 1517 841 ὧν
1544 788 1639 859 τὴν
1669 788 1863 841 δυσκο-

276 873 420 938 λίαν,
459 875 555 928 καὶ
582 875 683 946 τὴν
713 878 1062 947 ἐναντιότητα
1092 878 1202 932 τῶν
1239 878 1412 948 λόγων
1441 881 1535 933 καὶ
1569 881 1663 933 ἀπ’
1693 880 1865 950 αὐτῆς

277 965 380 1036 τῆς
411 966 588 1036 ἀρχῆς
611 967 704 1020 τοῦ
746 969 950 1022 σκοποῦ
987 969 1065 1022 ἔτι
1119 971 1499 1043 περιληπτέον.
1539 974 1602 1026 El
1633 973 1740 1044 γὰρ
1772 972 1867 1026 καὶ

280 1057 454 1128 πολλὴ
497 1060 530 1127 ἡ
573 1057 734 1129 λοιπὴ
770 1058 1025 1130 φλυαρία,
1062 1061 1156 1114 καὶ⁵
1205 1061 1456 1132 μυθώδης
1487 1062 1762 1124 ὑπόθεσις,
1803 1063 1870 1115 ἐκ

279 1150 382 1218 τῆς
413 1150 729 1220 εἰσαγωγῆς
767 1152 828 1203 τὸ
865 1154 972 1205 πᾶν
999 1151 1341 1224 δειχθήσεται
1370 1151 1472 1222 τῆς
1509 1151 1675 1205 αὑτοῦ
1699 1169 1869 1222 πονη-

283 1240 432 1313 ρίας.
458 1241 531 1293 Τὸ
560 1242 690 1311 γάρ,
715 1238 834 1296 Ἦν
867 1243 1011 1310 Θεὸς
1043 1243 1141 1297 καὶ
1173 1243 1312 1310 ὕλη,
1339 1243 1492 1296 οὐδὲν
1523 1243 1750 1296 ἀποδέον
1771 1243 1870 1313 τῆς

281 1331 394 1384 τῶν
431 1331 697 1403 Ἑλλήνων
727 1333 960 1403 ματαίας
992 1333 1248 1397 ὑπονοίας
1277 1334 1617 1406 ὑφηγήσατο.
1654 1333 1872 1386 Εὑάλω-

279 1442 377 1477 τον
407 1424 486 1484 δὲ,
517 1426 612 1476 καὶ
635 1425 840 1497 ῥᾴδιον,
869 1426 966 1479 καὶ
993 1426 1356 1481 εὐκατάλυτον
1385 1426 1485 1497 τῆς
1505 1427 1872 1495 συκοφαντίας

282 1515 447 1569 τοῦτο
492 1515 553 1569 τὸ
597 1517 1000 1588 κενοφρὸνημα.
1059 1518 1163 1571 Δύο
1210 1519 1319 1589 γὰρ
1364 1519 1652 1572 ἐπιτοαυτὸ
1685 1514 1870 1589 [εἶναι]

284 1609 566 1678 σύγχρονά
595 1626 654 1662 τε
683 1610 778 1662 καὶ
808 1610 953 1662 ἀΐδια
984 1609 1042 1674 ἐξ
1065 1611 1300 1679 εὐλόγων
1328 1610 1603 1682 λογισμῶν
1627 1611 1720 1664 καὶ
1745 1628 1874 1665 συν-

282 1701 414 1771 ετῆς
448 1701 660 1765 εὐνοίας
689 1701 950 1754 ἀδύνατον
972 1697 1110 1754 εἶναι
1141 1702 1292 1773 παρά
1313 1703 1389 1774 τῷ
1406 1703 1612 1772 κρίνειν
1639 1702 1875 1770 εὐλόγως

285 1791 637 1860 γινώσκοντι.
706 1793 815 1846 Καὶ
860 1794 1130 1862 γνωστέον
1178 1794 1338 1848 τοῦτο
1387 1795 1542 1848 ἕσται
1585 1795 1749 1847 παντὶ
1796 1793 1876 1863 τῷ

288 1882 510 1937 σύνεσιν
545 1885 888 1956 κεκτημένῳ.
936 1885 997 1939 El
1033 1886 1142 1956 γὰρ
1184 1887 1252 1940 τὰ
1288 1887 1382 1940 δύο
1415 1887 1712 1957 σύγχρονα,
1755 1885 1877 1938 οὐδὲ

289 1975 397 2029 κᾶν
427 1975 506 2046 τῷ
534 1976 758 2046 ὀνόματι
800 1977 1136 2048 διήλλακται.
1192 1979 1308 2032 Πᾶν
1337 1977 1447 2049 γὰρ
1484 1979 1545 2031 τὸ
1581 1976 1877 2047 σύγχρονον

289 2068 388 2120 καὶ
413 2069 705 2124 συναῖδιον.
735 2068 808 2122 Τὸ
832 2070 888 2123 δὲ
911 2071 1180 2124 συναῖδιον
1203 2072 1296 2123 καὶ
1313 2072 1399 2123 ἀεὶ
1425 2070 1695 2142 ὑπάρχον,
1719 2068 1879 2122 τοῦτο

287 2159 448 2223 Θεὸς,
486 2161 721 2231 μάλιστα
770 2162 877 2214 ἀπό
916 2179 1059 2224 τινος
1087 2162 1260 2215 αἰτίου
1290 2163 1465 2234 ἀρχὴν
1513 2162 1587 2233 μὴ
1636 2162 1878 2232 εἰληφός.

289 2255 464 2308 Οὐδὲν
494 2255 602 2326 γὰρ
635 2255 802 2308 ἀΐδιον
836 2254 868 2326 ἦ
907 2256 1065 2326 μόνον
1101 2255 1255 2319 Θεός.
1308 2255 1594 2326 Διαφόροις
1626 2255 1734 2325 γὰρ
1762 2255 1882 2308 ὀνό-

299 2361 433 2414 ιασι
455 2347 658 2408 ταύτας
678 2345 780 2408 τὰς
808 2346 982 2416 ἀρχὰς
1003 2345 1208 2410 ὲξέθου,
1233 2340 1278 2398 ὧ
1309 2345 1552 2416 βάρϐαρε
1573 2347 1671 2416 τὴν
1691 2346 1882 2416 φρένα,

293 2437 394 2489 καὶ
427 2437 656 2508 πολέμιε
687 2437 786 2507 τῆς
815 2437 1163 2508 ἀνθρωπείας
1193 2437 1428 2507 φύσεως.
1480 2440 1554 2491 Τὸ
1583 2439 1682 2509 μὲν
1699 2437 1884 2503 ὲξέθου

296 2529 440 2598 φῶς,
465 2530 526 2582 τὸ
565 2530 622 2582 δὲ
659 2529 870 2592 σκότος,
908 2529 968 2582 τὸ
1012 2529 1056 2581 δ’
1093 2524 1160 2582 αὖ
1193 2529 1420 2596 ἀγαθὸν,
1461 2529 1555 2583 καὶ
1591 2513 1654 2582 τὸ
1700 2530 1887 2600 ἕτερον

297 2619 492 2674 κακόν.
527 2620 760 2682 Φάσκεις
791 2618 869 2683 δὲ,
902 2619 986 2672 ὅτι
1016 2621 1125 2683 τοῖς
1162 2621 1327 2672 πᾶσιν
1352 2619 1536 2691 ἄκρως
1568 2620 1685 2672 ἐστὶ
1713 2620 1889 2675 ταῦτα

300 2711 542 2776 ἐναντία,
564 2712 640 2775 ὼς
668 2710 808 2764 κατὰ
830 2710 997 2782 μηδὲν
1011 2711 1382 2764 ἐπικοινωνεῖν
1402 2709 1628 2780 θάτερον
1655 2711 1886 2782 θατέρῳ.

301 2803 514 2857 Οὐκοῦν
540 2803 796 2873 χωρίζεις
825 2802 997 2855 ταῦτα
1027 2803 1121 2856 ἀπ’
1150 2802 1418 2874 ἀλλήλων.
1454 2802 1625 2872 Δῆλον
1653 2803 1782 2874 γὰρ,
1809 2805 1892 2857 ὅτι

303 2894 642 2958 ὲναντία,ὠς
677 2893 833 2964 ἔφης.
883 2895 944 2947 El
985 2895 1041 2947 δὲ
1081 2894 1310 2947 συνόντα
1341 2894 1583 2964 πέφυκε,
1625 2894 1754 2964 φίλα
1798 2895 1894 2948 καὶ

305 2985 598 3055 σύμφωνα,
633 2986 726 3038 καὶ
753 2983 1002 3055 ἀλλήλοις
1032 2985 1259 3038 συνόντα
1281 2985 1656 3057 εὑρεθήσεται,
1681 2985 1895 3038 συνδια-

303 3078 567 3149 τρίϐοντὰ
597 3095 657 3130 τε
694 3077 789 3130 καὶ
830 3077 1320 3146 συγκοιελωνοῦντα,
1356 3079 1451 3132 καὶ
1485 3078 1606 3150 μηδ’
1636 3077 1771 3142 ὅλως
1801 3081 1895 3132 ἀπ’

1965 608 2117 660 niam:
2139 606 2475 678 jungerclur.
2526 605 2640 660 lloc
2673 607 2836 661 modo
2872 606 3162 668 circulator
3209 605 3312 658 iste
3351 604 3544 675 praefa-

1967 706 2078 753 tur.
2128 697 2265 752 Tum
2305 699 2603 768 pessimum
2654 697 2848 766 degma
2888 696 3162 764 explicare
3208 695 3540 764 aggreditur.

1966 790 2062 844 Est
2093 800 2274 844 autem
2317 791 2453 844 liber
2490 790 2579 843 ille
2626 784 2905 842 lusissime
2945 789 3204 856 scriptus,
3247 800 3310 838 ac
3349 797 3546 838 cmtera

1967 879 2217 946 eiusdem
2276 880 2494 950 generis
2546 879 2690 932 mala
2747 887 2800 932 et
2869 879 3053 944 inepta
3107 875 3544 944 complectitur;

1968 987 2202 1042 quorum
2252 971 2569 1041 perplexam
2619 968 3032 1031 obscuritatem,
3071 965 3546 1019 contrarietatem—

1969 1083 2076 1136 que
2103 1080 2416 1120 sermonum
2446 1064 2559 1134 jam
2590 1073 2703 1117 tum
2735 1061 2804 1116 ab
2834 1061 2952 1129 ipso
2997 1057 3302 1127 argumenti
3348 1055 3550 1126 princi-

1972 1158 2063 1227 pio
2112 1155 2546 1210 animadvertere
2586 1159 2820 1223 oportet.
2865 1149 3017 1204 Licet
3063 1147 3210 1202 enim
3261 1162 3468 1216 magna:
3497 1146 3556 1200 in

1971 1249 2199 1318 reliquis
2242 1263 2400 1318 nuga:
2450 1261 2514 1300 ac
2555 1246 2750 1299 fabulae
2789 1245 2932 1305 sint,
2968 1257 3033 1295 ex
3065 1241 3184 1310 ipso
3228 1249 3407 1292 tamen
3444 1238 3556 1307 pri-

1974 1341 2185 1396 mordio
2227 1347 2341 1394 tota
2373 1340 2518 1393 illius
2557 1337 2879 1407 improbitas
2933 1332 3168 1404 pateﬁet.
3215 1329 3370 1397 Quod
3411 1328 3556 1381 enim

1975 1433 2200 1496 scribit,
2242 1431 2374 1486 Erat
2400 1430 2540 1485 Deus
2568 1440 2616 1484 et
2647 1429 2897 1491 materia,
2930 1441 3053 1480 cum
3087 1426 3380 1478 vanissima
3423 1437 3556 1490 gen-

1975 1526 2151 1579 tilium
2205 1523 2598 1593 superstitione
2649 1521 2925 1592 congruit.
2973 1517 3078 1572 Scd
3121 1525 3174 1571 et
3217 1514 3558 1569 calumniosa

1978 1617 2069 1672 illa
2125 1615 2416 1685 inanisque
2486 1613 2761 1669 sententia
2823 1609 3077 1665 convinci
3133 1607 3282 1661 nullo
3340 1603 3560 1674 negotio

1977 1707 2362 1774 conl’utarique
2409 1711 2608 1774 potest.
2661 1700 2877 1757 Etenim
2933 1700 3043 1754 duo
3092 1697 3254 1752 simul
3305 1703 3363 1749 ut
3415 1695 3560 1748 exsi-

1980 1807 2128 1854 stant
2155 1797 2382 1867 azqualis
2413 1795 2513 1850 aevi
2553 1809 2618 1848 ac
2661 1793 3020 1862 sempiterna,
3067 1788 3180 1842 ﬁeri
3212 1787 3364 1841 nullo
3399 1784 3563 1838 modo

1981 1898 2193 1960 potest;
2230 1890 2310 1943 nti
2337 1903 2470 1942 sana
2514 1899 2576 1940 ac
2613 1883 2855 1955 prudens
2886 1884 3027 1936 ratio
3061 1883 3110 1936 ei
3151 1880 3308 1934 facile
3332 1893 3563 1949 persua-

1977 1982 2132 2045 serit,
2152 1981 2243 2051 qui
2258 1977 2622 2048 rectojudicio
2649 1977 2720 2031 sit
2741 1974 3021 2046 praeditus.
3047 1974 3224 2042 Atque
3254 1973 3357 2024 hoc
3397 1969 3561 2021 intel—

1981 2072 2153 2142 ligens
2183 2070 2416 2140 quisque
2455 2082 2791 2139 cognoscere
2835 2065 3016 2119 debet.
3072 2063 3207 2114 Nam
3253 2060 3298 2115 si
3337 2058 3563 2127 aequalia

1985 2175 2225 2233 tempore
2251 2162 2360 2217 duo
2385 2168 2536 2223 sunt,
2563 2174 2629 2212 ne
2646 2156 3004 2228 appellatione
3029 2151 3248 2222 quidem
3285 2148 3561 2205 dill‘erunt.

1986 2253 2267 2326 Quidquid
2298 2254 2444 2308 enim
2469 2252 2678 2322 atquale
2711 2257 2797 2304 est
2855 2245 3012 2302 alteri
3046 2251 3312 2314 tempore,
3350 2257 3474 2296 cum
3501 2256 3569 2294 eo

1985 2363 2207 2420 quoque
2245 2346 2604 2400 aeternitatem
2657 2343 2818 2396 habet
2856 2340 3144 2409 aqualem.
3191 2337 3345 2402 Quod
3385 2345 3567 2387 autem

1986 2441 2196 2513 aequale
2235 2445 2323 2494 est
2353 2437 2678 2499 mternitate,
2721 2449 2784 2488 ac
2817 2445 3032 2502 semper
3062 2429 3298 2489 exsistit,
3333 2426 3572 2496 itIipsum

1989 2535 2135 2591 Deus
2177 2539 2283 2600 est,
2335 2545 2461 2585 cum
2513 2527 2814 2601 prtcsertim
2863 2525 3012 2579 nulla
3060 2523 3128 2577 ab
3156 2535 3324 2575 causa
3355 2518 3570 2573 initium

1991 2623 2280 2694 acceperit.
2333 2619 2478 2674 Nihil
2519 2617 2666 2673 enim
2713 2623 2912 2686 praeter
2948 2611 3117 2668 Deum
3164 2618 3249 2664 est
3284 2617 3570 2663 aitet-num.

1993 2719 2074 2773 Ad
2101 2717 2221 2772 haec
2253 2716 2357 2771 ista
2386 2711 2652 2784 principia
2685 2708 2917 2765 diversis
2956 2707 3270 2761 nominibus
3305 2700 3574 2767 extulisti,

1976 2811 2157 2865 homo
2183 2807 2401 2878 ingenio
2441 2805 2695 2866 barbare,
2730 2811 2784 2858 et
2821 2801 3044 2856 humani
3087 2798 3302 2870 generis
3331 2795 3575 2849 inimice.

1993 2905 2133 2960 Nam
2167 2903 2314 2958 aliud
2359 2901 2535 2955 lucem
2577 2896 2883 2968 appellasti,
2929 2892 3076 2947 aliud
3113 2891 3375 2954 tenebraz,
3432 2882 3576 2940 aliud

1996 2997 2222 3059 bonum,
2244 2991 2391 3046 aliud
2414 2991 2635 3042 malum.
2654 2987 2824 3041 Addis
2848 2998 3059 3040 summe
3081 2981 3197 3034 haec
3221 2978 3453 3031 invicem
3474 2974 3578 3029 sibi.

1998 3103 2122 3144 esse
2135 3082 2414 3140 contraria
2437 3098 2450 3144 ;
2471 3079 2603 3134 nihil
2630 3077 2796 3132 utuni
2819 3077 2890 3130 sit
2917 3088 3041 3128 cum
3065 3072 3237 3126 altero
3266 3080 3574 3122 commune.

305 3170 556 3240 ἀλλήλων
582 3169 1033 3239 ἀπαλλαττόμενα
1071 3169 1138 3222 δι’
1174 3169 1477 3240 ὑπερϐολὴν
1502 3169 1705 3239 φιλίας.
1751 3170 1813 3223 El
1842 3171 1892 3223 δὲ

2003 3179 2169 3250 Igitur
2195 3190 2226 3228 a
2262 3190 2320 3230 se
2369 3172 2460 3227 illa
2485 3177 2672 3222 mutua
2709 3180 2965 3236 scparas;
2995 3175 3171 3231 neque
3205 3157 3432 3213 dubium
3469 3165 3576 3215 est,

308 3264 476 3334 χωρὶς
496 3261 742 3332 ἀλλήλων
769 3264 903 3321 ἐστὶ,
932 3262 1149 3324 πάντως
1165 3262 1394 3315 ’ἑκαστον
1417 3262 1621 3315 τούτων
1643 3263 1892 3333 πεπέρα-

310 3373 453 3409 σται.
489 3356 606 3408 Πᾶν
633 3355 690 3408 δὲ
717 3355 777 3407 τὸ
807 3355 1246 3426 πεπερασμένον,
1266 3357 1327 3408 οὐ
1349 3355 1574 3412 τέλειον.
1625 3357 1894 3427 ὐρίζεται

310 3448 421 3517 γὰρ
461 3447 529 3500 δι’
561 3445 728 3500 αὑτοῦ
749 3448 763 3477 ¹
800 3447 1166 3520 πεπεράσθαι.
1211 3448 1418 3511 ’Ἄλλως
1453 3448 1509 3500 δὲ
1537 3448 1630 3502 καὶ
1659 3449 1897 3520 ζητηθή-

313 3559 466 3595 σεται
490 3543 635 3612 ὄριον
664 3543 743 3603 είς
768 3540 1141 3611 διαπερασμὸν
1172 3540 1516 3610 ἀμφοτέρων,
1541 3541 1627 3594 ἵνα
1655 3543 1728 3614 μὴ
1757 3544 1899 3595 κατά

311 3635 380 3686 τὰ
407 3634 660 3705 τέρματα
706 3632 956 3703 ἀλλήλοις
989 3633 1341 3702 ἐφαπτόμενα
1374 3633 1661 3707 ἀμφότερα
1691 3637 1758 3687 τὰ
1795 3636 1901 3688 ἴδια

311 3727 401 3780 διὰ
439 3728 547 3780 τῶν
576 3726 862 3798 τερμάτων
889 3724 1140 3795 ἀλλήλοις
1169 3726 1527 3796 συνάπτηται,
1563 3725 1657 3778 καὶ
1694 3727 1903 3779 ἐπικοι-

313 3822 576 3890 νωνήσειε
605 3819 832 3889 θάτερον
872 3817 1106 3889 θατέρῳ,
1145 3818 1238 3870 καὶ
1281 3817 1370 3871 τὸν
1403 3817 1499 3887 τῆς
1533 3817 1902 3888 ἐναντιότητος

313 3913 557 3985 ἀφανίσῃ
579 3914 718 3984 ὅρον.

2002 3247 2464 3340 quandoquidem,
2498 3271 2555 3316 ut
2599 3261 2756 3326 dicis,
2796 3256 3070 3313 contraria
3114 3260 3262 3307 sunt.
3317 3249 3481 3319 Atqui
3533 3247 3580 3301 si

2001 3376 2065 3415 cx
2099 3368 2294 3412 natura
2350 3369 2448 3409 sua
2507 3366 2614 3405 una
2668 3361 2977 3408 versentur,
3018 3355 3359 3410 consequens
3393 3345 3476 3391 est
3523 3342 3582 3389 ut

2003 3459 2059 3507 et
2100 3449 2277 3504 amice
2327 3445 2562 3501 invicem
2601 3439 2968 3502 consentiant,
3018 3443 3312 3503 mutuaque
3354 3429 3582 3499 conjun-

2007 3542 2194 3598 ctione
2250 3552 2317 3592 ac
2367 3532 2770 3591 consuetudine
2819 3528 3117 3587 socientur,
3175 3537 3350 3593 neque
3394 3537 3422 3574 a
3466 3534 3586 3574 sese

2011 3649 2121 3706 pra:
2153 3644 2338 3686 amore
2381 3642 2444 3682 ac
2492 3623 2788 3680 concordia
2844 3619 3190 3675 divellantur.
3225 3614 3382 3681 Quod
3411 3614 3458 3666 si
3505 3613 3588 3664 in-

2013 3701 2184 3780 vicem
2237 3724 2487 3788 separata
2536 3721 2687 3776 sunt,
2735 3713 2932 3766 horum
2987 3706 3415 3777 unumquodque
3466 3701 3589 3755 ﬁni-

2009 3826 2124 3874 tum
2176 3813 2250 3870 sit
2290 3817 2520 3880 oportet.
2564 3804 2720 3871 Quod
2764 3811 2945 3856 autem
2992 3799 3203 3854 ﬁnitum
3249 3805 3353 3861 est,
3412 3793 3590 3864 perfe-

2011 3922 2159 3966 ctum
2206 3919 2315 3959 non
2349 3911 2458 3968 est;
2488 3907 2572 3954 est
2613 3897 2757 3953 enim
2801 3895 2905 3949 ﬁne
2957 3908 3056 3948 suo
3095 3889 3586 3957 circumscriptum.

315 4006 461 4072 Quin
487 4009 650 4062 etiam
683 4007 950 4062 terminus
978 4007 1176 4078 aliquis
1218 4005 1574 4076 requirendus
1613 4006 1739 4070 erit,
1779 4010 1871 4078 qui
1912 4016 2206 4074 utrumque
2240 3997 2494 4061 deﬁniat;
2529 4011 2618 4056 ne,
2652 3992 2698 4048 si
2729 4006 2787 4046 se
2816 3996 3007 4045 mutuo
3031 3984 3392 4053 contigerint,
3437 3995 3590 4033 eom-

319 4100 581 4154 munione
606 4099 785 4169 aliqua
819 4070 1083 4154 extremis
1110 4099 1218 4152 illis
1241 4070 1307 4151 in.
1328 4097 1527 4152 ﬁnibus
1565 4070 1922 4169 copulentur;
1948 4070 2300 4173 631-atquc
2339 4090 2413 4143 ita
2445 4086 2742 4142 constituta
2769 4083 2858 4135 illa
2887 4078 3250 4134 contrarietas
3280 4070 3590 4129 intercidat.

390 4191 504 4244 Kal.
534 4191 580 4242 εί
611 4190 752 4262 δῴης
780 4208 835 4244 τι
859 4191 1092 4261 διεῖργον
1119 4191 1391 4260 ἀναμέσον
1419 4189 1527 4242 τῶν
1556 4192 1905 4263 ἀμφοτέρων,

319 4282 507 4336 οὐκέτι
552 4281 614 4335 τὸ
648 4283 883 4353 διεῖργον
921 4283 1106 4352 ὅμοιον
1163 4281 1318 4333 ἕσται
1359 4280 1596 4344 τούτοις,
1648 4280 1761 4333 ἀλλ’
1795 4280 1910 4334 οὗθ’

320 4379 510 4447 ιἕτερον
533 4375 684 4429 ἔσται
708 4378 821 4439 τοῖς
841 4375 1191 4446 ἀμφοτέροις.
1224 4375 1286 4426 Εἰ
1303 4372 1412 4444 γὰρ
1429 4374 1534 4426 ἀπὸ
1564 4373 1681 4435 ἑνὸς
1709 4373 1910 4445 μέρους

323 4467 801 4540 ἀφομοιωθήσεται
822 4467 882 4520 τὸ
902 4468 1135 4538 διεῖργον
1161 4466 1244 4520 ἐνὶ
1261 4466 1370 4521 τῶν
1395 4466 1490 4519 δύο
1515 4465 1622 4520 τῶν
1639 4465 1909 4537 πρότερον

322 4560 633 4632 είρημένων
674 4559 888 4621 ἀϊδίων,
945 4559 1054 4612 ἀπὸ
1095 4559 1189 4613 τοῦ
1242 4558 1679 4629 ἀφομοιουμένου
1725 4557 1910 4611 οὐκέτι

323 4652 608 4723 ἀλλότριον
649 4652 735 4723 εἴη
782 4653 842 4705 τὸ
881 4652 1145 4724 διεῖργον,
1203 4652 1341 4705 ἀλλ-ὰ
1383 4651 1788 4722 συναπτόμενον
1831 4649 1910 4721 τῷ

323 4743 765 4816 ἀφομοιουμένῳ,
797 4744 892 4796 καὶ
913 4743 1001 4797 διὰ
1032 4741 1126 4795 τοῦ
1155 4739 1500 4813 ὲξισουμένου
1533 4742 1732 4813 μέρους
1760 4739 1912 4793 ἔσται

325 4839 359 4909 ἡ
396 4838 684 4907 συνάφεια,
740 4836 835 4890 καὶ
860 4835 1044 4889 οὑκέτι
1077 4835 1572 4907 τερματισθήσεται
1611 4834 1668 4885 ὲν
1702 4834 1768 4903 τῇ
1807 4830 1916 4884 τῶν

325 4931 419 4984 δύο
444 4929 664 4999 φύσεων
693 4930 790 4982 ἀπ’
825 4928 1072 4998 ἀλλήλων
1106 4927 1406 4982 διαστάσει.
1466 4926 1528 4978 Et
1552 4924 1609 4978 δὲ
1645 4924 1738 4978 καὶ
1767 4923 1914 4976 ἔστιν

326 5019 449 5074 οὔτε
479 5022 664 5091 ὅμοιον
689 5019 798 5073 τῶν
823 5020 935 5082 δύο,
977 5019 1098 5073 οὔτε
1131 5019 1358 5090 μέτοχον
1397 5018 1504 5072 ἀπὸ
1529 5019 1730 5089 μέρους
1761 5017 1918 5070 θατέ-

331 5131 444 5184 ρου,
498 5112 684 5166 οὑκέτι
711 5111 805 5165 δύο
858 5112 975 5165 ἐστὶ
1002 5113 1072 5166 τὰ
1106 5112 1273 5176 ἀΐδια,
1310 5111 1405 5164 καὶ
1449 5110 1538 5164 ἀεὶ
1567 5111 1724 5164 ὅντα⁸
1783 5109 1918 5163 ἀλλὰ

329 5202 513 5255 λοιπὸν
546 5201 663 5254 ἔστι
696 5201 844 5273 τρία,
891 5202 982 5255 καὶ
1014 5202 1199 5255 οὐκέτι
1242 5201 1337 5256 δύο
1365 5201 1549 5272 ἀρχαὶ,
1583 5200 1676 5252 καὶ
1703 5200 1796 5253 δύο
1822 5201 1906 5253 ἁλ-

330 5293 512 5364 λήλοις
529 5292 750 5348 ἐναντία
769 5292 837 5346 τὰ
867 5291 1078 5361 πρῶτα,
1104 5292 1242 5348 ἀλλὰ
1263 5293 1446 5364 τρίτον
1471 5292 1620 5355 ἄλλο,
1644 5291 1738 5345 καὶ
1768 5293 1922 5344 ἐναν-

330 5387 444 5439 τίον
476 5386 586 5439 τῶν
619 5384 968 5457 ἀμφοτέρων,
1010 5386 1105 5438 καὶ
1135 5385 1388 5456 ἀνόμοιον
1419 5387 1532 5448 τοῖς
1566 5383 1917 5454 ἀμφοτέροις,

335 5479 428 5530 καὶ
456 5477 693 5549 διεῖργον
720 5476 992 5547 ἀναμέσον
1015 5479 1128 5530 τοῖν
1151 5477 1318 5540 δυοῖν,
1339 5477 1437 5530 καὶ
1466 5476 1540 5548 μὴ
1562 5477 1771 5548 θατέρῳ
1801 5477 1921 5526 ἐπι-

335 5568 625 5621 κοινωνοῦν
653 5568 741 5621 διὰ
761 5568 820 5620 τὸ
847 5567 1156 5630 ἀλλόκοτον,
1181 5569 1275 5620 καὶ
1294 5567 1415 5621 οὔτε
1438 5567 1762 5637 ἀμφοτέρων
1788 5566 1853 5617 λα
1862 5583 1922 5636 μ-

337 5659 497 5714 ϐάνον
538 5661 640 5730 τὴν
681 5659 958 5730 ὁμοίωσιν.
1022 5659 1134 5713 Καὶ
1170 5659 1354 5714 λοιπὸν
1387 5659 1539 5715 ἔσται
1576 5657 1760 5713 ούκέτι
1807 5656 1920 5723 δύο,

413 5840 430 5870 ⁸
455 5839 582 5910 ch.
625 5837 790 5892 αὑτοῦ
816 5837 933 5893 τοῦ.

2084 4165 2202 4244 iam
2235 4199 2363 4242 vero
2393 4183 2438 4237 si
2471 4178 2772 4250 quidpiam,
2807 4173 2952 4245 quod
2999 4171 3089 4226 illa
3121 4169 3363 4229 dirimat,
3403 4165 3590 4217 ambo-

2011 4295 2132 4333 rum
2167 4277 2222 4331 in
2261 4273 2443 4328 medio
2478 4266 2860 4328 collocaveris,
2894 4279 3001 4318 non
3043 4266 3224 4330 potest
3263 4255 3316 4310 id
3347 4253 3490 4326 quod
3517 4253 3596 4308 di-

2014 4371 2162 4426 rimit
2215 4369 2432 4421 illorum
2481 4375 2604 4415 esse
2662 4357 2861 4418 simile,
2906 4353 3000 4408 sed
3035 4351 3102 4404 ab
3139 4356 3369 4414 utraque
3415 4345 3596 4398 (liver-

2013 4477 2156 4517 sum.
2193 4456 2402 4511 Etenim
2432 4453 2478 4508 si
2507 4453 2574 4505 ab
2608 4463 2714 4503 una
2739 4455 2894 4518 parte
2936 4444 2988 4498 id
3015 4440 3158 4514 quod
3188 4445 3407 4510 separat
3434 4434 3593 4488 alteri

2013 4567 2078 4605 ex
2123 4545 2347 4603 aeternis
2388 4543 2498 4597 illis
2532 4538 2816 4610 principiis
2858 4535 3035 4591 simile
3080 4532 3263 4595 luerit,
3305 4529 3374 4582 ab
3403 4542 3468 4581 eo
3501 4542 3599 4578 cu-

2006 4643 2102 4712 jus
2154 4634 2570 4694 similitudinem
2629 4631 2814 4692 habet,
2872 4642 2982 4680 non
3036 4624 3141 4679 erit
3189 4623 3448 4682 alienum,
3505 4615 3598 4671 sed

2011 4745 2134 4786 cum
2167 4743 2233 4784 eo
2276 4724 2654 4793 conjunclum.
2695 4718 2906 4788 Quippe
2937 4731 3031 4786 per
3088 4715 3227 4767 hanc
3270 4713 3442 4781 ipsam
3485 4724 3604 4777 par-

2013 4831 2145 4883 tem,
2188 4834 2295 4890 qua
2335 4816 2404 4871 ad
2478 4812 2612 4869 illud
2651 4809 2884 4872 accedit,
2931 4807 3180 4877 quaedam
3232 4802 3593 4859 contrahetur

2022 4914 2299 4978 afﬁnitas;
2343 4911 2488 4966 unde
2523 4910 2706 4964 nullus
2732 4907 2845 4977 jam
2882 4905 2936 4958 in
2980 4902 3264 4956 ambarum
3299 4895 3606 4951 con-traria-

2022 5023 2144 5061 rmn
2193 5005 2428 5060 invicem
2473 5012 2794 5057 naturarum
2843 4996 3080 5052 divortio
3123 4991 3389 5048 terminus
3438 4987 3604 5042 relin-

2023 5105 2239 5168 quetur.
2277 5097 2346 5149 At
2382 5095 2427 5149 si
2454 5107 2634 5164 neque
2677 5090 2964 5144 amborum
3007 5085 3183 5141 simile
3213 5089 3320 5148 est,
3358 5095 3459 5134 nec
3497 5078 3605 5130 ulla

2023 5189 2106 5244 sui
2136 5198 2291 5260 parte
2318 5203 2441 5243 cum
2473 5187 2647 5239 altero
2677 5182 3075 5242 communicat,
3115 5177 3309 5232 falsum
3339 5181 3425 5228 est
3448 5180 3607 5225 mter-

2026 5298 2094 5336 na
2127 5297 2250 5336 esse
2297 5281 2437 5346 duo,
2490 5293 2610 5349 qua:
2669 5290 2887 5345 semper
2927 5269 3263 5333 exstiterint,
3324 5268 3448 5318 cuni
3501 5262 3606 5314 tria

2025 5385 2379 5444 consurgant.
2423 5371 2610 5443 Itaque
2635 5385 2811 5440 neque
2851 5368 2961 5421 duo
2983 5365 3092 5433 jam
3119 5367 3280 5416 erunt
3313 5353 3604 5427 principia,

2027 5483 2205 5536 neque
2242 5466 2353 5520 duo
2395 5466 2569 5536 prima
2618 5463 2850 5517 invicem
2893 5455 3205 5518 contraria;
3245 5452 3338 5508 sed
3387 5448 3605 5502 tertium

2027 5557 2301 5630 quoddam
2360 5559 2588 5620 orietur,
2642 5557 2861 5623 utrique
2919 5549 3280 5612 contrarium,
3329 5559 3392 5596 ac
3447 5539 3608 5595 dissi-

2032 5651 2178 5722 mile,
2225 5667 2334 5722 quo
2363 5651 2551 5707 eadem
2585 5649 2674 5702 illa
2717 5650 3083 5716 separantur:
3118 5637 3266 5711 quod
3308 5636 3440 5694 nihil
3481 5647 3608 5689 cum
