  <div class='ocr_page' id='page_1' title='image "/cluster/home/n/w/nwhite01/storage/ocr_20150623/42/mdp.39015052824052/033.png"; bbox 0 0 4008 6240; ppageno 0'>
   <div class='ocr_carea' id='block_1_1' title="bbox 475 354 3731 426">
    <p class='ocr_par' dir='ltr' id='par_1_1' title="bbox 475 354 3731 426">
     <span class='ocr_line' id='line_1_1' title="bbox 475 354 3731 426; baseline -0.016 13"><span class='ocrx_word' id='word_1_1' title='bbox 475 370 540 426; x_wconf 69' lang='lat' dir='ltr'><strong>5t</strong></span> <span class='ocrx_word' id='word_1_2' title='bbox 1896 358 1951 415; x_wconf 89' lang='lat' dir='ltr'><strong>s.</strong></span> <span class='ocrx_word' id='word_1_3' title='bbox 1995 355 2334 410; x_wconf 60' lang='lat' dir='ltr'><strong>erwnsxu</strong></span> <span class='ocrx_word' id='word_1_4' title='bbox 3665 354 3731 406; x_wconf 49' lang='lat'><strong>5.9</strong></span> 
     </span>
    </p>
   </div>
   <div class='ocr_carea' id='block_1_2' title="bbox 479 465 2043 552">
    <p class='ocr_par' dir='ltr' id='par_1_2' title="bbox 479 475 2043 552">
     <span class='ocr_line' id='line_1_2' title="bbox 479 475 2043 552; baseline -0.008 -14"><span class='ocrx_word' id='word_1_5' title='bbox 479 486 746 552; x_wconf 72' lang='lat' dir='ltr'><strong>alterutro</strong></span> <span class='ocrx_word' id='word_1_6' title='bbox 792 495 1082 536; x_wconf 81' lang='lat' dir='ltr'><strong>commune</strong></span> <span class='ocrx_word' id='word_1_7' title='bbox 1129 485 1348 548; x_wconf 89' lang='lat' dir='ltr'><strong>propter</strong></span> <span class='ocrx_word' id='word_1_8' title='bbox 1400 475 1772 530; x_wconf 75' lang='lat' dir='ltr'><strong>diversitatem</strong></span> <span class='ocrx_word' id='word_1_9' title='bbox 1819 477 2043 539; x_wconf 77' lang='lat' dir='ltr'><strong>habent,</strong></span> 
     </span>
    </p>
   </div>
   <div class='ocr_carea' id='block_1_3' title="bbox 2146 465 3733 552">
    <p class='ocr_par' dir='ltr' id='par_1_3' title="bbox 2155 465 3733 545">
     <span class='ocr_line' id='line_1_3' title="bbox 2155 465 3733 545; baseline -0.005 -18"><span class='ocrx_word' id='word_1_10' title='bbox 2155 475 2292 527; x_wconf 83' lang='grc' dir='ltr'><strong>ἀλλά</strong></span> <span class='ocrx_word' id='word_1_11' title='bbox 2318 475 2446 545; x_wconf 85' lang='grc' dir='ltr'>τρία</span> <span class='ocrx_word' id='word_1_12' title='bbox 2473 471 2663 525; x_wconf 76' lang='grc' dir='ltr'>ταῦτα.</span> <span class='ocrx_word' id='word_1_13' title='bbox 2718 472 2925 536; x_wconf 64' lang='grc' dir='ltr'>Ἄλλως</span> <span class='ocrx_word' id='word_1_14' title='bbox 2955 472 3012 525; x_wconf 74' lang='grc' dir='ltr'>δὲ</span> <span class='ocrx_word' id='word_1_15' title='bbox 3047 473 3139 524; x_wconf 72' lang='grc' dir='ltr'>καὶ</span> <span class='ocrx_word' id='word_1_16' title='bbox 3181 469 3545 541; x_wconf 69' lang='grc' dir='ltr'><strong>ζητηθήσεται</strong></span> <span class='ocrx_word' id='word_1_17' title='bbox 3575 465 3733 530; x_wconf 80' lang='grc' dir='ltr'>ἄλλος</span> 
     </span>
    </p>
   </div>
   <div class='ocr_carea' id='block_1_4' title="bbox 477 567 2057 636">
    <p class='ocr_par' dir='ltr' id='par_1_4' title="bbox 477 567 2057 636">
     <span class='ocr_line' id='line_1_4' title="bbox 477 567 2057 636; baseline -0.004 -8"><span class='ocrx_word' id='word_1_18' title='bbox 477 589 579 629; x_wconf 79' lang='lat' dir='ltr'><strong>nec</strong></span> <span class='ocrx_word' id='word_1_19' title='bbox 607 572 890 626; x_wconf 89' lang='lat' dir='ltr'><strong>amborum</strong></span> <span class='ocrx_word' id='word_1_20' title='bbox 931 572 1109 626; x_wconf 80' lang='lat' dir='ltr'><strong>simile</strong></span> <span class='ocrx_word' id='word_1_21' title='bbox 1132 570 1222 625; x_wconf 90' lang='lat' dir='ltr'><strong>sit.</strong></span> <span class='ocrx_word' id='word_1_22' title='bbox 1257 568 1332 621; x_wconf 92' lang='lat' dir='ltr'><strong>Ita</strong></span> <span class='ocrx_word' id='word_1_23' title='bbox 1373 583 1482 620; x_wconf 88' lang='lat' dir='ltr'><strong>non</strong></span> <span class='ocrx_word' id='word_1_24' title='bbox 1511 567 1624 636; x_wconf 88' lang='lat' dir='ltr'><strong>jam</strong></span> <span class='ocrx_word' id='word_1_25' title='bbox 1652 567 1783 633; x_wconf 92' lang='lat' dir='ltr'><strong>duo,</strong></span> <span class='ocrx_word' id='word_1_26' title='bbox 1825 567 1944 630; x_wconf 83' lang='lat' dir='ltr'><strong>sed,</strong></span> <span class='ocrx_word' id='word_1_27' title='bbox 1977 569 2057 622; x_wconf 91' lang='lat' dir='ltr'><strong>uti</strong></span> 
     </span>
    </p>
   </div>
   <div class='ocr_carea' id='block_1_5' title="bbox 475 659 2052 728">
    <p class='ocr_par' dir='ltr' id='par_1_5' title="bbox 475 659 2052 728">
     <span class='ocr_line' id='line_1_5' title="bbox 475 659 2052 728; baseline -0.003 -12"><span class='ocrx_word' id='word_1_28' title='bbox 475 665 684 718; x_wconf 88' lang='lat' dir='ltr'><strong>dictqu</strong></span> <span class='ocrx_word' id='word_1_29' title='bbox 713 671 818 726; x_wconf 90' lang='lat' dir='ltr'><strong>est,</strong></span> <span class='ocrx_word' id='word_1_30' title='bbox 853 664 956 717; x_wconf 93' lang='lat' dir='ltr'><strong>tria</strong></span> <span class='ocrx_word' id='word_1_31' title='bbox 987 659 1324 716; x_wconf 83' lang='lat' dir='ltr'><strong>numeranda</strong></span> <span class='ocrx_word' id='word_1_32' title='bbox 1355 667 1504 720; x_wconf 90' lang='lat' dir='ltr'><strong>sunt,</strong></span> <span class='ocrx_word' id='word_1_33' title='bbox 1547 660 1643 713; x_wconf 90' lang='lat' dir='ltr'><strong>sed</strong></span> <span class='ocrx_word' id='word_1_34' title='bbox 1674 667 1728 712; x_wconf 88' lang='lat' dir='ltr'><strong>et</strong></span> <span class='ocrx_word' id='word_1_35' title='bbox 1753 659 1892 712; x_wconf 88' lang='lat' dir='ltr'><strong>alius</strong></span> <span class='ocrx_word' id='word_1_36' title='bbox 1926 659 2052 728; x_wconf 90' lang='lat' dir='ltr'><strong>qui-</strong></span> 
     </span>
    </p>
   </div>
   <div class='ocr_carea' id='block_1_6' title="bbox 475 750 2053 825">
    <p class='ocr_par' dir='ltr' id='par_1_6' title="bbox 475 750 2053 825">
     <span class='ocr_line' id='line_1_6' title="bbox 475 750 2053 825; baseline -0.003 -16"><span class='ocrx_word' id='word_1_37' title='bbox 475 752 742 825; x_wconf 87' lang='lat' dir='ltr'><strong>dam,qui</strong></span> <span class='ocrx_word' id='word_1_38' title='bbox 784 755 996 808; x_wconf 89' lang='lat' dir='ltr'><strong>medius</strong></span> <span class='ocrx_word' id='word_1_39' title='bbox 1037 750 1382 812; x_wconf 87' lang='lat' dir='ltr'><strong>interveniat,</strong></span> <span class='ocrx_word' id='word_1_40' title='bbox 1419 750 1746 819; x_wconf 67' lang='lat' dir='ltr'><strong>quaerendus</strong></span> <span class='ocrx_word' id='word_1_41' title='bbox 1775 758 1896 815; x_wconf 89' lang='lat' dir='ltr'><strong>est;</strong></span> <span class='ocrx_word' id='word_1_42' title='bbox 1939 751 2053 804; x_wconf 84' lang='lat' dir='ltr'><strong>sive</strong></span> 
     </span>
    </p>
   </div>
   <div class='ocr_carea' id='block_1_7' title="bbox 476 840 2051 916">
    <p class='ocr_par' dir='ltr' id='par_1_7' title="bbox 476 840 2051 916">
     <span class='ocr_line' id='line_1_7' title="bbox 476 840 2051 916; baseline -0.003 -16"><span class='ocrx_word' id='word_1_43' title='bbox 476 855 728 916; x_wconf 73' lang='lat' dir='ltr'><strong>quartus,</strong></span> <span class='ocrx_word' id='word_1_44' title='bbox 753 845 846 913; x_wconf 86' lang='lat' dir='ltr'><strong>qui</strong></span> <span class='ocrx_word' id='word_1_45' title='bbox 887 841 1195 898; x_wconf 80' lang='lat' dir='ltr'><strong>istiUsmodi</strong></span> <span class='ocrx_word' id='word_1_46' title='bbox 1228 841 1519 896; x_wconf 87' lang='lat' dir='ltr'><strong>terminum</strong></span> <span class='ocrx_word' id='word_1_47' title='bbox 1552 841 1826 896; x_wconf 84' lang='lat' dir='ltr'><strong>innuittat.</strong></span> <span class='ocrx_word' id='word_1_48' title='bbox 1867 840 2051 911; x_wconf 84' lang='lat' dir='ltr'><strong>Neque</strong></span> 
     </span>
    </p>
   </div>
   <div class='ocr_carea' id='block_1_8' title="bbox 475 933 2046 994">
    <p class='ocr_par' dir='ltr' id='par_1_8' title="bbox 475 933 2046 994">
     <span class='ocr_line' id='line_1_8' title="bbox 475 933 2046 994; baseline -0.003 -2"><span class='ocrx_word' id='word_1_49' title='bbox 475 938 620 992; x_wconf 88' lang='lat' dir='ltr'><strong>enim</strong></span> <span class='ocrx_word' id='word_1_50' title='bbox 657 936 766 990; x_wconf 88' lang='lat' dir='ltr'><strong>duo</strong></span> <span class='ocrx_word' id='word_1_51' title='bbox 809 936 910 990; x_wconf 89' lang='lat' dir='ltr'><strong>soli</strong></span> <span class='ocrx_word' id='word_1_52' title='bbox 956 934 1252 990; x_wconf 90' lang='lat' dir='ltr'><strong>terminum</strong></span> <span class='ocrx_word' id='word_1_53' title='bbox 1289 933 1454 994; x_wconf 88' lang='lat' dir='ltr'><strong>hunc,</strong></span> <span class='ocrx_word' id='word_1_54' title='bbox 1507 948 1572 986; x_wconf 87' lang='lat' dir='ltr'><strong>ac</strong></span> <span class='ocrx_word' id='word_1_55' title='bbox 1615 935 1778 986; x_wconf 70' lang='lat' dir='ltr'><strong>velut:</strong></span> <span class='ocrx_word' id='word_1_56' title='bbox 1831 949 2046 987; x_wconf 89' lang='lat' dir='ltr'><strong>murum</strong></span> 
     </span>
    </p>
   </div>
   <div class='ocr_carea' id='block_1_9' title="bbox 473 1027 2040 1098">
    <p class='ocr_par' dir='ltr' id='par_1_9' title="bbox 473 1027 2040 1098">
     <span class='ocr_line' id='line_1_9' title="bbox 473 1027 2040 1098; baseline -0.004 -12"><span class='ocrx_word' id='word_1_57' title='bbox 473 1033 808 1086; x_wconf 70' lang='lat' dir='ltr'><strong>constituere</strong></span> <span class='ocrx_word' id='word_1_58' title='bbox 831 1035 1082 1098; x_wconf 87' lang='lat' dir='ltr'><strong>possunt,</strong></span> <span class='ocrx_word' id='word_1_59' title='bbox 1115 1027 1222 1084; x_wconf 89' lang='lat' dir='ltr'><strong>nisi</strong></span> <span class='ocrx_word' id='word_1_60' title='bbox 1251 1028 1386 1081; x_wconf 87' lang='lat' dir='ltr'><strong>alter</strong></span> <span class='ocrx_word' id='word_1_61' title='bbox 1412 1027 1632 1096; x_wconf 88' lang='lat' dir='ltr'><strong>quidam</strong></span> <span class='ocrx_word' id='word_1_62' title='bbox 1669 1027 1852 1079; x_wconf 79' lang='lat' dir='ltr'><strong>linitur</strong></span> <span class='ocrx_word' id='word_1_63' title='bbox 1890 1042 2040 1080; x_wconf 80' lang='lat' dir='ltr'><strong>accc-</strong></span> 
     </span>
    </p>
   </div>
   <div class='ocr_carea' id='block_1_10' title="bbox 471 1119 2050 1190">
    <p class='ocr_par' dir='ltr' id='par_1_10' title="bbox 471 1119 2050 1190">
     <span class='ocr_line' id='line_1_10' title="bbox 471 1119 2050 1190; baseline -0.003 -14"><span class='ocrx_word' id='word_1_64' title='bbox 471 1123 586 1186; x_wconf 88' lang='lat' dir='ltr'><strong>dat,</strong></span> <span class='ocrx_word' id='word_1_65' title='bbox 615 1122 707 1190; x_wconf 93' lang='lat' dir='ltr'><strong>qui</strong></span> <span class='ocrx_word' id='word_1_66' title='bbox 748 1121 888 1174; x_wconf 89' lang='lat' dir='ltr'><strong>inter</strong></span> <span class='ocrx_word' id='word_1_67' title='bbox 917 1121 1010 1173; x_wconf 90' lang='lat' dir='ltr'><strong>illa</strong></span> <span class='ocrx_word' id='word_1_68' title='bbox 1048 1121 1157 1174; x_wconf 90' lang='lat' dir='ltr'><strong>duo</strong></span> <span class='ocrx_word' id='word_1_69' title='bbox 1187 1119 1466 1190; x_wconf 84' lang='lat' dir='ltr'><strong>quidpiam</strong></span> <span class='ocrx_word' id='word_1_70' title='bbox 1499 1135 1609 1188; x_wconf 86' lang='lat' dir='ltr'><strong>quo</strong></span> <span class='ocrx_word' id='word_1_71' title='bbox 1653 1126 1939 1188; x_wconf 83' lang='lat' dir='ltr'><strong>separetur</strong></span> <span class='ocrx_word' id='word_1_72' title='bbox 1967 1119 2050 1172; x_wconf 78' lang='lat' dir='ltr'><strong>in-</strong></span> 
     </span>
    </p>
   </div>
   <div class='ocr_carea' id='block_1_11' title="bbox 465 1209 2051 1280">
    <p class='ocr_par' dir='ltr' id='par_1_11' title="bbox 465 1209 2051 1280">
     <span class='ocr_line' id='line_1_11' title="bbox 465 1209 2051 1280; baseline 0.002 -18"><span class='ocrx_word' id='word_1_73' title='bbox 465 1211 642 1280; x_wconf 81' lang='lat' dir='ltr'><strong>jiciat.</strong></span> <span class='ocrx_word' id='word_1_74' title='bbox 670 1211 813 1276; x_wconf 87' lang='lat' dir='ltr'><strong>Quin</strong></span> <span class='ocrx_word' id='word_1_75' title='bbox 837 1212 1002 1265; x_wconf 86' lang='lat' dir='ltr'><strong>etiam</strong></span> <span class='ocrx_word' id='word_1_76' title='bbox 1053 1220 1106 1264; x_wconf 91' lang='lat' dir='ltr'><strong>et</strong></span> <span class='ocrx_word' id='word_1_77' title='bbox 1146 1210 1378 1265; x_wconf 87' lang='lat' dir='ltr'><strong>scientia</strong></span> <span class='ocrx_word' id='word_1_78' title='bbox 1425 1210 1730 1264; x_wconf 83' lang='lat' dir='ltr'><strong>instructus</strong></span> <span class='ocrx_word' id='word_1_79' title='bbox 1775 1209 1914 1263; x_wconf 87' lang='lat' dir='ltr'><strong>idem</strong></span> <span class='ocrx_word' id='word_1_80' title='bbox 1961 1211 2051 1265; x_wconf 86' lang='lat' dir='ltr'><strong>ille</strong></span> 
     </span>
    </p>
   </div>
   <div class='ocr_carea' id='block_1_12' title="bbox 469 1295 2048 1368">
    <p class='ocr_par' dir='ltr' id='par_1_12' title="bbox 469 1295 2048 1368">
     <span class='ocr_line' id='line_1_12' title="bbox 469 1295 2048 1368; baseline 0 -16"><span class='ocrx_word' id='word_1_81' title='bbox 469 1295 632 1353; x_wconf 87' lang='lat' dir='ltr'><strong>debet</strong></span> <span class='ocrx_word' id='word_1_82' title='bbox 665 1315 810 1362; x_wconf 86' lang='lat' dir='ltr'><strong>esse,</strong></span> <span class='ocrx_word' id='word_1_83' title='bbox 850 1307 905 1353; x_wconf 87' lang='lat' dir='ltr'><strong>et</strong></span> <span class='ocrx_word' id='word_1_84' title='bbox 949 1298 1213 1368; x_wconf 84' lang='lat' dir='ltr'><strong>prudens,</strong></span> <span class='ocrx_word' id='word_1_85' title='bbox 1259 1308 1313 1352; x_wconf 90' lang='lat' dir='ltr'><strong>et</strong></span> <span class='ocrx_word' id='word_1_86' title='bbox 1357 1300 1615 1368; x_wconf 58' lang='lat' dir='ltr'><strong>atquitate</strong></span> <span class='ocrx_word' id='word_1_87' title='bbox 1660 1299 1955 1368; x_wconf 70' lang='lat' dir='ltr'><strong>praeditus,</strong></span> <span class='ocrx_word' id='word_1_88' title='bbox 1995 1307 2048 1354; x_wconf 88' lang='lat' dir='ltr'><strong>et</strong></span> 
     </span>
    </p>
   </div>
   <div class='ocr_carea' id='block_1_13' title="bbox 468 1387 2048 1458">
    <p class='ocr_par' dir='ltr' id='par_1_13' title="bbox 468 1387 2048 1458">
     <span class='ocr_line' id='line_1_13' title="bbox 468 1387 2048 1458; baseline 0.003 -18"><span class='ocrx_word' id='word_1_89' title='bbox 468 1389 735 1451; x_wconf 87' lang='lat' dir='ltr'><strong>illustris,</strong></span> <span class='ocrx_word' id='word_1_90' title='bbox 770 1397 829 1442; x_wconf 92' lang='lat' dir='ltr'><strong>ut</strong></span> <span class='ocrx_word' id='word_1_91' title='bbox 867 1390 1058 1443; x_wconf 89' lang='lat' dir='ltr'><strong>ambos</strong></span> <span class='ocrx_word' id='word_1_92' title='bbox 1096 1387 1220 1443; x_wconf 87' lang='lat' dir='ltr'><strong>illos</strong></span> <span class='ocrx_word' id='word_1_93' title='bbox 1254 1389 1320 1443; x_wconf 86' lang='lat' dir='ltr'><strong>ad</strong></span> <span class='ocrx_word' id='word_1_94' title='bbox 1360 1405 1547 1458; x_wconf 91' lang='lat' dir='ltr'><strong>pacem</strong></span> <span class='ocrx_word' id='word_1_95' title='bbox 1583 1389 2048 1458; x_wconf 88' lang='lat' dir='ltr'><strong>concordiamque</strong></span> 
     </span>
    </p>
   </div>
   <div class='ocr_carea' id='block_1_14' title="bbox 469 1480 2042 1551">
    <p class='ocr_par' dir='ltr' id='par_1_14' title="bbox 469 1480 2042 1551">
     <span class='ocr_line' id='line_1_14' title="bbox 469 1480 2042 1551; baseline 0.001 -19"><span class='ocrx_word' id='word_1_96' title='bbox 469 1490 707 1535; x_wconf 83' lang='lat' dir='ltr'><strong>revocet.</strong></span> <span class='ocrx_word' id='word_1_97' title='bbox 755 1480 831 1534; x_wconf 73' lang='lat' dir='ltr'><strong>Ex</strong></span> <span class='ocrx_word' id='word_1_98' title='bbox 871 1481 1070 1551; x_wconf 82' lang='lat' dir='ltr'><strong>quibus</strong></span> <span class='ocrx_word' id='word_1_99' title='bbox 1115 1481 1365 1549; x_wconf 84' lang='lat' dir='ltr'><strong>sequitur</strong></span> <span class='ocrx_word' id='word_1_100' title='bbox 1397 1495 1563 1534; x_wconf 90' lang='lat' dir='ltr'><strong>unum</strong></span> <span class='ocrx_word' id='word_1_101' title='bbox 1599 1495 1720 1535; x_wconf 88' lang='lat' dir='ltr'><strong>esse</strong></span> <span class='ocrx_word' id='word_1_102' title='bbox 1751 1481 2042 1545; x_wconf 79' lang='lat' dir='ltr'><strong>linitorem,</strong></span> 
     </span>
    </p>
   </div>
   <div class='ocr_carea' id='block_1_15' title="bbox 469 1574 2044 1643">
    <p class='ocr_par' dir='ltr' id='par_1_15' title="bbox 469 1574 2044 1643">
     <span class='ocr_line' id='line_1_15' title="bbox 469 1574 2044 1643; baseline 0.003 -18"><span class='ocrx_word' id='word_1_103' title='bbox 469 1585 840 1641; x_wconf 86' lang='lat' dir='ltr'><strong>separatorem</strong></span> <span class='ocrx_word' id='word_1_104' title='bbox 883 1576 1137 1637; x_wconf 87' lang='lat' dir='ltr'><strong>alterum,</strong></span> <span class='ocrx_word' id='word_1_105' title='bbox 1171 1590 1234 1627; x_wconf 91' lang='lat' dir='ltr'><strong>ac</strong></span> <span class='ocrx_word' id='word_1_106' title='bbox 1269 1574 1377 1628; x_wconf 82' lang='lat' dir='ltr'><strong>duo</strong></span> <span class='ocrx_word' id='word_1_107' title='bbox 1418 1575 1652 1643; x_wconf 87' lang='lat' dir='ltr'><strong>denique</strong></span> <span class='ocrx_word' id='word_1_108' title='bbox 1685 1575 1920 1628; x_wconf 88' lang='lat' dir='ltr'><strong>termino</strong></span> <span class='ocrx_word' id='word_1_109' title='bbox 1949 1575 2044 1629; x_wconf 91' lang='lat' dir='ltr'><strong>illo</strong></span> 
     </span>
    </p>
   </div>
   <div class='ocr_carea' id='block_1_16' title="bbox 2167 560 3726 636">
    <p class='ocr_par' dir='ltr' id='par_1_16' title="bbox 2167 560 3726 636">
     <span class='ocr_line' id='line_1_16' title="bbox 2167 560 3726 636; baseline -0.005 -18"><span class='ocrx_word' id='word_1_110' title='bbox 2167 568 2194 618; x_wconf 85' lang='grc' dir='ltr'>ὀ</span> <span class='ocrx_word' id='word_1_111' title='bbox 2219 565 2562 636; x_wconf 78' lang='grc' dir='ltr'>μεσιτεύσας,</span> <span class='ocrx_word' id='word_1_112' title='bbox 2587 565 2680 617; x_wconf 76' lang='grc' dir='ltr'>καὶ</span> <span class='ocrx_word' id='word_1_113' title='bbox 2703 563 2794 616; x_wconf 83' lang='grc' dir='ltr'>τὸν</span> <span class='ocrx_word' id='word_1_114' title='bbox 2813 565 2936 634; x_wconf 77' lang='grc' dir='ltr'>ὅρον</span> <span class='ocrx_word' id='word_1_115' title='bbox 2957 564 3142 616; x_wconf 73' lang='grc' dir='ltr'>τοῦτον</span> <span class='ocrx_word' id='word_1_116' title='bbox 3175 560 3425 632; x_wconf 74' lang='grc' dir='ltr'>ἐμϐαλὼν</span> <span class='ocrx_word' id='word_1_117' title='bbox 3451 561 3726 629; x_wconf 73' lang='grc' dir='ltr'><strong>τέταρτος.</strong></span> 
     </span>
    </p>
   </div>
   <div class='ocr_carea' id='block_1_17' title="bbox 2157 650 3726 726">
    <p class='ocr_par' dir='ltr' id='par_1_17' title="bbox 2157 650 3726 726">
     <span class='ocr_line' id='line_1_17' title="bbox 2157 650 3726 726; baseline -0.006 -17"><span class='ocrx_word' id='word_1_118' title='bbox 2157 657 2231 709; x_wconf 84' lang='grc' dir='ltr'>Οὑ</span> <span class='ocrx_word' id='word_1_119' title='bbox 2255 656 2361 726; x_wconf 76' lang='grc' dir='ltr'>γὰρ</span> <span class='ocrx_word' id='word_1_120' title='bbox 2385 655 2648 725; x_wconf 72' lang='grc' dir='ltr'>ἠδύναντο</span> <span class='ocrx_word' id='word_1_121' title='bbox 2667 655 2716 707; x_wconf 87' lang='grc' dir='ltr'>οἱ</span> <span class='ocrx_word' id='word_1_122' title='bbox 2737 654 2828 707; x_wconf 75' lang='grc' dir='ltr'>δύο</span> <span class='ocrx_word' id='word_1_123' title='bbox 2849 653 3103 708; x_wconf 74' lang='grc' dir='ltr'><strong>ἐκθέσθαι</strong></span> <span class='ocrx_word' id='word_1_124' title='bbox 3123 653 3212 706; x_wconf 85' lang='grc' dir='ltr'>τὸν</span> <span class='ocrx_word' id='word_1_125' title='bbox 3240 654 3364 723; x_wconf 79' lang='grc' dir='ltr'>ὅρον</span> <span class='ocrx_word' id='word_1_126' title='bbox 3389 650 3423 722; x_wconf 72' lang='grc' dir='ltr'><strong>ἢ</strong></span> <span class='ocrx_word' id='word_1_127' title='bbox 3445 650 3506 703; x_wconf 75' lang='grc' dir='ltr'>τὸ</span> <span class='ocrx_word' id='word_1_128' title='bbox 3527 652 3726 718; x_wconf 79' lang='grc' dir='ltr'>τεῖχος,</span> 
     </span>
    </p>
   </div>
   <div class='ocr_carea' id='block_1_18' title="bbox 2154 741 3728 818">
    <p class='ocr_par' dir='ltr' id='par_1_18' title="bbox 2154 741 3728 818">
     <span class='ocr_line' id='line_1_18' title="bbox 2154 741 3728 818; baseline -0.005 -18"><span class='ocrx_word' id='word_1_129' title='bbox 2154 750 2201 800; x_wconf 84' lang='grc' dir='ltr'><strong>εί</strong></span> <span class='ocrx_word' id='word_1_130' title='bbox 2229 750 2302 818; x_wconf 84' lang='grc' dir='ltr'>μὴ</span> <span class='ocrx_word' id='word_1_131' title='bbox 2333 749 2518 818; x_wconf 75' lang='grc' dir='ltr'><strong>⁸ἑτερος</strong></span> <span class='ocrx_word' id='word_1_132' title='bbox 2561 747 2646 818; x_wconf 81' lang='grc' dir='ltr'>εἴη</span> <span class='ocrx_word' id='word_1_133' title='bbox 2677 749 2704 800; x_wconf 81' lang='grc' dir='ltr'>ὁ</span> <span class='ocrx_word' id='word_1_134' title='bbox 2738 747 3016 818; x_wconf 75' lang='grc' dir='ltr'>ὁροθέτης,</span> <span class='ocrx_word' id='word_1_135' title='bbox 3049 748 3077 798; x_wconf 88' lang='grc' dir='ltr'>ὁ</span> <span class='ocrx_word' id='word_1_136' title='bbox 3107 746 3165 798; x_wconf 79' lang='grc' dir='ltr'>τὸ</span> <span class='ocrx_word' id='word_1_137' title='bbox 3192 745 3427 815; x_wconf 79' lang='grc' dir='ltr'><strong>διεῖργον</strong></span> <span class='ocrx_word' id='word_1_138' title='bbox 3455 741 3728 812; x_wconf 82' lang='grc' dir='ltr'>ἀναμέσον</span> 
     </span>
    </p>
   </div>
   <div class='ocr_carea' id='block_1_19' title="bbox 2152 831 3728 912">
    <p class='ocr_par' dir='ltr' id='par_1_19' title="bbox 2152 831 3728 912">
     <span class='ocr_line' id='line_1_19' title="bbox 2152 831 3728 912; baseline -0.008 -17"><span class='ocrx_word' id='word_1_139' title='bbox 2152 841 2260 895; x_wconf 82' lang='grc' dir='ltr'>τῶν</span> <span class='ocrx_word' id='word_1_140' title='bbox 2303 841 2626 912; x_wconf 75' lang='grc' dir='ltr'>ἀμφοτέρων</span> <span class='ocrx_word' id='word_1_141' title='bbox 2671 831 2944 910; x_wconf 77' lang='grc' dir='ltr'>ἐμϐαλών.</span> <span class='ocrx_word' id='word_1_142' title='bbox 3008 837 3170 890; x_wconf 81' lang='grc' dir='ltr'><strong>Ἀλλά</strong></span> <span class='ocrx_word' id='word_1_143' title='bbox 3215 837 3310 890; x_wconf 70' lang='grc' dir='ltr'>καὶ</span> <span class='ocrx_word' id='word_1_144' title='bbox 3345 835 3588 903; x_wconf 82' lang='grc' dir='ltr'>είδήμων</span> <span class='ocrx_word' id='word_1_145' title='bbox 3627 831 3728 902; x_wconf 75' lang='grc' dir='ltr'>τὴν</span> 
     </span>
    </p>
   </div>
   <div class='ocr_carea' id='block_1_20' title="bbox 2153 924 3726 1006">
    <p class='ocr_par' dir='ltr' id='par_1_20' title="bbox 2153 924 3726 1006">
     <span class='ocr_line' id='line_1_20' title="bbox 2153 924 3726 1006; baseline -0.008 -19"><span class='ocrx_word' id='word_1_146' title='bbox 2153 937 2494 1006; x_wconf 75' lang='grc' dir='ltr'>ἐπιστήμην,</span> <span class='ocrx_word' id='word_1_147' title='bbox 2547 935 2640 986; x_wconf 76' lang='grc' dir='ltr'>καὶ</span> <span class='ocrx_word' id='word_1_148' title='bbox 2677 933 2896 994; x_wconf 75' lang='grc' dir='ltr'>συνετὸς</span> <span class='ocrx_word' id='word_1_149' title='bbox 2926 931 3017 984; x_wconf 87' lang='grc' dir='ltr'><strong>τὺν</strong></span> <span class='ocrx_word' id='word_1_150' title='bbox 3051 928 3294 1000; x_wconf 81' lang='grc' dir='ltr'>τρόπον,,</span> <span class='ocrx_word' id='word_1_151' title='bbox 3333 925 3426 980; x_wconf 72' lang='grc' dir='ltr'>καὶ</span> <span class='ocrx_word' id='word_1_152' title='bbox 3457 924 3726 992; x_wconf 73' lang='grc' dir='ltr'>ἐπιεικής,</span> 
     </span>
    </p>
   </div>
   <div class='ocr_carea' id='block_1_21' title="bbox 2155 1018 3727 1098">
    <p class='ocr_par' dir='ltr' id='par_1_21' title="bbox 2155 1018 3727 1098">
     <span class='ocr_line' id='line_1_21' title="bbox 2155 1018 3727 1098; baseline -0.008 -16"><span class='ocrx_word' id='word_1_153' title='bbox 2155 1030 2246 1082; x_wconf 76' lang='grc' dir='ltr'>καὶ</span> <span class='ocrx_word' id='word_1_154' title='bbox 2280 1028 2643 1098; x_wconf 73' lang='grc' dir='ltr'>ἐνδοξότερος·</span> <span class='ocrx_word' id='word_1_155' title='bbox 2693 1027 2834 1080; x_wconf 83' lang='grc' dir='ltr'>ὥστε</span> <span class='ocrx_word' id='word_1_156' title='bbox 2871 1025 3130 1080; x_wconf 78' lang='grc' dir='ltr'>δύνασθαι</span> <span class='ocrx_word' id='word_1_157' title='bbox 3167 1026 3352 1075; x_wconf 78' lang='grc' dir='ltr'>πεῖσαι</span> <span class='ocrx_word' id='word_1_158' title='bbox 3381 1018 3727 1090; x_wconf 77' lang='grc' dir='ltr'>ἀμφοτέρους</span> 
     </span>
    </p>
   </div>
   <div class='ocr_carea' id='block_1_22' title="bbox 2151 1108 3726 1190">
    <p class='ocr_par' dir='ltr' id='par_1_22' title="bbox 2151 1108 3726 1190">
     <span class='ocr_line' id='line_1_22' title="bbox 2151 1108 3726 1190; baseline -0.007 -18"><span class='ocrx_word' id='word_1_159' title='bbox 2151 1122 2234 1182; x_wconf 73' lang='grc' dir='ltr'>εἰς</span> <span class='ocrx_word' id='word_1_160' title='bbox 2263 1119 2641 1190; x_wconf 75' lang='grc' dir='ltr'>συμϐιϐασμδν</span> <span class='ocrx_word' id='word_1_161' title='bbox 2669 1119 2910 1190; x_wconf 71' lang='grc' dir='ltr'>εἰρήνης.</span> <span class='ocrx_word' id='word_1_162' title='bbox 2952 1117 3142 1170; x_wconf 87' lang='grc' dir='ltr'>Ἔσται</span> <span class='ocrx_word' id='word_1_163' title='bbox 3173 1111 3266 1168; x_wconf 80' lang='grc' dir='ltr'>οὖν</span> <span class='ocrx_word' id='word_1_164' title='bbox 3289 1108 3368 1176; x_wconf 79' lang='grc' dir='ltr'>εἷς</span> <span class='ocrx_word' id='word_1_165' title='bbox 3387 1114 3415 1165; x_wconf 85' lang='grc' dir='ltr'>ὁ</span> <span class='ocrx_word' id='word_1_166' title='bbox 3435 1108 3726 1180; x_wconf 79' lang='grc' dir='ltr'>ὀροθετῶν,</span> 
     </span>
    </p>
   </div>
   <div class='ocr_carea' id='block_1_23' title="bbox 2151 1204 3726 1286">
    <p class='ocr_par' dir='ltr' id='par_1_23' title="bbox 2151 1204 3726 1286">
     <span class='ocr_line' id='line_1_23' title="bbox 2151 1204 3726 1286; baseline -0.008 -20"><span class='ocrx_word' id='word_1_167' title='bbox 2151 1215 2244 1266; x_wconf 77' lang='grc' dir='ltr'>καὶ</span> <span class='ocrx_word' id='word_1_168' title='bbox 2259 1213 2318 1266; x_wconf 81' lang='grc' dir='ltr'>ἓν</span> <span class='ocrx_word' id='word_1_169' title='bbox 2337 1213 2398 1268; x_wconf 84' lang='grc' dir='ltr'>τὸ</span> <span class='ocrx_word' id='word_1_170' title='bbox 2413 1213 2668 1286; x_wconf 81' lang='grc' dir='ltr'>διεῖργον,</span> <span class='ocrx_word' id='word_1_171' title='bbox 2696 1212 2896 1267; x_wconf 77' lang='grc' dir='ltr'>καὶδύο</span> <span class='ocrx_word' id='word_1_172' title='bbox 2917 1213 2986 1264; x_wconf 90' lang='grc' dir='ltr'><strong>τά</strong></span> <span class='ocrx_word' id='word_1_173' title='bbox 3007 1209 3462 1281; x_wconf 77' lang='grc' dir='ltr'>τερματιζόμενα,</span> <span class='ocrx_word' id='word_1_174' title='bbox 3479 1206 3576 1259; x_wconf 76' lang='grc' dir='ltr'>καὶ</span> <span class='ocrx_word' id='word_1_175' title='bbox 3591 1204 3726 1256; x_wconf 86' lang='grc' dir='ltr'>οὑκ-</span> 
     </span>
    </p>
   </div>
   <div class='ocr_carea' id='block_1_24' title="bbox 2151 1296 3724 1376">
    <p class='ocr_par' dir='ltr' id='par_1_24' title="bbox 2151 1296 3724 1376">
     <span class='ocr_line' id='line_1_24' title="bbox 2151 1296 3724 1376; baseline -0.009 -18"><span class='ocrx_word' id='word_1_176' title='bbox 2151 1303 2230 1358; x_wconf 82' lang='grc' dir='ltr'>ἐτι</span> <span class='ocrx_word' id='word_1_177' title='bbox 2267 1306 2360 1358; x_wconf 83' lang='grc' dir='ltr'>δύο</span> <span class='ocrx_word' id='word_1_178' title='bbox 2405 1305 2574 1376; x_wconf 73' lang='grc' dir='ltr'>ἀρχαὶ</span> <span class='ocrx_word' id='word_1_179' title='bbox 2603 1305 2784 1375; x_wconf 78' lang='grc' dir='ltr'>μόνον,</span> <span class='ocrx_word' id='word_1_180' title='bbox 2821 1303 2957 1356; x_wconf 80' lang='grc' dir='ltr'>ἀλλὰ</span> <span class='ocrx_word' id='word_1_181' title='bbox 3004 1303 3098 1356; x_wconf 78' lang='grc' dir='ltr'>καὶ</span> <span class='ocrx_word' id='word_1_182' title='bbox 3129 1303 3296 1372; x_wconf 79' lang='grc' dir='ltr'>τρεῖς,</span> <span class='ocrx_word' id='word_1_183' title='bbox 3325 1299 3419 1352; x_wconf 78' lang='grc' dir='ltr'>καὶ</span> <span class='ocrx_word' id='word_1_184' title='bbox 3443 1296 3724 1364; x_wconf 78' lang='grc' dir='ltr'>τέσσαρες.</span> 
     </span>
    </p>
   </div>
   <div class='ocr_carea' id='block_1_25' title="bbox 2151 1384 3726 1466">
    <p class='ocr_par' dir='ltr' id='par_1_25' title="bbox 2151 1384 3726 1466">
     <span class='ocr_line' id='line_1_25' title="bbox 2151 1384 3726 1466; baseline 0.001 -18"><span class='ocrx_word' id='word_1_185' title='bbox 2151 1397 2260 1448; x_wconf 77' lang='grc' dir='ltr'><strong>Καὶ</strong></span> <span class='ocrx_word' id='word_1_186' title='bbox 2291 1397 2430 1450; x_wconf 88' lang='grc' dir='ltr'><strong>κατά</strong></span> <span class='ocrx_word' id='word_1_187' title='bbox 2471 1397 2664 1450; x_wconf 82' lang='grc' dir='ltr'>τοῦτον</span> <span class='ocrx_word' id='word_1_188' title='bbox 2701 1396 2793 1449; x_wconf 87' lang='grc' dir='ltr'>τὸν</span> <span class='ocrx_word' id='word_1_189' title='bbox 2819 1396 3020 1466; x_wconf 84' lang='grc' dir='ltr'>τρόπον</span> <span class='ocrx_word' id='word_1_190' title='bbox 3069 1393 3162 1446; x_wconf 74' lang='grc' dir='ltr'><strong>ἐπὶ</strong></span> <span class='ocrx_word' id='word_1_191' title='bbox 3203 1391 3400 1453; x_wconf 83' lang='grc' dir='ltr'>πολλὰς</span> <span class='ocrx_word' id='word_1_192' title='bbox 3427 1387 3599 1458; x_wconf 71' lang='grc' dir='ltr'>ἀρχὰς</span> <span class='ocrx_word' id='word_1_193' title='bbox 3627 1384 3726 1454; x_wconf 78' lang='grc' dir='ltr'><strong>τὴν</strong></span> 
     </span>
    </p>
   </div>
   <div class='ocr_carea' id='block_1_26' title="bbox 2103 1477 3726 1559">
    <p class='ocr_par' dir='ltr' id='par_1_26' title="bbox 2103 1477 3726 1559">
     <span class='ocr_line' id='line_1_26' title="bbox 2103 1477 3726 1559; baseline -0.007 -19"><span class='ocrx_word' id='word_1_194' title='bbox 2103 1487 2106 1490; x_wconf 73' lang='grc'><em>’</em></span> <span class='ocrx_word' id='word_1_195' title='bbox 2149 1487 2386 1542; x_wconf 82' lang='grc' dir='ltr'>διάνοιαν</span> <span class='ocrx_word' id='word_1_196' title='bbox 2406 1489 2628 1559; x_wconf 75' lang='grc' dir='ltr'>τρέπειν</span> <span class='ocrx_word' id='word_1_197' title='bbox 2657 1487 2857 1551; x_wconf 74' lang='grc' dir='ltr'>ἔνεστι,</span> <span class='ocrx_word' id='word_1_198' title='bbox 2881 1489 2974 1540; x_wconf 68' lang='grc' dir='ltr'>καὶ</span> <span class='ocrx_word' id='word_1_199' title='bbox 2998 1487 3092 1557; x_wconf 81' lang='grc' dir='ltr'>ὲᾷν</span> <span class='ocrx_word' id='word_1_200' title='bbox 3119 1483 3187 1537; x_wconf 87' lang='grc' dir='ltr'><strong>τά</strong></span> <span class='ocrx_word' id='word_1_201' title='bbox 3213 1483 3364 1547; x_wconf 79' lang='grc' dir='ltr'>ὑντα,</span> <span class='ocrx_word' id='word_1_202' title='bbox 3393 1479 3486 1535; x_wconf 71' lang='grc' dir='ltr'>καὶ</span> <span class='ocrx_word' id='word_1_203' title='bbox 3521 1477 3726 1548; x_wconf 77' lang='grc' dir='ltr'>φαντά-</span> 
     </span>
    </p>
   </div>
   <div class='ocr_carea' id='block_1_27' title="bbox 2150 1575 2707 1652">
    <p class='ocr_par' dir='ltr' id='par_1_27' title="bbox 2150 1575 2707 1652">
     <span class='ocr_line' id='line_1_27' title="bbox 2150 1575 2707 1652; baseline 0.002 -22"><span class='ocrx_word' id='word_1_204' title='bbox 2150 1575 2338 1641; x_wconf 81' lang='grc' dir='ltr'>ζεσθαι</span> <span class='ocrx_word' id='word_1_205' title='bbox 2365 1578 2433 1632; x_wconf 87' lang='grc' dir='ltr'>τὰ</span> <span class='ocrx_word' id='word_1_206' title='bbox 2457 1579 2531 1652; x_wconf 79' lang='grc' dir='ltr'>μὴ</span> <span class='ocrx_word' id='word_1_207' title='bbox 2561 1578 2707 1633; x_wconf 76' lang='grc' dir='ltr'>ὂντα.</span> 
     </span>
    </p>
   </div>
   <div class='ocr_carea' id='block_1_28' title="bbox 467 1661 3726 1740">
    <p class='ocr_par' dir='ltr' id='par_1_28' title="bbox 467 1661 3726 1740">
     <span class='ocr_line' id='line_1_28' title="bbox 467 1661 3726 1740; baseline -0.001 -22"><span class='ocrx_word' id='word_1_208' title='bbox 467 1664 920 1734; x_wconf 85' lang='lat' dir='ltr'><strong>circumscripta;</strong></span> <span class='ocrx_word' id='word_1_209' title='bbox 963 1681 1138 1733; x_wconf 88' lang='lat' dir='ltr'><strong>neque</strong></span> <span class='ocrx_word' id='word_1_210' title='bbox 1196 1664 1306 1718; x_wconf 92' lang='lat' dir='ltr'><strong>duo</strong></span> <span class='ocrx_word' id='word_1_211' title='bbox 1345 1665 1455 1734; x_wconf 87' lang='lat' dir='ltr'><strong>jam</strong></span> <span class='ocrx_word' id='word_1_212' title='bbox 1525 1680 1666 1728; x_wconf 88' lang='lat' dir='ltr'><strong>esse,</strong></span> <span class='ocrx_word' id='word_1_213' title='bbox 1716 1665 1812 1720; x_wconf 88' lang='lat' dir='ltr'><strong>sed</strong></span> <span class='ocrx_word' id='word_1_214' title='bbox 1876 1667 1981 1719; x_wconf 86' lang='lat' dir='ltr'><strong>tria</strong></span> <span class='ocrx_word' id='word_1_215' title='bbox 2017 1678 2360 1739; x_wconf 88' lang='lat' dir='ltr'><strong>quatuorque</strong></span> <span class='ocrx_word' id='word_1_216' title='bbox 2392 1671 2680 1740; x_wconf 86' lang='lat' dir='ltr'><strong>principia.</strong></span> <span class='ocrx_word' id='word_1_217' title='bbox 2733 1671 2851 1736; x_wconf 82' lang='lat' dir='ltr'><strong>Qua</strong></span> <span class='ocrx_word' id='word_1_218' title='bbox 2894 1669 3106 1724; x_wconf 81' lang='lat' dir='ltr'><strong>ratione</strong></span> <span class='ocrx_word' id='word_1_219' title='bbox 3153 1668 3309 1738; x_wconf 85' lang='lat' dir='ltr'><strong>plura</strong></span> <span class='ocrx_word' id='word_1_220' title='bbox 3361 1667 3416 1720; x_wconf 91' lang='lat' dir='ltr'><strong>in</strong></span> <span class='ocrx_word' id='word_1_221' title='bbox 3461 1661 3726 1736; x_wconf 78' lang='lat' dir='ltr'><strong>principia</strong></span> 
     </span>
    </p>
   </div>
   <div class='ocr_carea' id='block_1_29' title="bbox 469 1756 3442 1830">
    <p class='ocr_par' dir='ltr' id='par_1_29' title="bbox 469 1756 3442 1830">
     <span class='ocr_line' id='line_1_29' title="bbox 469 1756 3442 1830; baseline 0.001 -22"><span class='ocrx_word' id='word_1_222' title='bbox 469 1759 870 1812; x_wconf 76' lang='lat' dir='ltr'><strong>convertemlus</strong></span> <span class='ocrx_word' id='word_1_223' title='bbox 899 1764 982 1809; x_wconf 87' lang='lat' dir='ltr'><strong>est</strong></span> <span class='ocrx_word' id='word_1_224' title='bbox 1017 1757 1252 1820; x_wconf 85' lang='lat' dir='ltr'><strong>animus,</strong></span> <span class='ocrx_word' id='word_1_225' title='bbox 1287 1769 1338 1810; x_wconf 87' lang='lat' dir='ltr'><strong>et</strong></span> <span class='ocrx_word' id='word_1_226' title='bbox 1373 1756 1457 1810; x_wconf 94' lang='lat' dir='ltr'><strong>his</strong></span> <span class='ocrx_word' id='word_1_227' title='bbox 1495 1771 1616 1826; x_wconf 66' lang='lat' dir='ltr'><strong>quae</strong></span> <span class='ocrx_word' id='word_1_228' title='bbox 1641 1757 1818 1826; x_wconf 89' lang='lat' dir='ltr'><strong>reipsa</strong></span> <span class='ocrx_word' id='word_1_229' title='bbox 1863 1768 1990 1813; x_wconf 90' lang='lat' dir='ltr'><strong>sunt</strong></span> <span class='ocrx_word' id='word_1_230' title='bbox 2024 1761 2248 1826; x_wconf 83' lang='lat' dir='ltr'><strong>relictis,</strong></span> <span class='ocrx_word' id='word_1_231' title='bbox 2311 1778 2432 1830; x_wconf 73' lang='lat' dir='ltr'><strong>quin</strong></span> <span class='ocrx_word' id='word_1_232' title='bbox 2497 1777 2604 1816; x_wconf 77' lang='lat' dir='ltr'><strong>non</strong></span> <span class='ocrx_word' id='word_1_233' title='bbox 2661 1769 2788 1815; x_wconf 90' lang='lat' dir='ltr'><strong>sunt</strong></span> <span class='ocrx_word' id='word_1_234' title='bbox 2817 1760 3148 1830; x_wconf 75' lang='lat' dir='ltr'><strong>cogitatione</strong></span> <span class='ocrx_word' id='word_1_235' title='bbox 3175 1758 3442 1826; x_wconf 72' lang='lat' dir='ltr'><strong>ﬁngenda.</strong></span> 
     </span>
    </p>
   </div>
   <div class='ocr_carea' id='block_1_30' title="bbox 544 1844 2043 1922">
    <p class='ocr_par' dir='ltr' id='par_1_30' title="bbox 544 1844 2041 1917">
     <span class='ocr_line' id='line_1_30' title="bbox 544 1844 2041 1917; baseline 0.003 -16"><span class='ocrx_word' id='word_1_236' title='bbox 544 1844 654 1902; x_wconf 80' lang='lat' dir='ltr'><strong>XV.</strong></span> <span class='ocrx_word' id='word_1_237' title='bbox 708 1849 862 1914; x_wconf 75' lang='lat' dir='ltr'><strong>Quod</strong></span> <span class='ocrx_word' id='word_1_238' title='bbox 890 1855 1070 1903; x_wconf 89' lang='lat' dir='ltr'><strong>autem</strong></span> <span class='ocrx_word' id='word_1_239' title='bbox 1104 1847 1348 1902; x_wconf 84' lang='lat' dir='ltr'><strong>nefarius</strong></span> <span class='ocrx_word' id='word_1_240' title='bbox 1379 1847 1467 1902; x_wconf 91' lang='lat' dir='ltr'><strong>ille</strong></span> <span class='ocrx_word' id='word_1_241' title='bbox 1499 1849 1713 1917; x_wconf 68' lang='lat' dir='ltr'><strong>quaerit,</strong></span> <span class='ocrx_word' id='word_1_242' title='bbox 1748 1856 1804 1902; x_wconf 93' lang='lat' dir='ltr'><strong>ut</strong></span> <span class='ocrx_word' id='word_1_243' title='bbox 1839 1865 1906 1904; x_wconf 87' lang='lat' dir='ltr'><strong>ne</strong></span> <span class='ocrx_word' id='word_1_244' title='bbox 1933 1848 2041 1905; x_wconf 90' lang='lat' dir='ltr'><strong>Deo</strong></span> 
     </span>
    </p>
   </div>
   <div class='ocr_carea' id='block_1_31' title="bbox 2146 1844 3727 1922">
    <p class='ocr_par' dir='ltr' id='par_1_31' title="bbox 2216 1847 3727 1922">
     <span class='ocr_line' id='line_1_31' title="bbox 2216 1847 3727 1922; baseline -0.003 -17"><span class='ocrx_word' id='word_1_245' title='bbox 2216 1853 2318 1906; x_wconf 87' lang='lat' dir='ltr'><strong>lE&#39;.</strong></span> <span class='ocrx_word' id='word_1_246' title='bbox 2366 1853 2454 1906; x_wconf 82' lang='lat' dir='ltr'><strong>‘Ev</strong></span> <span class='ocrx_word' id='word_1_247' title='bbox 2478 1853 2534 1905; x_wconf 80' lang='grc' dir='ltr'>δὲ</span> <span class='ocrx_word' id='word_1_248' title='bbox 2574 1852 2652 1922; x_wconf 84' lang='grc' dir='ltr'>τῷ</span> <span class='ocrx_word' id='word_1_249' title='bbox 2686 1852 2866 1922; x_wconf 78' lang='grc' dir='ltr'><strong>ζητεῖν</strong></span> <span class='ocrx_word' id='word_1_250' title='bbox 2895 1851 2987 1903; x_wconf 84' lang='grc' dir='ltr'><strong>τὸν</strong></span> <span class='ocrx_word' id='word_1_251' title='bbox 3030 1850 3306 1922; x_wconf 80' lang='grc' dir='ltr'>ἀλιτήριον</span> <span class='ocrx_word' id='word_1_252' title='bbox 3339 1849 3538 1902; x_wconf 78' lang='grc' dir='ltr'>κακίαν</span> <span class='ocrx_word' id='word_1_253' title='bbox 3567 1847 3727 1917; x_wconf 74' lang='grc' dir='ltr'>δῆθεν</span> 
     </span>
    </p>
   </div>
   <div class='ocr_carea' id='block_1_32' title="bbox 468 1938 2046 2014">
    <p class='ocr_par' dir='ltr' id='par_1_32' title="bbox 468 1938 2046 2014">
     <span class='ocr_line' id='line_1_32' title="bbox 468 1938 2046 2014; baseline 0.001 -20"><span class='ocrx_word' id='word_1_254' title='bbox 468 1942 732 1994; x_wconf 85' lang='lat' dir='ltr'><strong>malitiam</strong></span> <span class='ocrx_word' id='word_1_255' title='bbox 764 1939 1014 2010; x_wconf 78' lang='lat' dir='ltr'><strong>allingat;</strong></span> <span class='ocrx_word' id='word_1_256' title='bbox 1041 1948 1125 2014; x_wconf 86' lang='lat' dir='ltr'><strong>est</strong></span> <span class='ocrx_word' id='word_1_257' title='bbox 1159 1938 1212 1992; x_wconf 91' lang='lat' dir='ltr'><strong>id</strong></span> <span class='ocrx_word' id='word_1_258' title='bbox 1244 1939 1486 2009; x_wconf 89' lang='lat' dir='ltr'><strong>quidem,</strong></span> <span class='ocrx_word' id='word_1_259' title='bbox 1517 1938 2046 2007; x_wconf 77' lang='lat' dir='ltr'><strong>fateor,absurdum,</strong></span> 
     </span>
    </p>
   </div>
   <div class='ocr_carea' id='block_1_33' title="bbox 469 2023 2038 2101">
    <p class='ocr_par' dir='ltr' id='par_1_33' title="bbox 469 2023 2038 2101">
     <span class='ocr_line' id='line_1_33' title="bbox 469 2023 2038 2101; baseline 0.003 -17"><span class='ocrx_word' id='word_1_260' title='bbox 469 2031 614 2086; x_wconf 83' lang='lat' dir='ltr'><strong>istud</strong></span> <span class='ocrx_word' id='word_1_261' title='bbox 641 2032 816 2101; x_wconf 80' lang='lat' dir='ltr'><strong>ipsum</strong></span> <span class='ocrx_word' id='word_1_262' title='bbox 841 2032 1080 2086; x_wconf 86' lang='lat' dir='ltr'><strong>tribuere</strong></span> <span class='ocrx_word' id='word_1_263' title='bbox 1101 2031 1230 2084; x_wconf 92' lang='lat' dir='ltr'><strong>Deo.</strong></span> <span class='ocrx_word' id='word_1_264' title='bbox 1246 2023 1397 2087; x_wconf 87' lang='lat' dir='ltr'><strong>Unde</strong></span> <span class='ocrx_word' id='word_1_265' title='bbox 1423 2033 1811 2088; x_wconf 68' lang='lat' dir='ltr'><strong>ecclesiastica:</strong></span> <span class='ocrx_word' id='word_1_266' title='bbox 1832 2033 2038 2088; x_wconf 88' lang='lat' dir='ltr'><strong>doctri-</strong></span> 
     </span>
    </p>
   </div>
   <div class='ocr_carea' id='block_1_34' title="bbox 469 2121 2040 2191">
    <p class='ocr_par' dir='ltr' id='par_1_34' title="bbox 469 2121 2040 2191">
     <span class='ocr_line' id='line_1_34' title="bbox 469 2121 2040 2191; baseline 0.002 -18"><span class='ocrx_word' id='word_1_267' title='bbox 469 2136 552 2175; x_wconf 71' lang='lat' dir='ltr'><strong>nae</strong></span> <span class='ocrx_word' id='word_1_268' title='bbox 583 2121 754 2175; x_wconf 87' lang='lat' dir='ltr'><strong>l&#39;orm-a</strong></span> <span class='ocrx_word' id='word_1_269' title='bbox 782 2123 1083 2191; x_wconf 86' lang='lat' dir='ltr'><strong>prolitetur,</strong></span> <span class='ocrx_word' id='word_1_270' title='bbox 1106 2122 1346 2176; x_wconf 82' lang='lat' dir='ltr'><strong>divinum</strong></span> <span class='ocrx_word' id='word_1_271' title='bbox 1370 2121 1580 2176; x_wconf 84' lang='lat' dir='ltr'><strong>Numen</strong></span> <span class='ocrx_word' id='word_1_272' title='bbox 1613 2125 1680 2175; x_wconf 88' lang='lat' dir='ltr'><strong>ab</strong></span> <span class='ocrx_word' id='word_1_273' title='bbox 1710 2123 1856 2176; x_wconf 91' lang='lat' dir='ltr'><strong>omni</strong></span> <span class='ocrx_word' id='word_1_274' title='bbox 1887 2123 2040 2191; x_wconf 86' lang='lat' dir='ltr'><strong>peni-</strong></span> 
     </span>
    </p>
   </div>
   <div class='ocr_carea' id='block_1_35' title="bbox 467 2210 2048 2280">
    <p class='ocr_par' dir='ltr' id='par_1_35' title="bbox 467 2210 2048 2280">
     <span class='ocr_line' id='line_1_35' title="bbox 467 2210 2048 2280; baseline 0.001 -16"><span class='ocrx_word' id='word_1_275' title='bbox 467 2219 557 2265; x_wconf 88' lang='lat' dir='ltr'><strong>tus</strong></span> <span class='ocrx_word' id='word_1_276' title='bbox 615 2212 883 2280; x_wconf 74' lang='lat' dir='ltr'><strong>pravitate</strong></span> <span class='ocrx_word' id='word_1_277' title='bbox 935 2212 1171 2265; x_wconf 89' lang='lat' dir='ltr'><strong>alienum</strong></span> <span class='ocrx_word' id='word_1_278' title='bbox 1215 2226 1279 2264; x_wconf 92' lang='lat' dir='ltr'><strong>ac</strong></span> <span class='ocrx_word' id='word_1_279' title='bbox 1332 2219 1596 2266; x_wconf 90' lang='lat' dir='ltr'><strong>remotum</strong></span> <span class='ocrx_word' id='word_1_280' title='bbox 1651 2226 1792 2266; x_wconf 90' lang='lat' dir='ltr'><strong>esse.</strong></span> <span class='ocrx_word' id='word_1_281' title='bbox 1829 2210 2048 2265; x_wconf 85' lang='lat' dir='ltr'><strong>Nullum</strong></span> 
     </span>
    </p>
   </div>
   <div class='ocr_carea' id='block_1_36' title="bbox 467 2301 2045 2366">
    <p class='ocr_par' dir='ltr' id='par_1_36' title="bbox 467 2301 2045 2366">
     <span class='ocr_line' id='line_1_36' title="bbox 467 2301 2045 2366; baseline -0.001 -11"><span class='ocrx_word' id='word_1_282' title='bbox 467 2303 610 2355; x_wconf 86' lang='lat' dir='ltr'><strong>enim</strong></span> <span class='ocrx_word' id='word_1_283' title='bbox 641 2302 728 2356; x_wconf 78' lang='lat' dir='ltr'><strong>ille</strong></span> <span class='ocrx_word' id='word_1_284' title='bbox 768 2302 968 2356; x_wconf 90' lang='lat' dir='ltr'><strong>malum</strong></span> <span class='ocrx_word' id='word_1_285' title='bbox 1004 2303 1150 2366; x_wconf 82' lang='lat' dir='ltr'><strong>fecit,</strong></span> <span class='ocrx_word' id='word_1_286' title='bbox 1176 2303 1268 2356; x_wconf 87' lang='lat' dir='ltr'><strong>sed</strong></span> <span class='ocrx_word' id='word_1_287' title='bbox 1298 2303 1481 2357; x_wconf 86' lang='lat' dir='ltr'><strong>omnia</strong></span> <span class='ocrx_word' id='word_1_288' title='bbox 1507 2301 1661 2356; x_wconf 84' lang='lat' dir='ltr'><strong>valde</strong></span> <span class='ocrx_word' id='word_1_289' title='bbox 1681 2302 1889 2356; x_wconf 78' lang='lat' dir='ltr'><strong>bona‘;</strong></span> <span class='ocrx_word' id='word_1_290' title='bbox 1923 2318 2045 2357; x_wconf 89' lang='lat' dir='ltr'><strong>cum</strong></span> 
     </span>
    </p>
   </div>
   <div class='ocr_carea' id='block_1_37' title="bbox 467 2395 2047 2466">
    <p class='ocr_par' dir='ltr' id='par_1_37' title="bbox 467 2395 2047 2466">
     <span class='ocr_line' id='line_1_37' title="bbox 467 2395 2047 2466; baseline 0.001 -16"><span class='ocrx_word' id='word_1_291' title='bbox 467 2405 520 2450; x_wconf 87' lang='lat' dir='ltr'><strong>et</strong></span> <span class='ocrx_word' id='word_1_292' title='bbox 554 2398 625 2450; x_wconf 90' lang='lat' dir='ltr'><strong>sit</strong></span> <span class='ocrx_word' id='word_1_293' title='bbox 659 2405 854 2450; x_wconf 84' lang='lat' dir='ltr'><strong>natura</strong></span> <span class='ocrx_word' id='word_1_294' title='bbox 885 2395 1083 2460; x_wconf 85' lang='lat' dir='ltr'><strong>bonus,</strong></span> <span class='ocrx_word' id='word_1_295' title='bbox 1117 2412 1292 2466; x_wconf 90' lang='lat' dir='ltr'><strong>neque</strong></span> <span class='ocrx_word' id='word_1_296' title='bbox 1334 2396 1718 2465; x_wconf 88' lang='lat' dir='ltr'><strong>comprehendi</strong></span> <span class='ocrx_word' id='word_1_297' title='bbox 1755 2396 1899 2450; x_wconf 91' lang='lat' dir='ltr'><strong>illius</strong></span> <span class='ocrx_word' id='word_1_298' title='bbox 1957 2412 2047 2452; x_wconf 89' lang='lat' dir='ltr'><strong>cs-</strong></span> 
     </span>
    </p>
   </div>
   <div class='ocr_carea' id='block_1_38' title="bbox 467 2487 2048 2556">
    <p class='ocr_par' dir='ltr' id='par_1_38' title="bbox 467 2487 2048 2556">
     <span class='ocr_line' id='line_1_38' title="bbox 467 2487 2048 2556; baseline 0.001 -16"><span class='ocrx_word' id='word_1_299' title='bbox 467 2487 644 2540; x_wconf 85' lang='lat' dir='ltr'><strong>sentia</strong></span> <span class='ocrx_word' id='word_1_300' title='bbox 675 2488 866 2556; x_wconf 88' lang='lat' dir='ltr'><strong>possit,</strong></span> <span class='ocrx_word' id='word_1_301' title='bbox 891 2497 945 2541; x_wconf 90' lang='lat' dir='ltr'><strong>et</strong></span> <span class='ocrx_word' id='word_1_302' title='bbox 968 2487 1222 2542; x_wconf 82' lang='lat' dir='ltr'><strong>universa</strong></span> <span class='ocrx_word' id='word_1_303' title='bbox 1243 2489 1538 2550; x_wconf 86' lang='lat' dir='ltr'><strong>contineat,</strong></span> <span class='ocrx_word' id='word_1_304' title='bbox 1564 2502 1664 2541; x_wconf 90' lang='lat' dir='ltr'><strong>nec</strong></span> <span class='ocrx_word' id='word_1_305' title='bbox 1695 2487 1764 2541; x_wconf 85' lang='lat' dir='ltr'><strong>ab</strong></span> <span class='ocrx_word' id='word_1_306' title='bbox 1796 2488 1904 2540; x_wconf 90' lang='lat' dir='ltr'><strong>ullo</strong></span> <span class='ocrx_word' id='word_1_307' title='bbox 1931 2487 2048 2556; x_wconf 88' lang='lat' dir='ltr'><strong>ipse</strong></span> 
     </span>
    </p>
   </div>
   <div class='ocr_carea' id='block_1_39' title="bbox 467 2578 2045 2650">
    <p class='ocr_par' dir='ltr' id='par_1_39' title="bbox 467 2578 2045 2650">
     <span class='ocr_line' id='line_1_39' title="bbox 467 2578 2045 2650; baseline -0.001 -18"><span class='ocrx_word' id='word_1_308' title='bbox 467 2579 832 2633; x_wconf 85' lang='lat' dir='ltr'><strong>contineatur.</strong></span> <span class='ocrx_word' id='word_1_309' title='bbox 857 2579 1126 2644; x_wconf 83' lang='lat' dir='ltr'><strong>Quocirca</strong></span> <span class='ocrx_word' id='word_1_310' title='bbox 1157 2595 1331 2650; x_wconf 90' lang='lat' dir='ltr'><strong>neque</strong></span> <span class='ocrx_word' id='word_1_311' title='bbox 1353 2579 1552 2632; x_wconf 90' lang='lat' dir='ltr'><strong>malum</strong></span> <span class='ocrx_word' id='word_1_312' title='bbox 1583 2594 1796 2648; x_wconf 84' lang='lat' dir='ltr'><strong>semper</strong></span> <span class='ocrx_word' id='word_1_313' title='bbox 1815 2578 2045 2643; x_wconf 79' lang='lat' dir='ltr'><strong>exstitit,</strong></span> 
     </span>
    </p>
   </div>
   <div class='ocr_carea' id='block_1_40' title="bbox 449 2665 2045 2740">
    <p class='ocr_par' dir='ltr' id='par_1_40' title="bbox 449 2665 2045 2740">
     <span class='ocr_line' id='line_1_40' title="bbox 449 2665 2045 2740; baseline 0.001 -18"><span class='ocrx_word' id='word_1_314' title='bbox 449 2684 648 2740; x_wconf 52' lang='lat' dir='ltr'><strong>.neque</strong></span> <span class='ocrx_word' id='word_1_315' title='bbox 667 2683 697 2720; x_wconf 89' lang='lat' dir='ltr'><strong>a</strong></span> <span class='ocrx_word' id='word_1_316' title='bbox 722 2665 833 2722; x_wconf 86' lang='lat' dir='ltr'><strong>Deo</strong></span> <span class='ocrx_word' id='word_1_317' title='bbox 861 2668 1183 2738; x_wconf 88' lang='lat' dir='ltr'><strong>productum</strong></span> <span class='ocrx_word' id='word_1_318' title='bbox 1211 2667 1514 2739; x_wconf 87' lang='lat' dir='ltr'><strong>est.ltaque</strong></span> <span class='ocrx_word' id='word_1_319' title='bbox 1541 2685 1665 2723; x_wconf 92' lang='lat' dir='ltr'><strong>cum</strong></span> <span class='ocrx_word' id='word_1_320' title='bbox 1687 2685 1861 2739; x_wconf 88' lang='lat' dir='ltr'><strong>neque</strong></span> <span class='ocrx_word' id='word_1_321' title='bbox 1885 2669 2045 2740; x_wconf 72' lang='lat'><strong>632</strong></span> 
     </span>
    </p>
   </div>
   <div class='ocr_carea' id='block_1_41' title="bbox 467 2759 2047 2830">
    <p class='ocr_par' dir='ltr' id='par_1_41' title="bbox 467 2759 2047 2830">
     <span class='ocr_line' id='line_1_41' title="bbox 467 2759 2047 2830; baseline -0.001 -16"><span class='ocrx_word' id='word_1_322' title='bbox 467 2759 670 2814; x_wconf 84' lang='lat' dir='ltr'><strong>malum</strong></span> <span class='ocrx_word' id='word_1_323' title='bbox 701 2759 794 2822; x_wconf 89' lang='lat' dir='ltr'><strong>sit,</strong></span> <span class='ocrx_word' id='word_1_324' title='bbox 815 2774 992 2829; x_wconf 90' lang='lat' dir='ltr'><strong>neque</strong></span> <span class='ocrx_word' id='word_1_325' title='bbox 1021 2774 1234 2830; x_wconf 89' lang='lat' dir='ltr'><strong>semper</strong></span> <span class='ocrx_word' id='word_1_326' title='bbox 1262 2759 1444 2826; x_wconf 81' lang='lat' dir='ltr'><strong>fuerit,</strong></span> <span class='ocrx_word' id='word_1_327' title='bbox 1479 2775 1578 2815; x_wconf 90' lang='lat' dir='ltr'><strong>nec</strong></span> <span class='ocrx_word' id='word_1_328' title='bbox 1602 2775 1631 2813; x_wconf 90' lang='lat' dir='ltr'><strong>a</strong></span> <span class='ocrx_word' id='word_1_329' title='bbox 1655 2759 1764 2814; x_wconf 91' lang='lat' dir='ltr'><strong>Deo</strong></span> <span class='ocrx_word' id='word_1_330' title='bbox 1791 2773 2047 2830; x_wconf 86' lang='lat' dir='ltr'><strong>procrea-</strong></span> 
     </span>
    </p>
   </div>
   <div class='ocr_carea' id='block_1_42' title="bbox 468 2850 2048 2921">
    <p class='ocr_par' dir='ltr' id='par_1_42' title="bbox 468 2850 2048 2921">
     <span class='ocr_line' id='line_1_42' title="bbox 468 2850 2048 2921; baseline 0.001 -18"><span class='ocrx_word' id='word_1_331' title='bbox 468 2858 622 2915; x_wconf 87' lang='lat' dir='ltr'><strong>tum;</strong></span> <span class='ocrx_word' id='word_1_332' title='bbox 651 2861 901 2920; x_wconf 87' lang='lat' dir='ltr'><strong>superest</strong></span> <span class='ocrx_word' id='word_1_333' title='bbox 934 2851 1064 2904; x_wconf 89' lang='lat' dir='ltr'><strong>illud</strong></span> <span class='ocrx_word' id='word_1_334' title='bbox 1095 2859 1153 2904; x_wconf 93' lang='lat' dir='ltr'><strong>ut</strong></span> <span class='ocrx_word' id='word_1_335' title='bbox 1179 2867 1506 2920; x_wconf 65' lang='lat' dir='ltr'><strong>quaeramus.</strong></span> <span class='ocrx_word' id='word_1_336' title='bbox 1532 2853 1673 2921; x_wconf 88' lang='lat' dir='ltr'><strong>quod</strong></span> <span class='ocrx_word' id='word_1_337' title='bbox 1705 2867 1918 2921; x_wconf 83' lang='lat' dir='ltr'><strong>semper</strong></span> <span class='ocrx_word' id='word_1_338' title='bbox 1947 2850 2048 2904; x_wconf 87' lang='lat' dir='ltr'><strong>mi-</strong></span> 
     </span>
    </p>
   </div>
   <div class='ocr_carea' id='block_1_43' title="bbox 465 2933 2046 3014">
    <p class='ocr_par' dir='ltr' id='par_1_43' title="bbox 465 2933 2046 3014">
     <span class='ocr_line' id='line_1_43' title="bbox 465 2933 2046 3014; baseline 0.001 -18"><span class='ocrx_word' id='word_1_339' title='bbox 465 2943 614 2998; x_wconf 85' lang='lat' dir='ltr'><strong>nime</strong></span> <span class='ocrx_word' id='word_1_340' title='bbox 646 2933 830 3009; x_wconf 76' lang='lat' dir='ltr'><strong>l‘uerit,</strong></span> <span class='ocrx_word' id='word_1_341' title='bbox 862 2953 915 2999; x_wconf 91' lang='lat' dir='ltr'><strong>et</strong></span> <span class='ocrx_word' id='word_1_342' title='bbox 940 2943 1153 2998; x_wconf 89' lang='lat' dir='ltr'><strong>initium</strong></span> <span class='ocrx_word' id='word_1_343' title='bbox 1184 2943 1401 3014; x_wconf 89' lang='lat' dir='ltr'><strong>aliquod</strong></span> <span class='ocrx_word' id='word_1_344' title='bbox 1424 2945 1766 3010; x_wconf 88' lang='lat' dir='ltr'><strong>habuerit,et</strong></span> <span class='ocrx_word' id='word_1_345' title='bbox 1799 2945 2046 3014; x_wconf 88' lang='lat' dir='ltr'><strong>aliquan-</strong></span> 
     </span>
    </p>
   </div>
   <div class='ocr_carea' id='block_1_44' title="bbox 465 3035 2046 3108">
    <p class='ocr_par' dir='ltr' id='par_1_44' title="bbox 465 3035 2046 3108">
     <span class='ocr_line' id='line_1_44' title="bbox 465 3035 2046 3108; baseline 0.001 -20"><span class='ocrx_word' id='word_1_346' title='bbox 465 3036 543 3091; x_wconf 87' lang='lat' dir='ltr'><strong>do</strong></span> <span class='ocrx_word' id='word_1_347' title='bbox 565 3035 778 3091; x_wconf 77' lang='lat' dir='ltr'><strong>desinat</strong></span> <span class='ocrx_word' id='word_1_348' title='bbox 803 3053 867 3091; x_wconf 89' lang='lat' dir='ltr'><strong>ac</strong></span> <span class='ocrx_word' id='word_1_349' title='bbox 900 3045 1102 3108; x_wconf 89' lang='lat' dir='ltr'><strong>pereat,</strong></span> <span class='ocrx_word' id='word_1_350' title='bbox 1131 3053 1306 3108; x_wconf 87' lang='lat' dir='ltr'><strong>neque</strong></span> <span class='ocrx_word' id='word_1_351' title='bbox 1329 3050 1589 3108; x_wconf 88' lang='lat' dir='ltr'><strong>perpetuo</strong></span> <span class='ocrx_word' id='word_1_352' title='bbox 1623 3043 1855 3102; x_wconf 84' lang='lat' dir='ltr'><strong>maneat,</strong></span> <span class='ocrx_word' id='word_1_353' title='bbox 1876 3036 2046 3090; x_wconf 88' lang='lat' dir='ltr'><strong>unde-</strong></span> 
     </span>
    </p>
   </div>
   <div class='ocr_carea' id='block_1_45' title="bbox 397 3117 2039 3198">
    <p class='ocr_par' dir='ltr' id='par_1_45' title="bbox 397 3117 2039 3198">
     <span class='ocr_line' id='line_1_45' title="bbox 397 3117 2039 3198; baseline -0.002 -14"><span class='ocrx_word' id='word_1_354' title='bbox 397 3179 400 3184; x_wconf 93' lang='lat'><strong>.</strong></span> <span class='ocrx_word' id='word_1_355' title='bbox 467 3141 594 3180; x_wconf 88' lang='lat' dir='ltr'><strong>nam</strong></span> <span class='ocrx_word' id='word_1_356' title='bbox 610 3127 874 3198; x_wconf 76' lang='lat' dir='ltr'><strong>originem</strong></span> <span class='ocrx_word' id='word_1_357' title='bbox 891 3129 1177 3198; x_wconf 90' lang='lat' dir='ltr'><strong>acceperit.</strong></span> <span class='ocrx_word' id='word_1_358' title='bbox 1194 3129 1296 3184; x_wconf 87' lang='lat' dir='ltr'><strong>Sed</strong></span> <span class='ocrx_word' id='word_1_359' title='bbox 1315 3143 1437 3182; x_wconf 91' lang='lat' dir='ltr'><strong>cum</strong></span> <span class='ocrx_word' id='word_1_360' title='bbox 1460 3117 1589 3182; x_wconf 85' lang='lat' dir='ltr'><strong>illud</strong></span> <span class='ocrx_word' id='word_1_361' title='bbox 1611 3127 2039 3197; x_wconf 88' lang='lat' dir='ltr'><strong>inquisierimus,</strong></span> 
     </span>
    </p>
   </div>
   <div class='ocr_carea' id='block_1_46' title="bbox 2149 1939 3726 2014">
    <p class='ocr_par' dir='ltr' id='par_1_46' title="bbox 2149 1939 3726 2014">
     <span class='ocr_line' id='line_1_46' title="bbox 2149 1939 3726 2014; baseline -0.014 -1"><span class='ocrx_word' id='word_1_362' title='bbox 2149 1941 2540 2014; x_wconf 75' lang='grc' dir='ltr'><strong>μὴ’προσμίξαι</strong></span> <span class='ocrx_word' id='word_1_363' title='bbox 2552 1942 2671 2014; x_wconf 80' lang='grc' dir='ltr'>Θεῷ</span> <span class='ocrx_word' id='word_1_364' title='bbox 2684 1959 2698 1974; x_wconf 93' lang='grc'><strong>·</strong></span> <span class='ocrx_word' id='word_1_365' title='bbox 2726 1944 2819 1998; x_wconf 75' lang='grc' dir='ltr'>καὶ</span> <span class='ocrx_word' id='word_1_366' title='bbox 2838 1943 2945 2013; x_wconf 73' lang='grc' dir='ltr'>γὰρ</span> <span class='ocrx_word' id='word_1_367' title='bbox 2961 1943 3054 1996; x_wconf 69' lang='grc' dir='ltr'>καὶ</span> <span class='ocrx_word' id='word_1_368' title='bbox 3071 1941 3272 1995; x_wconf 84' lang='grc' dir='ltr'>ἄτοπόν</span> <span class='ocrx_word' id='word_1_369' title='bbox 3295 1943 3410 1994; x_wconf 71' lang='grc' dir='ltr'>ἐστι</span> <span class='ocrx_word' id='word_1_370' title='bbox 3423 1939 3541 2012; x_wconf 85' lang='grc' dir='ltr'>Θεῷ</span> <span class='ocrx_word' id='word_1_371' title='bbox 3557 1954 3726 2010; x_wconf 87' lang='grc' dir='ltr'>προσ-</span> 
     </span>
    </p>
   </div>
   <div class='ocr_carea' id='block_1_47' title="bbox 2147 2029 3724 2104">
    <p class='ocr_par' dir='ltr' id='par_1_47' title="bbox 2147 2029 3724 2104">
     <span class='ocr_line' id='line_1_47' title="bbox 2147 2029 3724 2104; baseline -0.001 -18"><span class='ocrx_word' id='word_1_372' title='bbox 2147 2033 2300 2102; x_wconf 72' lang='grc' dir='ltr'>άψαι.</span> <span class='ocrx_word' id='word_1_373' title='bbox 2338 2033 2694 2103; x_wconf 80' lang='grc' dir='ltr'>Ὧμολόγηται</span> <span class='ocrx_word' id='word_1_374' title='bbox 2725 2034 2832 2104; x_wconf 83' lang='grc' dir='ltr'><strong>γάρ</strong></span> <span class='ocrx_word' id='word_1_375' title='bbox 2867 2035 2926 2087; x_wconf 78' lang='grc' dir='ltr'>ὲν</span> <span class='ocrx_word' id='word_1_376' title='bbox 2955 2033 3032 2104; x_wconf 79' lang='grc' dir='ltr'><strong>τῷ</strong></span> <span class='ocrx_word' id='word_1_377' title='bbox 3057 2033 3365 2104; x_wconf 79' lang='grc' dir='ltr'>χαρακτῆρι</span> <span class='ocrx_word' id='word_1_378' title='bbox 3395 2033 3492 2103; x_wconf 86' lang='grc' dir='ltr'>τῆς</span> <span class='ocrx_word' id='word_1_379' title='bbox 3520 2029 3724 2102; x_wconf 79' lang='grc' dir='ltr'>ἐκκλη-</span> 
     </span>
    </p>
   </div>
   <div class='ocr_carea' id='block_1_48' title="bbox 2149 2124 3722 2197">
    <p class='ocr_par' dir='ltr' id='par_1_48' title="bbox 2149 2124 3722 2197">
     <span class='ocr_line' id='line_1_48' title="bbox 2149 2124 3722 2197; baseline 0 -20"><span class='ocrx_word' id='word_1_380' title='bbox 2149 2126 2432 2196; x_wconf 74' lang='grc' dir='ltr'>σιαπικῆς</span> <span class='ocrx_word' id='word_1_381' title='bbox 2456 2125 2803 2189; x_wconf 81' lang='grc' dir='ltr'><strong>διδασκαλίας</strong></span> <span class='ocrx_word' id='word_1_382' title='bbox 2834 2125 3112 2197; x_wconf 84' lang='grc' dir='ltr'>ἀλλότριον</span> <span class='ocrx_word' id='word_1_383' title='bbox 3137 2125 3450 2178; x_wconf 78' lang='grc' dir='ltr'>παντάπασι</span> <span class='ocrx_word' id='word_1_384' title='bbox 3477 2125 3539 2176; x_wconf 82' lang='grc' dir='ltr'><strong>τὺ</strong></span> <span class='ocrx_word' id='word_1_385' title='bbox 3567 2124 3722 2177; x_wconf 79' lang='grc' dir='ltr'>Θεῖον</span> 
     </span>
    </p>
   </div>
   <div class='ocr_carea' id='block_1_49' title="bbox 2145 2213 3724 2288">
    <p class='ocr_par' dir='ltr' id='par_1_49' title="bbox 2145 2213 3724 2288">
     <span class='ocr_line' id='line_1_49' title="bbox 2145 2213 3724 2288; baseline -0.001 -20"><span class='ocrx_word' id='word_1_386' title='bbox 2145 2217 2240 2269; x_wconf 74' lang='grc' dir='ltr'>καὶ</span> <span class='ocrx_word' id='word_1_387' title='bbox 2273 2216 2468 2287; x_wconf 80' lang='grc' dir='ltr'>ἀμιγὲς</span> <span class='ocrx_word' id='word_1_388' title='bbox 2499 2217 2696 2280; x_wconf 82' lang='grc' dir='ltr'>κακίας</span> <span class='ocrx_word' id='word_1_389' title='bbox 2727 2219 3015 2288; x_wconf 79' lang='grc' dir='ltr'>ὑπάρχειν.</span> <span class='ocrx_word' id='word_1_390' title='bbox 3065 2217 3194 2280; x_wconf 83' lang='grc' dir='ltr'>Θεὸς</span> <span class='ocrx_word' id='word_1_391' title='bbox 3223 2217 3330 2286; x_wconf 78' lang='grc' dir='ltr'>γὰρ</span> <span class='ocrx_word' id='word_1_392' title='bbox 3365 2215 3518 2269; x_wconf 77' lang='grc' dir='ltr'>οὐδὲν</span> <span class='ocrx_word' id='word_1_393' title='bbox 3553 2213 3724 2268; x_wconf 81' lang='grc' dir='ltr'>κακὸν</span> 
     </span>
    </p>
   </div>
   <div class='ocr_carea' id='block_1_50' title="bbox 2145 2306 3722 2380">
    <p class='ocr_par' dir='ltr' id='par_1_50' title="bbox 2145 2306 3722 2380">
     <span class='ocr_line' id='line_1_50' title="bbox 2145 2306 3722 2380; baseline -0.001 -20"><span class='ocrx_word' id='word_1_394' title='bbox 2145 2309 2420 2380; x_wconf 82' lang='grc' dir='ltr'>ἐποίησεν,</span> <span class='ocrx_word' id='word_1_395' title='bbox 2449 2309 2585 2362; x_wconf 88' lang='grc' dir='ltr'><strong>ἀλλά</strong></span> <span class='ocrx_word' id='word_1_396' title='bbox 2610 2311 2785 2364; x_wconf 76' lang='grc' dir='ltr'>πάντα</span> <span class='ocrx_word' id='word_1_397' title='bbox 2814 2308 2954 2362; x_wconf 85' lang='grc' dir='ltr'><strong>καλά</strong></span> <span class='ocrx_word' id='word_1_398' title='bbox 2983 2309 3122 2372; x_wconf 88' lang='grc' dir='ltr'>λίαν,</span> <span class='ocrx_word' id='word_1_399' title='bbox 3151 2308 3356 2376; x_wconf 81' lang='grc' dir='ltr'>ἀγαθὸς</span> <span class='ocrx_word' id='word_1_400' title='bbox 3387 2307 3461 2361; x_wconf 78' lang='grc' dir='ltr'>ὢν</span> <span class='ocrx_word' id='word_1_401' title='bbox 3487 2308 3587 2378; x_wconf 83' lang='grc' dir='ltr'>τὴν</span> <span class='ocrx_word' id='word_1_402' title='bbox 3611 2306 3722 2375; x_wconf 73' lang='grc' dir='ltr'><strong>φύ-</strong></span> 
     </span>
    </p>
   </div>
   <div class='ocr_carea' id='block_1_51' title="bbox 2148 2399 3722 2474">
    <p class='ocr_par' dir='ltr' id='par_1_51' title="bbox 2148 2399 3722 2474">
     <span class='ocr_line' id='line_1_51' title="bbox 2148 2399 3722 2474; baseline -0.002 -20"><span class='ocrx_word' id='word_1_403' title='bbox 2148 2420 2252 2466; x_wconf 85' lang='grc' dir='ltr'>σιν,</span> <span class='ocrx_word' id='word_1_404' title='bbox 2285 2402 2666 2474; x_wconf 80' lang='grc' dir='ltr'>ἀκατάληπτος</span> <span class='ocrx_word' id='word_1_405' title='bbox 2689 2403 2788 2473; x_wconf 82' lang='grc' dir='ltr'>τὴν</span> <span class='ocrx_word' id='word_1_406' title='bbox 2807 2401 3018 2466; x_wconf 72' lang='grc' dir='ltr'>οὐσίαν,</span> <span class='ocrx_word' id='word_1_407' title='bbox 3042 2401 3218 2456; x_wconf 85' lang='grc' dir='ltr'>πάντα</span> <span class='ocrx_word' id='word_1_408' title='bbox 3246 2399 3534 2470; x_wconf 80' lang='grc' dir='ltr'>περιέχων,</span> <span class='ocrx_word' id='word_1_409' title='bbox 3561 2399 3722 2460; x_wconf 77' lang='grc' dir='ltr'>αὑτὸς</span> 
     </span>
    </p>
   </div>
   <div class='ocr_carea' id='block_1_52' title="bbox 2144 2490 3720 2566">
    <p class='ocr_par' dir='ltr' id='par_1_52' title="bbox 2144 2490 3720 2566">
     <span class='ocr_line' id='line_1_52' title="bbox 2144 2490 3720 2566; baseline -0.006 -16"><span class='ocrx_word' id='word_1_410' title='bbox 2144 2497 2200 2550; x_wconf 69' lang='grc' dir='ltr'>δὲ</span> <span class='ocrx_word' id='word_1_411' title='bbox 2234 2497 2324 2550; x_wconf 85' lang='grc' dir='ltr'><strong>ὑπ’</strong></span> <span class='ocrx_word' id='word_1_412' title='bbox 2363 2497 2576 2560; x_wconf 80' lang='grc' dir='ltr'>οὐδενὸς</span> <span class='ocrx_word' id='word_1_413' title='bbox 2629 2495 3033 2566; x_wconf 74' lang='grc' dir='ltr'>περιεχόμενος.</span> <span class='ocrx_word' id='word_1_414' title='bbox 3079 2491 3221 2546; x_wconf 75' lang='grc' dir='ltr'>οὔτε</span> <span class='ocrx_word' id='word_1_415' title='bbox 3256 2492 3434 2545; x_wconf 79' lang='grc' dir='ltr'>τοίνυν</span> <span class='ocrx_word' id='word_1_416' title='bbox 3460 2493 3520 2544; x_wconf 83' lang='grc' dir='ltr'>τὸ</span> <span class='ocrx_word' id='word_1_417' title='bbox 3553 2490 3720 2544; x_wconf 71' lang='grc' dir='ltr'>κακον</span> 
     </span>
    </p>
   </div>
   <div class='ocr_carea' id='block_1_53' title="bbox 2143 2577 3719 2657">
    <p class='ocr_par' dir='ltr' id='par_1_53' title="bbox 2143 2577 3719 2657">
     <span class='ocr_line' id='line_1_53' title="bbox 2143 2577 3719 2657; baseline -0.003 -18"><span class='ocrx_word' id='word_1_418' title='bbox 2143 2583 2212 2657; x_wconf 81' lang='grc' dir='ltr'>ἦν</span> <span class='ocrx_word' id='word_1_419' title='bbox 2237 2587 2346 2650; x_wconf 78' lang='grc' dir='ltr'>ἀεὶ,</span> <span class='ocrx_word' id='word_1_420' title='bbox 2367 2586 2492 2640; x_wconf 71' lang='grc' dir='ltr'>οὔτε</span> <span class='ocrx_word' id='word_1_421' title='bbox 2522 2589 2586 2640; x_wconf 81' lang='grc' dir='ltr'>ὲκ</span> <span class='ocrx_word' id='word_1_422' title='bbox 2609 2586 2742 2639; x_wconf 87' lang='grc' dir='ltr'>Θεοῦ</span> <span class='ocrx_word' id='word_1_423' title='bbox 2770 2586 2830 2638; x_wconf 88' lang='grc' dir='ltr'>τὸ</span> <span class='ocrx_word' id='word_1_424' title='bbox 2860 2585 3029 2638; x_wconf 77' lang='grc' dir='ltr'>κακὸν</span> <span class='ocrx_word' id='word_1_425' title='bbox 3061 2583 3376 2653; x_wconf 77' lang='grc' dir='ltr'>γεγένηται.</span> <span class='ocrx_word' id='word_1_426' title='bbox 3435 2583 3592 2653; x_wconf 81' lang='grc' dir='ltr'>Μήτε</span> <span class='ocrx_word' id='word_1_427' title='bbox 3621 2577 3719 2635; x_wconf 82' lang='grc' dir='ltr'>οὖν</span> 
     </span>
    </p>
   </div>
   <div class='ocr_carea' id='block_1_54' title="bbox 2145 2671 3715 2748">
    <p class='ocr_par' dir='ltr' id='par_1_54' title="bbox 2145 2671 3715 2748">
     <span class='ocr_line' id='line_1_54' title="bbox 2145 2671 3715 2748; baseline -0.004 -18"><span class='ocrx_word' id='word_1_428' title='bbox 2145 2677 2296 2741; x_wconf 73' lang='grc' dir='ltr'>ὄντος</span> <span class='ocrx_word' id='word_1_429' title='bbox 2333 2678 2426 2730; x_wconf 81' lang='grc' dir='ltr'>τοῦ</span> <span class='ocrx_word' id='word_1_430' title='bbox 2463 2677 2656 2738; x_wconf 82' lang='grc' dir='ltr'>κακοῦ,</span> <span class='ocrx_word' id='word_1_431' title='bbox 2694 2678 2830 2748; x_wconf 82' lang='grc' dir='ltr'>μήτε</span> <span class='ocrx_word' id='word_1_432' title='bbox 2863 2677 3016 2739; x_wconf 79' lang='grc' dir='ltr'>ὄντος</span> <span class='ocrx_word' id='word_1_433' title='bbox 3037 2676 3149 2738; x_wconf 74' lang='grc' dir='ltr'>ἀεὶ,</span> <span class='ocrx_word' id='word_1_434' title='bbox 3184 2677 3320 2744; x_wconf 86' lang='grc' dir='ltr'>μήτε</span> <span class='ocrx_word' id='word_1_435' title='bbox 3357 2676 3422 2726; x_wconf 78' lang='grc' dir='ltr'>ὲκ</span> <span class='ocrx_word' id='word_1_436' title='bbox 3453 2671 3588 2726; x_wconf 79' lang='grc' dir='ltr'>Θεοῦ</span> <span class='ocrx_word' id='word_1_437' title='bbox 3622 2689 3715 2741; x_wconf 74' lang='grc' dir='ltr'>γεο</span> 
     </span>
    </p>
   </div>
   <div class='ocr_carea' id='block_1_55' title="bbox 2145 2762 3720 2838">
    <p class='ocr_par' dir='ltr' id='par_1_55' title="bbox 2145 2762 3720 2838">
     <span class='ocr_line' id='line_1_55' title="bbox 2145 2762 3720 2838; baseline -0.003 -18"><span class='ocrx_word' id='word_1_438' title='bbox 2145 2767 2476 2838; x_wconf 81' lang='grc' dir='ltr'>γενημένου,</span> <span class='ocrx_word' id='word_1_439' title='bbox 2528 2765 2712 2820; x_wconf 84' lang='grc' dir='ltr'>λοιπὸν</span> <span class='ocrx_word' id='word_1_440' title='bbox 2739 2766 2924 2834; x_wconf 72' lang='grc' dir='ltr'>ζητεῖν</span> <span class='ocrx_word' id='word_1_441' title='bbox 2963 2766 3080 2819; x_wconf 75' lang='grc' dir='ltr'>εστι</span> <span class='ocrx_word' id='word_1_442' title='bbox 3112 2769 3262 2818; x_wconf 82' lang='grc' dir='ltr'>ποῖον</span> <span class='ocrx_word' id='word_1_443' title='bbox 3303 2765 3502 2837; x_wconf 75' lang='grc' dir='ltr'>τρόπον</span> <span class='ocrx_word' id='word_1_444' title='bbox 3542 2763 3603 2816; x_wconf 83' lang='grc' dir='ltr'>τὸ</span> <span class='ocrx_word' id='word_1_445' title='bbox 3641 2762 3720 2836; x_wconf 72' lang='grc' dir='ltr'>μὴ</span> 
     </span>
    </p>
   </div>
   <div class='ocr_carea' id='block_1_56' title="bbox 2145 2852 3716 2930">
    <p class='ocr_par' dir='ltr' id='par_1_56' title="bbox 2145 2852 3716 2930">
     <span class='ocr_line' id='line_1_56' title="bbox 2145 2852 3716 2930; baseline -0.003 -19"><span class='ocrx_word' id='word_1_446' title='bbox 2145 2858 2203 2911; x_wconf 86' lang='grc' dir='ltr'>ὃν</span> <span class='ocrx_word' id='word_1_447' title='bbox 2227 2859 2334 2922; x_wconf 76' lang='grc' dir='ltr'>ἀεὶ,</span> <span class='ocrx_word' id='word_1_448' title='bbox 2363 2859 2534 2930; x_wconf 82' lang='grc' dir='ltr'>ἀρχὴν</span> <span class='ocrx_word' id='word_1_449' title='bbox 2553 2858 2610 2911; x_wconf 88' lang='grc' dir='ltr'>δὲ</span> <span class='ocrx_word' id='word_1_450' title='bbox 2628 2858 2858 2928; x_wconf 75' lang='grc' dir='ltr'>ὲοχηκὸς</span> <span class='ocrx_word' id='word_1_451' title='bbox 2876 2857 2969 2910; x_wconf 80' lang='grc' dir='ltr'>τοῦ</span> <span class='ocrx_word' id='word_1_452' title='bbox 2993 2852 3151 2921; x_wconf 71' lang='grc' dir='ltr'>εἶναι,</span> <span class='ocrx_word' id='word_1_453' title='bbox 3169 2857 3334 2926; x_wconf 84' lang='grc' dir='ltr'>λῆγον</span> <span class='ocrx_word' id='word_1_454' title='bbox 3359 2856 3414 2908; x_wconf 75' lang='grc' dir='ltr'>δὲ</span> <span class='ocrx_word' id='word_1_455' title='bbox 3435 2856 3528 2908; x_wconf 59' lang='grc' dir='ltr'><strong>καὶ¹</strong></span> <span class='ocrx_word' id='word_1_456' title='bbox 3549 2855 3716 2908; x_wconf 82' lang='grc' dir='ltr'>ἀπολ-</span> 
     </span>
    </p>
   </div>
   <div class='ocr_carea' id='block_1_57' title="bbox 2146 2945 3718 3021">
    <p class='ocr_par' dir='ltr' id='par_1_57' title="bbox 2146 2945 3718 3021">
     <span class='ocr_line' id='line_1_57' title="bbox 2146 2945 3718 3021; baseline -0.005 -17"><span class='ocrx_word' id='word_1_457' title='bbox 2146 2951 2392 3021; x_wconf 81' lang='grc' dir='ltr'>λύμενον,</span> <span class='ocrx_word' id='word_1_458' title='bbox 2423 2949 2517 3004; x_wconf 75' lang='grc' dir='ltr'>καὶ</span> <span class='ocrx_word' id='word_1_459' title='bbox 2539 2951 2618 3013; x_wconf 85' lang='grc' dir='ltr'><strong>είς</strong></span> <span class='ocrx_word' id='word_1_460' title='bbox 2641 2949 2790 3012; x_wconf 81' lang='grc' dir='ltr'>τέλος</span> <span class='ocrx_word' id='word_1_461' title='bbox 2820 2949 2894 3020; x_wconf 73' lang='grc' dir='ltr'><strong>μή</strong></span> <span class='ocrx_word' id='word_1_462' title='bbox 2917 2948 3249 3020; x_wconf 75' lang='grc' dir='ltr'>παραμένον,</span> <span class='ocrx_word' id='word_1_463' title='bbox 3276 2945 3438 2999; x_wconf 87' lang='grc' dir='ltr'>πόθεν</span> <span class='ocrx_word' id='word_1_464' title='bbox 3465 2946 3590 3014; x_wconf 79' lang='grc' dir='ltr'>ἔσχε</span> <span class='ocrx_word' id='word_1_465' title='bbox 3617 2945 3718 3014; x_wconf 76' lang='grc' dir='ltr'>τὴν</span> 
     </span>
    </p>
   </div>
   <div class='ocr_carea' id='block_1_58' title="bbox 2145 3037 3718 3114">
    <p class='ocr_par' dir='ltr' id='par_1_58' title="bbox 2145 3037 3718 3114">
     <span class='ocr_line' id='line_1_58' title="bbox 2145 3037 3718 3114; baseline -0.006 -17"><span class='ocrx_word' id='word_1_466' title='bbox 2145 3043 2342 3114; x_wconf 84' lang='grc' dir='ltr'>ἀρχήν.</span> <span class='ocrx_word' id='word_1_467' title='bbox 2401 3043 2511 3096; x_wconf 73' lang='grc' dir='ltr'><strong>Καὶ</strong></span> <span class='ocrx_word' id='word_1_468' title='bbox 2538 3042 2664 3094; x_wconf 81' lang='grc' dir='ltr'>ὅταν</span> <span class='ocrx_word' id='word_1_469' title='bbox 2697 3039 2856 3094; x_wconf 78' lang='grc' dir='ltr'>τοῦτο</span> <span class='ocrx_word' id='word_1_470' title='bbox 2885 3039 3230 3111; x_wconf 75' lang='grc' dir='ltr'>ζητήσωμεν,</span> <span class='ocrx_word' id='word_1_471' title='bbox 3261 3037 3474 3108; x_wconf 84' lang='grc' dir='ltr'>πρῶτον</span> <span class='ocrx_word' id='word_1_472' title='bbox 3501 3037 3718 3108; x_wconf 85' lang='grc' dir='ltr'>διανοη-</span> 
     </span>
    </p>
   </div>
   <div class='ocr_carea' id='block_1_59' title="bbox 2145 3128 3717 3199">
    <p class='ocr_par' dir='ltr' id='par_1_59' title="bbox 2145 3128 3717 3199">
     <span class='ocr_line' id='line_1_59' title="bbox 2145 3128 3717 3199; baseline -0.006 -12"><span class='ocrx_word' id='word_1_473' title='bbox 2145 3134 2266 3187; x_wconf 82' lang='grc' dir='ltr'>τέον</span> <span class='ocrx_word' id='word_1_474' title='bbox 2296 3135 2462 3199; x_wconf 75' lang='grc' dir='ltr'>ἐστὶν,</span> <span class='ocrx_word' id='word_1_475' title='bbox 2489 3132 2673 3186; x_wconf 78' lang='grc' dir='ltr'>ὁποῖόν</span> <span class='ocrx_word' id='word_1_476' title='bbox 2699 3133 2815 3184; x_wconf 82' lang='grc' dir='ltr'>ἐστι</span> <span class='ocrx_word' id='word_1_477' title='bbox 2837 3131 2897 3184; x_wconf 80' lang='grc' dir='ltr'>τὸ</span> <span class='ocrx_word' id='word_1_478' title='bbox 2925 3131 3112 3196; x_wconf 74' lang='grc' dir='ltr'>κακὸν,</span> <span class='ocrx_word' id='word_1_479' title='bbox 3143 3129 3238 3183; x_wconf 74' lang='grc' dir='ltr'>καὶ</span> <span class='ocrx_word' id='word_1_480' title='bbox 3262 3133 3317 3182; x_wconf 83' lang='grc' dir='ltr'>ὲν</span> <span class='ocrx_word' id='word_1_481' title='bbox 3343 3128 3478 3196; x_wconf 83' lang='grc' dir='ltr'>ποίῳ</span> <span class='ocrx_word' id='word_1_482' title='bbox 3505 3129 3717 3195; x_wconf 86' lang='grc' dir='ltr'>γίνεται</span> 
     </span>
    </p>
   </div>
   <div class='ocr_carea' id='block_1_60' title="bbox 401 3213 2043 3293">
    <p class='ocr_par' dir='ltr' id='par_1_60' title="bbox 401 3217 2040 3292">
     <span class='ocr_line' id='line_1_60' title="bbox 401 3217 2040 3292; baseline 0 -19"><span class='ocrx_word' id='word_1_483' title='bbox 401 3239 408 3246; x_wconf 87' lang='grc'><strong>·</strong></span> <span class='ocrx_word' id='word_1_484' title='bbox 467 3217 602 3274; x_wconf 91' lang='lat' dir='ltr'><strong>illud</strong></span> <span class='ocrx_word' id='word_1_485' title='bbox 631 3220 686 3274; x_wconf 85' lang='lat' dir='ltr'><strong>in</strong></span> <span class='ocrx_word' id='word_1_486' title='bbox 716 3219 906 3291; x_wconf 85' lang='lat' dir='ltr'><strong>primis</strong></span> <span class='ocrx_word' id='word_1_487' title='bbox 939 3221 1279 3292; x_wconf 80' lang='lat' dir='ltr'><strong>cogitandum</strong></span> <span class='ocrx_word' id='word_1_488' title='bbox 1313 3229 1418 3280; x_wconf 83' lang='lat' dir='ltr'><strong>est.</strong></span> <span class='ocrx_word' id='word_1_489' title='bbox 1453 3221 1762 3292; x_wconf 59' lang='lat' dir='ltr'><strong>cuiusmodi</strong></span> <span class='ocrx_word' id='word_1_490' title='bbox 1784 3221 1875 3286; x_wconf 73' lang='lat' dir='ltr'><strong>sit,</strong></span> <span class='ocrx_word' id='word_1_491' title='bbox 1900 3227 1950 3276; x_wconf 86' lang='lat' dir='ltr'><strong>et</strong></span> <span class='ocrx_word' id='word_1_492' title='bbox 1987 3217 2040 3274; x_wconf 91' lang='lat' dir='ltr'><strong>iu</strong></span> 
     </span>
    </p>
   </div>
   <div class='ocr_carea' id='block_1_61' title="bbox 2146 3213 3718 3293">
    <p class='ocr_par' dir='ltr' id='par_1_61' title="bbox 2147 3218 3718 3293">
     <span class='ocr_line' id='line_1_61' title="bbox 2147 3218 3718 3293; baseline -0.006 -13"><span class='ocrx_word' id='word_1_493' title='bbox 2147 3227 2204 3280; x_wconf 84' lang='grc' dir='ltr'>τὸ</span> <span class='ocrx_word' id='word_1_494' title='bbox 2235 3226 2420 3290; x_wconf 78' lang='grc' dir='ltr'>κακὸν,</span> <span class='ocrx_word' id='word_1_495' title='bbox 2451 3226 2545 3279; x_wconf 75' lang='grc' dir='ltr'>καὶ</span> <span class='ocrx_word' id='word_1_496' title='bbox 2577 3225 2624 3276; x_wconf 82' lang='grc' dir='ltr'><strong>εί</strong></span> <span class='ocrx_word' id='word_1_497' title='bbox 2657 3223 2772 3277; x_wconf 74' lang='grc' dir='ltr'>ἐστι</span> <span class='ocrx_word' id='word_1_498' title='bbox 2803 3221 3246 3293; x_wconf 80' lang='grc' dir='ltr'>ὲμπερίγραπτόν</span> <span class='ocrx_word' id='word_1_499' title='bbox 3272 3220 3397 3290; x_wconf 84' lang='grc' dir='ltr'>τι,ἢ</span> <span class='ocrx_word' id='word_1_500' title='bbox 3433 3218 3612 3288; x_wconf 86' lang='grc' dir='ltr'>σῶμα,</span> <span class='ocrx_word' id='word_1_501' title='bbox 3641 3219 3718 3281; x_wconf 85' lang='grc' dir='ltr'>ὡς</span> 
     </span>
    </p>
   </div>
   <div class='ocr_carea' id='block_1_62' title="bbox 469 3309 2044 3380">
    <p class='ocr_par' dir='ltr' id='par_1_62' title="bbox 469 3309 2044 3380">
     <span class='ocr_line' id='line_1_62' title="bbox 469 3309 2044 3380; baseline 0 -18"><span class='ocrx_word' id='word_1_502' title='bbox 469 3326 578 3380; x_wconf 87' lang='lat' dir='ltr'><strong>quo</strong></span> <span class='ocrx_word' id='word_1_503' title='bbox 616 3312 687 3366; x_wconf 85' lang='lat' dir='ltr'><strong>sit</strong></span> <span class='ocrx_word' id='word_1_504' title='bbox 718 3312 941 3366; x_wconf 82' lang='lat' dir='ltr'><strong>malum.</strong></span> <span class='ocrx_word' id='word_1_505' title='bbox 977 3311 1179 3366; x_wconf 87' lang='lat' dir='ltr'><strong>Deinde</strong></span> <span class='ocrx_word' id='word_1_506' title='bbox 1211 3313 1354 3366; x_wconf 89' lang='lat' dir='ltr'><strong>sitne</strong></span> <span class='ocrx_word' id='word_1_507' title='bbox 1392 3312 1593 3380; x_wconf 86' lang='lat' dir='ltr'><strong>aliquid</strong></span> <span class='ocrx_word' id='word_1_508' title='bbox 1619 3309 1764 3380; x_wconf 88' lang='lat' dir='ltr'><strong>quod</strong></span> <span class='ocrx_word' id='word_1_509' title='bbox 1806 3311 2044 3364; x_wconf 81' lang='lat' dir='ltr'><strong>cireum-</strong></span> 
     </span>
    </p>
   </div>
   <div class='ocr_carea' id='block_1_63' title="bbox 469 3401 2048 3474">
    <p class='ocr_par' dir='ltr' id='par_1_63' title="bbox 469 3401 2048 3474">
     <span class='ocr_line' id='line_1_63' title="bbox 469 3401 2048 3474; baseline -0.002 -17"><span class='ocrx_word' id='word_1_510' title='bbox 469 3403 636 3458; x_wconf 82' lang='lat' dir='ltr'><strong>scribi</strong></span> <span class='ocrx_word' id='word_1_511' title='bbox 663 3405 856 3474; x_wconf 87' lang='lat' dir='ltr'><strong>possit,</strong></span> <span class='ocrx_word' id='word_1_512' title='bbox 895 3411 1024 3474; x_wconf 86' lang='lat' dir='ltr'><strong>puta</strong></span> <span class='ocrx_word' id='word_1_513' title='bbox 1058 3419 1278 3474; x_wconf 90' lang='lat' dir='ltr'><strong>corpus,</strong></span> <span class='ocrx_word' id='word_1_514' title='bbox 1309 3410 1361 3456; x_wconf 79' lang='lat' dir='ltr'><strong>rt</strong></span> <span class='ocrx_word' id='word_1_515' title='bbox 1392 3412 1572 3456; x_wconf 89' lang='lat' dir='ltr'><strong>utrum</strong></span> <span class='ocrx_word' id='word_1_516' title='bbox 1608 3403 1910 3458; x_wconf 85' lang='lat' dir='ltr'><strong>substantia</strong></span> <span class='ocrx_word' id='word_1_517' title='bbox 1946 3401 2048 3454; x_wconf 85' lang='lat' dir='ltr'><strong>ali-</strong></span> 
     </span>
    </p>
   </div>
   <div class='ocr_carea' id='block_1_64' title="bbox 466 3485 2044 3568">
    <p class='ocr_par' dir='ltr' id='par_1_64' title="bbox 466 3485 2044 3568">
     <span class='ocr_line' id='line_1_64' title="bbox 466 3485 2044 3568; baseline -0.003 -20"><span class='ocrx_word' id='word_1_518' title='bbox 466 3509 575 3564; x_wconf 77' lang='lat' dir='ltr'><strong>qua</strong></span> <span class='ocrx_word' id='word_1_519' title='bbox 604 3503 840 3560; x_wconf 82' lang='lat' dir='ltr'><strong>constet,</strong></span> <span class='ocrx_word' id='word_1_520' title='bbox 859 3502 952 3546; x_wconf 88' lang='lat' dir='ltr'><strong>aut</strong></span> <span class='ocrx_word' id='word_1_521' title='bbox 975 3493 1083 3548; x_wconf 91' lang='lat' dir='ltr'><strong>ulla</strong></span> <span class='ocrx_word' id='word_1_522' title='bbox 1113 3493 1294 3547; x_wconf 86' lang='lat' dir='ltr'><strong>radice</strong></span> <span class='ocrx_word' id='word_1_523' title='bbox 1319 3493 1579 3546; x_wconf 87' lang='lat' dir='ltr'><strong>nitantur.</strong></span> <span class='ocrx_word' id='word_1_524' title='bbox 1601 3490 1732 3568; x_wconf 65' lang='lat' dir='ltr'><strong>Quae</strong></span> <span class='ocrx_word' id='word_1_525' title='bbox 1752 3507 1875 3546; x_wconf 88' lang='lat' dir='ltr'><strong>cum</strong></span> <span class='ocrx_word' id='word_1_526' title='bbox 1903 3485 2044 3560; x_wconf 87' lang='lat' dir='ltr'><strong>apud</strong></span> 
     </span>
    </p>
   </div>
   <div class='ocr_carea' id='block_1_65' title="bbox 469 3583 2038 3658">
    <p class='ocr_par' dir='ltr' id='par_1_65' title="bbox 469 3583 2038 3658">
     <span class='ocr_line' id='line_1_65' title="bbox 469 3583 2038 3658; baseline -0.003 -16"><span class='ocrx_word' id='word_1_527' title='bbox 469 3602 574 3642; x_wconf 87' lang='lat' dir='ltr'><strong>nos</strong></span> <span class='ocrx_word' id='word_1_528' title='bbox 599 3585 1068 3658; x_wconf 86' lang='lat' dir='ltr'><strong>perpenderimus,</strong></span> <span class='ocrx_word' id='word_1_529' title='bbox 1101 3586 1307 3639; x_wconf 90' lang='lat' dir='ltr'><strong>nullam</strong></span> <span class='ocrx_word' id='word_1_530' title='bbox 1339 3585 1519 3639; x_wconf 89' lang='lat' dir='ltr'><strong>inesse</strong></span> <span class='ocrx_word' id='word_1_531' title='bbox 1553 3585 1698 3638; x_wconf 90' lang='lat' dir='ltr'><strong>malo</strong></span> <span class='ocrx_word' id='word_1_532' title='bbox 1729 3583 2038 3639; x_wconf 87' lang='lat' dir='ltr'><strong>subsisten-</strong></span> 
     </span>
    </p>
   </div>
   <div class='ocr_carea' id='block_1_66' title="bbox 467 3677 2040 3747">
    <p class='ocr_par' dir='ltr' id='par_1_66' title="bbox 467 3677 2040 3747">
     <span class='ocr_line' id='line_1_66' title="bbox 467 3677 2040 3747; baseline 0 -16"><span class='ocrx_word' id='word_1_533' title='bbox 467 3679 622 3741; x_wconf 82' lang='lat' dir='ltr'><strong>tiam,</strong></span> <span class='ocrx_word' id='word_1_534' title='bbox 667 3692 770 3732; x_wconf 90' lang='lat' dir='ltr'><strong>nec</strong></span> <span class='ocrx_word' id='word_1_535' title='bbox 802 3678 1039 3732; x_wconf 87' lang='lat' dir='ltr'><strong>radicem</strong></span> <span class='ocrx_word' id='word_1_536' title='bbox 1075 3678 1238 3731; x_wconf 83' lang='lat' dir='ltr'><strong>ullam</strong></span> <span class='ocrx_word' id='word_1_537' title='bbox 1289 3677 1490 3732; x_wconf 90' lang='lat' dir='ltr'><strong>habere</strong></span> <span class='ocrx_word' id='word_1_538' title='bbox 1540 3679 1895 3747; x_wconf 84' lang='lat' dir='ltr'><strong>reperiemus.</strong></span> <span class='ocrx_word' id='word_1_539' title='bbox 1945 3677 2040 3733; x_wconf 89' lang='lat' dir='ltr'><strong>sed</strong></span> 
     </span>
    </p>
   </div>
   <div class='ocr_carea' id='block_1_67' title="bbox 467 3767 2039 3832">
    <p class='ocr_par' dir='ltr' id='par_1_67' title="bbox 467 3767 2039 3832">
     <span class='ocr_line' id='line_1_67' title="bbox 467 3767 2039 3832; baseline 0.001 -11"><span class='ocrx_word' id='word_1_540' title='bbox 467 3769 524 3823; x_wconf 88' lang='lat' dir='ltr'><strong>in</strong></span> <span class='ocrx_word' id='word_1_541' title='bbox 557 3768 691 3824; x_wconf 91' lang='lat' dir='ltr'><strong>solis</strong></span> <span class='ocrx_word' id='word_1_542' title='bbox 723 3767 883 3824; x_wconf 76' lang='lat' dir='ltr'><strong>lactis</strong></span> <span class='ocrx_word' id='word_1_543' title='bbox 928 3770 1252 3832; x_wconf 86' lang='lat' dir='ltr'><strong>consistere,</strong></span> <span class='ocrx_word' id='word_1_544' title='bbox 1284 3775 1338 3823; x_wconf 91' lang='lat' dir='ltr'><strong>et</strong></span> <span class='ocrx_word' id='word_1_545' title='bbox 1367 3769 1660 3822; x_wconf 87' lang='lat' dir='ltr'><strong>humanam</strong></span> <span class='ocrx_word' id='word_1_546' title='bbox 1697 3767 2039 3823; x_wconf 87' lang='lat' dir='ltr'><strong>ellicientiam</strong></span> 
     </span>
    </p>
   </div>
   <div class='ocr_carea' id='block_1_68' title="bbox 465 3856 2039 3931">
    <p class='ocr_par' dir='ltr' id='par_1_68' title="bbox 465 3856 2039 3931">
     <span class='ocr_line' id='line_1_68' title="bbox 465 3856 2039 3931; baseline -0.003 -16"><span class='ocrx_word' id='word_1_547' title='bbox 465 3864 524 3916; x_wconf 87' lang='lat' dir='ltr'><strong>in</strong></span> <span class='ocrx_word' id='word_1_548' title='bbox 547 3861 755 3931; x_wconf 81' lang='lat' dir='ltr'><strong>agendo</strong></span> <span class='ocrx_word' id='word_1_549' title='bbox 791 3863 1068 3930; x_wconf 84' lang='lat' dir='ltr'><strong>perlicere.</strong></span> <span class='ocrx_word' id='word_1_550' title='bbox 1115 3859 1327 3915; x_wconf 88' lang='lat' dir='ltr'><strong>Etenim</strong></span> <span class='ocrx_word' id='word_1_551' title='bbox 1365 3866 1639 3930; x_wconf 88' lang='lat' dir='ltr'><strong>quatenus</strong></span> <span class='ocrx_word' id='word_1_552' title='bbox 1689 3858 1891 3928; x_wconf 87' lang='lat' dir='ltr'><strong>aliquid</strong></span> <span class='ocrx_word' id='word_1_553' title='bbox 1951 3856 2039 3910; x_wconf 83' lang='lat' dir='ltr'><strong>fa-</strong></span> 
     </span>
    </p>
   </div>
   <div class='ocr_carea' id='block_1_69' title="bbox 466 3948 2042 4022">
    <p class='ocr_par' dir='ltr' id='par_1_69' title="bbox 466 3948 2042 4022">
     <span class='ocr_line' id='line_1_69' title="bbox 466 3948 2042 4022; baseline -0.004 -16"><span class='ocrx_word' id='word_1_554' title='bbox 466 3951 700 4012; x_wconf 82' lang='lat' dir='ltr'><strong>ciamus.</strong></span> <span class='ocrx_word' id='word_1_555' title='bbox 723 3953 872 4022; x_wconf 77' lang='lat' dir='ltr'><strong>inest</strong></span> <span class='ocrx_word' id='word_1_556' title='bbox 905 3951 960 4005; x_wconf 87' lang='lat' dir='ltr'><strong>in</strong></span> <span class='ocrx_word' id='word_1_557' title='bbox 1009 3965 1078 4005; x_wconf 89' lang='lat' dir='ltr'><strong>eo</strong></span> <span class='ocrx_word' id='word_1_558' title='bbox 1125 3951 1360 4018; x_wconf 90' lang='lat' dir='ltr'><strong>malum;</strong></span> <span class='ocrx_word' id='word_1_559' title='bbox 1410 3966 1535 4005; x_wconf 91' lang='lat' dir='ltr'><strong>cum</strong></span> <span class='ocrx_word' id='word_1_560' title='bbox 1578 3963 1708 4004; x_wconf 91' lang='lat' dir='ltr'><strong>vero</strong></span> <span class='ocrx_word' id='word_1_561' title='bbox 1753 3948 1891 4003; x_wconf 91' lang='lat' dir='ltr'><strong>nihil</strong></span> <span class='ocrx_word' id='word_1_562' title='bbox 1925 3949 2042 4018; x_wconf 75' lang='lat' dir='ltr'><strong>agi-</strong></span> 
     </span>
    </p>
   </div>
   <div class='ocr_carea' id='block_1_70' title="bbox 467 4042 2046 4114">
    <p class='ocr_par' dir='ltr' id='par_1_70' title="bbox 467 4042 2046 4114">
     <span class='ocr_line' id='line_1_70' title="bbox 467 4042 2046 4114; baseline -0.002 -18"><span class='ocrx_word' id='word_1_563' title='bbox 467 4059 611 4106; x_wconf 86' lang='lat' dir='ltr'><strong>mus,</strong></span> <span class='ocrx_word' id='word_1_564' title='bbox 641 4059 913 4114; x_wconf 85' lang='lat' dir='ltr'><strong>nusquam</strong></span> <span class='ocrx_word' id='word_1_565' title='bbox 942 4052 1045 4100; x_wconf 89' lang='lat' dir='ltr'><strong>est.</strong></span> <span class='ocrx_word' id='word_1_566' title='bbox 1079 4043 1134 4096; x_wconf 89' lang='lat' dir='ltr'><strong>In</strong></span> <span class='ocrx_word' id='word_1_567' title='bbox 1170 4059 1278 4114; x_wconf 89' lang='lat' dir='ltr'><strong>quo</strong></span> <span class='ocrx_word' id='word_1_568' title='bbox 1308 4043 1441 4098; x_wconf 92' lang='lat' dir='ltr'><strong>illud</strong></span> <span class='ocrx_word' id='word_1_569' title='bbox 1467 4042 1830 4112; x_wconf 78' lang='lat' dir='ltr'><strong>intelligentia</strong></span> <span class='ocrx_word' id='word_1_570' title='bbox 1855 4049 2046 4096; x_wconf 88' lang='lat' dir='ltr'><strong>nostra</strong></span> 
     </span>
    </p>
   </div>
   <div class='ocr_carea' id='block_1_71' title="bbox 467 4129 2046 4206">
    <p class='ocr_par' dir='ltr' id='par_1_71' title="bbox 467 4129 2046 4206">
     <span class='ocr_line' id='line_1_71' title="bbox 467 4129 2046 4206; baseline -0.003 -17"><span class='ocrx_word' id='word_1_571' title='bbox 467 4135 901 4206; x_wconf 84' lang='lat' dir='ltr'><strong>comprehendit,</strong></span> <span class='ocrx_word' id='word_1_572' title='bbox 933 4134 1066 4206; x_wconf 89' lang='lat' dir='ltr'><strong>quid</strong></span> <span class='ocrx_word' id='word_1_573' title='bbox 1110 4135 1182 4188; x_wconf 90' lang='lat' dir='ltr'><strong>sit</strong></span> <span class='ocrx_word' id='word_1_574' title='bbox 1215 4135 1342 4188; x_wconf 90' lang='lat' dir='ltr'><strong>mali</strong></span> <span class='ocrx_word' id='word_1_575' title='bbox 1389 4133 1594 4203; x_wconf 89' lang='lat' dir='ltr'><strong>aliquid</strong></span> <span class='ocrx_word' id='word_1_576' title='bbox 1630 4135 1861 4196; x_wconf 84' lang='lat' dir='ltr'><strong>ellicere,</strong></span> <span class='ocrx_word' id='word_1_577' title='bbox 1899 4129 2046 4202; x_wconf 86' lang='lat' dir='ltr'><strong>quod</strong></span> 
     </span>
    </p>
   </div>
   <div class='ocr_carea' id='block_1_72' title="bbox 467 4229 2047 4302">
    <p class='ocr_par' dir='ltr' id='par_1_72' title="bbox 467 4229 2047 4302">
     <span class='ocr_line' id='line_1_72' title="bbox 467 4229 2047 4302; baseline -0.001 -17"><span class='ocrx_word' id='word_1_578' title='bbox 467 4231 581 4286; x_wconf 85' lang='lat' dir='ltr'><strong>Deo</strong></span> <span class='ocrx_word' id='word_1_579' title='bbox 613 4231 920 4301; x_wconf 83' lang='lat' dir='ltr'><strong>displiceat,</strong></span> <span class='ocrx_word' id='word_1_580' title='bbox 961 4231 1107 4302; x_wconf 91' lang='lat' dir='ltr'><strong>quod</strong></span> <span class='ocrx_word' id='word_1_581' title='bbox 1151 4231 1199 4286; x_wconf 89' lang='lat' dir='ltr'><strong>ei</strong></span> <span class='ocrx_word' id='word_1_582' title='bbox 1235 4241 1413 4286; x_wconf 87' lang='lat' dir='ltr'><strong>tamen</strong></span> <span class='ocrx_word' id='word_1_583' title='bbox 1457 4229 1720 4302; x_wconf 75' lang='lat' dir='ltr'><strong>refragari</strong></span> <span class='ocrx_word' id='word_1_584' title='bbox 1767 4245 1834 4284; x_wconf 85' lang='lat' dir='ltr'><strong>ac</strong></span> <span class='ocrx_word' id='word_1_585' title='bbox 1880 4245 2047 4300; x_wconf 89' lang='lat' dir='ltr'><strong>repu-</strong></span> 
     </span>
    </p>
   </div>
   <div class='ocr_carea' id='block_1_73' title="bbox 465 4321 2046 4394">
    <p class='ocr_par' dir='ltr' id='par_1_73' title="bbox 465 4321 2046 4394">
     <span class='ocr_line' id='line_1_73' title="bbox 465 4321 2046 4394; baseline -0.001 -18"><span class='ocrx_word' id='word_1_586' title='bbox 465 4339 634 4392; x_wconf 75' lang='lat' dir='ltr'><strong>gnare</strong></span> <span class='ocrx_word' id='word_1_587' title='bbox 663 4339 768 4378; x_wconf 90' lang='lat' dir='ltr'><strong>non</strong></span> <span class='ocrx_word' id='word_1_588' title='bbox 801 4333 998 4394; x_wconf 84' lang='lat' dir='ltr'><strong>potest.</strong></span> <span class='ocrx_word' id='word_1_589' title='bbox 1027 4321 1304 4392; x_wconf 83' lang='lat' dir='ltr'><strong>Quidquid</strong></span> <span class='ocrx_word' id='word_1_590' title='bbox 1337 4321 1480 4376; x_wconf 90' lang='lat' dir='ltr'><strong>enim</strong></span> <span class='ocrx_word' id='word_1_591' title='bbox 1515 4322 1580 4382; x_wconf 85' lang='lat' dir='ltr'><strong>ab</strong></span> <span class='ocrx_word' id='word_1_592' title='bbox 1609 4322 1922 4376; x_wconf 90' lang='lat' dir='ltr'><strong>hominibus</strong></span> <span class='ocrx_word' id='word_1_593' title='bbox 1951 4336 2046 4374; x_wconf 77' lang='lat' dir='ltr'><strong>ex-</strong></span> 
     </span>
    </p>
   </div>
   <div class='ocr_carea' id='block_1_74' title="bbox 466 4410 2046 4483">
    <p class='ocr_par' dir='ltr' id='par_1_74' title="bbox 466 4410 2046 4483">
     <span class='ocr_line' id='line_1_74' title="bbox 466 4410 2046 4483; baseline -0.002 -18"><span class='ocrx_word' id='word_1_594' title='bbox 466 4411 572 4465; x_wconf 85' lang='lat' dir='ltr'><strong>cidi</strong></span> <span class='ocrx_word' id='word_1_595' title='bbox 599 4413 982 4483; x_wconf 79' lang='lat' dir='ltr'><strong>exstinguique</strong></span> <span class='ocrx_word' id='word_1_596' title='bbox 1011 4419 1227 4483; x_wconf 87' lang='lat' dir='ltr'><strong>potest,</strong></span> <span class='ocrx_word' id='word_1_597' title='bbox 1253 4411 1424 4466; x_wconf 89' lang='lat' dir='ltr'><strong>multo</strong></span> <span class='ocrx_word' id='word_1_598' title='bbox 1446 4410 1628 4466; x_wconf 89' lang='lat' dir='ltr'><strong>minus</strong></span> <span class='ocrx_word' id='word_1_599' title='bbox 1651 4412 1910 4464; x_wconf 83' lang='lat' dir='ltr'><strong>resistere</strong></span> <span class='ocrx_word' id='word_1_600' title='bbox 1940 4410 2046 4463; x_wconf 84' lang='lat' dir='ltr'><strong>Deo</strong></span> 
     </span>
    </p>
   </div>
   <div class='ocr_carea' id='block_1_75' title="bbox 469 4505 690 4575">
    <p class='ocr_par' dir='ltr' id='par_1_75' title="bbox 469 4505 690 4575">
     <span class='ocr_line' id='line_1_75' title="bbox 469 4505 690 4575; baseline -0.014 -16"><span class='ocrx_word' id='word_1_601' title='bbox 469 4505 690 4575; x_wconf 89' lang='lat' dir='ltr'><strong>poterit.</strong></span> 
     </span>
    </p>
   </div>
   <div class='ocr_carea' id='block_1_76' title="bbox 2148 3310 3721 3387">
    <p class='ocr_par' dir='ltr' id='par_1_76' title="bbox 2148 3310 3721 3387">
     <span class='ocr_line' id='line_1_76' title="bbox 2148 3310 3721 3387; baseline -0.006 -16"><span class='ocrx_word' id='word_1_602' title='bbox 2148 3319 2343 3378; x_wconf 77' lang='grc' dir='ltr'>εἰπεῖν,</span> <span class='ocrx_word' id='word_1_603' title='bbox 2372 3317 2405 3387; x_wconf 83' lang='grc' dir='ltr'>ἦ</span> <span class='ocrx_word' id='word_1_604' title='bbox 2433 3317 2726 3369; x_wconf 83' lang='grc' dir='ltr'>ὑπόστασιν</span> <span class='ocrx_word' id='word_1_605' title='bbox 2757 3314 2940 3385; x_wconf 74' lang='grc' dir='ltr'>ἔχει,ἢ</span> <span class='ocrx_word' id='word_1_606' title='bbox 2971 3315 3063 3366; x_wconf 79' lang='grc' dir='ltr'>καὶ</span> <span class='ocrx_word' id='word_1_607' title='bbox 3095 3311 3248 3384; x_wconf 73' lang='grc' dir='ltr'>ῥίζαν</span> <span class='ocrx_word' id='word_1_608' title='bbox 3274 3311 3496 3365; x_wconf 77' lang='grc' dir='ltr'>δύναται</span> <span class='ocrx_word' id='word_1_609' title='bbox 3525 3310 3721 3380; x_wconf 84' lang='grc' dir='ltr'>κεκτῆ-</span> 
     </span>
    </p>
   </div>
   <div class='ocr_carea' id='block_1_77' title="bbox 2150 3403 3718 3473">
    <p class='ocr_par' dir='ltr' id='par_1_77' title="bbox 2150 3403 3718 3473">
     <span class='ocr_line' id='line_1_77' title="bbox 2150 3403 3718 3473; baseline -0.006 -12"><span class='ocrx_word' id='word_1_610' title='bbox 2150 3409 2292 3462; x_wconf 86' lang='grc' dir='ltr'>σθαι.</span> <span class='ocrx_word' id='word_1_611' title='bbox 2355 3407 2464 3461; x_wconf 74' lang='grc' dir='ltr'><strong>Καὶ</strong></span> <span class='ocrx_word' id='word_1_612' title='bbox 2503 3407 2628 3460; x_wconf 84' lang='grc' dir='ltr'>ὅταν</span> <span class='ocrx_word' id='word_1_613' title='bbox 2670 3404 2846 3459; x_wconf 82' lang='grc' dir='ltr'>ταῦτα</span> <span class='ocrx_word' id='word_1_614' title='bbox 2889 3406 2948 3456; x_wconf 80' lang='grc' dir='ltr'>ὲν</span> <span class='ocrx_word' id='word_1_615' title='bbox 2991 3405 3202 3466; x_wconf 82' lang='grc' dir='ltr'>ἑαυτοῖς</span> <span class='ocrx_word' id='word_1_616' title='bbox 3241 3403 3718 3473; x_wconf 85' lang='grc' dir='ltr'>διασκοπήσωμεν,</span> 
     </span>
    </p>
   </div>
   <div class='ocr_carea' id='block_1_78' title="bbox 2146 3493 3718 3570">
    <p class='ocr_par' dir='ltr' id='par_1_78' title="bbox 2146 3493 3718 3570">
     <span class='ocr_line' id='line_1_78' title="bbox 2146 3493 3718 3570; baseline -0.005 -17"><span class='ocrx_word' id='word_1_617' title='bbox 2146 3500 2510 3554; x_wconf 88' lang='grc' dir='ltr'>ἀνυπόστατον</span> <span class='ocrx_word' id='word_1_618' title='bbox 2557 3498 2911 3570; x_wconf 85' lang='grc' dir='ltr'>εὑρεθήσεται</span> <span class='ocrx_word' id='word_1_619' title='bbox 2955 3495 3016 3548; x_wconf 84' lang='grc' dir='ltr'>τὸ</span> <span class='ocrx_word' id='word_1_620' title='bbox 3060 3494 3250 3558; x_wconf 75' lang='grc' dir='ltr'>κακὸν,</span> <span class='ocrx_word' id='word_1_621' title='bbox 3307 3495 3400 3548; x_wconf 73' lang='grc' dir='ltr'>καὶ</span> <span class='ocrx_word' id='word_1_622' title='bbox 3449 3493 3718 3565; x_wconf 80' lang='grc' dir='ltr'>μηδεμίαν</span> 
     </span>
    </p>
   </div>
   <div class='ocr_carea' id='block_1_79' title="bbox 2147 3587 3717 3663">
    <p class='ocr_par' dir='ltr' id='par_1_79' title="bbox 2147 3587 3717 3663">
     <span class='ocr_line' id='line_1_79' title="bbox 2147 3587 3717 3663; baseline -0.004 -19"><span class='ocrx_word' id='word_1_623' title='bbox 2147 3591 2304 3663; x_wconf 75' lang='grc' dir='ltr'>ῥίζαν</span> <span class='ocrx_word' id='word_1_624' title='bbox 2333 3591 2474 3661; x_wconf 77' lang='grc' dir='ltr'>ἔχον,</span> <span class='ocrx_word' id='word_1_625' title='bbox 2511 3590 2645 3644; x_wconf 85' lang='grc' dir='ltr'>ἀλλὰ</span> <span class='ocrx_word' id='word_1_626' title='bbox 2676 3590 2780 3653; x_wconf 79' lang='grc' dir='ltr'>ἓως</span> <span class='ocrx_word' id='word_1_627' title='bbox 2824 3588 2998 3661; x_wconf 78' lang='grc' dir='ltr'>ἔργων</span> <span class='ocrx_word' id='word_1_628' title='bbox 3033 3587 3192 3657; x_wconf 81' lang='grc' dir='ltr'>μόνον</span> <span class='ocrx_word' id='word_1_629' title='bbox 3243 3588 3360 3640; x_wconf 71' lang='grc' dir='ltr'>ἐστὶ</span> <span class='ocrx_word' id='word_1_630' title='bbox 3405 3587 3717 3657; x_wconf 84' lang='grc' dir='ltr'>πρακτικῆς</span> 
     </span>
    </p>
   </div>
   <div class='ocr_carea' id='block_1_80' title="bbox 2147 3674 3718 3752">
    <p class='ocr_par' dir='ltr' id='par_1_80' title="bbox 2147 3674 3718 3752">
     <span class='ocr_line' id='line_1_80' title="bbox 2147 3674 3718 3752; baseline -0.006 -18"><span class='ocrx_word' id='word_1_631' title='bbox 2147 3681 2490 3752; x_wconf 76' lang='grc' dir='ltr'>ἀνθρωπίνης</span> <span class='ocrx_word' id='word_1_632' title='bbox 2539 3680 2817 3752; x_wconf 76' lang='grc' dir='ltr'>ἐνεργείας</span> <span class='ocrx_word' id='word_1_633' title='bbox 2857 3677 3288 3733; x_wconf 84' lang='grc' dir='ltr'>ἁποτελεστικόν.</span> <span class='ocrx_word' id='word_1_634' title='bbox 3357 3676 3443 3729; x_wconf 87' lang='grc' dir='ltr'><strong>Ἐν</strong></span> <span class='ocrx_word' id='word_1_635' title='bbox 3490 3674 3570 3745; x_wconf 85' lang='grc' dir='ltr'>τῷ</span> <span class='ocrx_word' id='word_1_636' title='bbox 3607 3677 3718 3746; x_wconf 82' lang='grc' dir='ltr'>γὰρ</span> 
     </span>
    </p>
   </div>
   <div class='ocr_carea' id='block_1_81' title="bbox 2146 3767 3716 3845">
    <p class='ocr_par' dir='ltr' id='par_1_81' title="bbox 2146 3767 3716 3845">
     <span class='ocr_line' id='line_1_81' title="bbox 2146 3767 3716 3845; baseline -0.004 -19"><span class='ocrx_word' id='word_1_637' title='bbox 2146 3776 2318 3826; x_wconf 84' lang='grc' dir='ltr'>ποιεῖν</span> <span class='ocrx_word' id='word_1_638' title='bbox 2346 3774 2492 3845; x_wconf 76' lang='grc' dir='ltr'>ἡμᾶς</span> <span class='ocrx_word' id='word_1_639' title='bbox 2525 3772 2586 3825; x_wconf 82' lang='grc' dir='ltr'>τὸ</span> <span class='ocrx_word' id='word_1_640' title='bbox 2624 3773 2793 3825; x_wconf 86' lang='grc' dir='ltr'>κακόν</span> <span class='ocrx_word' id='word_1_641' title='bbox 2825 3772 2971 3825; x_wconf 75' lang='grc' dir='ltr'>ἐστιν</span> <span class='ocrx_word' id='word_1_642' title='bbox 2992 3788 3006 3802; x_wconf 81' lang='grc'>⁶</span> <span class='ocrx_word' id='word_1_643' title='bbox 3043 3772 3100 3823; x_wconf 79' lang='grc' dir='ltr'>ὲν</span> <span class='ocrx_word' id='word_1_644' title='bbox 3131 3771 3188 3823; x_wconf 77' lang='grc' dir='ltr'>δὲ</span> <span class='ocrx_word' id='word_1_645' title='bbox 3205 3767 3284 3839; x_wconf 85' lang='grc' dir='ltr'>τῷ</span> <span class='ocrx_word' id='word_1_646' title='bbox 3315 3769 3390 3839; x_wconf 77' lang='grc' dir='ltr'>μὴ</span> <span class='ocrx_word' id='word_1_647' title='bbox 3427 3771 3599 3821; x_wconf 81' lang='grc' dir='ltr'>ποιεῖν</span> <span class='ocrx_word' id='word_1_648' title='bbox 3619 3767 3716 3837; x_wconf 78' lang='grc' dir='ltr'><strong>οὑχ</strong></span> 
     </span>
    </p>
   </div>
   <div class='ocr_carea' id='block_1_82' title="bbox 2147 3861 3717 3935">
    <p class='ocr_par' dir='ltr' id='par_1_82' title="bbox 2147 3861 3717 3935">
     <span class='ocr_line' id='line_1_82' title="bbox 2147 3861 3717 3935; baseline -0.003 -19"><span class='ocrx_word' id='word_1_649' title='bbox 2147 3864 2399 3935; x_wconf 83' lang='grc' dir='ltr'>ὑπάρχει,</span> <span class='ocrx_word' id='word_1_650' title='bbox 2435 3867 2532 3935; x_wconf 81' lang='grc' dir='ltr'>τῆς</span> <span class='ocrx_word' id='word_1_651' title='bbox 2557 3864 2765 3928; x_wconf 74' lang='grc' dir='ltr'>ἐννοίας</span> <span class='ocrx_word' id='word_1_652' title='bbox 2805 3863 3231 3935; x_wconf 82' lang='grc' dir='ltr'>ὲφευρισκούσης</span> <span class='ocrx_word' id='word_1_653' title='bbox 3267 3861 3326 3915; x_wconf 77' lang='grc' dir='ltr'>τὸ</span> <span class='ocrx_word' id='word_1_654' title='bbox 3361 3861 3412 3914; x_wconf 88' lang='grc' dir='ltr'><strong>τί</strong></span> <span class='ocrx_word' id='word_1_655' title='bbox 3439 3861 3570 3914; x_wconf 80' lang='grc' dir='ltr'>ποτέ</span> <span class='ocrx_word' id='word_1_656' title='bbox 3601 3864 3717 3913; x_wconf 73' lang='grc' dir='ltr'>ἐστι</span> 
     </span>
    </p>
   </div>
   <div class='ocr_carea' id='block_1_83' title="bbox 2145 3952 3716 4031">
    <p class='ocr_par' dir='ltr' id='par_1_83' title="bbox 2145 3952 3716 4031">
     <span class='ocr_line' id='line_1_83' title="bbox 2145 3952 3716 4031; baseline -0.001 -21"><span class='ocrx_word' id='word_1_657' title='bbox 2145 3959 2206 4011; x_wconf 79' lang='grc' dir='ltr'>τὸ</span> <span class='ocrx_word' id='word_1_658' title='bbox 2225 3958 2457 4028; x_wconf 73' lang='grc' dir='ltr'>πονηρὸν</span> <span class='ocrx_word' id='word_1_659' title='bbox 2483 3957 2814 4031; x_wconf 78' lang='grc' dir='ltr'>ἐργάσασθαι</span> <span class='ocrx_word' id='word_1_660' title='bbox 2829 3959 2928 4011; x_wconf 86' lang='grc' dir='ltr'><strong>οὑκ</strong></span> <span class='ocrx_word' id='word_1_661' title='bbox 2945 3957 3176 4028; x_wconf 80' lang='grc' dir='ltr'>ἀρέσκον</span> <span class='ocrx_word' id='word_1_662' title='bbox 3195 3955 3334 4024; x_wconf 84' lang='grc' dir='ltr'>Θεῷ,</span> <span class='ocrx_word' id='word_1_663' title='bbox 3357 3954 3452 4008; x_wconf 82' lang='grc' dir='ltr'>καὶ</span> <span class='ocrx_word' id='word_1_664' title='bbox 3473 3952 3598 4007; x_wconf 83' lang='grc' dir='ltr'>οὑτε</span> <span class='ocrx_word' id='word_1_665' title='bbox 3621 3953 3716 4008; x_wconf 84' lang='grc' dir='ltr'>δυ-</span> 
     </span>
    </p>
   </div>
   <div class='ocr_carea' id='block_1_84' title="bbox 2145 4047 3716 4120">
    <p class='ocr_par' dir='ltr' id='par_1_84' title="bbox 2145 4047 3716 4120">
     <span class='ocr_line' id='line_1_84' title="bbox 2145 4047 3716 4120; baseline -0.003 -16"><span class='ocrx_word' id='word_1_666' title='bbox 2145 4051 2373 4119; x_wconf 75' lang='grc' dir='ltr'>νάμενον</span> <span class='ocrx_word' id='word_1_667' title='bbox 2401 4050 2699 4118; x_wconf 83' lang='grc' dir='ltr'>ἀντιλέγειν</span> <span class='ocrx_word' id='word_1_668' title='bbox 2736 4049 2876 4120; x_wconf 85' lang='grc' dir='ltr'>Θεῷ,</span> <span class='ocrx_word' id='word_1_669' title='bbox 2915 4049 3038 4103; x_wconf 86' lang='grc' dir='ltr'>οὑδὲ</span> <span class='ocrx_word' id='word_1_670' title='bbox 3065 4047 3460 4119; x_wconf 85' lang='grc' dir='ltr'>ἀντιμάχεσθαι</span> <span class='ocrx_word' id='word_1_671' title='bbox 3490 4047 3626 4120; x_wconf 82' lang='grc' dir='ltr'>πρὸς</span> <span class='ocrx_word' id='word_1_672' title='bbox 3653 4047 3716 4100; x_wconf 73' lang='grc' dir='ltr'>τὸ</span> 
     </span>
    </p>
   </div>
   <div class='ocr_carea' id='block_1_85' title="bbox 2147 4137 3715 4212">
    <p class='ocr_par' dir='ltr' id='par_1_85' title="bbox 2147 4137 3715 4212">
     <span class='ocr_line' id='line_1_85' title="bbox 2147 4137 3715 4212; baseline -0.001 -18"><span class='ocrx_word' id='word_1_673' title='bbox 2147 4143 2318 4196; x_wconf 75' lang='grc' dir='ltr'>Θεῖον.</span> <span class='ocrx_word' id='word_1_674' title='bbox 2359 4137 2473 4194; x_wconf 81' lang='grc' dir='ltr'><strong>Πᾶν</strong></span> <span class='ocrx_word' id='word_1_675' title='bbox 2506 4141 2613 4212; x_wconf 77' lang='grc' dir='ltr'>γὰρ</span> <span class='ocrx_word' id='word_1_676' title='bbox 2644 4142 2703 4194; x_wconf 84' lang='grc' dir='ltr'>τὸ</span> <span class='ocrx_word' id='word_1_677' title='bbox 2735 4141 2839 4194; x_wconf 82' lang='grc' dir='ltr'>ὑπὸ</span> <span class='ocrx_word' id='word_1_678' title='bbox 2877 4140 3175 4212; x_wconf 76' lang='grc' dir='ltr'>ἀνθρώπιον</span> <span class='ocrx_word' id='word_1_679' title='bbox 3215 4141 3510 4211; x_wconf 81' lang='grc' dir='ltr'>δυνάμενον</span> <span class='ocrx_word' id='word_1_680' title='bbox 3557 4141 3715 4193; x_wconf 74' lang='grc' dir='ltr'>ἐκκό-</span> 
     </span>
    </p>
   </div>
   <div class='ocr_carea' id='block_1_86' title="bbox 2148 4228 3716 4302">
    <p class='ocr_par' dir='ltr' id='par_1_86' title="bbox 2148 4228 3716 4302">
     <span class='ocr_line' id='line_1_86' title="bbox 2148 4228 3716 4302; baseline -0.001 -18"><span class='ocrx_word' id='word_1_681' title='bbox 2148 4231 2374 4284; x_wconf 81' lang='grc' dir='ltr'>πτεσθαι</span> <span class='ocrx_word' id='word_1_682' title='bbox 2408 4232 2500 4284; x_wconf 80' lang='grc' dir='ltr'>καὶ</span> <span class='ocrx_word' id='word_1_683' title='bbox 2549 4230 2922 4302; x_wconf 78' lang='grc' dir='ltr'>ἀναιρεῖσθαι,</span> <span class='ocrx_word' id='word_1_684' title='bbox 2971 4228 3148 4300; x_wconf 81' lang='grc' dir='ltr'>πολλῷ</span> <span class='ocrx_word' id='word_1_685' title='bbox 3181 4229 3380 4300; x_wconf 79' lang='grc' dir='ltr'>μᾶλλον</span> <span class='ocrx_word' id='word_1_686' title='bbox 3418 4230 3553 4301; x_wconf 77' lang='grc' dir='ltr'>πρὸς</span> <span class='ocrx_word' id='word_1_687' title='bbox 3583 4229 3716 4284; x_wconf 78' lang='grc' dir='ltr'>Θεὸν</span> 
     </span>
    </p>
   </div>
   <div class='ocr_carea' id='block_1_87' title="bbox 2147 4321 2694 4392">
    <p class='ocr_par' dir='ltr' id='par_1_87' title="bbox 2147 4321 2694 4392">
     <span class='ocr_line' id='line_1_87' title="bbox 2147 4321 2694 4392; baseline 0.002 -18"><span class='ocrx_word' id='word_1_688' title='bbox 2147 4321 2390 4392; x_wconf 77' lang='grc' dir='ltr'>ἀντέχειν</span> <span class='ocrx_word' id='word_1_689' title='bbox 2419 4323 2694 4378; x_wconf 79' lang='grc' dir='ltr'>ἀδύνατον.</span> 
     </span>
    </p>
   </div>
   <div class='ocr_carea' id='block_1_88' title="bbox 537 4578 2043 4668">
    <p class='ocr_par' dir='ltr' id='par_1_88' title="bbox 537 4595 2042 4668">
     <span class='ocr_line' id='line_1_88' title="bbox 537 4595 2042 4668; baseline -0.002 -17"><span class='ocrx_word' id='word_1_690' title='bbox 537 4597 680 4652; x_wconf 76' lang='lat' dir='ltr'><strong>XVI.</strong></span> <span class='ocrx_word' id='word_1_691' title='bbox 721 4597 797 4654; x_wconf 87' lang='lat' dir='ltr'><strong>De</strong></span> <span class='ocrx_word' id='word_1_692' title='bbox 828 4598 1044 4652; x_wconf 81' lang='lat' dir='ltr'><strong>diabolo</strong></span> <span class='ocrx_word' id='word_1_693' title='bbox 1069 4613 1287 4668; x_wconf 89' lang='lat' dir='ltr'><strong>quoque</strong></span> <span class='ocrx_word' id='word_1_694' title='bbox 1311 4597 1390 4653; x_wconf 80' lang='lat' dir='ltr'><strong>sic</strong></span> <span class='ocrx_word' id='word_1_695' title='bbox 1437 4595 1748 4652; x_wconf 84' lang='lat' dir='ltr'><strong>habendum</strong></span> <span class='ocrx_word' id='word_1_696' title='bbox 1777 4603 1882 4660; x_wconf 89' lang='lat' dir='ltr'><strong>est,</strong></span> <span class='ocrx_word' id='word_1_697' title='bbox 1917 4611 2042 4650; x_wconf 90' lang='lat' dir='ltr'><strong>eum</strong></span> 
     </span>
    </p>
   </div>
   <div class='ocr_carea' id='block_1_89' title="bbox 2146 4578 3712 4668">
    <p class='ocr_par' dir='ltr' id='par_1_89' title="bbox 2217 4578 3712 4666">
     <span class='ocr_line' id='line_1_89' title="bbox 2217 4578 3712 4666; baseline -0.001 -19"><span class='ocrx_word' id='word_1_698' title='bbox 2217 4578 2334 4661; x_wconf 65' lang='grc' dir='ltr'><strong>ἶς’.</strong></span> <span class='ocrx_word' id='word_1_699' title='bbox 2357 4595 2508 4665; x_wconf 73' lang='grc' dir='ltr'>’Ἅμα</span> <span class='ocrx_word' id='word_1_700' title='bbox 2533 4593 2590 4646; x_wconf 79' lang='grc' dir='ltr'>δὲ</span> <span class='ocrx_word' id='word_1_701' title='bbox 2625 4595 2717 4648; x_wconf 69' lang='grc' dir='ltr'><strong>καί</strong></span> <span class='ocrx_word' id='word_1_702' title='bbox 2745 4593 2874 4666; x_wconf 79' lang='grc' dir='ltr'>περὶ</span> <span class='ocrx_word' id='word_1_703' title='bbox 2897 4591 3142 4646; x_wconf 80' lang='grc' dir='ltr'>διαϐόλου</span> <span class='ocrx_word' id='word_1_704' title='bbox 3167 4593 3338 4654; x_wconf 76' lang='grc' dir='ltr'>οὑτως</span> <span class='ocrx_word' id='word_1_705' title='bbox 3370 4593 3712 4664; x_wconf 79' lang='grc' dir='ltr'>διαληπτέον,</span> 
     </span>
    </p>
   </div>
   <div class='ocr_carea' id='block_1_90' title="bbox 468 4687 2040 4760">
    <p class='ocr_par' dir='ltr' id='par_1_90' title="bbox 468 4687 2040 4760">
     <span class='ocr_line' id='line_1_90' title="bbox 468 4687 2040 4760; baseline -0.003 -15"><span class='ocrx_word' id='word_1_706' title='bbox 468 4691 692 4746; x_wconf 89' lang='lat' dir='ltr'><strong>minime</strong></span> <span class='ocrx_word' id='word_1_707' title='bbox 721 4689 794 4744; x_wconf 87' lang='lat' dir='ltr'><strong>ab</strong></span> <span class='ocrx_word' id='word_1_708' title='bbox 819 4689 1030 4760; x_wconf 81' lang='lat' dir='ltr'><strong>origine</strong></span> <span class='ocrx_word' id='word_1_709' title='bbox 1057 4690 1172 4759; x_wconf 85' lang='lat' dir='ltr'><strong>ipsa</strong></span> <span class='ocrx_word' id='word_1_710' title='bbox 1213 4696 1532 4759; x_wconf 80' lang='lat' dir='ltr'><strong>naturaeque</strong></span> <span class='ocrx_word' id='word_1_711' title='bbox 1575 4687 1888 4742; x_wconf 89' lang='lat' dir='ltr'><strong>conditione</strong></span> <span class='ocrx_word' id='word_1_712' title='bbox 1921 4703 2040 4740; x_wconf 87' lang='lat' dir='ltr'><strong>ma-</strong></span> 
     </span>
    </p>
   </div>
   <div class='ocr_carea' id='block_1_91' title="bbox 469 4780 2040 4850">
    <p class='ocr_par' dir='ltr' id='par_1_91' title="bbox 469 4780 2040 4850">
     <span class='ocr_line' id='line_1_91' title="bbox 469 4780 2040 4850; baseline -0.002 -15"><span class='ocrx_word' id='word_1_713' title='bbox 469 4784 581 4836; x_wconf 89' lang='lat' dir='ltr'><strong>lum</strong></span> <span class='ocrx_word' id='word_1_714' title='bbox 621 4780 920 4846; x_wconf 78' lang='lat' dir='ltr'><strong>exstitisse,</strong></span> <span class='ocrx_word' id='word_1_715' title='bbox 957 4780 1052 4836; x_wconf 87' lang='lat' dir='ltr'><strong>sed</strong></span> <span class='ocrx_word' id='word_1_716' title='bbox 1095 4781 1372 4850; x_wconf 87' lang='lat' dir='ltr'><strong>aliquanto</strong></span> <span class='ocrx_word' id='word_1_717' title='bbox 1413 4787 1602 4848; x_wconf 84' lang='lat' dir='ltr'><strong>postea</strong></span> <span class='ocrx_word' id='word_1_718' title='bbox 1649 4787 1894 4848; x_wconf 84' lang='lat' dir='ltr'><strong>tempore</strong></span> <span class='ocrx_word' id='word_1_719' title='bbox 1925 4794 2040 4832; x_wconf 84' lang='lat' dir='ltr'><strong>ma-</strong></span> 
     </span>
    </p>
   </div>
   <div class='ocr_carea' id='block_1_92' title="bbox 469 4867 2042 4944">
    <p class='ocr_par' dir='ltr' id='par_1_92' title="bbox 469 4867 2042 4944">
     <span class='ocr_line' id='line_1_92' title="bbox 469 4867 2042 4944; baseline -0.003 -16"><span class='ocrx_word' id='word_1_720' title='bbox 469 4875 580 4928; x_wconf 90' lang='lat' dir='ltr'><strong>lum</strong></span> <span class='ocrx_word' id='word_1_721' title='bbox 625 4873 772 4944; x_wconf 90' lang='lat' dir='ltr'><strong>quod</strong></span> <span class='ocrx_word' id='word_1_722' title='bbox 833 4867 1034 4926; x_wconf 83' lang='lat' dir='ltr'><strong>faceret</strong></span> <span class='ocrx_word' id='word_1_723' title='bbox 1083 4872 1462 4941; x_wconf 80' lang='lat' dir='ltr'><strong>excogitasse:</strong></span> <span class='ocrx_word' id='word_1_724' title='bbox 1497 4869 1572 4924; x_wconf 87' lang='lat' dir='ltr'><strong>ita</strong></span> <span class='ocrx_word' id='word_1_725' title='bbox 1615 4877 1796 4924; x_wconf 88' lang='lat' dir='ltr'><strong>tamen</strong></span> <span class='ocrx_word' id='word_1_726' title='bbox 1835 4879 1894 4924; x_wconf 89' lang='lat' dir='ltr'><strong>ut</strong></span> <span class='ocrx_word' id='word_1_727' title='bbox 1943 4885 2042 4924; x_wconf 84' lang='lat' dir='ltr'><strong>cu-</strong></span> 
     </span>
    </p>
   </div>
   <div class='ocr_carea' id='block_1_93' title="bbox 463 4961 2038 5037">
    <p class='ocr_par' dir='ltr' id='par_1_93' title="bbox 463 4961 2038 5037">
     <span class='ocr_line' id='line_1_93' title="bbox 463 4961 2038 5037; baseline -0.004 -16"><span class='ocrx_word' id='word_1_728' title='bbox 463 4965 708 5037; x_wconf 85' lang='lat' dir='ltr'><strong>jusmodi</strong></span> <span class='ocrx_word' id='word_1_729' title='bbox 737 4964 954 5020; x_wconf 81' lang='lat' dir='ltr'><strong>futurus</strong></span> <span class='ocrx_word' id='word_1_730' title='bbox 987 4971 1153 5028; x_wconf 81' lang='lat' dir='ltr'><strong>esset,</strong></span> <span class='ocrx_word' id='word_1_731' title='bbox 1203 4977 1548 5032; x_wconf 89' lang='lat' dir='ltr'><strong>nequaquam</strong></span> <span class='ocrx_word' id='word_1_732' title='bbox 1583 4961 1812 5027; x_wconf 86' lang='lat' dir='ltr'><strong>lateret;</strong></span> <span class='ocrx_word' id='word_1_733' title='bbox 1847 4975 2038 5015; x_wconf 87' lang='lat' dir='ltr'><strong>verum</strong></span> 
     </span>
    </p>
   </div>
   <div class='ocr_carea' id='block_1_94' title="bbox 469 5053 2031 5129">
    <p class='ocr_par' dir='ltr' id='par_1_94' title="bbox 469 5053 2031 5129">
     <span class='ocr_line' id='line_1_94' title="bbox 469 5053 2031 5129; baseline -0.004 -17"><span class='ocrx_word' id='word_1_734' title='bbox 469 5055 926 5129; x_wconf 81' lang='lat' dir='ltr'><strong>quemadmodum</strong></span> <span class='ocrx_word' id='word_1_735' title='bbox 956 5062 1150 5111; x_wconf 67' lang='lat' dir='ltr'><strong>caetera</strong></span> <span class='ocrx_word' id='word_1_736' title='bbox 1177 5055 1312 5111; x_wconf 89' lang='lat' dir='ltr'><strong>bene</strong></span> <span class='ocrx_word' id='word_1_737' title='bbox 1339 5061 1501 5124; x_wconf 86' lang='lat' dir='ltr'><strong>atque</strong></span> <span class='ocrx_word' id='word_1_738' title='bbox 1527 5053 1732 5108; x_wconf 90' lang='lat' dir='ltr'><strong>utiliter</strong></span> <span class='ocrx_word' id='word_1_739' title='bbox 1759 5067 1883 5108; x_wconf 90' lang='lat' dir='ltr'><strong>esse</strong></span> <span class='ocrx_word' id='word_1_740' title='bbox 1907 5068 2031 5107; x_wconf 89' lang='lat' dir='ltr'><strong>con-</strong></span> 
     </span>
    </p>
   </div>
   <div class='ocr_carea' id='block_1_95' title="bbox 469 5146 2039 5222">
    <p class='ocr_par' dir='ltr' id='par_1_95' title="bbox 469 5146 2039 5222">
     <span class='ocr_line' id='line_1_95' title="bbox 469 5146 2039 5222; baseline -0.005 -15"><span class='ocrx_word' id='word_1_741' title='bbox 469 5153 584 5208; x_wconf 78' lang='lat' dir='ltr'><strong>dita</strong></span> <span class='ocrx_word' id='word_1_742' title='bbox 622 5166 734 5222; x_wconf 70' lang='lat' dir='ltr'><strong>pra:</strong></span> <span class='ocrx_word' id='word_1_743' title='bbox 768 5149 1056 5206; x_wconf 77' lang='lat' dir='ltr'><strong>excellenti</strong></span> <span class='ocrx_word' id='word_1_744' title='bbox 1083 5147 1174 5203; x_wconf 90' lang='lat' dir='ltr'><strong>Dei</strong></span> <span class='ocrx_word' id='word_1_745' title='bbox 1215 5147 1449 5216; x_wconf 86' lang='lat' dir='ltr'><strong>justitia,</strong></span> <span class='ocrx_word' id='word_1_746' title='bbox 1481 5147 1571 5218; x_wconf 90' lang='lat' dir='ltr'><strong>qui</strong></span> <span class='ocrx_word' id='word_1_747' title='bbox 1623 5159 1720 5215; x_wconf 92' lang='lat' dir='ltr'><strong>pro</strong></span> <span class='ocrx_word' id='word_1_748' title='bbox 1777 5146 2039 5216; x_wconf 80' lang='lat' dir='ltr'><strong>singulari</strong></span> 
     </span>
    </p>
   </div>
   <div class='ocr_carea' id='block_1_96' title="bbox 469 5237 2038 5307">
    <p class='ocr_par' dir='ltr' id='par_1_96' title="bbox 469 5237 2038 5307">
     <span class='ocr_line' id='line_1_96' title="bbox 469 5237 2038 5307; baseline -0.007 -9"><span class='ocrx_word' id='word_1_749' title='bbox 469 5259 567 5298; x_wconf 87' lang='lat' dir='ltr'><strong>sua</strong></span> <span class='ocrx_word' id='word_1_750' title='bbox 599 5244 842 5300; x_wconf 79' lang='lat' dir='ltr'><strong>bonitate</strong></span> <span class='ocrx_word' id='word_1_751' title='bbox 869 5239 1258 5296; x_wconf 78' lang='lat' dir='ltr'><strong>exsisterevult</strong></span> <span class='ocrx_word' id='word_1_752' title='bbox 1281 5237 1484 5302; x_wconf 87' lang='lat' dir='ltr'><strong>omnia,</strong></span> <span class='ocrx_word' id='word_1_753' title='bbox 1517 5238 1767 5307; x_wconf 88' lang='lat' dir='ltr'><strong>bonaque</strong></span> <span class='ocrx_word' id='word_1_754' title='bbox 1796 5251 1896 5290; x_wconf 89' lang='lat' dir='ltr'><strong>sua</strong></span> <span class='ocrx_word' id='word_1_755' title='bbox 1921 5253 2038 5290; x_wconf 88' lang='lat' dir='ltr'><strong>om-</strong></span> 
     </span>
    </p>
   </div>
   <div class='ocr_carea' id='block_1_97' title="bbox 469 5328 2039 5402">
    <p class='ocr_par' dir='ltr' id='par_1_97' title="bbox 469 5328 2039 5402">
     <span class='ocr_line' id='line_1_97' title="bbox 469 5328 2039 5402; baseline -0.007 -12"><span class='ocrx_word' id='word_1_756' title='bbox 469 5334 632 5390; x_wconf 91' lang='lat' dir='ltr'><strong>nibus</strong></span> <span class='ocrx_word' id='word_1_757' title='bbox 665 5334 720 5388; x_wconf 92' lang='lat' dir='ltr'><strong>in</strong></span> <span class='ocrx_word' id='word_1_758' title='bbox 760 5346 1048 5388; x_wconf 88' lang='lat' dir='ltr'><strong>commune</strong></span> <span class='ocrx_word' id='word_1_759' title='bbox 1087 5329 1358 5402; x_wconf 83' lang='lat' dir='ltr'><strong>proponit.</strong></span> <span class='ocrx_word' id='word_1_760' title='bbox 1418 5328 1498 5383; x_wconf 87' lang='lat' dir='ltr'><strong>Ac</strong></span> <span class='ocrx_word' id='word_1_761' title='bbox 1543 5328 1898 5383; x_wconf 89' lang='lat' dir='ltr'><strong>nihilominus</strong></span> <span class='ocrx_word' id='word_1_762' title='bbox 1957 5337 2039 5380; x_wconf 86' lang='lat' dir='ltr'><strong>ta-</strong></span> 
     </span>
    </p>
   </div>
   <div class='ocr_carea' id='block_1_98' title="bbox 469 5419 2036 5494">
    <p class='ocr_par' dir='ltr' id='par_1_98' title="bbox 469 5419 2036 5494">
     <span class='ocr_line' id='line_1_98' title="bbox 469 5419 2036 5494; baseline -0.006 -17"><span class='ocrx_word' id='word_1_763' title='bbox 469 5439 593 5478; x_wconf 89' lang='lat' dir='ltr'><strong>men</strong></span> <span class='ocrx_word' id='word_1_764' title='bbox 635 5439 733 5494; x_wconf 89' lang='lat' dir='ltr'><strong>pro</strong></span> <span class='ocrx_word' id='word_1_765' title='bbox 761 5437 828 5477; x_wconf 87' lang='lat' dir='ltr'><strong>eo</strong></span> <span class='ocrx_word' id='word_1_766' title='bbox 862 5437 926 5476; x_wconf 85' lang='lat' dir='ltr'><strong>ac</strong></span> <span class='ocrx_word' id='word_1_767' title='bbox 974 5421 1208 5476; x_wconf 89' lang='lat' dir='ltr'><strong>libertati</strong></span> <span class='ocrx_word' id='word_1_768' title='bbox 1246 5419 1515 5489; x_wconf 87' lang='lat' dir='ltr'><strong>cujusque</strong></span> <span class='ocrx_word' id='word_1_769' title='bbox 1557 5433 1882 5474; x_wconf 87' lang='lat' dir='ltr'><strong>concessum</strong></span> <span class='ocrx_word' id='word_1_770' title='bbox 1916 5423 1998 5471; x_wconf 89' lang='lat' dir='ltr'><strong>est</strong></span> <span class='ocrx_word' id='word_1_771' title='bbox 2022 5455 2036 5480; x_wconf 95' lang='lat'><strong>,</strong></span> 
     </span>
    </p>
   </div>
   <div class='ocr_carea' id='block_1_99' title="bbox 471 5509 2034 5585">
    <p class='ocr_par' dir='ltr' id='par_1_99' title="bbox 471 5509 2034 5585">
     <span class='ocr_line' id='line_1_99' title="bbox 471 5509 2034 5585; baseline -0.004 -19"><span class='ocrx_word' id='word_1_772' title='bbox 471 5513 719 5585; x_wconf 84' lang='lat' dir='ltr'><strong>privatim</strong></span> <span class='ocrx_word' id='word_1_773' title='bbox 747 5512 798 5565; x_wconf 92' lang='lat' dir='ltr'><strong>id</strong></span> <span class='ocrx_word' id='word_1_774' title='bbox 836 5513 1133 5582; x_wconf 89' lang='lat' dir='ltr'><strong>permittit,</strong></span> <span class='ocrx_word' id='word_1_775' title='bbox 1167 5527 1278 5565; x_wconf 66' lang='lat' dir='ltr'><strong>sua:</strong></span> <span class='ocrx_word' id='word_1_776' title='bbox 1315 5517 1374 5564; x_wconf 90' lang='lat' dir='ltr'><strong>ut</strong></span> <span class='ocrx_word' id='word_1_777' title='bbox 1411 5509 1674 5562; x_wconf 90' lang='lat' dir='ltr'><strong>voluntati</strong></span> <span class='ocrx_word' id='word_1_778' title='bbox 1705 5509 2034 5576; x_wconf 83' lang='lat' dir='ltr'><strong>obsequens,</strong></span> 
     </span>
    </p>
   </div>
   <div class='ocr_carea' id='block_1_100' title="bbox 467 5599 2040 5678">
    <p class='ocr_par' dir='ltr' id='par_1_100' title="bbox 467 5599 2040 5678">
     <span class='ocr_line' id='line_1_100' title="bbox 467 5599 2040 5678; baseline -0.005 -18"><span class='ocrx_word' id='word_1_779' title='bbox 467 5606 731 5678; x_wconf 90' lang='lat' dir='ltr'><strong>quidquid</strong></span> <span class='ocrx_word' id='word_1_780' title='bbox 763 5605 978 5660; x_wconf 88' lang='lat' dir='ltr'><strong>libitum</strong></span> <span class='ocrx_word' id='word_1_781' title='bbox 1014 5605 1118 5660; x_wconf 89' lang='lat' dir='ltr'><strong>erit</strong></span> <span class='ocrx_word' id='word_1_782' title='bbox 1163 5605 1379 5658; x_wconf 80' lang='lat' dir='ltr'><strong>cﬂiciat.</strong></span> <span class='ocrx_word' id='word_1_783' title='bbox 1423 5601 1492 5657; x_wconf 86' lang='lat' dir='ltr'><strong>Ut</strong></span> <span class='ocrx_word' id='word_1_784' title='bbox 1529 5609 1584 5658; x_wconf 90' lang='lat' dir='ltr'><strong>et</strong></span> <span class='ocrx_word' id='word_1_785' title='bbox 1625 5603 1738 5671; x_wconf 87' lang='lat' dir='ltr'><strong>ipse</strong></span> <span class='ocrx_word' id='word_1_786' title='bbox 1781 5601 1848 5655; x_wconf 87' lang='lat' dir='ltr'><strong>ab</strong></span> <span class='ocrx_word' id='word_1_787' title='bbox 1889 5599 2040 5654; x_wconf 86' lang='lat' dir='ltr'><strong>oumi</strong></span> 
     </span>
    </p>
   </div>
   <div class='ocr_carea' id='block_1_101' title="bbox 549 5761 1504 5833">
    <p class='ocr_par' dir='ltr' id='par_1_101' title="bbox 549 5761 1504 5833">
     <span class='ocr_line' id='line_1_101' title="bbox 549 5761 1504 5833; baseline -0.008 -11"><span class='ocrx_word' id='word_1_788' title='bbox 549 5768 564 5799; x_wconf 82' lang='grc'>⁸</span> <span class='ocrx_word' id='word_1_789' title='bbox 592 5766 724 5824; x_wconf 81' lang='lat' dir='ltr'><strong>Gen.</strong></span> <span class='ocrx_word' id='word_1_790' title='bbox 767 5783 804 5832; x_wconf 78' lang='grc' dir='ltr'><strong>ι,</strong></span> <span class='ocrx_word' id='word_1_791' title='bbox 835 5766 922 5820; x_wconf 79' lang='grc'><strong>51.</strong></span> <span class='ocrx_word' id='word_1_792' title='bbox 999 5767 1018 5797; x_wconf 83' lang='grc'>³</span> <span class='ocrx_word' id='word_1_793' title='bbox 1059 5762 1118 5817; x_wconf 65' lang='grc' dir='ltr'>ιε’.</span> <span class='ocrx_word' id='word_1_794' title='bbox 1153 5761 1504 5833; x_wconf 78' lang='grc' dir='ltr'>προθέμενον.</span> 
     </span>
    </p>
   </div>
   <div class='ocr_carea' id='block_1_102' title="bbox 2142 4683 3714 4753">
    <p class='ocr_par' dir='ltr' id='par_1_102' title="bbox 2142 4683 3714 4753">
     <span class='ocr_line' id='line_1_102' title="bbox 2142 4683 3714 4753; baseline -0.001 -13"><span class='ocrx_word' id='word_1_795' title='bbox 2142 4689 2242 4740; x_wconf 87' lang='grc' dir='ltr'><strong>οὑκ</strong></span> <span class='ocrx_word' id='word_1_796' title='bbox 2279 4686 2388 4739; x_wconf 87' lang='grc' dir='ltr'>ἀπὸ</span> <span class='ocrx_word' id='word_1_797' title='bbox 2415 4684 2644 4746; x_wconf 78' lang='grc' dir='ltr'>κτίσεως</span> <span class='ocrx_word' id='word_1_798' title='bbox 2682 4684 2926 4753; x_wconf 82' lang='grc' dir='ltr'>φυσικῶς</span> <span class='ocrx_word' id='word_1_799' title='bbox 2971 4683 3139 4738; x_wconf 83' lang='grc' dir='ltr'>κακοῦ</span> <span class='ocrx_word' id='word_1_800' title='bbox 3183 4684 3522 4752; x_wconf 81' lang='grc' dir='ltr'>ὲκτισμένου,</span> <span class='ocrx_word' id='word_1_801' title='bbox 3579 4684 3714 4738; x_wconf 72' lang='grc' dir='ltr'>ἀλλὰ</span> 
     </span>
    </p>
   </div>
   <div class='ocr_carea' id='block_1_103' title="bbox 2143 4775 3716 4847">
    <p class='ocr_par' dir='ltr' id='par_1_103' title="bbox 2143 4775 3716 4847">
     <span class='ocr_line' id='line_1_103' title="bbox 2143 4775 3716 4847; baseline -0.001 -16"><span class='ocrx_word' id='word_1_802' title='bbox 2143 4775 2318 4847; x_wconf 79' lang='grc' dir='ltr'>ἐαυτῷ</span> <span class='ocrx_word' id='word_1_803' title='bbox 2351 4775 2488 4846; x_wconf 86' lang='grc' dir='ltr'><strong>μετά</strong></span> <span class='ocrx_word' id='word_1_804' title='bbox 2536 4775 2725 4847; x_wconf 89' lang='grc' dir='ltr'>χρόνον</span> <span class='ocrx_word' id='word_1_805' title='bbox 2763 4779 2937 4829; x_wconf 88' lang='grc' dir='ltr'>ποιεῖν</span> <span class='ocrx_word' id='word_1_806' title='bbox 2984 4775 3150 4828; x_wconf 71' lang='grc' dir='ltr'>κακὸν</span> <span class='ocrx_word' id='word_1_807' title='bbox 3191 4777 3584 4846; x_wconf 80' lang='grc' dir='ltr'>ἑφευραμένου,</span> <span class='ocrx_word' id='word_1_808' title='bbox 3617 4777 3716 4830; x_wconf 86' lang='grc' dir='ltr'><strong>οὑκ</strong></span> 
     </span>
    </p>
   </div>
   <div class='ocr_carea' id='block_1_104' title="bbox 2142 4866 3716 4938">
    <p class='ocr_par' dir='ltr' id='par_1_104' title="bbox 2142 4866 3716 4938">
     <span class='ocr_line' id='line_1_104' title="bbox 2142 4866 3716 4938; baseline -0.001 -15"><span class='ocrx_word' id='word_1_809' title='bbox 2142 4867 2508 4938; x_wconf 77' lang='grc' dir='ltr'>ἀγνοουμένου</span> <span class='ocrx_word' id='word_1_810' title='bbox 2567 4867 2623 4920; x_wconf 80' lang='grc' dir='ltr'>δὲ</span> <span class='ocrx_word' id='word_1_811' title='bbox 2667 4870 2847 4930; x_wconf 85' lang='grc' dir='ltr'>ὁποῖος</span> <span class='ocrx_word' id='word_1_812' title='bbox 2886 4866 3106 4937; x_wconf 83' lang='grc' dir='ltr'>ἔμελλεν</span> <span class='ocrx_word' id='word_1_813' title='bbox 3141 4866 3380 4930; x_wconf 80' lang='grc' dir='ltr'>ἔσεσθαι,</span> <span class='ocrx_word' id='word_1_814' title='bbox 3415 4867 3550 4920; x_wconf 76' lang='grc' dir='ltr'>ἀλλὰ</span> <span class='ocrx_word' id='word_1_815' title='bbox 3601 4886 3716 4921; x_wconf 81' lang='grc' dir='ltr'>κτι-</span> 
     </span>
    </p>
   </div>
   <div class='ocr_carea' id='block_1_105' title="bbox 2144 4957 3716 5030">
    <p class='ocr_par' dir='ltr' id='par_1_105' title="bbox 2144 4957 3716 5030">
     <span class='ocr_line' id='line_1_105' title="bbox 2144 4957 3716 5030; baseline 0 -18"><span class='ocrx_word' id='word_1_816' title='bbox 2144 4961 2358 5023; x_wconf 78' lang='grc' dir='ltr'>σθέντος</span> <span class='ocrx_word' id='word_1_817' title='bbox 2392 4959 2489 5030; x_wconf 72' lang='grc' dir='ltr'>μὲν</span> <span class='ocrx_word' id='word_1_818' title='bbox 2518 4959 2634 5028; x_wconf 74' lang='grc' dir='ltr'>ἅμα</span> <span class='ocrx_word' id='word_1_819' title='bbox 2672 4961 2805 5011; x_wconf 82' lang='grc' dir='ltr'>πᾶσι</span> <span class='ocrx_word' id='word_1_820' title='bbox 2843 4957 3020 5021; x_wconf 83' lang='grc' dir='ltr'>καλῶς</span> <span class='ocrx_word' id='word_1_821' title='bbox 3039 4957 3124 5010; x_wconf 80' lang='grc' dir='ltr'>δ;ἀ</span> <span class='ocrx_word' id='word_1_822' title='bbox 3155 4957 3251 5028; x_wconf 83' lang='grc' dir='ltr'><strong>τὴν</strong></span> <span class='ocrx_word' id='word_1_823' title='bbox 3293 4957 3595 5030; x_wconf 78' lang='grc' dir='ltr'>ὑπερϐολὴν</span> <span class='ocrx_word' id='word_1_824' title='bbox 3617 4961 3716 5028; x_wconf 74' lang='grc' dir='ltr'>τῆς</span> 
     </span>
    </p>
   </div>
   <div class='ocr_carea' id='block_1_106' title="bbox 2141 5048 3713 5121">
    <p class='ocr_par' dir='ltr' id='par_1_106' title="bbox 2141 5048 3713 5121">
     <span class='ocr_line' id='line_1_106' title="bbox 2141 5048 3713 5121; baseline -0.001 -17"><span class='ocrx_word' id='word_1_825' title='bbox 2141 5050 2486 5120; x_wconf 81' lang='grc' dir='ltr'>δικαιοσύνης</span> <span class='ocrx_word' id='word_1_826' title='bbox 2520 5051 2936 5121; x_wconf 78' lang='grc' dir='ltr'>χρησιμώτατα,</span> <span class='ocrx_word' id='word_1_827' title='bbox 2967 5048 3044 5118; x_wconf 87' lang='grc' dir='ltr'>τῷ</span> <span class='ocrx_word' id='word_1_828' title='bbox 3088 5048 3182 5102; x_wconf 82' lang='grc' dir='ltr'>τὸν</span> <span class='ocrx_word' id='word_1_829' title='bbox 3218 5048 3348 5101; x_wconf 83' lang='grc' dir='ltr'>Θεὸν</span> <span class='ocrx_word' id='word_1_830' title='bbox 3381 5048 3448 5103; x_wconf 87' lang='grc' dir='ltr'><strong>δι’</strong></span> <span class='ocrx_word' id='word_1_831' title='bbox 3479 5049 3713 5117; x_wconf 75' lang='grc' dir='ltr'>ὑπερϐο-</span> 
     </span>
    </p>
   </div>
   <div class='ocr_carea' id='block_1_107' title="bbox 2139 5138 3714 5215">
    <p class='ocr_par' dir='ltr' id='par_1_107' title="bbox 2139 5138 3714 5215">
     <span class='ocr_line' id='line_1_107' title="bbox 2139 5138 3714 5215; baseline -0.002 -19"><span class='ocrx_word' id='word_1_832' title='bbox 2139 5144 2236 5215; x_wconf 81' lang='grc' dir='ltr'>λὴν</span> <span class='ocrx_word' id='word_1_833' title='bbox 2263 5143 2597 5213; x_wconf 84' lang='grc' dir='ltr'>ἀγαθότητος</span> <span class='ocrx_word' id='word_1_834' title='bbox 2644 5141 2851 5202; x_wconf 76' lang='grc' dir='ltr'>πάντας</span> <span class='ocrx_word' id='word_1_835' title='bbox 2886 5142 2978 5194; x_wconf 80' lang='grc' dir='ltr'>καὶ</span> <span class='ocrx_word' id='word_1_836' title='bbox 3017 5139 3195 5194; x_wconf 86' lang='grc' dir='ltr'>πάντα</span> <span class='ocrx_word' id='word_1_837' title='bbox 3227 5140 3528 5211; x_wconf 82' lang='grc' dir='ltr'>θελήσαντα</span> <span class='ocrx_word' id='word_1_838' title='bbox 3552 5138 3714 5206; x_wconf 83' lang='grc' dir='ltr'>εἶναι,</span> 
     </span>
    </p>
   </div>
   <div class='ocr_carea' id='block_1_108' title="bbox 2141 5232 3717 5303">
    <p class='ocr_par' dir='ltr' id='par_1_108' title="bbox 2141 5232 3717 5303">
     <span class='ocr_line' id='line_1_108' title="bbox 2141 5232 3717 5303; baseline -0.002 -16"><span class='ocrx_word' id='word_1_839' title='bbox 2141 5237 2233 5288; x_wconf 74' lang='grc' dir='ltr'>καὶ</span> <span class='ocrx_word' id='word_1_840' title='bbox 2264 5235 2332 5286; x_wconf 82' lang='grc' dir='ltr'>τὰ</span> <span class='ocrx_word' id='word_1_841' title='bbox 2363 5233 2524 5287; x_wconf 83' lang='grc' dir='ltr'>αὑτοῦ</span> <span class='ocrx_word' id='word_1_842' title='bbox 2548 5233 2726 5300; x_wconf 86' lang='grc' dir='ltr'>ἀγαθά</span> <span class='ocrx_word' id='word_1_843' title='bbox 2759 5233 2892 5285; x_wconf 80' lang='grc' dir='ltr'>πᾶσι</span> <span class='ocrx_word' id='word_1_844' title='bbox 2919 5232 3254 5303; x_wconf 84' lang='grc' dir='ltr'>προθεμένου</span> <span class='ocrx_word' id='word_1_845' title='bbox 3276 5234 3318 5298; x_wconf 72' lang='grc'>⁵,</span> <span class='ocrx_word' id='word_1_846' title='bbox 3343 5233 3484 5286; x_wconf 79' lang='grc' dir='ltr'>κατὰ</span> <span class='ocrx_word' id='word_1_847' title='bbox 3507 5232 3717 5302; x_wconf 83' lang='grc' dir='ltr'>συγχώ-</span> 
     </span>
    </p>
   </div>
   <div class='ocr_carea' id='block_1_109' title="bbox 2143 5311 3718 5396">
    <p class='ocr_par' dir='ltr' id='par_1_109' title="bbox 2143 5311 3718 5396">
     <span class='ocr_line' id='line_1_109' title="bbox 2143 5311 3718 5396; baseline -0.002 -19"><span class='ocrx_word' id='word_1_848' title='bbox 2143 5343 2300 5396; x_wconf 80' lang='grc' dir='ltr'>ρησιν</span> <span class='ocrx_word' id='word_1_849' title='bbox 2355 5325 2410 5377; x_wconf 83' lang='grc' dir='ltr'>δὲ</span> <span class='ocrx_word' id='word_1_850' title='bbox 2461 5311 2938 5391; x_wconf 81' lang='grc' dir='ltr'>αὑτεξουσιότητος</span> <span class='ocrx_word' id='word_1_851' title='bbox 2986 5326 3288 5395; x_wconf 87' lang='grc' dir='ltr'>συγχωρεῖν</span> <span class='ocrx_word' id='word_1_852' title='bbox 3345 5326 3457 5386; x_wconf 89' lang='grc' dir='ltr'>τοῖς</span> <span class='ocrx_word' id='word_1_853' title='bbox 3513 5323 3718 5376; x_wconf 72' lang='grc' dir='ltr'>ἅπασιν</span> 
     </span>
    </p>
   </div>
   <div class='ocr_carea' id='block_1_110' title="bbox 2143 5409 3706 5486">
    <p class='ocr_par' dir='ltr' id='par_1_110' title="bbox 2143 5409 3706 5486">
     <span class='ocr_line' id='line_1_110' title="bbox 2143 5409 3706 5486; baseline -0.001 -18"><span class='ocrx_word' id='word_1_854' title='bbox 2143 5415 2249 5486; x_wconf 75' lang='grc' dir='ltr'>ἰδίᾳ</span> <span class='ocrx_word' id='word_1_855' title='bbox 2271 5415 2520 5485; x_wconf 76' lang='grc' dir='ltr'>βουλήσει</span> <span class='ocrx_word' id='word_1_856' title='bbox 2544 5413 2797 5486; x_wconf 82' lang='grc' dir='ltr'>χρῆσθαι,</span> <span class='ocrx_word' id='word_1_857' title='bbox 2817 5409 2860 5484; x_wconf 82' lang='grc' dir='ltr'><strong>ᾧ</strong></span> <span class='ocrx_word' id='word_1_858' title='bbox 2881 5414 3163 5486; x_wconf 88' lang='grc' dir='ltr'>θελήσειαν</span> <span class='ocrx_word' id='word_1_859' title='bbox 3181 5415 3706 5486; x_wconf 78' lang='grc' dir='ltr'>ὲπιχειρήματιὲκα-</span> 
     </span>
    </p>
   </div>
   <div class='ocr_carea' id='block_1_111' title="bbox 2143 5506 3716 5577">
    <p class='ocr_par' dir='ltr' id='par_1_111' title="bbox 2143 5506 3716 5577">
     <span class='ocr_line' id='line_1_111' title="bbox 2143 5506 3716 5577; baseline 0 -19"><span class='ocrx_word' id='word_1_860' title='bbox 2143 5523 2263 5570; x_wconf 83' lang='grc' dir='ltr'>στος</span> <span class='ocrx_word' id='word_1_861' title='bbox 2284 5523 2298 5537; x_wconf 74' lang='grc'><strong>⁸</strong></span> <span class='ocrx_word' id='word_1_862' title='bbox 2325 5507 2410 5558; x_wconf 80' lang='grc' dir='ltr'>ἵνα</span> <span class='ocrx_word' id='word_1_863' title='bbox 2432 5507 2592 5568; x_wconf 82' lang='grc' dir='ltr'>αὑτὸς</span> <span class='ocrx_word' id='word_1_864' title='bbox 2617 5506 2713 5576; x_wconf 86' lang='grc' dir='ltr'>μὲν</span> <span class='ocrx_word' id='word_1_865' title='bbox 2743 5507 2980 5570; x_wconf 79' lang='grc' dir='ltr'>ἀναίτιος</span> <span class='ocrx_word' id='word_1_866' title='bbox 3001 5507 3108 5560; x_wconf 86' lang='grc' dir='ltr'>τῶν</span> <span class='ocrx_word' id='word_1_867' title='bbox 3131 5507 3348 5577; x_wconf 80' lang='grc' dir='ltr'>φαύλων</span> <span class='ocrx_word' id='word_1_868' title='bbox 3373 5508 3478 5577; x_wconf 77' lang='grc' dir='ltr'>εἴη,</span> <span class='ocrx_word' id='word_1_869' title='bbox 3504 5506 3716 5575; x_wconf 85' lang='grc' dir='ltr'>διάκρι-</span> 
     </span>
    </p>
   </div>
   <div class='ocr_carea' id='block_1_112' title="bbox 2149 5597 3719 5673">
    <p class='ocr_par' dir='ltr' id='par_1_112' title="bbox 2149 5597 3719 5673">
     <span class='ocr_line' id='line_1_112' title="bbox 2149 5597 3719 5673; baseline 0.003 -25"><span class='ocrx_word' id='word_1_870' title='bbox 2149 5615 2232 5661; x_wconf 80' lang='grc' dir='ltr'><strong>σις</strong></span> <span class='ocrx_word' id='word_1_871' title='bbox 2261 5598 2316 5651; x_wconf 80' lang='grc' dir='ltr'>δὲ</span> <span class='ocrx_word' id='word_1_872' title='bbox 2348 5597 2498 5651; x_wconf 79' lang='grc' dir='ltr'>ἔσται</span> <span class='ocrx_word' id='word_1_873' title='bbox 2537 5597 2644 5650; x_wconf 83' lang='grc' dir='ltr'><strong>τῶν</strong></span> <span class='ocrx_word' id='word_1_874' title='bbox 2676 5601 2754 5662; x_wconf 86' lang='grc' dir='ltr'><strong>είς</strong></span> <span class='ocrx_word' id='word_1_875' title='bbox 2783 5601 2982 5673; x_wconf 79' lang='grc' dir='ltr'>ἀρετήν</span> <span class='ocrx_word' id='word_1_876' title='bbox 3023 5601 3454 5671; x_wconf 76' lang='grc' dir='ltr'>προκοπτόντων,</span> <span class='ocrx_word' id='word_1_877' title='bbox 3487 5599 3582 5652; x_wconf 66' lang='grc' dir='ltr'>καὶ</span> <span class='ocrx_word' id='word_1_878' title='bbox 3609 5599 3719 5652; x_wconf 70' lang='grc' dir='ltr'><strong>πάρ-</strong></span> 
     </span>
    </p>
   </div>
  </div>
