4008 6240
294 353 367 410 53
959 353 1328 412 ADVERSUS
1369 355 1709 411 IIIERESES
1741 356 1868 412 LIB.
1915 360 1982 414 II.
2025 357 2186 414 ΤΟΜ.
2224 358 2287 414 II.
2329 390 2393 399 —-—
2437 360 2708 419 lI/EIlES.
2750 361 2931 419 LXVI.
3496 371 3566 425 ει

299 469 382 521 λιν
403 469 505 540 τῆς
529 468 694 522 αὑτοῦ
729 470 1138 543 φιλανθρωπίας
1174 476 1266 527 καὶ
1295 474 1629 547 ἀγαθότητος
1658 478 1724 529 τὰ
1751 477 1883 549 βρα-

1992 479 2256 531 malorum
2292 480 2449 550 culpa
2492 484 2562 536 sit
2608 484 2888 547 immunis,
2943 493 2994 538 et
3030 498 3218 538 eorum
3250 485 3339 554 qui
3370 486 3424 539 in
3451 491 3565 541 vir-

295 559 422 611 ϐεῖα
455 561 937 631 εἰσκομιζομένων.
996 564 1053 615 '0
1086 565 1142 617 δὲ
1180 568 1453 638 μανιώδης
1486 564 1639 632 οὗτος
1673 570 1881 638 Μάνης,

297 652 625 723 βουλόμενος
648 654 846 717 κακίας
876 655 1192 725 ὑπεξαίρειν
1222 658 1311 710 τὸν
1336 659 1487 720 Θεὸν,
1519 660 1716 729 μᾶλλον
1738 661 1885 731 αὑτῷ

296 741 502 794 κακίαν
530 742 666 812 πρὸς
696 742 808 795 ἴσον
840 744 1314 815 ἀντικατέστησεν.
1366 748 1528 818 Ὁμοῦ
1556 750 1611 801 δὲ
1647 750 1885 813 κακίζων

295 831 401 902 τὴν
444 834 624 886 πᾶσαν
668 833 846 885 κτίσιν
880 835 981 887 οὑκ
1023 836 1355 905 αἰσχύνεται,
1397 839 1461 891 ὲκ
1508 840 1615 891 τῶν
1649 842 1704 891 ὲν
1754 842 1884 911 ἡμῖν

301 922 639 992 σφαλμάτων
666 926 1004 995 γιγνομένων
1021 927 1117 990 τὰς
1138 929 1439 999 προφάσεις
1466 933 1881 1002 ἀπεμπολήσας,

300 1014 400 1067 καὶ
448 1013 529 1075 εἰς
580 1014 679 1082 τὴν
724 1016 902 1068 πᾶσαν
942 1015 1303 1087 δημιουργίαν
1348 1020 1497 1089 (τῶν)
1532 1022 1877 1092 ἰσορρόπωνί

303 1106 639 1177 συνυφήνας,
672 1108 990 1178 ὑπὲρμαχος
1021 1109 1220 1179 μᾶλλον
1244 1112 1538 1182 γεγένηται
1581 1114 1675 1166 καὶ
1717 1115 1884 1186 ὑπερ-

298 1198 594 1268 ασπιστὴς,
643 1195 711 1268 ἧς
755 1200 953 1268 φάσκει
991 1202 1353 1272 ἀπαγορεύειν
1386 1205 1603 1269 κακίας,
1639 1207 1732 1259 καὶ
1764 1208 1883 1259 ἀντὶ

298 1286 397 1339 τοῦ
423 1289 558 1357 πρὸς
578 1288 747 1359 αὐτὴν
770 1289 960 1359 μίσους
981 1290 1160 1358 φιλίαν
1183 1293 1304 1345 τινὰ
1327 1294 1421 1346 καὶ
1443 1294 1725 1347 κοινωνίαν
1747 1297 1883 1365 πρὸς

298 1378 473 1450 αὑτὴν
501 1379 900 1449 ἀσπαζόμενος,
922 1382 1081 1433 ὁπότε
1111 1382 1369 1435 σύστασιν
1396 1386 1531 1454 αύτῇ
1559 1384 1761 1449 δίδωσι,
1790 1389 1883 1439 καὶ

297 1468 652 1531 ἀῖδιάζουσαν
668 1471 835 1541 αὑτὴν
858 1472 1237 1540 καταγγέλλει,
1260 1475 1356 1527 σὺν
1376 1473 1494 1544 Θεῷ
1514 1474 1569 1527 δὲ
1585 1475 1671 1528 ἀεὶ
1694 1472 1880 1540 οὖσαν,

299 1561 396 1613 καὶ
431 1562 698 1631 μηδέποτε
737 1564 1008 1634 λήγουσαν
1034 1564 1127 1616 τοῦ
1152 1560 1311 1617 εἶναι.
1377 1566 1628 1635 Ὀνόμασι
1657 1567 1714 1619 δέ
1742 1584 1882 1620 τισιν

296 1654 473 1725 αὑτὴν
502 1654 793 1707 ἀποκαλῶν
813 1656 899 1709 διὰ
933 1656 1120 1710 πασῶν
1137 1656 1245 1709 τῶν
1274 1659 1601 1723 ὑποθέσεων,
1634 1662 1882 1715 ἐκπεσὼν

295 1744 401 1813 τῆς
440 1743 698 1812 ἀληθείας
742 1744 1149 1816 φωραθήσεται,
1190 1746 1287 1816 τῆς
1336 1750 1515 1818 πάσης
1558 1750 1785 1813 κτίσεως
1819 1752 1883 1803 ἐκ

1994 579 2106 623 tute
2136 572 2582 641 progrediuntur,
2623 585 2782 644 atque
2825 577 2893 630 ab
2923 576 3257 631 humanitate
3289 577 3563 634 bonitate-

1988 679 2093 731 que
2129 678 2225 717 sua
2280 666 2499 733 pra'mia
2548 668 2810 731 referunt,
2860 669 3151 723 discrimen
3193 669 3411 737 aliquod
3448 680 3562 726 sta-

1990 762 2191 808 tuatur.
2224 755 2292 806 At
2320 755 2543 808 insanus
2584 757 2673 810 ille
2704 755 2907 815 Manes,
2944 756 3071 809 dum
3104 757 3170 810 ab
3208 759 3355 810 omni
3404 758 3565 811 mali-

1988 845 2075 897 tize
2107 845 2224 898 labe
2256 844 2419 899 Deum
2450 848 2687 901 eximere
2728 848 2931 913 studet,
2975 863 3081 901 non
3131 848 3291 902 modo
3330 850 3382 903 id
3414 851 3560 919 quod

1988 936 2101 987 vult
2132 950 2237 989 non
2284 937 2615 1005 assequitur,
2650 938 2741 991 sed
2782 939 2886 991 alia
2923 939 3135 991 ratione
3170 939 3431 1007 aequalem
3466 956 3563 1009 po-

1986 1026 2095 1079 ﬁus
2130 1026 2275 1079 illam
2318 1026 2582 1096 rependit.
2621 1028 2762 1093 Quin
2786 1030 2947 1082 etiam
2973 1028 3225 1083 conditas
3258 1044 3289 1082 a
3333 1028 3441 1084 Deo
3475 1044 3561 1085 res

1991 1131 2181 1170 omnes
2207 1118 2326 1171 sine
2378 1118 2486 1171 ullo
2538 1119 2743 1188 pudore
2780 1122 3049 1189 vituperat
3083 1139 3094 1173 :
3146 1120 3305 1189 cujus
3343 1121 3561 1190 quidem

1990 1211 2068 1264 sic
2103 1224 2165 1263 ex
2200 1210 2266 1263 iis
2303 1209 2514 1264 delictis
2553 1225 2675 1279 qua:
2706 1212 2758 1264 in
2800 1213 2959 1265 nobis
2991 1219 3292 1266 cernuntur
3326 1212 3565 1266 occasio-

1987 1316 2109 1355 nem
2154 1300 2363 1369 arripit,
2401 1310 2459 1353 ut
2497 1302 2549 1354 in
2591 1310 2783 1355 etetera
2813 1303 2993 1355 omnia
3042 1302 3256 1372 opificia
3302 1302 3563 1371 probrum

1986 1392 2116 1445 illud
2142 1405 2205 1445 ex
2236 1406 2392 1461 teque
2419 1392 2645 1446 derivet.
2693 1390 2750 1445 In
2798 1407 2906 1460 quo
2940 1393 3157 1446 malitia:
3198 1393 3367 1456 illius,
3398 1407 3562 1462 quam

1984 1482 2198 1537 excludi
2233 1498 2262 1535 a
2294 1498 2352 1536 se
2385 1483 2641 1552 praedicat
2668 1492 3039 1553 propugnator
3066 1484 3246 1553 potius
3277 1498 3341 1537 ac
3369 1483 3563 1538 defen-

1986 1589 2078 1629 sor
2111 1583 2362 1643 apparet;
2411 1582 2733 1645 tantumque
2774 1576 2952 1637 abest,
2988 1584 3044 1629 ut
3090 1575 3238 1628 illam
3269 1575 3468 1637 oderit,
3506 1583 3565 1627 ut

1986 1666 2277 1719 amicitiam
2307 1680 2527 1735 quoque
2569 1679 2693 1719 cum
2736 1680 2797 1719 ea
2824 1665 2985 1735 633
3016 1664 3564 1732 communionemque

1988 1757 2267 1826 suscipiat.
2298 1754 2432 1809 Nam
2466 1765 2520 1809 et
2558 1756 2921 1809 substantiam
2951 1757 3039 1809 ille
3074 1754 3283 1817 tribuit,
3326 1763 3379 1809 et
3404 1763 3564 1808 attera-

296 1834 437 1887 Θεοῦ
483 1835 664 1899 καλῶς
705 1836 1053 1907 ἑκτισμένης,
1104 1836 1163 1901 ἐξ
1204 1831 1278 1892 ὧν
1323 1839 1482 1902 αὑτὸς
1525 1841 1880 1911 παρατίθεται

1991 1864 2111 1901 nam
2142 1863 2266 1903 esse
2312 1848 2574 1910 defendit,
2616 1863 2680 1901 ac
2708 1864 2832 1902 cum
2884 1846 2992 1902 Deo
3024 1863 3239 1918 semper
3286 1862 3428 1908 esse,
3463 1859 3564 1899 nec

300 1926 643 1997 μαρτυριῶν.

1990 1954 2229 2009 unquam
2282 1938 2533 1994 desinere
2574 1941 2878 2009 prolitetur.
2922 1939 3093 1994 Porro
3140 1955 3263 1994 cum
3309 1939 3363 1995 in
3414 1937 3564 1991 omni

296 2018 675 2088 disputatione
703 2020 869 2075 variis
911 2022 1055 2075 illam
1098 2021 1415 2076 nominibus
1457 2023 1711 2092 appellet,
1784 2042 1813 2079 a
1876 2031 2103 2086 veritate
2157 2033 2347 2101 procul
2393 2032 2646 2086 aberrare
2691 2026 3146 2102 deprehendetur,
3186 2048 3309 2088 cum
3357 2046 3420 2085 ex
3493 2029 3565 2080 al-

299 2112 430 2167 latis
466 2112 536 2166 ab
573 2112 690 2181 ipso
744 2114 1076 2168 testimoniis
1124 2113 1331 2181 liquido
1368 2116 1698 2180 constiterit,
1733 2120 1997 2191 quidquid
2036 2140 2063 2176 a
2106 2123 2214 2178 Deo
2243 2124 2524 2178 conditum
2558 2136 2643 2180 est
2674 2127 2808 2179 bene
2836 2140 2899 2178 ac
2968 2136 3113 2179 recte
3183 2123 3356 2178 fuisse
3433 2136 3566 2191 pro-

296 2212 566 2257 creatum.

375 2290 470 2346 IZ'.
512 2292 614 2346 Καὶ⁵
649 2292 865 2365 πρῶτον
909 2295 1029 2364 μὲν,
1079 2297 1159 2349 ὅτι
1201 2296 1333 2366 ὓλην
1372 2297 1572 2368 ταύτην
1622 2299 1880 2369 κέκληκε,

298 2384 444 2436 κατὰ
469 2384 525 2437 δὲ
558 2385 648 2437 τὸν
688 2386 848 2438 αὑτὸν
878 2385 1001 2439 νοῦν
1030 2386 1301 2454 λογίζεται
1342 2388 1543 2460 ταύτην
1572 2386 1711 2443 εἶναι
1747 2392 1876 2460 φθο-

296 2477 420 2546 ράν.
459 2476 570 2529 Καὶ
605 2477 819 2546 πρῶτον
856 2478 973 2547 μὲν,
1012 2481 1059 2531 εί
1092 2478 1209 2532 ἐστι
1250 2479 1445 2551 φθορὰ,
1479 2482 1622 2545 τίνος
1649 2484 1757 2554 ἄρα
1796 2488 1879 2553 εἴη

298 2568 498 2638 φθορά.
534 2569 643 2621 Καὶ
684 2570 732 2621 εἰ
779 2570 876 2641 μὲν
913 2570 1087 2624 ἄλλων
1126 2570 1299 2642 φθορά
1332 2574 1586 2644 ὑπάρχει,
1622 2574 1761 2643 αὕτη
1820 2575 1879 2627 δὲ

296 2660 689 2731 ὲμπαράμονός
732 2665 897 2729 ἐστιν,
947 2662 1053 2734 ἄρα
1095 2663 1330 2717 ἔκπαλαι
1382 2665 1597 2735 ἔφθειρε
1637 2666 1702 2719 τὰ
1730 2668 1881 2732 ὄντα,

299 2750 393 2801 καὶ
428 2750 566 2820 μόνη
596 2749 734 2821 αὕτη
769 2752 1097 2821 συνέστηκεν
1132 2753 1188 2805 ἐν
1216 2753 1393 2823 χρόνῳ
1424 2755 1661 2825 τοσούτῳ
1690 2756 1752 2807 τὸ
1782 2754 1881 2823 τῆς

299 2843 471 2912 αὑτῆς
519 2843 803 2913 δυνάμεως
854 2845 1203 2916 ἐνεργητικὸν
1242 2847 1623 2917 ἐργαζομένη,
1665 2848 1753 2900 καί
1808 2848 1881 2916 μὴ

297 2934 699 3003 ὲκκοπτομένη.
733 2933 796 2985 ΕΞ
834 2934 890 2986 δὲ
937 2934 1139 3005 ἑαυτῆς
1175 2937 1288 2988 ἐστι
1340 2936 1535 3007 φθορὰ,
1588 2937 1881 3005 φθείρουσά

296 3042 359 3077 τε
388 3026 484 3078 καὶ
509 3025 846 3096 δαμάζουσα,
880 3028 973 3080 καί
1006 3027 1394 3093 ἁναλίσκουσα,
1426 3030 1520 3081 καὶ
1549 3029 1876 3093 ἀπόλλουσα,

2064 2298 2226 2353 XVII.
2267 2302 2444 2369 Atque
2484 2300 2617 2353 illud
2661 2300 2894 2369 primum
2942 2298 3233 2352 videndum
3266 2306 3383 2363 est,
3419 2300 3567 2369 quod

1941 2459 1952 2467 _
1989 2407 2109 2445 eam
2140 2393 2422 2445 materiam
2454 2392 2717 2453 nominat,
2745 2390 2797 2443 id
2827 2389 2973 2458 quod
3003 2404 3069 2442 ex
3101 2390 3249 2443 illius
3295 2394 3565 2445 sententia

1991 2482 2131 2537 idem
2157 2492 2242 2537 est
2272 2498 2336 2536 ac
2366 2483 2668 2551 corruptio.
2705 2479 2905 2535 Verum
2945 2481 2991 2535 si
3028 2482 3308 2551 corruptio
3344 2483 3433 2548 sit,
3471 2500 3566 2536 cu-

1985 2574 2079 2642 jus
2103 2575 2207 2628 erit
2234 2572 2454 2627 tandem
2484 2572 2807 2641 corruptio?
2837 2570 2894 2625 Si
2927 2572 3156 2626 aliorum
3178 2583 3282 2640 est,
3308 2583 3568 2629 constan-

1989 2673 2072 2718 ter
2123 2664 2240 2734 ipsa
2293 2678 2557 2730 manens,
2616 2662 2939 2733 jamdudum
2988 2667 3171 2718 omnia
3210 2680 3568 2737 corrumpere

1988 2756 2215 2820 debuit,
2272 2770 2335 2809 ac
2378 2756 2493 2810 sola
2534 2764 2644 2809 tam
2693 2756 2908 2809 inﬁnito
2954 2764 3199 2827 tempore
3240 2760 3563 2825 consistere,

1987 2848 2118 2902 dum
2161 2846 2357 2901 virium
2400 2862 2622 2902 suarum
2676 2846 3047 2903 eﬂicacitatem
3089 2850 3318 2914 exserit,
3367 2866 3467 2906 nec
3497 2851 3567 2906 al)

1992 2940 2100 2992 ullo
2133 2938 2483 2993 rescinditur.
2510 2938 2564 2992 Si
2598 2955 2724 2993 vero
2755 2939 3130 3009 suimetipsius
3162 2948 3245 2995 est
3264 2943 3563 3011 corruptio,

1988 3041 2343 3095 corrumpens
2379 3042 2442 3081 ac
2471 3028 2802 3096 perdomans
2834 3043 2955 3082 sese
2976 3070 2988 3092 ,
3020 3037 3073 3082 et
3105 3044 3461 3094 consumens,
3503 3047 3567 3083 ac

296 3117 646 3188 ἀπολλυμένη
680 3119 817 3181 ἐστὶ,
850 3119 943 3171 καὶ
968 3120 1029 3171 οὑ
1067 3118 1415 3188 σταθήσεται,
1449 3119 1649 3189 ἑαυτῆς
1674 3120 1881 3172 ἀναλω-

1991 3116 2224 3187 perdens
2255 3118 2451 3187 peribit
2493 3121 2748 3183 tandem,
2784 3134 2961 3188 neque
2992 3121 3254 3175 consistet
3275 3161 3289 3182 .
3326 3136 3449 3175 cum
3480 3122 3565 3176 sui

296 3210 433 3279 τική
460 3225 545 3272 τις
572 3204 709 3261 οὖσα
740 3210 835 3261 καὶ
864 3209 1157 3283 φθαρτική.
1197 3208 1322 3272 Πῶς
1350 3205 1443 3262 οὖν
1469 3209 1670 3279 ἕστηκε
1696 3208 1883 3261 τοσοῦ-

297 3318 390 3353 τον
420 3300 609 3370 χρόνον
631 3302 948 3371 ὑπάρχουσα
975 3300 1114 3354 κατὰ
1137 3301 1226 3353 τὸν
1253 3300 1489 3371 ἀγύρτου
1519 3301 1703 3369 λόγον;
1732 3302 1885 3372 ’Ἀμα

308 3392 366 3445 δὲ
395 3392 457 3444 οὑ
487 3394 913 3463 συγκοινωνήσει
943 3393 1079 3455 ὅλως
1109 3396 1174 3463 τῇ
1214 3392 1348 3463 ζωῇ,
1385 3393 1503 3445 οὐδὲ
1538 3393 1651 3461 ἅμα
1684 3392 1830 3463 ζωῆς
1861 3395 1880 3425 ³

302 3484 679 3556 εὑρεθήσεται,
712 3484 834 3537 οὔτε
866 3485 1217 3555 ἀγαθότητος.
1262 3486 1455 3538 Ὁπότε
1486 3486 1542 3538 δὲ
1582 3488 1640 3537 ὲν
1672 3486 1887 3557 ἑκάστῳ

298 3577 411 3631 τῶν
437 3578 528 3630 ὑπ’
559 3577 723 3631 αὑτοῦ
752 3576 1129 3647 κακιζομένων
1152 3578 1467 3643 κτισμάτων
1494 3580 1587 3631 καὶ
1615 3579 1888 3649 ἀγαθότης

301 3669 501 3731 ἔνεστι,
529 3668 746 3721 διέπεσε
778 3667 1113 3737 πανταχόθεν
1153 3670 1181 3719 ὁ
1219 3668 1350 3737 περὶ
1384 3667 1583 3730 κακίας
1606 3668 1770 3720 αὑτοῦ
1800 3668 1885 3720 λό-

301 3777 419 3827 γος,
448 3760 539 3814 διὰ
564 3761 625 3813 τὸ
668 3764 1040 3813 ἐπικοινωνεῖν
1080 3760 1306 3829 θάτερον
1336 3760 1445 3812 τῶν
1474 3760 1564 3811 ὑπ’
1596 3760 1761 3813 αὑτοῦ
1802 3761 1886 3813 λε-

305 3855 555 3924 γομένων
613 3853 861 3923 θατέρῳ,
912 3854 987 3916 ὼς
1031 3855 1205 3906 εἰπεῖν
1244 3856 1372 3926 περὶ
1412 3854 1588 3924 ὄφεων
1636 3854 1732 3907 καὶ
1781 3851 1887 3904 τῶν

303 3944 478 3999 ἄλλων
514 3943 759 4014 ἑρπετῶν
788 3943 1024 3996 ἰοϐόλων.
1052 3944 1190 3996 Ὅσα
1224 3945 1330 4015 γάρ
1356 3947 1504 3998 ἐστιν
1536 3945 1628 3997 ἐπὶ
1658 3945 1718 3997 τὸ
1744 3944 1876 4013 χρή-

306 4054 466 4105 σιμον
521 4035 1034 4104 κατεσκευασμένα,
1069 4036 1197 4105 παρ’
1236 4035 1385 4106 αὑτῷ
1438 4036 1495 4089 δὲ
1538 4035 1615 4107 τῷ
1654 4034 1880 4103 ὀνόματι

308 4128 670 4198 κακιζόμενα,
700 4129 758 4180 ὲν
802 4129 986 4189 αὐτοῖς
1018 4129 1113 4180 καὶ
1140 4127 1201 4179 τὸ
1236 4128 1510 4179 ἀντίθετον
1548 4127 1648 4195 τῆς
1694 4125 1888 4187 κακίας

312 4222 652 4293 εὑρίσκεται,
682 4221 757 4284 ὼς
803 4222 975 4272 εἰπεῖν
1022 4219 1151 4289 περὶ
1187 4218 1363 4286 ὄφεως
1408 4219 1639 4271 καὶτῶν
1688 4217 1886 4270 ἄλλων.

320 4316 410 4381 Ἐξ
435 4310 516 4369 ὧν
546 4315 656 4386 γάρ
686 4316 763 4377 ἰὸς
787 4315 867 4378 εἰς
905 4314 1132 4368 θάνατον
1164 4316 1221 4367 ὲν
1251 4315 1462 4376 ἑαυτοῖς
1486 4312 1528 4375 ³,
1561 4311 1653 4364 καὶ
1680 4311 1889 4363 ἀντίδοσ-

304 4425 395 4470 τος
434 4406 573 4479 πρὸς
615 4405 887 4459 ἀντίδοτον
932 4406 1181 4469 θανάτου,
1225 4405 1318 4458 καὶ
1345 4404 1641 4466 κακώσεως
1669 4402 1891 4466 κακιζο-

1991 3208 2451 3277 consumptricem
2483 3224 2546 3262 ac
2586 3210 2985 3277 corruptricem
3028 3210 3135 3264 vim
3186 3212 3399 3265 habeat.
3437 3211 3569 3277 Qua:

1990 3316 2114 3353 cum
2146 3300 2219 3353 ita
2254 3300 2385 3362 sint,
2415 3315 2651 3369 quanam
2683 3303 2893 3355 ratione
2920 3308 3075 3355 tanto
3110 3311 3370 3370 tempore,
3397 3312 3456 3356 ut
3480 3303 3569 3358 ille

1992 3391 2292 3445 circulator
2339 3393 2575 3457 asserit,
2622 3393 2799 3462 potuit
2838 3394 3136 3448 exsistere?
3166 3393 3435 3450 Praeterea
3467 3410 3568 3449 nec

1991 3484 2154 3537 ullam
2188 3485 2413 3537 omnino
2454 3500 2577 3538 cum
2616 3485 2723 3537 vita
2762 3486 3203 3539 communionem
3236 3487 3435 3542 habere
3463 3501 3570 3556 ροι-

1991 3576 2138 3639 terit,
2170 3591 2344 3644 neque
2378 3590 2501 3629 cum
2554 3591 2617 3630 ea
2662 3584 2757 3629 aut
2800 3591 2923 3630 cum
2958 3576 3201 3631 bonitate
3237 3579 3564 3632 versabitur.

1989 3665 2107 3720 Jam
2152 3650 2280 3719 vero
2327 3681 2452 3719 cum
2507 3665 2562 3719 in
2616 3682 2942 3736 unaquaque
2983 3677 3293 3722 creatarum
3339 3686 3519 3723 rerum
3548 3709 3565 3733 ,

1989 3776 2129 3829 quas
2168 3760 2258 3814 ille
2282 3760 2574 3829 vituperat,
2603 3760 2865 3816 bonitatis
2885 3762 3017 3815 insit
3046 3762 3272 3831 aliquid,
3307 3770 3418 3817 tota
3447 3764 3568 3831 ejus

1991 3856 2059 3910 de
2092 3854 2299 3908 malitia
2329 3853 2636 3923 disputatio
2653 3852 2910 3907 concidat
2940 3868 3165 3910 necesse
3193 3861 3297 3917 est,
3327 3870 3391 3909 eo
3422 3856 3565 3924 quod

1991 3946 2216 4001 alterius
2246 3946 2497 4005 illorum,
2531 3960 2653 4014 quat
2687 3946 3173 4007 commemoravit,
3210 3946 3461 4016 quaedam
3499 3948 3571 4000 sit

1990 4052 2114 4090 cum
2146 4036 2318 4090 altero
2362 4036 2618 4096 societas.
2662 4044 2721 4089 ut
2750 4037 2819 4090 de
2847 4038 3213 4105 serpentibus,
3246 4039 3571 4106 cmterisquc

1992 4126 2275 4182 venenatis
2312 4127 2504 4181 bestiis
2536 4128 2786 4181 nonnihil
2828 4128 3061 4182 dicatur.
3105 4129 3232 4182 Haec
3266 4130 3410 4182 enim
3453 4144 3570 4181 om-

1991 4220 2107 4282 nia,
2138 4236 2259 4288 quae
2290 4220 2358 4271 ab
2387 4218 2479 4271 illo
2507 4219 2727 4273 nomine
2752 4219 2869 4287 ipso
2892 4220 3289 4288 vituperantur,
3321 4220 3386 4273 ad
3412 4234 3570 4273 usum

1995 4313 2234 4380 aliquem
2290 4313 2689 4381 utilitatemque
2738 4322 3021 4381 procreata
3077 4320 3241 4378 sunt,
3289 4320 3343 4365 et
3393 4313 3446 4366 in
3486 4313 3570 4368 his

1994 4403 2120 4455 mali
2162 4404 2462 4457 remedium
2500 4403 2793 4467 invenitur,
2841 4404 2987 4473 quod
3020 4404 3085 4457 ad
3136 4413 3417 4474 serpentes
3455 4404 3572 4459 reli-

306 4498 511 4567 μένων,
558 4496 651 4549 καὶ
683 4496 934 4566 ήμέρανδ
994 4496 1091 4565 μὲν
1132 4496 1212 4557 είς
1253 4495 1517 4566 ἐργασίαν
1556 4492 1883 4564 ἀνθρώποις,

1994 4509 2209 4563 quaque
2239 4494 2292 4548 id
2343 4509 2513 4563 genus
2552 4494 2829 4548 convenit.
2880 4493 2953 4547 Ex
3000 4495 3191 4550 iisdem
3237 4497 3380 4551 enim
3410 4496 3570 4565 legale

304 4588 381 4651 ὼς
410 4588 505 4642 καὶ
532 4589 613 4649 εἰς
646 4588 707 4640 τὺ
733 4586 1063 4657 φωτίζεσθαί
1106 4604 1166 4639 τε
1204 4576 1298 4641 καὶ
1327 4587 1479 4656 ὁρᾷν.
1525 4585 1686 4639 ’Λλλά
1721 4585 1815 4639 καὶ
1850 4587 1882 4655 ή

302 4680 401 4744 νὺξ
422 4683 458 4750 ή
487 4679 617 4751 παρ’
645 4679 793 4749 αὑτῷ
821 4680 1040 4750 ὀνόματι
1074 4679 1432 4749 κακιζομὲνη,
1466 4678 1768 4740 ἀνάπαυσίς
1802 4695 1884 4739 τις

307 4771 621 4840 εὑρίσκεται
653 4772 717 4822 ἐκ
750 4768 886 4822 Θεοῦ
922 4768 1230 4841 ἀνθρώποις
1262 4770 1539 4836 γεγονυῖα.
1569 4769 1678 4821 Καὶ
1713 4766 1886 4829 οὕτως

307 4863 367 4916 τὸ
395 4862 516 4916 καθ’
556 4862 615 4914 ἓν
650 4862 854 4929 ἀγαθὸν
884 4862 1126 4931 ὑπάρχον
1176 4860 1510 4929 εὑρίσκεται,
1560 4859 1652 4911 καὶ
1693 4861 1766 4928 μὴ
1797 4858 1889 4910 δυ-

307 4954 538 5025 νάμενον
594 4953 701 5006 ἀπὸ
746 4952 855 5006 τῶν
891 4955 948 5005 ὲν
991 4954 1121 5022 ἡμῖν
1155 4952 1568 5022 ἁμαρτημάτων
1616 4952 1676 5002 τὸ
1717 4951 1887 5021 ὄνομα

307 5046 472 5117 ἔχειν,
502 5046 534 5117 ἢ
565 5046 624 5100 τὸ
660 5046 771 5099 ῐσον
801 5042 893 5098 τοῦ
920 5043 1093 5098 κακοῦ
1123 5044 1223 5114 τὴν
1257 5044 1577 5113 ὁμωνυμίαν
1606 5043 1878 5114 εὑρίσκον.

1999 4586 2148 4640 virus
2171 4626 2185 4648 ,
2217 4596 2270 4641 et
2303 4593 2490 4640 contra
2540 4594 2767 4639 mortem
2821 4586 3192 4656 inllictanique
3227 4589 3294 4641 ab
3338 4589 3470 4657 ipsis
3503 4588 3572 4641 Ia-

2001 4673 2117 4726 bem
2150 4672 2450 4727 remedium
2500 4672 2570 4725 ah
2601 4672 2666 4727 iis
2693 4673 2784 4741 qui
2834 4675 2947 4728 laesi
2981 4684 3112 4729 sunt
3144 4678 3440 4746 colligitur.
3480 4678 3571 4731 Sic

1999 4765 2117 4819 dies
2148 4766 2367 4835 quidem
2400 4765 2655 4818 Immanis
2689 4774 2773 4820 est
2807 4769 3124 4823 exercendis
3155 4770 3410 4837 operibus
3449 4786 3573 4823 con-

2000 4859 2213 4922 stituta,
2240 4857 2398 4923 cujus
2424 4859 2685 4913 beneﬁcio
2724 4859 3134 4919 collustrantur,
3172 4876 3235 4913 ac
3256 4861 3573 4915 discernunt

1999 4951 2202 5008 omnia.
2236 4948 2340 5005 Sed
2364 4959 2418 5005 et
2451 4967 2586 5016 nox,
2621 4954 2709 5005 cui
2745 4954 3067 5022 probrosum
3105 4953 3234 5007 illud
3270 4969 3465 5007 nomen
3494 4962 3573 5007 at-

1996 5044 2208 5107 tribuit,
2245 5044 2311 5095 ad
2342 5043 2621 5097 hominum
2654 5044 2890 5113 quietem
2930 5054 3013 5099 est
3059 5060 3088 5098 a
3129 5044 3237 5098 Deo
3283 5059 3569 5098 concessa.

307 5140 484 5207 Atque
510 5139 583 5191 ita
617 5138 916 5207 quamlibet
975 5154 1156 5191 rerum
1183 5140 1430 5191 omnium
1470 5139 1668 5191 bonam
1734 5153 1857 5192 esse
1896 5139 2256 5206 reperiemus,
2304 5154 2481 5207 neque
2525 5154 2556 5192 a
2604 5140 2845 5208 peccatis
2891 5141 3097 5194 nostris
3139 5155 3263 5195 esse
3329 5138 3575 5193 denomi-

308 5237 565 5294 nandam,
605 5243 700 5287 aut
729 5234 919 5288 eadem
948 5250 1072 5287 cum
1102 5233 1246 5286 malo
1274 5233 1640 5302 appellatione
1665 5234 2015 5287 censendum.

380 5332 486 5383 ιη’.
529 5329 711 5382 Πάντα
742 5327 849 5398 γὰρ
884 5325 1024 5379 καλά
1049 5328 1141 5379 καὶ
1167 5326 1317 5397 ἡδέα,
1346 5328 1441 5379 καὶ
1468 5327 1618 5380 οὐδὲν
1644 5327 1887 5396 ἀπόὸληο

312 5438 422 5485 τον,
459 5420 570 5490 τῷ,
612 5419 721 5473 Καὶ
755 5418 906 5480 ἰδοὺ,
942 5420 1096 5486 φησὶ,
1151 5418 1345 5472 πάντα
1393 5420 1545 5473 καλὰ
1584 5420 1753 5473 λίαιυ
1800 5421 1890 5472 καὶ

314 5509 550 5581 οὐδαμοῦ
591 5510 789 5573 κακίας
829 5510 945 5561 ἐστὶ
986 5510 1132 5579 ῥίζα.
1176 5509 1375 5562 Τούτου
1408 5510 1516 5581 γὰρ
1545 5511 1702 5582 χάριν
1731 5510 1825 5563 καὶ
1861 5512 1890 5562 ό

315 5604 465 5669 θεὸς,
490 5602 550 5668 ἐξ
579 5603 831 5674 ὑπαρχῆς
860 5602 1057 5668 κτίζων
1085 5602 1177 5656 τὸν
1203 5602 1378 5657 πάντα
1402 5603 1606 5673 κόσμον
1631 5606 1695 5673 τῇ
1726 5603 1891 5656 αὑτοῦ

385 5760 406 5793 ί
434 5757 499 5813 F.
536 5760 857 5832 ἰσορρεπῶς.
935 5762 952 5791 ²
994 5760 1119 5815 (lor.
1176 5759 1307 5829 ζωῇ.

1386 5760 1403 5789 ³
1435 5759 1491 5815 F.
1533 5761 1729 5823 αὐτοῖς.
1795 5759 1813 5790 ’⁵
1842 5757 1899 5812 F.
1938 5758 2135 5831 ἡμέρα.

2069 5324 2255 5379 XVIII.
2319 5325 2458 5381 Sunt
2519 5328 2664 5381 enim
2718 5329 2860 5383 bona
2924 5342 2989 5382 ac
3043 5326 3284 5395 jucunda
3340 5340 3569 5394 prorsus

1998 5419 2204 5479 omnia,
2237 5434 2414 5488 neque
2442 5418 2741 5489 quidquam
2772 5427 2888 5482 est,
2923 5418 3067 5487 quod
3100 5416 3456 5485 rejiciendum
3487 5416 3569 5469 vi-

2000 5507 2213 5562 deatur.
2233 5509 2387 5573 Quod
2412 5526 2476 5564 ex
2503 5509 2587 5564 his
2611 5509 2789 5564 verbis
2814 5516 3039 5578 apparet
3069 5527 3081 5562 :
3115 5506 3183 5560 Et
3204 5524 3337 5574 ecce,
3366 5508 3564 5577 inquit.

2002 5604 2182 5657 omnia
2214 5604 2361 5657 valde
2393 5602 2528 5657 bona
2553 5604 2573 5635 ⁵
2605 5622 2617 5657 :
2664 5617 2930 5672 nusquam
2962 5610 3019 5656 ut
3042 5600 3261 5656 malitia:
3282 5600 3434 5654 radix
3464 5599 3573 5652 ulla

2214 5759 2234 5791 ⁵
2269 5758 2399 5813 Gcn.
2435 5772 2475 5825 ι,
2500 5758 2587 5811 51.
