4008 6240
471 310 542 366 55
1867 308 1906 364 S

1971 307 2302 366 EPIPHANH
3673 317 3744 372 55

471 433 752 482 cernatur.
783 425 948 496 634
981 427 1190 481 Etenim
1228 433 1512 496 propterea
1555 423 1698 478 Deus
1736 440 1860 478 cum
1895 425 2044 478 initio

2153 425 2472 494 ἁγαθότητι,
2517 425 2640 477 καθ’
2673 425 2904 478 ἕκαστον
2946 423 3053 478 τῶν
3102 426 3416 496 κτισμάτων
3455 425 3520 479 τὸ
3573 428 3744 482 καλὸν

472 519 736 572 mundum
765 534 864 588 pro
894 534 993 572 sua
1025 519 1266 572 bonitate
1293 517 1606 580 fabricaret,
1631 517 1696 572 de
1727 533 2052 586 unaquaque

470 619 778 664 creatarum
805 626 834 662 a
867 625 924 665 se
956 625 1137 664 rerum
1164 611 1364 664 bonam
1395 625 1516 664 esse
1541 610 1914 679 pronuntiavit
1939 629 1952 663 :
1981 609 2050 662 Et

471 702 622 764 vidit,
660 695 837 770 inquit
860 741 875 764 ,
917 701 1058 756 Deus
1097 702 1236 768 quod
1269 711 1402 756 esset
1429 703 1620 755 bonum
1643 703 1683 766 ⁸,
1717 712 1776 754 ut
1805 711 1860 755 et
1889 703 1956 756 de
1979 703 2049 755 il-

469 793 646 846 larum
689 795 936 849 bonitate
967 795 1346 850 testiinonium
1393 794 1580 860 l‘crret,
1613 803 1666 848 et
1701 795 1924 848 humani
1957 810 2050 864 ge-

465 884 615 938 neris
647 875 999 938 inimicorum
1039 885 1396 940 calliditatem
1430 884 1780 950 exeluderet,
1813 886 1908 954 qui
1955 901 2050 940 ne-

469 972 754 1042 quissimis
791 971 992 1028 fabulis
1035 973 1320 1028 veritatem
1350 988 1416 1028 ex
1447 973 1762 1028 hominibus
1804 974 2050 1030 funditus

465 1065 819 1134 exstinguere
850 1073 1138 1118 conantur.
1187 1065 1369 1120 Primo
1403 1065 1672 1134 siquidem
1708 1067 1797 1120 die
1845 1068 2046 1121 οωιιιιιι

465 1171 530 1210 ac
582 1167 780 1210 terrain
809 1197 824 1220 ,
857 1157 1147 1226 lucemque
1181 1173 1304 1210 eum
1346 1157 1631 1222 omnibus,
1662 1174 1783 1227 quae
1809 1160 1860 1210 in
1903 1167 2046 1213 terra

463 1256 628 1314 sunt,
659 1250 922 1304 condidit.
971 1249 1038 1304 Et
1077 1251 1205 1304 vidit
1230 1289 1245 1312 ,
1281 1258 1330 1302 et
1383 1266 1498 1304 ecce
1531 1249 1753 1314 bonum,
1787 1251 1864 1304 ait
1899 1252 2048 1304 Scri-

465 1348 644 1408 plura.
687 1339 1010 1394 Utrumiiam
1059 1355 1187 1394 vero
1244 1339 1446 1394 bonum
1497 1356 1558 1396 se
1607 1340 1879 1394 facturum
1923 1357 2048 1398 esse

465 1430 770 1494 nesciebat,
822 1447 886 1484 eo
913 1429 1080 1500 quod,
1119 1447 1282 1500 opere
1335 1431 1570 1501 denique
1605 1431 1884 1502 perfecto,
1931 1449 2048 1488 ecce

465 1521 658 1574 bonum
702 1522 908 1578 dixisse
947 1524 1180 1592 legitur?
1225 1523 1399 1588 Quam
1431 1539 1622 1578 vocem
1671 1524 1934 1594 deinceps
1979 1525 2048 1580 de

467 1613 630 1682 aquis
651 1653 666 1676 ,
714 1614 782 1668 de
811 1615 952 1668 inari
979 1656 992 1678 ,
1023 1613 1090 1668 de
1115 1614 1453 1685 gerniinibus
1473 1655 1488 1681 ,
1523 1613 1590 1669 de
1623 1615 1944 1679 arboribus,
1978 1616 2047 1672 de

462 1706 589 1760 οωιί
621 1704 914 1770 sideribus,
950 1705 1018 1760 de
1051 1705 1373 1775 pecudibus,
1407 1707 1582 1776 deque
1626 1707 1840 1770 avibus,
1881 1708 2045 1776 repti-

2153 517 2421 585 ὲπέᾳερε,
2485 515 2685 583 λέγων·
2721 517 2830 570 Kal
2867 512 3028 570 εἶδεν
3071 520 3104 570 ό
3157 519 3330 582 Θεὸς,
3379 517 3467 570 ὅτι
3509 523 3732 574 καλόν

2151 608 2300 670 ὅπως
2323 609 2402 677 τῷ
2435 608 2586 679 καλῷ
2635 611 2982 680 μαρτυρήσῃ,
3028 609 3122 662 καὶ
3152 610 3330 662 ἀνέλοι
3355 610 3452 681 τὴν
3485 612 3596 664 τῶν
3627 615 3742 666 ἐπι-

2151 698 2362 754 ϐούλων
2404 700 2505 770 τῆς
2534 700 2884 770 ἀνθρωπείας
2919 701 3134 768 φύσεως
3166 701 3468 773 δεινότητα,
3505 703 3622 758 τῶν
3649 705 3740 759 διὰ

2153 791 2341 861 μύθων
2381 791 2634 862 πονηρῶν
2669 791 3077 862 ὲπινοησάντων
3107 793 3366 862 ἀφανίσαι
3401 797 3464 847 ὲκ
3495 796 3604 848 τῶν
3637 799 3728 850 ἀνι

2151 883 2386 954 θρώπων
2421 885 2522 954 τὴν
2567 885 2844 956 ἀλήθειαν.
2901 886 3156 956 Ἐποίησε
3201 887 3310 958 γὰρ
3347 888 3439 940 τὸν
3479 889 3736 960 οὐρανὸν,

2151 977 2246 1030 καὶ
2285 978 2385 1049 τὴν
2429 977 2556 1047 γῆν,
2589 979 2683 1031 καὶ
2713 978 2775 1032 τὸ
2819 979 2956 1046 φῶς,
2997 981 3091 1032 καὶ
3133 979 3205 1032 τὰ
3245 981 3304 1034 ὲν
3350 985 3416 1052 τῇ
3452 985 3522 1053 γῇ
3577 985 3636 1036 ὲν
3667 989 3737 1056 τῇ

2150 1069 2344 1142 πρώτη
2377 1071 2580 1140 ἡμέρᾳ.
2627 1070 2730 1124 Καὶ
2753 1067 2896 1132 εἶδε,
2929 1071 3030 1124 καί
3059 1070 3189 1125 ἰδοὺ
3237 1073 3451 1134 καλὸν.
3493 1075 3660 1144 φησὶν
3691 1078 3726 1146 ή

2149 1160 2362 1231 Γραφή.
2403 1163 2547 1233 Ἀρα
2589 1162 2701 1234 γὰρ
2741 1163 2840 1214 οὐκ
2879 1161 3020 1233 ᾔδει,
3059 1163 3141 1214 ὅτι
3184 1163 3348 1216 καλὸν
3378 1164 3612 1234 ἤμελλεν
3641 1168 3740 1237 ερ-

2147 1251 2436 1319 γάζεσθαι,
2474 1253 2556 1305 ὅτι
2585 1253 2724 1322 μετὰ
2749 1254 2809 1306 τὸ
2835 1253 3086 1321 γενέσθαι
3117 1253 3283 1320 λέγει,
3326 1254 3482 1308 Ἰδοὺ
3511 1257 3738 1321 καλῶς

2151 1343 2263 1396 Καὶ
2283 1343 2426 1396 οὕτω
2447 1343 2682 1413 καθεξῆς
2703 1344 2796 1396 ἐπὶ
2815 1347 2928 1407 τοῖς
2956 1343 3162 1407 ὕδασιν,
3191 1345 3284 1396 ἐπὶ
3309 1345 3408 1414 τῆς
3432 1346 3736 1418 θαλάσσης,

2150 1437 2244 1488 ἐπὶ
2269 1436 2380 1489 τῶν
2412 1435 2830 1506 βλαστημάτων,
2859 1437 2951 1489 ἐπὶ
2978 1435 3087 1489 τῶν
3119 1435 3310 1502 ξύλων,
3346 1438 3442 1490 ἐπὶ
3473 1438 3582 1490 τῶν
3612 1457 3734 1505 φω-

2150 1529 2362 1600 στήρων
2387 1531 2445 1581 ὲν
2472 1527 2710 1600 οὐρανῷ,
2745 1528 2966 1581 ἐπὶτῶν
2993 1529 3227 1599 κτηνῶν,
3254 1530 3344 1582 ἐπὶ
3359 1530 3470 1582 τῶν
3489 1533 3740 1600 πτηνῶν,

2147 1620 2242 1672 καὶ
2271 1619 2538 1688 ἑρπετῶν,
2579 1621 2674 1672 καὶ
2705 1619 2922 1690 ἰχθύων.
2967 1621 3104 1674 Καθ’
3133 1621 3364 1674 ἕκαστον
3391 1621 3502 1693 γάρ
3531 1621 3690 1690 ἔλεγε
3721 1640 3736 1654 ·

2149 1711 2260 1764 Καὶ
2295 1708 2456 1764 εἶδεν
2481 1714 2513 1764 ὁ
2543 1710 2712 1776 Θεὸς,
2743 1711 2841 1764 καί
2875 1711 3004 1765 ἰδοὺ
3028 1713 3238 1765 καλόν.
3267 1711 3342 1763 Οὐ
3371 1711 3434 1763 τὸ
3465 1712 3740 1781 πρότερον

463 1797 609 1852 libus
653 1812 718 1851 ac
761 1798 1008 1866 piscibus
1057 1806 1304 1868 usurpat.
1357 1795 1494 1852 Nam
1563 1799 1616 1851 in
1675 1814 2044 1868 unoquoque,

2149 1803 2381 1870 ἀγνοῶν,
2403 1803 2526 1856 οὐδὲ
2552 1803 2691 1873 μετά
2711 1802 2772 1855 τὸ
2798 1802 3070 1871 γενέσθαι,
3094 1803 3170 1866 ὡς
3199 1803 3486 1874 διαπείρας
3514 1779 3536 1834 λ
3563 1779 3736 1874 ἔσχη-

461 1889 627 1953 vidit,
665 1891 878 1959 inquit,
916 1890 1090 1954 Deus,
1143 1899 1190 1944 et
1233 1906 1348 1944 ecce
1377 1891 1590 1943 bonum.
1622 1889 1737 1942 Non
1778 1891 1922 1960 quod
1953 1899 2046 1945 aut

463 1981 744 2051 ignoraret
767 1991 948 2046 antea,
981 1993 1076 2036 aut
1107 1983 1198 2037 ubi
1233 1992 1517 2052 procreata
1559 1993 1728 2047 sunt,
1767 1983 1918 2038 velut
1947 2000 2046 2038 ex-

463 2074 732 2144 perientia
761 2075 998 2144 quadam
1029 2075 1170 2128 bona
1200 2090 1323 2131 esse
1351 2076 1744 2144 comperisset;
1777 2075 1873 2130 sed
1898 2077 2046 2144 quod

461 2165 609 2221 bona
637 2167 821 2220 omnia
851 2182 1037 2222 revera
1067 2167 1200 2231 sint,
1221 2183 1398 2237 neque
1422 2169 1546 2221 mali
1569 2167 1868 2237 quidquam
1893 2167 2044 2232 insit,

459 2269 688 2329 prOpter
711 2259 1089 2328 improborum
1121 2259 1406 2314 hominum
1429 2261 1745 2330 opinionem
1772 2261 1876 2314 hoc
1901 2262 2046 2316 velut

461 2348 688 2402 oraculo
715 2347 858 2402 bona
892 2363 1017 2404 esse
1051 2350 1234 2403 omnia
1269 2363 1335 2404 ac
1369 2350 1631 2420 praeclara
1659 2356 1890 2406 testatus
1923 2361 2041 2416 est;

462 2441 698 2511 ideoque
743 2441 946 2497 bonum
981 2457 1104 2498 esse
1145 2443 1317 2507 dixit,
1363 2441 1509 2512 quod
1537 2443 1666 2496 mali
1697 2457 1760 2498 ac
1787 2443 2044 2512 nequitia:

463 2533 644 2588 omnis
681 2533 1056 2588 exclusionem
1087 2534 1354 2586 continet.
1390 2529 1454 2586 Ut
1483 2533 1743 2586 nimirum
1775 2531 1878 2586 hoc
1901 2532 2043 2601 ipso,

462 2625 609 2694 quod
651 2639 776 2679 esse
819 2625 1024 2678 bonum
1076 2640 1240 2679 omne
1267 2624 1615 2694 signiﬁcavit,
1657 2624 1877 2677 tollatur
1910 2623 2046 2678 falsa

461 2716 558 2770 illa
590 2716 656 2769 de
680 2714 887 2768 malitia
925 2714 979 2768 in
1013 2714 1265 2770 homines
1295 2715 1507 2770 invecta
1539 2715 1842 2776 sententia,
1875 2715 2046 2782 pessi-

463 2822 662 2878 inaqne
700 2807 881 2864 omnis
917 2807 1042 2860 mali
1084 2805 1359 2876 dogmatis
1397 2805 1821 2860 architectorum
1856 2805 2045 2876 Opinio

461 2899 800 2970 proﬂigetur.

533 2991 822 3048 Postremo
861 2993 952 3048 ubi
991 2992 1061 3048 ad
1109 2992 1386 3047 hominem
1431 2999 1657 3048 ventum
1689 3001 1807 3056 est,
1839 2991 2044 3047 bonum

465 3098 590 3138 esse
623 3099 732 3138 non
779 3083 950 3148 dixit,
997 3098 1108 3138 non
1148 3083 1294 3154 quod
1339 3085 1544 3138 malum
1591 3085 1848 3154 quiddam
1882 3085 2044 3139 homo

463 3175 557 3238 sit,
591 3190 729 3245 opus
759 3177 1005 3230 omnium
1037 3193 1160 3246 qua:
1192 3178 1246 3230 in
1277 3183 1422 3230 terra
1461 3177 1684 3231 condita
1727 3183 1856 3230 sunt
1888 3177 2047 3246 longe

465 3267 1013 3332 priestaiitissiiniim;
1045 3267 1190 3336 quod
1229 3275 1287 3321 ut
1323 3268 1616 3337 imperaret
1648 3268 1864 3322 caateris
1894 3283 2048 3323 inex-

465 3356 706 3424 plicabili
743 3357 980 3426 quadam
1011 3366 1096 3410 est
1135 3372 1164 3408 a
1219 3356 1328 3410 Deo
1384 3358 1652 3427 sapientia
1687 3358 2042 3427 productum;

463 3449 555 3504 cui
597 3449 834 3517 denique
884 3465 1066 3502 rerum
1098 3448 1344 3503 omnium
1384 3464 1414 3501 a
1447 3464 1506 3503 se
1535 3458 1843 3503 creataruin
1875 3449 2046 3506 domi-

467 3551 654 3596 natum
687 3557 750 3594 ac
799 3541 1164 3610 principatum
1195 3539 1410 3595 deferre
1439 3548 1705 3594 statuerat
1736 3542 2048 3616 :_qucmad-

465 3633 690 3687 modum
719 3633 834 3687 haec
869 3633 1032 3687 verba
1076 3632 1396 3686 declarant:
1449 3631 1740 3685 Faciamus
1783 3631 2045 3686 hominem

466 3727 536 3778 ad
577 3726 860 3794 imaginem
903 3733 1142 3778 nostram
1180 3733 1230 3778 et
1277 3723 1713 3788 similitudinem;
1743 3734 1792 3777 et
1827 3727 2044 3792 prwsint

463 3816 694 3886 piscibus
717 3817 905 3882 maris,
930 3826 977 3869 et
1001 3817 1305 3870 volatilibus
1332 3817 1472 3880 coeli,
1497 3825 1544 3870 et
1569 3817 1842 3884 reptilibus
1865 3828 2042 3882 terrm,

463 3921 514 3964 et
547 3910 842 3979 jumentis,
899 3920 948 3964 et
989 3909 1206 3975 bestiis,
1250 3918 1300 3963 et
1341 3907 1585 3963 omnibus
1633 3925 1750 3979 quae
1801 3909 1858 3962 in
1901 3918 2046 3962 terra

465 4012 586 4056 sunt
619 4005 660 4058 ³.
699 4001 897 4056 Verum
944 4002 1206 4072 quoniam
1241 4000 1308 4054 ad
1355 4000 1449 4054 Dei
1497 4001 1786 4070 imaginem
1826 4009 2045 4056 creatus

463 4104 570 4160 cst,
593 4107 698 4150 tam
723 4095 1010 4151 excellenti
1042 4095 1306 4165 dignitate
1334 4102 1604 4148 contenta:
1635 4109 1806 4148 sacra:
1829 4092 2044 4148 Litterm

464 4189 720 4254 fuerunt,
765 4189 912 4243 nulla
963 4199 1020 4243 ut
1049 4189 1368 4243 accessione
1395 4185 1534 4257 opus
1579 4203 1702 4242 esse
1745 4187 2042 4242 videretur.

461 4279 598 4333 Nam
655 4282 699 4336 si
753 4281 1020 4335 bonitatis
1077 4281 1254 4352 ipsius
1303 4287 1420 4333 erat
1471 4278 1707 4348 imagine
1759 4278 2040 4348 praiditus,

465 4371 560 4425 Dei
591 4374 848 4424 nimirum
869 4387 931 4424 ac
965 4371 1210 4436 Domini,
1241 4372 1334 4441 qui
1369 4372 1440 4426 sit
1469 4372 1712 4424 omnium
1747 4386 1927 4423 rerum
1957 4385 2046 4422 ar-

2148 1893 2260 1957 κὼς
2283 1893 2374 1946 τοῦ
2400 1893 2621 1958 εἰδέναι,
2648 1895 2729 1947 ὅτι
2759 1893 2942 1956 καλὸν,
2969 1893 3104 1946 ἀλλά
3125 1895 3234 1946 ἀπὸ
3257 1894 3352 1948 τοῦ
3379 1891 3518 1946 εἶναι
3551 1895 3746 1946 πάντα

2147 1983 2312 2046 καλά,
2363 1985 2458 2036 καὶ
2497 1983 2736 2054 οὐδαμοῦ
2788 1980 2925 2036 εἶναι
2973 1983 3144 2036 κακὸν
3193 1983 3588 2055 προεθέσπιζε,
3643 1985 3738 2038 διὰ

2145 2075 2245 2145 τὴν
2277 2075 2385 2126 τῶν
2417 2073 2766 2128 κακοϐούλων
2795 2072 2976 2137 δόξαν,
3005 2073 3116 2126 τῶν
3151 2075 3366 2128 πάντων
3397 2073 3618 2142 ἀγαθῶν
3645 2075 3740 2126 δν-

2145 2186 2254 2222 των
2287 2169 2383 2222 καὶ
2415 2167 2594 2222 καλῶν
2629 2167 3108 2238 μαρτυρουμένων,
3139 2167 3281 2218 κατά
3311 2166 3410 2236 τὴν
3435 2165 3530 2218 τοῦ
3565 2166 3734 2219 καλοῦ

2145 2259 2524 2330 ἀληθεστάτην
2553 2257 2861 2330 μαρτυρίαν
2889 2258 2950 2310 τὸ
2983 2257 3148 2310 καλὸν
3177 2258 3352 2325 ἔλεγε,
3389 2257 3644 2328 στέρησις
3671 2257 3738 2310 ὃν

2149 2352 2352 2415 παντὸς
2379 2350 2586 2420 ἀγαθοῦ
2631 2351 2728 2403 καὶ¹
2757 2349 2944 2419 πάσης
2981 2350 3181 2412 κακίας
3201 2367 3214 2380 ·
3245 2351 3340 2404 καὶ
3377 2351 3463 2402 ἵνα
3499 2349 3610 2403 ἀπὸ
3637 2349 3733 2402 τοῦ

2147 2443 2313 2497 καλὸν
2339 2440 2480 2497 εἶναι
2506 2443 2566 2496 τὸ
2592 2444 2722 2506 πᾶν,
2755 2442 3052 2513 ἀναιρῆται.
3073 2442 3102 2494 ὁ
3133 2443 3262 2512 περὶ
3291 2441 3490 2504 κακίας
3521 2439 3738 2512 ἀνθρώ-

2146 2552 2271 2598 ποις
2305 2535 2722 2605 ὲπινενοημένος
2750 2533 2926 2603 λόγος,
2963 2534 3050 2587 ἵνα
3087 2533 3186 2603 τὴν
3231 2535 3413 2587 πᾶσαν
3457 2533 3734 2604 ὑπόληψιν

2145 2625 2245 2696 τὴν
2267 2625 2606 2695 κακότροπον
2623 2623 2731 2678 τῶν
2759 2625 2859 2695 τὴν
2879 2623 3226 2678 διδασκαλίαν
3253 2625 3738 2696 παρεισφερόντων

2146 2718 2491 2772 παντάπασιν
2524 2717 2704 2771 ἀνέλοι

2217 2979 2352 3038 Εἶτα
2381 2983 2550 3038 ἐλθὼν
2583 2984 2677 3038 ἐπὶ
2711 2983 2802 3038 τὸν
2836 2983 3144 3055 ἄνθρωπον,
3171 2983 3274 3036 οὐκ
3317 2978 3491 3046 εἶπεν,
3523 2983 3607 3037 ὅτι
3631 3001 3734 3038 κα-

2147 3076 2258 3138 λὸν,
2285 3077 2386 3146 οὐχ
2413 3077 2494 3130 ὅτι
2525 3077 2696 3132 κακὸν
2729 3079 2757 3129 ὁ
2785 3075 3091 3147 ἄνθρωπος,
3123 3076 3185 3128 τὸ
3209 3073 3542 3146 ὲξοχώτατον
3577 3077 3734 3146 παρά

2153 3171 2331 3224 πάντα
2362 3169 2432 3222 τά
2465 3171 2558 3222 ἐπὶ
2589 3169 2691 3239 τῆς
2716 3170 2820 3240 γῆς
2847 3168 3167 3238 ἐκτισμένα,
3193 3167 3286 3222 τὸν
3313 3169 3406 3220 ἐπὶ
3435 3167 3514 3239 τῷ
3539 3169 3732 3239 ἄρχειν

2149 3262 2214 3314 ὲκ
2248 3259 2385 3312 Θεοῦ
2427 3259 2748 3330 ὲκτισμένον
2784 3259 2948 3330 σοφία
2974 3243 3220 3330 ἀρρήτῳ,
3255 3253 3298 3326 ᾧ
3325 3259 3518 3328 ἔμελλε
3551 3277 3734 3330 παρα-

2147 3352 2349 3406 διδόναι
2399 3351 2532 3414 Θεδς
2572 3354 2650 3415 είς
2683 3351 3004 3404 δεσποτείαν
3043 3351 3151 3406 τῶν
3181 3353 3272 3404 ὑπ’
3307 3350 3476 3404 αὑτοῦ
3511 3351 3732 3405 πάντων

2147 3447 2510 3518 ὲκτισμένων,
2537 3446 2614 3510 ὥς
2643 3462 2810 3518 φησι·
2848 3445 3205 3515 Ποιήσωμεν
3243 3445 3561 3514 ἄνθρωπον
3601 3445 3737 3500 κατ’

2147 3539 2350 3592 εἰκόνα
2383 3535 2676 3606 ἡμετέραν
2707 3537 2806 3592 καὶ
2840 3539 2968 3592 καθ’
2990 3538 3306 3605 ὁμοίωσιν·
3347 3537 3446 3591 καί
3475 3537 3734 3607 ἀρχέτω-

2147 3647 2270 3684 σαν
2301 3629 2419 3683 τῶν
2452 3631 2672 3698 ἰχθύων
2711 3629 2822 3698 τῆς
2865 3629 3185 3698 θαλάσσης
3247 3630 3346 3684 καί
3384 3629 3503 3684 τῶν
3541 3645 3734 3685 πετει-

2145 3722 2270 3776 νῶν
2313 3722 2419 3776 τοῦ
2449 3721 2730 3790 οὐρανοῦ,
2765 3721 2864 3775 καὶ
2895 3719 3013 3774 τῶν
3035 3721 3302 3789 ἑρπετῶν
3323 3721 3434 3789 τῆς
3467 3721 3600 3791 τῆς,
3631 3720 3735 3775 καί

2147 3814 2404 3882 κτηνῶν,
2439 3813 2542 3868 καί
2565 3815 2804 3883 θηρίων,
2836 3813 2938 3868 καί
2971 3813 3212 3868 πάντων
3247 3815 3364 3868 τῶν
3396 3815 3587 3868 ὄντων
3629 3815 3730 3868 ἐπὶ

2145 3908 2258 3975 τῆς
2295 3907 2429 3976 τῆς.
2478 3907 2618 3960 Ἀλλ’
2669 3907 2856 3977 ἐπειδὴ
2903 3907 3021 3960 κατ’
3073 3907 3256 3960 εἰκόνα
3303 3905 3438 3960 Θεοῦ
3480 3907 3729 3978 ἐκτίσθη,

2145 3999 2391 4071 ἠρκέσθη
2419 3999 2480 4052 τὸ
2519 4001 2660 4053 θεῖον
2699 3999 2936 4070 γράμμα
2975 3998 3049 4069 τῷ
3075 3999 3314 4069 τοσούτῳ
3347 3998 3618 4069 ἀξιώματι
3653 4000 3731 4070 μὴ

2147 4092 2334 4163 χρείαν
2367 4091 2511 4162 ἔχειν
2543 4091 2864 4163 προσθήκης
2891 4091 2990 4144 ἔτι.
3024 4092 3083 4144 Εἰ
3116 4092 3224 4163 γὰρ
3255 4091 3428 4162 αὐτῆς
3455 4091 3557 4161 τῆς
3583 4093 3729 4160 ἀγα-

2148 4185 2368 4254 θότητος
2413 4180 2526 4254 εἶχε
2574 4185 2910 4254 κεκτημένος
2953 4184 3052 4253 τὴν
3085 4183 3300 4248 εἰκόνα,
3351 4183 3492 4256 φημί
3531 4183 3588 4236 δὲ
3634 4183 3730 4238 τοῦ

2149 4277 2357 4348 Κυρίου
2389 4276 2526 4329 Θεοῦ
2555 4276 2735 4346 πάσης
2761 4275 2992 4336 κτίσεως
3012 4273 3346 4346 δημιουργοῦ
3375 4277 3468 4328 καὶ
3496 4273 3726 4342 ἀγαθοῦ,

2147 4369 2206 4433 ἐξ
2235 4363 2294 4423 οὗ
2343 4369 2494 4421 πᾶσα
2539 4367 2691 4437 πηγὴ
2725 4366 3088 4437 ἀγαθοσύνης,
3123 4367 3182 4432 ἐξ
3213 4362 3276 4420 οὗ
3317 4367 3380 4420 τὸ
3418 4367 3620 4435 ἀγαθὸν
3669 4369 3729 4420 ἐν

462 4461 594 4516 til‘ex
628 4478 691 4516 ac
719 4463 918 4520 bonus.
944 4479 974 4515 a
997 4478 1107 4532 quo
1125 4463 1386 4518 bonitatis
1415 4464 1535 4516 fons
1564 4463 1766 4524 omnis,
1799 4459 2044 4528 adeoque

2148 4463 2313 4514 πᾶσιν
2369 4460 2636 4530 ὑπάρχει·
2699 4459 2818 4522 πῶς
2871 4459 2952 4511 ἔτι
3007 4460 3197 4530 χρείαν
3250 4457 3362 4531 εἶχε
3419 4461 3726 4532 μαρτυρίας

463 4555 666 4608 bonum
697 4554 860 4625 635
891 4555 1067 4623 ipsum
1103 4555 1156 4608 in
1185 4555 1440 4609 universa
1470 4555 1768 4616 derivatur,
1801 4552 1934 4621 quid
1963 4561 2045 4605 at-

463 4644 673 4697 tinebat
707 4643 810 4697 lioc
861 4643 1054 4695 audire
1094 4643 1507 4706 testimonium,
1544 4640 1613 4694 Et
1649 4656 1764 4694 ecce
1809 4640 2000 4692 bonum
2026 4679 2041 4700 ,

461 4747 587 4786 cum
609 4731 736 4786 boni
761 4733 933 4802 ipsius
957 4733 1246 4803 imaginem
1281 4733 1334 4784 in
1366 4747 1487 4786 sese
1509 4729 1857 4784 contineret?
1885 4728 2042 4782 Post-

459 4841 524 4880 ea
570 4833 792 4888 tamen,
835 4825 1104 4880 absolutis
1149 4825 1406 4878 omnibus
1457 4823 1822 4892 universeque
1877 4837 2042 4890 opere

463 4917 729 4990 perfecto,
765 4917 914 4970 velut
954 4917 1286 4986 obsignans,
1325 4916 1465 4969 idem
1517 4917 1582 4968 de
1609 4913 1863 4966 omnibus
1891 4913 2044 4966 teSIi-

461 5011 705 5064 ιιιιιιιὶιιιιι
733 5009 951 5062 divinus
978 5023 1160 5063 sermo
1187 5007 1412 5076 protulit
1454 5025 1466 5059 :
1500 5004 1566 5058 Et
1593 5005 1722 5058 vidit
1751 5003 1890 5056 Deus
1915 5020 2044 5054 ciui-

461 5113 547 5155 cta
576 5118 692 5170 qua:
735 5100 955 5170 fecerat,
987 5109 1036 5152 et
1077 5115 1192 5152 ecce
1238 5097 1388 5151 ualde
1427 5095 1596 5158 bona;
1631 5095 1720 5148 tibi
1769 5105 1823 5148 et
1853 5111 2040 5146 νοω-ιιι

461 5195 632 5258 illam,
659 5193 832 5255 valde,
867 5193 1110 5247 additam
1143 5191 1314 5244 voluit
1351 5193 1490 5258 (erat
1520 5203 1649 5242 vero
1678 5197 1791 5240 tum
1820 5203 1868 5238 v1
1898 5186 2037 5248 dies,

461 5287 547 5338 vel
576 5287 777 5355 quietis
815 5291 910 5356 vn)
937 5325 952 5350 ,
987 5291 1077 5349 iit,
1111 5283 1258 5336 omni
1306 5281 1544 5350 perversi
1596 5281 1742 5334 illius
1784 5277 1850 5333 de
1893 5281 2037 5334 male

461 5375 736 5444 dogmatis
777 5381 920 5432 velut
955 5376 1138 5430 radice
1173 5374 1415 5436 sublata,
1453 5387 1643 5426 ansam
1691 5371 1816 5424 inde
1851 5371 2036 5426 nullus

464 5475 627 5520 tantae
667 5469 992 5522 temeritatis
1037 5467 1341 5536 arriperet,
1384 5465 1774 5532 sciiipitei‘nani
1813 5472 1872 5517 ut
1913 5479 2036 5518 esse

461 5561 720 5614 malitiam
751 5560 1042 5629 cogitaret.
1065 5559 1198 5613 Nam
1221 5557 1490 5628 ejusmodi
1517 5557 1582 5610 de
1605 5557 1694 5609 illa
1723 5571 2038 5610 sermonum

535 5715 708 5770 ‘Gcn.
744 5729 781 5780 ι,
823 5715 904 5781 io,
946 5715 1026 5782 ιε,
1066 5713 1385 5781 13,91,23.
1465 5715 1483 5744 ι
1523 5711 1652 5766 ibid.
1695 5711 1848 5774 1.26.

2143 4553 2398 4618 ἀκοῦσαι,
2429 4553 2511 4606 ὅτι
2546 4551 2691 4606 Ἰδοὺ
2741 4552 2966 4617 καλὸν,
2997 4553 3158 4605 ὁπότε
3201 4554 3298 4624 τὴν
3341 4553 3526 4606 εἰκόνα
3559 4553 3726 4606 αὐτοῦ

2141 4645 2235 4698 τοῦ
2263 4643 2430 4697 καλοῦ
2464 4640 2578 4716 εἶχε
2613 4644 2984 4716 κεκτημένος;
3026 4645 3140 4714 Ἐφ’
3174 4644 3399 4716 ὕστερον
3431 4645 3488 4698 δὲ
3513 4646 3607 4698 ἐπὶ
3631 4646 3724 4699 τέ-

2141 4735 2224 4788 λει
2261 4735 2371 4788 τῶν
2413 4735 2570 4800 ὅλων,
2617 4736 2758 4806 μετὰ
2789 4735 2854 4789 τὸ
2883 4737 3106 4808 ποιῆσαι
3135 4739 3314 4791 πᾶσαν
3343 4735 3723 4808 δημιουργίαν,

2143 4825 2686 4896 ὲπισφραγισάμενος
2722 4829 2750 4880 ὁ
2785 4825 2928 4890 θεῖος
2957 4826 3134 4895 λόγος,
3161 4831 3272 4890 τοῖς
3306 4829 3438 4880 πᾶσι
3485 4828 3582 4898 τὴν
3631 4829 3728 4882 αὐ-

2145 4918 2244 4988 τὴν
2276 4919 2584 4988 μαρτυρίαν
2611 4917 2880 4989 προύθετο
2907 4919 3131 4987 φάσκων
3155 4935 3167 4947 ’
3193 4919 3300 4972 Καὶ
3331 4919 3493 4972 εἶδεν
3512 4923 3546 4973 ό
3583 4923 3726 4987 Θεὸς

2145 5006 2343 5060 πάντα
2385 5007 2504 5062 ὅσα
2545 5009 2820 5076 ἐποίησε,
2867 5007 2966 5060 καὶ
3009 5007 3138 5060 ἰδοὺ
3169 5008 3330 5062 καλὰ
3372 5009 3548 5062 λίαν·
3587 5011 3728 5080 μετά

2144 5102 2464 5174 προσθήκης
2506 5103 2600 5155 τοῦ
2650 5104 2794 5155 ,λίαν
2839 5100 3018 5154 εἰπών
3087 5099 3268 5172 (αὕτη
3321 5103 3374 5154 δὲ
3431 5102 3726 5174 ἐτύγχανεν

2141 5192 2272 5263 ’ἑκτη
2309 5193 2493 5262 ἡμέρα
2521 5193 2618 5244 καὶ
2647 5193 2852 5261 ἑϐδόμη
2891 5191 3314 5262 καταπαύσεως)
3343 5210 3355 5222 ·
3390 5194 3474 5245 ἵνα
3501 5195 3601 5266 τὴν
3642 5195 3720 5264 bi-

2145 5283 2244 5346 ζαν
2265 5284 2363 5354 τὴν
2392 5285 2519 5354 περί
2547 5283 2641 5336 τοῦ
2679 5283 2850 5335 κακοῦ
2897 5283 3124 5348 ἀνελὼν,
3161 5284 3356 5355 μηκέτι
3387 5285 3538 5355 εὖροι
3581 5285 3718 5348 πρό-

2145 5376 2307 5444 φασίν
2351 5393 2434 5438 τις
2477 5375 2636 5428 τοῦτο
2674 5374 2965 5444 τολμῆσαι,
2999 5375 3346 5440 ἀῐδιάζουσαν
3387 5377 3484 5446 τὴν
3527 5378 3724 5430 κακίαν

2143 5465 2488 5518 διανοεῖσθαι.
2537 5465 2828 5536 Ἀνῄρηται
2863 5467 2970 5538 γὰρ
2997 5470 3026 5520 ὀ
3052 5467 3216 5531 αὐτὸς
3239 5469 3366 5538 περὶ
3397 5468 3602 5538 ταύτης
3629 5467 3716 5521 λό-

2147 5575 2262 5626 γος.
2295 5555 2550 5627 Ούδαμοῦ
2581 5559 2688 5628 γὰρ
2709 5555 2775 5630 ἦν
2801 5559 2862 5611 τὸ
2887 5561 3076 5624 κακὸν,
3104 5561 3322 5614 πάντων
3349 5559 3529 5612 καλῶν
3553 5559 3720 5614 ὄντων

1927 5711 1946 5742 ³
1987 5709 2047 5763 F.
2081 5711 2166 5763 διὰ
2205 5712 2414 5780 πεέρας.
