4008 6240
303 347 375 401 57
918 347 1291 406 ADVERSUS
1330 351 1671 409 HASRESES
1707 353 1838 407 LIB.
1883 352 1897 406 l

2005 353 2155 412 ron.
2199 357 2260 414 ιι.
2301 391 2370 400 -
2411 360 2688 416 ιιίεῐιεδ.
2732 360 2912 415 ωίνι.
3517 346 3582 419 ss

298 461 446 529 λίαν,
479 463 572 514 καὶ
600 464 662 515 ὲκ
697 463 830 516 Θεοῦ
860 465 1066 534 ἀγαθοῦ
1099 468 1508 539 γεγενημένων,
1555 469 1647 522 καὶ
1684 485 1888 538 μεμαρ-

2005 473 2212 528 mcasio
2235 474 2568 544 praaciditur.
2598 474 2781 544 Neque
2801 476 2944 528 enim
2972 475 3171 527 malum
3203 476 3413 544 uSpiam
3444 493 3580 540 ριἠι,

299 569 441 626 τυρη
451 553 647 625 μένων.

377 733 478 787 16⁷.
521 733 695 804 ’Ύλης
733 733 789 786 δὲ
819 733 969 805 διττὴ
1011 734 1352 805 ήόνομαοία.
1377 733 1457 786 Τὸ
1492 732 1591 803 μὲν
1637 735 1766 803 γὰρ,
1815 741 1892 795 ὡς

304 825 465 896 ἔφην,
503 826 646 880 κατὰ
685 827 775 879 τὸν
808 826 934 880 νοῦν
965 827 1058 879 τοῦ
1095 826 1375 895 ἀλιτηρίου
1417 825 1564 877 ἐστὶν
1612 825 1891 894 ἐνεργείας

303 917 403 971 καὶ
429 917 638 988 φθορᾶς
672 917 816 989 [καὶ]
849 918 1190 986 ἀναλωτικῆς
1224 917 1395 988 ὄνομα
1413 932 1426 946 ’
1453 915 1585 986 ὕλην
1613 916 1669 970 δὲ
1695 915 1891 968 εἰώθα-

306 1025 410 1078 μεν
436 1008 614 1078 λέγειν
641 1009 737 1079 τὴν
762 1011 1031 1081 κόσμησιν
1056 1010 1288 1064 ἑκάστου
1312 1009 1636 1080 πράγματος
1658 1011 1768 1070 τοῖς
1792 1009 1892 1070 τὰς

305 1101 504 1171 τέχνας
557 1101 979 1173 ἐργαζομένοιςσ
1027 1104 1102 1165 ὡς
1155 1103 1351 1163 εἰπεῖν,
1408 1100 1506 1170 ὕλη
1541 1100 1734 1167 ξύλων,
1789 1098 1891 1168 ὕλη

306 1193 671 1265 πηλουργίας,
714 1193 814 1264 ὕλη
855 1194 1080 1266 χρυσοῦ,
1118 1193 1218 1264 ὕλη
1253 1191 1516 1263 ἀργύρου.
1555 1191 1788 1259 Λέγεται
1834 1190 1892 1242 δὲ

311 1285 416 1355 ὕλη
445 1304 530 1350 τις
553 1286 818 1357 ἐργασίας
849 1287 906 1338 ὲν
933 1289 1048 1349 τοῖς
1080 1284 1384 1356 σώμασινή
1413 1285 1521 1337 ἀπὸ
1556 1282 1892 1352 φθαρμάτων

306 1377 608 1441 κακώσεως
651 1377 1016 1448 συναγομένη.
1053 1377 1274 1444 Λεγέτω
1316 1378 1495 1429 τοίνυν
1519 1377 1546 1427 6
1581 1375 1892 1446 πρόσφατος

305 1470 461 1540 ἥκων
510 1470 723 1540 μάντις,
755 1471 850 1522 καὶ⁵
886 1471 954 1522 τά
1001 1469 1108 1540 πρὸ
1149 1468 1360 1522 αἰώνων
1405 1467 1889 1537 ἐπαγγελλόμενος.

321 1560 620 1632 Ἑτόλμησε
659 1559 768 1631 γάρ
798 1561 826 1613 6
867 1559 1104 1623 τοιοῦτος
1141 1560 1232 1612 καὶ
1279 1558 1502 1629 Πνεῦμα
1544 1557 1891 1629 παράκλητον

306 1652 501 1706 ἑαυτὸν
543 1652 724 1721 λέγειν
742 1670 755 1684 ·
785 1651 975 1706 ἄλλοτε
1001 1651 1057 1704 δὲ
1099 1652 1396 1705 ἀπόστολον
1451 1651 1624 1719 Ἰησοῦ
1653 1649 1890 1720 Χριστοῦ

306 1745 522 1809 ἑαυτὸν,
553 1746 628 1808 ὡς
660 1746 820 1815 ἔφην,
849 1745 1198 1815 ὲπιφημίξει,
1229 1743 1352 1796 οὔτε
1383 1739 1519 1807 εἶδος
1561 1743 1891 1814 περιστερᾶς

1995 578 2118 617 cum
2147 566 2306 620 valde
2340 567 2480 621 bona
2519 575 2706 622 essent
2743 568 2948 630 omnia,
2980 578 3031 622 et
3071 583 3100 620 a
3143 568 3285 621 bono
3317 569 3424 623 Deo
3459 587 3580 639 pro-

1995 655 2181 717 ducta,
2213 657 2572 728 ejusdemque
2611 657 2926 711 testimonio
2963 659 3338 726 comprobata.

2065 745 2204 799 XIX.
2249 746 2519 801 Czeterum
2578 746 2819 801 materia:
2852 763 3048 802 nomen
3094 748 3364 818 duplicem
3411 753 3581 821 signi-

1997 837 2303 893 ficationem
2353 839 2608 893 obtinet:
2663 839 2833 894 altera
2862 848 2946 894 est
2997 856 3117 910 quae
3164 857 3228 895 ex
3269 842 3580 897 detestandi

1995 930 2144 986 illius
2205 931 2442 988 hominis
2491 932 2790 997 sententia,
2845 933 3113 986 actionem
3167 942 3221 987 et
3267 938 3572 1005 corruptio

1997 1037 2118 1076 nem
2170 1038 2234 1077 ac
2276 1025 2739 1094 consumptriccm
2785 1025 3078 1094 quamdam
3133 1026 3239 1078 vim
3292 1028 3579 1095 exprimit;

1995 1114 2183 1176 altera,
2209 1131 2316 1184 qua
2337 1117 2501 1186 vulgo
2525 1132 2708 1170 rerum
2732 1117 2998 1182 omnium,
3015 1132 3136 1186 qua:
3163 1119 3229 1170 ad
3254 1134 3410 1172 usum
3443 1121 3543 1172 arti
3563 1150 3580 1158 --

1997 1206 2110 1262 ﬁcis
2137 1217 2408 1277 spectant,
2445 1217 2764 1278 apparatum
2793 1209 3076 1262 materiam
3103 1211 3339 1264 dicimus
3369 1227 3383 1261 τ
3412 1211 3580 1264 veluti

1994 1297 2289 1368 lignorum,
2341 1301 2557 1370 ﬁglinre,
2595 1301 2714 1354 auri
2755 1301 3078 1370 argentique
3123 1303 3425 1356 materiem.
3474 1301 3584 1371 Ap-

1995 1390 2228 1459 pellatur
2255 1399 2309 1445 et
2338 1392 2562 1444 materia
2600 1392 2651 1444 in
2680 1390 3025 1464 corporibus.
3051 1405 3171 1460 quae
3195 1406 3260 1445 ex
3289 1391 3578 1445 humerum

1994 1483 2306 1551 corruptela
2361 1482 2602 1551 vitioque
2645 1483 2941 1552 colligitur.
2997 1479 3151 1535 Dicat
3196 1483 3378 1551 itaque
3407 1498 3582 1536 novus

1994 1573 2086 1627 ille
2108 1582 2280 1636 vates,
2329 1573 2422 1643 qui
2455 1588 2512 1627 se
2546 1588 2609 1628 ea
2659 1574 2801 1628 scire
2842 1574 3146 1642 proﬁtetur,
3182 1589 3303 1644 quae
3332 1575 3401 1629 ab
3432 1576 3579 1628 omni

1994 1665 2298 1718 aiternitate
2347 1663 2584 1718 fuerunt.
2622 1663 2898 1732 Siquidem
2928 1673 2980 1718 et
3006 1665 3337 1734 paraelelum
3369 1681 3429 1721 se
3461 1664 3584 1734 Spi-

1995 1757 2160 1811 ritum
2197 1757 2337 1811 idem
2397 1756 2488 1810 ille
2537 1772 2643 1809 non
2678 1756 2947 1810 dubitavit
2987 1773 3252 1812 asserere.
3303 1758 3580 1812 Interdum

305 1853 441 1890 ποτε
487 1813 872 1907 ἐνδυσάμενος,
919 1813 1042 1889 οὐδέ
1079 1835 1140 1888 τὸ
1184 1835 1278 1888 ἀπ’
1305 1834 1534 1905 οὐρανοῦ
1569 1813 1647 1895 εἰς
1691 1832 1893 1902 ἔνδυμα

2005 1864 2124 1901 vero
2165 1859 2215 1902 et
2255 1848 2563 1917 apostolum
2597 1846 2725 1901 Jesu
2754 1847 2981 1910 Christi,
3013 1858 3070 1901 ut
3103 1858 3228 1901 ante
3261 1847 3372 1902 dixi
3394 1888 3408 1912 ,
3441 1865 3582 1902 nun-

303 1927 615 1998 ἀφθαρσίας
639 1926 868 1996 δύναμιν
898 1931 1010 1990 τοῖς
1039 1926 1356 1988 ἀποστόλοις
1397 1924 1643 1995 πεμφθὲν
1669 1924 1893 1993 Πνεῦμα

304 2020 683 2091 παράκλητον,
721 2019 749 2071 ὃ
796 2018 1164 2089 ἐπηγγείλατο
1213 2021 1452 2089 πέμπειν
1491 2019 1519 2069 6
1559 2016 1890 2086 Μονογενὴς,

304 2112 379 2164 οὺ
409 2108 563 2178 μετὰ
590 2109 827 2175 πολλὰς
853 2108 1080 2177 ἡμέρας
1114 2109 1353 2174 ἐκείνας
1383 2108 1726 2180 ὁρισάμενος,
1759 2107 1893 2160 ἀλλὰ

303 2201 472 2264 εὐθὺς
505 2201 670 2254 αὐτοῦ
715 2201 1054 2265 ἀνελθόντος,
1086 2203 1161 2264 ὼς
1205 2200 1389 2268 ἔλεγεν
1411 2217 1424 2231 ο
1471 2202 1605 2253 Ἐὰν
1636 2200 1749 2270 ἐγὼ
1780 2201 1894 2254 ἀπο

303 2292 483 2357 έλθω,
509 2291 740 2357 ἐκεῖνος
767 2293 1104 2345 ἐλεύσεται.
1140 2292 1250 2357 καὶ
1273 2291 1435 2353 εὐθὺς
1471 2293 1529 2343 ὲν
1552 2292 1630 2360 τῷ
1661 2290 1892 2361 ὑπερῴῳ

304 2385 659 2456 ἐπλήσθησαν
694 2384 1016 2454 Πνεῦματος
1043 2383 1224 2452 ἁγίου,
1256 2387 1313 2437 ἐν
1339 2382 1417 2454 τῷ
1449 2384 1766 2453 ἀνακάμψαι
1797 2383 1896 2434 αὐ-

303 2478 433 2541 τοὺς
464 2477 574 2530 ἀπὸ
600 2475 694 2529 τοῦ
717 2475 876 2546 ὅρους
901 2476 1009 2528 τῶν
1045 2475 1295 2538 Ἐλαιῶν,
1322 2475 1464 2529 κατά
1490 2476 1550 2528 τὸ
1574 2473 1894 2545 γεγραμμέ-

307 2587 396 2624 νον
418 2587 432 2599 ·
458 2569 571 2624 Καὶ
599 2568 892 2638 ὤφθησαν
916 2569 1125 2634 αὐτοῖς
1160 2567 1435 2638 γλῶσσαι
1474 2566 1664 2636 πυρὸς
1692 2566 1892 2634 διαμεο

298 2659 620 2731 ριζὸμεναι,
658 2661 757 2715 καὶ
795 2663 828 2714 ό
865 2657 1033 2725 οἶκος
1066 2659 1419 2730 ἐνεπλήσθη
1463 2658 1666 2725 ὥσπερ
1696 2656 1894 2725 πνοῆς

299 2753 546 2818 βιαίας,
594 2751 694 2805 καὶ
738 2751 1061 2806 ἐπεκάθισε
1101 2751 1168 2804 τὸ
1211 2751 1455 2820 Πνεῦμα
1502 2749 1594 2820 ἐφ’
1633 2749 1896 2803 ἕκαστον

305 2844 528 2912 αὐτῶν,
576 2842 675 2898 καὶ
704 2843 976 2899 ἐλάλουν
1018 2843 1326 2914 γλώσσαις
1355 2844 1429 2898 τὰ
1464 2841 1766 2911 θαυμάσια
1787 2839 1894 2893 τοῦ

309 2934 493 2997 Θεοῦ,
546 2935 646 2988 καί
702 2934 961 3001 ἕκαστος
1009 2933 1240 3003 ἢκουσε
1300 2933 1377 3002 τῇ
1443 2933 1564 3000 ἰδίᾳ
1617 2931 1892 3003 γλώσσῃ.

307 3024 511 3082 Ἦσαν
531 3027 601 3080 δὲ
626 3027 746 3082 ἀπὸ
777 3027 1009 3094 παντὸς
1037 3027 1257 3098 γένους
1286 3026 1398 3094 τῆς
1425 3027 1546 3081 ὑπὸ
1571 3025 1680 3079 τὸν
1716 3027 1894 3092 οὐρα-

1995 1949 2182 2008 cupat.
2236 1940 2397 2009 Atqui
2437 1954 2609 2008 neque
2655 1939 2922 1993 columbae
2956 1938 3184 2008 ﬁguram
3221 1955 3459 2008 unquam
3508 1943 3585 1996 in-

1995 2034 2142 2095 duit,
2203 2050 2379 2103 neque
2439 2032 2702 2104 Spiritum
2755 2032 2906 2085 illum
2965 2033 3322 2101 parat-letum,
3378 2034 3469 2104 qui
3524 2044 3584 2087 ut.

1996 2127 2274 2196 apostolos
2309 2127 2510 2179 virtute
2544 2124 2974 2193 iucorruptionis
3010 2123 3300 2187 indueret,
3337 2125 3391 2177 in
3431 2140 3524 2179 eos
3553 2145 3583 2179 c

1995 2215 2136 2269 coelo
2171 2215 2446 2269 demissus
2473 2221 2576 2268 est.
2622 2211 2795 2278 Quem
2844 2214 3007 2267 etiam
3043 2213 3339 2268 missurmn
3367 2231 3424 2270 se
3463 2218 3584 2268 1ιηὶ-

1995 2309 2215 2380 genitus
2257 2307 2352 2363 Dei
2387 2305 2558 2362 Filius
2603 2307 2891 2376 promisit,
2949 2325 3053 2361 non
3095 2316 3214 2376 post
3251 2308 3443 2364 multos
3487 2311 3582 2364 lios

1998 2403 2110 2456 dies
2133 2403 2172 2468 ¹,
2197 2400 2290 2456 sed
2309 2398 2472 2455 simul
2507 2408 2670 2469 atque
2709 2398 3122 2454 conscendisset
3155 2399 3210 2452 in
3258 2401 3483 2464 (-neltim,
3524 2413 3584 2454 ut

1996 2493 2114 2563 ipse
2143 2491 2332 2546 deﬁnit
2369 2492 2457 2548 his
2491 2493 2677 2546 verbis
2703 2509 2715 2546 :
2751 2491 2812 2546 Si
2841 2493 2980 2546 enim
3022 2492 3201 2547 abiero
3233 2493 3323 2546 ille
3349 2495 3510 2547 veniet
3536 2497 3580 2550 ’.

1994 2587 2073 2638 Ac
2105 2584 2338 2640 subinde
2369 2583 2422 2636 in
2473 2584 2761 2638 cmnaculo
2804 2584 2996 2652 repleti
3035 2592 3161 2637 sunt
3200 2584 3407 2653 Spiritu
3449 2600 3581 2640 san-

1994 2685 2107 2741 cto,
2131 2692 2255 2730 cum
2285 2692 2351 2731 ex
2383 2676 2664 2730 Olivarum
2698 2684 2884 2730 monte
2915 2676 3228 2731 rediissent.
3256 2675 3421 2745 quue
3449 2675 3584 2729 adeo

1996 2771 2083 2825 his
2109 2771 2294 2826 verbis
2327 2770 2611 2840 Scriptura
2647 2776 2878 2824 testatur
2913 2787 2928 2824 :
2974 2767 3044 2821 Et
3079 2769 3583 2837 apparueruntipsis

1999 2859 2192 2930 lingua:
2234 2860 2370 2928 ignis
2407 2859 2736 2928 dispertitur,
2781 2867 2830 2912 et
2871 2857 3058 2913 domus
3094 2861 3296 2928 repleta
3321 2870 3398 2910 est
3430 2860 3585 2928 quasi

1997 2962 2146 3006 vento
2186 2953 2472 3005 vehementi
2499 2992 2512 3012 .
2566 2950 2858 3020 reseditque
2890 2951 3120 3019 Spiritus
3155 2965 3318 3015 supra
3345 2951 3584 3020 singulos

1997 3058 2202 3101 eorum.
2224 3051 2272 3094 et
2301 3040 2648 3110 loquebantur
2671 3039 2863 3109 linguis
2892 3040 3162 3109 magualia
3194 3040 3309 3103 Dei,
3337 3050 3385 3092 et
3419 3056 3586 3092 unus-

307 3121 441 3185 νὸν,
481 3120 577 3174 καὶ
617 3119 848 3184 ἕκαστος
877 3119 965 3173 διὰ
1001 3121 1096 3172 τοῦ
1128 3119 1441 3190 Πνεῦματος
1466 3116 1892 3187 παρεκαλοῦντο,

2005 3132 2214 3202 quisque
2259 3130 2439 3198 lingua
2479 3146 2576 3184 sua
2631 3129 2896 3198 loquentes
2930 3127 3055 3181 illos
3100 3127 3367 3181 audiebat.
3415 3129 3584 3181 Erant

307 3212 361 3264 οῖ
389 3229 451 3264 τε
482 3211 771 3265 ἀπόστολοι
803 3211 890 3264 διά
927 3211 1028 3281 τῆς
1055 3213 1283 3283 δωρεᾶς,
1319 3210 1412 3262 καὶ
1461 3211 1635 3263 πάντα
1673 3209 1739 3261 τά
1769 3207 1896 3279 ἔθνη

307 3304 397 3358 διὰ.
421 3304 524 3375 τῆς
551 3305 864 3376 ὲνηχήσεως
878 3304 978 3375 τῆς
1004 3304 1099 3358 τοῦ
1129 3303 1264 3357 Θεοῦ
1290 3303 1608 3374 θαυααστῆς
1639 3303 1897 3356 διδασκα-

308 3396 453 3462 λίας.

382 3666 447 3718 Et
476 3663 585 3734 γὰρ
611 3663 671 3717 τὸ
703 3662 931 3734 Πνεῦμα
963 3665 1026 3716 τὸ
1061 3663 1430 3734 παράκλητον,
1462 3664 1600 3734 ὅπερ
1634 3663 1900 3734 ἐπηγγεί-

310 3757 442 3812 λατο
462 3760 574 3820 τοῖς
608 3755 877 3828 μαθηταῖς
902 3755 931 3806 6
961 3755 1183 3824 Κύριος,
1217 3757 1245 3807 6
1275 3757 1518 3827 ἀγύρτης
1550 3747 1707 3818 οὕτος
1739 3753 1900 3823 ἐτύγ-

310 3865 496 3921 χανεν,
522 3849 550 3901 6
581 3848 831 3919 ἐμμανὴς
863 3846 1099 3918 ἀληθῶς,
1143 3848 1237 3901 καὶ
1269 3847 1590 3919 φερώνυμος
1613 3847 1715 3916 τῆς
1765 3848 1898 3900 ἐαυ-

313 3941 409 3994 τοῦ
435 3942 774 4012 ἐπωνυμίας,
812 3940 1089 4011 παρῆλθον
1135 3943 1184 3994 ot
1223 3941 1514 3995 ἀπόστολοι
1546 3941 1903 4012 στερηθέντες

313 4035 412 4103 τῆς
437 4033 796 4102 ἐπαγγελίας,
832 4033 1165 4096 ἀκούσαντες
1194 4032 1345 4104 παρά
1376 4032 1470 4085 τοῦ
1501 4033 1769 4102 ἀψευδοῦς
1792 4036 1902 4086 Κυ-

319 4129 467 4198 ρίου·
499 4125 782 4194 Arni-£008
808 4125 922 4194 τὴν
954 4125 1180 4194 δωρεὰν
1211 4125 1318 4178 τοῦ
1355 4126 1528 4195 ἁγίου
1557 4127 1904 4194 Πνεύματος

319 4223 392 4274 οὐ
427 4219 582 4288 μετὰ
614 4220 852 4283 πολλὰς
887 4219 1108 4283 ταύτας
1136 4217 1377 4287 ἡμέρας.
1411 4219 1520 4271 Καὶ
1550 4219 1903 4289 εὑρεθήσεται

317 4315 347 4366 6
372 4310 628 4366 ἀπατεὼν
653 4310 749 4363 τοῦ
773 4309 1010 4380 Χριστοῦ
1033 4310 1528 4379 καταψευδόμενος,
1557 4310 1630 4374 ὡς
1661 4311 1735 4381 μὴ
1765 4310 1904 4380 πλη-

324 4404 601 4477 ρὼσαντος
633 4405 704 4457 τὰ
741 4403 891 4472 αὐτῷ
922 4402 1206 4473 εἰρημένα.
1241 4401 1492 4474 Παρῆλθε
1539 4403 1648 4474 γὰρ
1678 4404 1710 4473 ἡ
1745 4403 1907 4470 γενεὰ

2001 3232 2177 3277 autem
2199 3238 2263 3276 ea:
2293 3223 2437 3275 omni
2459 3223 2672 3274 natione
2705 3236 2819 3288 qua:
2846 3219 2940 3272 sub
2975 3218 3103 3273 caelo
3129 3229 3208 3272 est
3239 3219 3280 3285 ³,
3312 3219 3578 3289 singulos-

2000 3333 2107 3386 que
2170 3315 2560 3369 consolabatur
2636 3312 2879 3382 Spiritus
2960 3319 3230 3375 sanctus,
3305 3311 3586 3378 apostolos

2000 3409 2222 3480 quidem
2253 3407 2463 3461 cmlesti
2498 3407 2589 3460 illo
2614 3405 2782 3476 636
2812 3405 3107 3471 beneﬁcio;
3139 3406 3428 3459 universas
3459 3419 3587 3459 vero

2001 3500 2255 3555 nationes
2299 3498 2501 3553 divinae
2541 3496 2688 3552 illius
2734 3497 3080 3553 admirabilis
3115 3497 3460 3552 institutione
3487 3496 3588 3551 do-

2003 3593 2213 3647 ctrina.

2077 3682 2143 3736 Et.
2197 3695 2322 3734 vero
2371 3684 2416 3734 si
2475 3681 2740 3751 impostor
2791 3682 2895 3736 iste
2947 3679 3183 3748 Spiritus
3219 3679 3308 3734 ille
3362 3685 3588 3734 sanctus

2002 3782 2170 3835 esset,
2201 3787 2364 3840 quem
2407 3770 2698 3840 discipulis
2735 3770 3012 3841 pollicitus
3043 3776 3162 3824 erat
3199 3767 3496 3828 Dominus,
3535 3778 3588 3822 ct

2003 3862 2370 3932 promissione
2427 3860 2666 3915 fraudati
2721 3861 3114 3916 discessissent
3154 3861 3418 3928 apostoli,
3461 3874 3586 3912 cum

2004 3963 2190 4008 tamen
2223 3968 2253 4006 a
2295 3952 2550 4018 Domino,
2585 3953 2680 4023 qui
2721 3953 2940 4008 mentiri
2979 3967 3088 4007 non
3134 3960 3344 4022 potest,
3381 3952 3588 4022 pridem

2005 4045 2143 4100 illud
2197 4045 2522 4100 audissent:
2569 4045 2851 4106 Accipietis
2895 4045 3091 4098 donum
3137 4042 3370 4113 Spiritus
3420 4044 3591 4098 sancti

2005 4154 2109 4191 non
2150 4146 2269 4204 post
2315 4137 2510 4189 multos
2553 4137 2646 4189 hos
2689 4137 2800 4190 dies
2826 4141 2868 4190 ⁸.
2910 4136 2987 4190 Ex
3040 4151 3151 4206 quo
3198 4144 3474 4190 veterator
3501 4137 3591 4189 ille

2006 4227 2374 4288 convincitur,
2399 4225 2527 4279 dum
2553 4225 2834 4279 Christum
2863 4241 2984 4294 quae
3005 4225 3217 4278 dixerat
3246 4237 3588 4292 nequaquam

2008 4317 2269 4384 implesse
2319 4319 2602 4368 mentitur.
2637 4314 3026 4383 Apostolorum
3078 4314 3280 4384 quippe
3312 4312 3591 4382 generatio

2009 4407 2260 4471 transiit,
2293 4405 2550 4459 nimirum
2596 4422 2626 4459 a
2670 4405 2817 4460 Petri
2871 4412 3117 4475 tempore
3159 4406 3226 4458 ad
3273 4403 3500 4458 Paulum
3536 4410 3590 4457 et

319 4497 430 4551 τῶν
471 4497 811 4560 ἀποστόλων,
855 4497 998 4566 φημὶ
1032 4496 1087 4549 δὲ
1127 4497 1234 4549 ἀπὸ
1266 4497 1473 4568 Πέτρου
1507 4496 1636 4568 ἄχρι
1668 4496 1899 4561 Παύλου,

2011 4498 2299 4582 Joannem,
2335 4499 2427 4569 qui
2447 4499 2514 4552 ad
2541 4515 2714 4569 usque
2737 4497 2960 4568 Trajani
2984 4499 3270 4569 imperium
3300 4496 3588 4568 superfuit.

323 4589 420 4641 καὶ
457 4586 588 4657 ἄχρι
643 4586 924 4646 Ἰωάννου,
963 4585 1061 4638 τοῦ
1107 4587 1202 4640 καὶ
1239 4587 1590 4658 χρονίσαντος
1627 4591 1686 4642 ἐν
1720 4587 1910 4660 κόσμῳ

330 4679 460 4751 ἄχρι
494 4677 605 4730 τῶν
635 4677 907 4748 Τραϊανοῦ
939 4679 1165 4748 χρόνων.
1196 4678 1303 4732 Καὶ
1332 4681 1613 4752 παρῆλθεν
1659 4681 1913 4746 Ἰάκωὸος

325 4774 355 4824 6
387 4771 603 4842 πρῶτος
633 4770 1042 4831 ἐπισκοπεύσας
1073 4771 1133 4822 ὲν
1180 4771 1596 4843 Ἰεροσολύμοις,
1630 4777 1660 4828 6
1687 4775 1914 4844 ἁδελφὸς

325 4863 645 4932 ἐπικληθεὶς
670 4861 763 4915 τοῦ
793 4863 1024 4934 Κυρίου,
1060 4866 1190 4924 παῖς
1210 4863 1267 4916 δὲ
1298 4865 1391 4918 τοῦ
1431 4867 1653 4935 Ἰωσὴφ,
1683 4869 1789 4921 ἀπὸ
1813 4869 1912 4938 τῆς

332 4956 468 5020 ἰδίας
503 4957 671 5009 αὐτοῦ
699 4956 958 5024 γυναικὸς
984 4957 1268 5026 γεννηθεὶς
1306 4959 1402 5011 σὺν
1438 4962 1549 5022 τοῖς
1579 4959 1784 5023 λοιποῖς
1814 4963 1916 5015 αὑ-

325 5048 420 5102 τοῦ
453 5047 724 5115 ἀδελφοῖς,
775 5041 856 5109 οἷς
896 5050 1363 5118 συναναστραφεὶς
1397 5051 1425 5102 6
1455 5050 1654 5121 Κύριος
1707 5052 1910 5121 Ἰησοῦς

329 5140 586 5210 Χριστὸς,
611 5142 640 5192 6
663 5139 775 5192 ἀπὸ
793 5139 1015 5206 Μαρίας
1043 5141 1143 5210 τῆς
1168 5141 1534 5212 ἀειπαροένου
1565 5142 1707 5195 κατὰ
1735 5143 1913 5214 σάρκα

330 5230 632 5302 γεννηθεὶς,
662 5231 719 5282 ὲν
741 5230 892 5295 τάξει
909 5231 1154 5302 ἀδελφῶν
1175 5232 1298 5303 ἔσχε
1317 5231 1409 5286 τοῦ
1427 5233 1708 5287 καλεῖσθαι
1734 5235 1912 5288 αὐτῶν

329 5325 580 5391 ἀδελφὸς,
615 5324 709 5377 καὶ
738 5326 785 5377 οἱ
821 5323 1100 5395 σύνθρονον.
1129 5325 1290 5378 αὑτοῦ
1315 5325 1514 5389 πάντες
1541 5328 1588 5378 οἱ
1615 5327 1789 5394 ἅγιοι·
1821 5328 1914 5380 καὶ

336 5417 455 5488 μετ’
495 5416 678 5469 αὐτῶν
713 5415 939 5485 Συμεὼν
969 5419 997 5468 6
1039 5419 1154 5479 υίὸς
1187 5418 1280 5470 τοῦ
1334 5419 1710 5490 πατραδέλφου
1753 5421 1915 5473 αὐτοῦ

336 5507 450 5570 υίὸς
479 5507 575 5559 τοῦ
610 5506 969 5566 Κ),ειτ)πα,τοῦ
1002 5507 1229 5576 ἀδελφοῦ
1269 5510 1486 5580 Ἰωσήφ.
1520 5505 1618 5562 Ὧν
1648 5511 1773 5574 τοὺς
1800 5512 1921 5582 χρό-

337 5613 460 5661 νους
493 5597 726 5666 καθεξῆς
767 5599 858 5651 καὶ
886 5597 1008 5651 καθ’
1044 5598 1232 5668 εἱρμὸν
1267 5601 1373 5652 ἀπὸ
1399 5600 1492 5652 τοῦ
1533 5601 1789 5654 Ἰακώϐου
1823 5604 1916 5654 τοῦ

405 5782 583 5834 ‘Act.
609 5797 646 5848 ι,
670 5782 721 5838 5.
800 5785 818 5813 ²
842 5781 1002 5837 Joan.
1032 5797 1142 5848 xw,
1169 5781 1222 5836 7.
1301 5783 1461 5838 'Act.
1493 5799 1579 5851 tu,
1608 5784 1662 5838 5.

2012 4589 2283 4646 Przeteriit
2314 4601 2370 4644 et
2409 4590 2648 4645 Jacobus
2688 4591 2898 4660 primus
2935 4590 3440 4660 Hierosolymorum
3479 4589 3595 4659 cpi-

2013 4695 2235 4749 scopus,
2273 4680 2367 4750 qui
2419 4679 2587 4734 frater
2618 4679 2834 4733 Domini
2869 4681 3291 4750 cognominatus
3322 4689 3426 4742 est,
3463 4679 3594 4732 fuit-

2012 4789 2121 4844 que
2146 4770 2375 4842 Joscphi
2410 4773 2555 4827 ﬁlius
2577 4813 2592 4838 ,
2629 4782 2683 4827 et
2727 4771 2798 4827 ab
2835 4787 2901 4826 eo
2929 4788 3055 4825 cum
3086 4773 3208 4848 aliis
3241 4773 3500 4826 fratribus
3528 4789 3591 4827 ex

2017 4886 2189 4924 uxore
2221 4885 2319 4923 sua
2367 4877 2680 4939 susceptus.
2729 4868 3068 4933 Quibuscum
3107 4866 3369 4922 fratribus
3419 4867 3598 4919 Domi-

2018 4977 2124 5014 nus
2157 4968 2344 5013 noster
2378 4958 2538 5014 Jesus
2572 4959 2826 5014 Christus
2858 4975 2888 5012 e
2922 4956 3092 5010 Maria
3140 4955 3361 5026 Virgine
3393 4974 3593 5010 secun-

2018 5051 2146 5105 dum
2197 5067 2416 5105 carnem
2468 5059 2628 5105 natus
2669 5051 2741 5103 ita
2779 5058 3030 5105 versatus
3077 5057 3192 5114 est,
3230 5057 3284 5101 ut
3320 5048 3441 5102 illos
3487 5047 3598 5100 fra-

2020 5154 2163 5198 trum
2198 5144 2421 5198 haberet
2454 5145 2591 5206 loco,
2617 5160 2680 5197 ac
2723 5143 2962 5199 vicissim
2991 5159 3181 5198 eorum
3208 5140 3376 5194 frater
3407 5141 3595 5209 appel-

2022 5237 2248 5291 laretur.
2285 5236 2480 5288 Mortui
2529 5245 2789 5304 prae-terea
2824 5247 2950 5289 sunt
2982 5242 3035 5288 et
3063 5246 3250 5288 omnes
3298 5232 3470 5285 sancti
3507 5230 3599 5285 Ja~

2016 5329 2135 5381 cobi
2190 5329 2242 5381 in
2286 5328 2374 5380 illa
2413 5328 2674 5396 dignitate
2715 5329 2978 5396 collegae:
3028 5341 3244 5395 unaque
3291 5340 3413 5376 cum
3453 5326 3520 5377 iis
3545 5331 3598 5377 et

2019 5421 2254 5492 Symeou
2303 5421 2556 5490 Cleoplzm
2607 5422 2787 5490 patrui
2834 5421 2978 5473 illius
3026 5435 3088 5472 ac
3134 5417 3357 5486 Joscphi
3407 5415 3596 5469 fratris

2019 5515 2181 5568 ﬁlius.
2223 5512 2463 5578 Quorum
2496 5513 2741 5566 oumium
2776 5519 3018 5578 tempora
3059 5509 3364 5577 seriemque
3403 5507 3590 5576 subje-

2019 5607 2198 5660 cimus
2223 5647 2236 5668 ,
2270 5607 2372 5659 hoc
2407 5615 2488 5659 est
2525 5603 3026 5673 Hierosolymorum
3060 5601 3349 5672 episcopos
3377 5613 3601 5664 omnes,

1737 5785 1757 5816 ⁸
1778 5785 1912 5840 ibid.
1954 5801 1996 5852 ι,
2025 5785 2079 5840 5.
