4008 6240
293 334 363 394 85
961 336 1328 394 ADVERSHS
1361 339 1699 396 llx’EﬂESES
1737 341 1847 396 LIB

1989 338 2152 394 TOM.
2190 337 2254 391 ll.
2280 367 2344 378 -
2381 337 2653 392 il/ERES.
2687 337 2865 394 LXVI.
3474 333 3541 386 60

289 453 480 524 λύμων
512 454 853 518 ὲπίπεμπτος
893 455 1233 528 ἐξαποσταλῇ
1268 458 1347 528 τῷ
1389 460 1579 531 κόσμῳ
1607 461 1697 513 τοῦ
1734 461 1869 514 ένοι-

1982 456 2473 526 llierosolymorum
2532 459 2787 527 episcopo
2843 457 3213 512 introductum
3281 458 3427 513 hunc
3492 476 3548 514 in

287 543 516 609 κοῦντος
543 546 602 596 ἐν
627 547 779 597 αὑτῶ
805 546 1047 600 διαϐόλου
1074 548 1352 617 ἐνεργείας
1392 551 1568 618 πλάνη
1608 553 1702 605 καὶ
1733 569 1870 618 φαν-

289 635 507 698 τασίας,
568 636 889 707 ἀποστήσῃί
926 637 1034 690 ἀπὸ
1081 639 1179 708 τῆς
1233 638 1491 710 ἀληθείας
1547 643 1671 706 τοὺς
1723 641 1873 712 αύτῴ

293 726 614 790 πεισθέντας
646 728 933 781 ἀπατῶσα.

366 910 497 963 KA’.
546 909 958 979 Ἐξελήλεγκται
1003 908 1096 965 οὖν
1132 912 1164 982 ἡ
1217 912 1379 966 αὑτοῦ
1418 914 1752 985 πανταχόθεν
1776 933 1863 968 κυ-

291 1001 445 1052 6εία·
471 1000 545 1062 ὥς
572 1018 636 1068 γε
658 1004 684 1054 ὀ
711 1001 833 1065 νοῦς
861 1002 968 1055 τῶν
1002 1003 1237 1056 συνετῶν
1255 1005 1432 1058 πάντα
1455 1007 1695 1076 ἀκριϐῶς
1716 1009 1875 1072 γνοὺς

294 1093 706 1161 καταγνώσεται
735 1094 833 1163 τῆς
868 1094 1033 1147 αὐτοῦ
1062 1097 1585 1166 παραπεποιημένης
1610 1099 1870 1160 ἐπινοίας.

295 1183 379 1236 Τά
415 1184 470 1236 δὲ
504 1184 635 1237 ἀλλα
680 1184 856 1237 πάντα
898 1184 966 1238 τὰ
996 1187 1326 1257 νομιζόμενα
1373 1187 1536 1240 αὑτοῦ
1566 1190 1876 1259 σοφίσματα

294 1274 569 1346 ληρῳδίας
611 1274 840 1344 ἔμπλεα,
882 1274 1014 1339 λοξόι
1049 1293 1107 1328 τε
1153 1277 1247 1330 καὶ
1288 1277 1514 1340 ἀστατα,
1546 1279 1696 1349 παρὰ
1743 1280 1876 1330 πᾶσι

298 1368 540 1428 συνετοῖς
568 1365 954 1436 γελοιαζόμενα
974 1384 987 1396 ·
1020 1367 1174 1420 ἀτινα
1200 1368 1340 1421 κατά
1365 1368 1508 1433 λέξιν
1537 1368 1748 1434 διελεῖν,
1783 1371 1878 1423 καὶ

295 1457 368 1508 τὰ
407 1457 540 1526 πρὸς
568 1455 836 1509 ἀντίθεσιν
879 1457 1096 1509 πάντων
1141 1458 1319 1510 αὐτῶν
1365 1458 1571 1529 γράψαι
1595 1461 1636 1524 ³,
1668 1463 1747 1522 εἰς
1779 1477 1877 1512 πο-

297 1547 396 1600 λὺν
436 1547 597 1615 ὄγκον
624 1548 833 1601 ἐλάσσω
871 1549 969 1618 τῆς
1015 1549 1132 1601 κατ’
1166 1548 1328 1600 αὐτοῦ
1363 1549 1744 1620 πραγματείας
1790 1550 1879 1603 τὸν

297 1637 539 1706 ἔλεγχον.
576 1637 714 1707 Ἤδη
755 1637 811 1689 δὲ
851 1637 1073 1707 ἀνδράσι
1114 1638 1367 1706 μεγάλοις
1397 1639 1508 1709 (ἓὸ)
1553 1639 1880 1709 θαυμαστῶς

299 1729 421 1780 κατ’
479 1727 644 1780 αὐτοῦ
699 1728 1044 1799 ἀντιρρήσεις
1096 1727 1188 1780 τοῦ
1241 1728 1461 1798 ἐλέγχου
1518 1731 1875 1798 πεποίηνται·

1981 551 2240 603 mundum
2284 564 2523 602 errorem
2560 550 2749 611 fuisse,
2787 560 2843 604 et
2881 550 3108 615 diaboli,
3139 550 3230 620 qui
3277 551 3332 604 iu
3376 552 3550 605 barre-

1975 641 2082 694 tico
2112 641 2206 694 illo
2232 640 2522 704 residebat,
2555 640 2606 692 vi
2633 655 2698 693 ac
2734 638 2926 694 fraude
2954 649 3337 711 prepagatum,
3365 650 3424 696 ut.
3452 659 3548 700 eos

1974 731 2067 800 qui
2107 730 2267 784 fidem
2291 730 2613 784 adhiberent.
2661 745 2690 784 a
2727 730 2958 786 veritate
2994 741 3277 789 revocatos
3308 733 3362 786 in
3395 732 3542 787 frau-

1975 822 2096 875 dem
2134 822 2453 890 impelleret.

2048 903 2188 958 XXI.
2231 906 2595 971 Quamobrem
2631 922 2696 960 ex
2732 907 2878 960 omni
2923 919 3074 976 parte
3122 911 3382 965 convictaa
3419 923 3546 966 sunt

1976 997 2121 1052 illius
2171 998 2476 1066 praestigiae,
2529 998 2609 1051 sic
2665 1007 2721 1050 ut
2769 999 3092 1067 sapientium
3146 1001 3380 1066 animus,
3425 1017 3548 1055 cum

1976 1097 2231 1142 accurate
2253 1097 2448 1141 cuncta
2471 1089 2704 1152 noverit,
2728 1090 3162 1142 commentitium
3191 1091 3337 1146 illius
3353 1092 3547 1161 dogma

1977 1177 2336 1244 condemnet;
2388 1194 2510 1230 nam
2553 1186 2748 1232 Caetera
2798 1179 2946 1233 illius
2979 1181 3292 1250 sophisticae
3328 1185 3550 1237 cavilla-

1979 1269 2157 1322 tiones
2190 1283 2456 1338 nugarum
2499 1267 2851 1337 plenissimaa,
2884 1269 3151 1338 ambigua:
3177 1279 3230 1324 et
3267 1270 3552 1327 instabiles

1979 1358 2426 1424 prudentioribus
2445 1359 2700 1412 omnibus
2728 1359 2962 1414 ludibrio
2989 1369 3131 1415 sunt.
3167 1360 3299 1426 Quae
3331 1363 3552 1431 quidem

1980 1447 2024 1499 si
2055 1448 2122 1501 ad
2153 1449 2380 1502 verbum
2410 1465 2683 1518 exponere
2725 1464 2788 1502 ac
2827 1449 3058 1518 singulis
3087 1453 3420 1521 respondere
3455 1470 3552 1508 ve-

1981 1535 2092 1597 lim,
2137 1552 2233 1590 ero
2264 1539 2316 1590 in
2360 1537 2462 1590 hac
2510 1539 2703 1593 haeresi
2743 1538 3079 1593 confutanda
3122 1541 3356 1610 longior.
3402 1541 3553 1595 Prai-

1981 1627 2166 1681 sertim
2215 1643 2339 1680 cum
2386 1643 2414 1680 a
2465 1630 2676 1698 magnis
2725 1629 2858 1684 viris
2903 1629 3249 1687 admirabiles
3283 1633 3351 1686 ad
3402 1634 3552 1690 illius

1984 1717 2305 1770 refutandus
2337 1733 2554 1772 errores
2589 1719 2997 1776 lucubrationes
3027 1728 3155 1776 sunt
3183 1723 3361 1777 editae.
3393 1723 3553 1779 Velut

311 1818 590 1889 »Αρχελάῳ
623 1819 721 1888 μὲν
743 1819 822 1887 τῷ
854 1819 1156 1889 ὲπισκόπῳ,
1183 1818 1258 1881 ὼς
1289 1820 1630 1890 προείρηται,
1668 1822 1878 1892 Ὠριγέ-

1982 1808 2048 1860 ab
2091 1808 2353 1861 Archelao
2396 1809 2675 1879 episcopo,
2727 1820 2784 1862 ut
2819 1817 2978 1864 antea
3026 1811 3230 1865 dictum
3269 1821 3391 1868 est:
3429 1814 3546 1868 Ori-

297 1925 379 1960 νει
413 1908 488 1971 δὲ,
529 1908 605 1970 ὡς
634 1909 870 1976 ἀκήκοα,
913 1908 1157 1979 Εὑσεϐίῳ
1195 1909 1249 1961 δὲ
1278 1907 1355 1979 τῷ
1399 1911 1755 1982 Καισαρείας,
1788 1913 1878 1964 καὶ

298 1985 548 2068 Εὑσεὸίῳ
573 1998 651 2069 τῷ
687 1999 940 2069 Ἐμέσης,
983 1999 1290 2070 Σεραπίωνι
1334 1998 1610 2069 Θμούεως,
1652 2001 1877 2056 Ἀθανα-

310 2091 414 2162 σίῳ
466 2090 546 2162 τῷ
609 2091 1032 2163 Ἀλεξανδρείας,
1080 2091 1337 2162 Γεωργίῳ
1389 2091 1466 2161 τῷ
1526 2091 1876 2157 Λαοδικείας,

315 2184 709 2256 ’Λπολλιναρίῳ
738 2183 814 2252 τῷ
851 2182 1188 2247 Λαοδικείας,
1220 2183 1362 2252 Τίτῳ
1396 2182 1490 2236 καὶ
1536 2183 1747 2248 πολλοῖς
1772 2185 1879 2237 τῶν

299 2278 424 2330 κατ’
462 2275 626 2329 αὐτοῦ
650 2274 967 2346 εἰρηκότων.

375 2367 541 2420 esse»;
595 2366 650 2420 δὲ
695 2365 924 2436 λυπήσει
973 2365 1067 2417 καί
1107 2365 1214 2417 ἀπὸ
1250 2366 1350 2435 τῆς
1399 2365 1558 2436 ήμῶν
1610 2365 1880 2436 πτωχείας

299 2453 459 2520 ὀλίγα
508 2455 586 2517 εἰς
633 2453 894 2523 αἰσχύνην
942 2453 1034 2506 τοῦ
1086 2455 1318 2506 ὲλεεινοῦ
1370 2454 1657 2525 ἀνθρώπου
1708 2458 1881 2508 εἰπεῖν

301 2542 442 2611 πρὸς
473 2543 780 2612 ἀνατροπὴν
825 2545 924 2613 τῆς
951 2543 1114 2595 αὑτοῦ
1150 2543 1286 2597 κατὰ
1328 2544 1504 2598 πάντα
1547 2545 1747 2614 τρόπον
1785 2563 1881 2598 πε-

302 2633 654 2703 πλανημένης
678 2633 932 2695 διανοίας,
957 2633 1030 2695 ὡς
1059 2633 1152 2686 καὶ
1179 2632 1275 2702 ἥδη
1304 2636 1656 2704 προείπομεν.
1701 2634 1882 2686 Ἦϐου-

302 2726 476 2796 λόμην
506 2725 561 2777 δὲ
595 2727 668 2796 μὴ
697 2726 989 2796 αὐστηροῖς
1021 2726 1228 2796 ῥήμασι
1256 2725 1346 2777 τὸν
1381 2727 1498 2778 κατ’
1527 2725 1692 2779 αὐτοῦ
1725 2729 1881 2797 ποιή-

304 2816 502 2868 σασθαι
542 2815 783 2886 ἔλεγχον,
817 2815 912 2868 καὶ
961 2814 1237 2885 ἠδυνάμην
1292 2815 1571 2879 ἐπιεικῶς,
1606 2817 1653 2867 εἰ
1693 2814 1768 2886 μὴ
1801 2817 1882 2869 ὅτι

302 2908 396 2960 τὸν
426 2907 535 2960 τῶν
563 2907 778 2960 πάντων
794 2906 1072 2974 Δεσπότην
1093 2904 1517 2976 ἀθυρογλώττως
1546 2905 1883 2976 βλασφημεῖν

302 3000 406 3053 οὐκ
437 2998 772 3068 αἰσχύνεται,
796 2996 954 3058 εὐθὺς
983 2995 1144 3054 αὑτὸν
1163 2995 1253 3048 τὸν
1276 2994 1509 3065 Ποιητὴν
1529 2995 1879 3066 ἀρνούμενος,

302 3091 395 3143 τὸν
427 3090 546 3143 τόδε
578 3089 638 3142 τὸ
679 3090 784 3141 πᾶν
815 3087 974 3149 κύτος
1001 3085 1230 3157 ούρανοῦ
1273 3103 1332 3138 τε
1361 3088 1454 3138 καί
1481 3086 1604 3156 γῆς,
1627 3087 1720 3139 καί
1751 3088 1885 3139 πάν-

304 3200 412 3234 των
441 3180 549 3232 τῶν
578 3182 636 3232 ὲν
680 3180 882 3241 αὐτοῖς,
924 3179 1017 3230 καὶ
1043 3177 1111 3230 τὰ
1142 3180 1198 3229 ὲν
1231 3177 1308 3246 τῷ
1357 3177 1545 3246 κόσμῳ
1585 3177 1762 3229 πάντα
1786 3177 1881 3248 δη-

309 3270 734 3341 μιουργήσανταο
764 3269 946 3339 ἕτερον
966 3266 1023 3320 δέ
1047 3284 1168 3320 τινα
1196 3265 1598 3335 φανταζόμενος
1622 3265 1772 3326 Θεὸν,
1791 3267 1882 3320 τὸν

311 3361 384 3431 μὴ
412 3362 563 3423 ὄντα,
588 3360 678 3412 τὸν
707 3359 765 3412 δὲ
811 3359 938 3412 ὄντα
981 3356 1316 3412 καταλιπών.
1354 3355 1608 3420 Ἐξέπεσε
1644 3354 1752 3425 γὰρ
1782 3356 1882 3426 τῆς

308 3449 564 3522 ἀληθείας
585 3467 599 3480 ο
633 3451 726 3503 καὶ
750 3449 944 3518 συνέϐη
973 3449 1120 3520 αὐτῷ
1141 3447 1201 3501 τὸ
1224 3450 1322 3518 τῆς
1349 3447 1556 3515 γελοίου
1585 3445 1882 3518 παροιμίας

314 3541 686 3612 ἐνέργημαμὶις
714 3542 741 3593 ὁ
765 3540 933 3611 κόραξ
959 3539 1151 3610 βρῶμα
1173 3538 1309 3608 ἔχων
1330 3537 1456 3608 περί
1483 3536 1544 3590 τὸ
1566 3536 1758 3605 στόμα,
1791 3537 1883 3588 καὶ

309 3633 469 3686 σκιὰν
493 3634 550 3686 ἐν
581 3631 730 3684 ὕδατι
751 3631 844 3683 τοῦ
871 3629 1155 3700 βρώματος
1185 3629 1536 3698 θεασάμενος,
1565 3627 1883 3697 βουλόμενος

308 3725 500 3795 ἑτέρας
529 3724 734 3794 τροφῆς
758 3721 1158 3792 περιγενέσθαι,
1189 3721 1286 3790 τὴν
1308 3715 1472 3772 οὖσαν
1494 3717 1761 3782 ἀπώλεσε,
1789 3717 1882 3769 καὶ

308 3817 408 3887 τὴν
441 3815 517 3886 μὴ
565 3812 728 3868 οὖσαν
759 3816 858 3867 ούκ
907 3814 1188 3882 ἐκτήσατο.
1243 3811 1338 3874 Τίς
1383 3810 1439 3862 δὲ
1481 3808 1726 3873 ἀνέξεται
1789 3808 1881 3860 τοῦ

311 3907 663 3978 βλασφήμου;
696 3906 758 3958 Εἰ
785 3904 891 3976 γὰρ
913 3905 1151 3976 πατέρας
1175 3903 1368 3973 ἔχομεν
1393 3900 1534 3954 κατὰ
1558 3901 1758 3971 σάρκα,
1789 3901 1883 3953 καὶ

309 3997 368 4049 οὐ
400 3998 640 4067 φέρομεν
693 3995 909 4049 ἀκούειν
956 3996 1047 4048 τὸν
1082 3994 1280 4048 τούτων
1316 3995 1418 4046 ὑπό
1468 4010 1628 4045 τινων
1671 3991 1837 4060 ψόγον
1865 4010 1878 4022 ·

313 4089 462 4158 πόσῳ
495 4104 559 4154 γε
591 4086 809 4157 μᾶλλον,
856 4087 944 4139 τὸν
987 4086 1188 4158 Κύριον
1216 4085 1345 4138 Θεὸν
1389 4084 1606 4136 πάντων
1645 4083 1750 4135 ὑπὸ
1787 4082 1880 4134 τοῦ

313 4181 694 4249 χαλεπωτάτου
742 4179 1009 4241 Μάνεντος
1057 4175 1537 4246 βλασφημούμενον
1584 4174 1678 4227 ἐὰν
1721 4173 1885 4226 ἀκούοι

313 4289 528 4341 σωμεν;
567 4273 732 4324 Ὅταν
759 4266 851 4322 οὖν
883 4272 940 4322 ὲν
972 4269 1050 4337 τῷ
1079 4269 1216 4320 ἐλέει
1250 4267 1343 4318 τοῦ
1377 4265 1511 4318 Θεοῦ
1539 4265 1734 4336 δμϐροι
1759 4266 1886 4316 ἀπο-

312 4362 636 4416 στέλλωνται
665 4360 803 4413 κατά
834 4359 931 4430 τὴν
957 4358 1118 4411 αὑτοῦ
1155 4355 1484 4426 ἀγαθότητα,
1534 4354 1692 4417 αὐτὸς
1722 4352 1884 4422 βλασ-

1979 1911 2133 1964 gone,
2171 1904 2229 1948 ut
2270 1901 2601 1966 accepimus,
2638 1898 2872 1951 Eusebio
2905 1897 3249 1967 Caesariensi,
3277 1911 3328 1956 et
3373 1903 3548 1959 altero

1981 1987 2270 2048 bimeseuo,
2315 1987 2609 2058 Serapione
2632 1991 2951 2052 Tlunucnsi.
2986 1992 3283 2048 Athanasio
3308 1994 3545 2049 Alexan—

1979 2078 2161 2142 drino,
2193 2078 2423 2151 Georgio
2455 2080 2780 2148 Laodicene,
2815 2082 3152 2152 Apollinario
3199 2084 3326 2138 item
3353 2084 3552 2140 Laodi-

1980 2184 2137 2231 ceno,
2181 2168 2325 2234 Tito,
2365 2185 2429 2223 ac
2462 2171 2737 2240 plerisque
2787 2172 2931 2236 aliis,
2962 2173 3054 2242 qui
3095 2171 3358 2228 adversus
3396 2174 3551 2228 illum

1981 2259 2342 2328 scripserunt.

2052 2349 2168 2403 Non
2209 2351 2313 2404 erit
2344 2358 2548 2414 tamen,
2594 2359 2654 2404 ut
2691 2351 2908 2420 opinor,
2944 2352 3256 2417 molestum,
3298 2351 3342 2406 si
3375 2365 3551 2420 pauca

1983 2456 2081 2510 pro
2105 2442 2286 2510 inopia
2316 2457 2380 2495 ac
2408 2443 2672 2496 tenuitate
2703 2449 2892 2496 nostra
2936 2442 3004 2495 ad
3035 2444 3336 2512 augendam
3372 2444 3556 2499 infeli-

1981 2532 2062 2586 cis
2103 2532 2480 2588 homuucionis
2529 2533 2808 2586 infamiam
2854 2533 2911 2587 in
2958 2534 3194 2588 medimn
3239 2533 3552 2597 aderamus,

1981 2623 2438 2692 quemadmodum
2465 2633 2622 2678 antea
2658 2624 2916 2678 diximus.
2947 2621 3004 2678 In
3035 2642 3144 2695 quo
3181 2627 3372 2681 vellem
3395 2628 3552 2695 equi--

1982 2713 2104 2767 dem
2146 2715 2199 2768 in
2233 2716 2381 2770 illius
2419 2731 2605 2771 errore
2642 2714 2965 2785 castigando
3007 2733 3222 2771 omnem
3265 2719 3555 2772 verborum

1983 2806 2334 2874 asperitatem
2369 2805 2580 2878 fugere,
2628 2807 2791 2876 idque
2835 2809 2970 2864 adeo
3008 2811 3206 2863 leniter
3247 2809 3428 2864 facere
3461 2826 3557 2879 po-

1984 2896 2234 2960 tuissem,
2279 2896 2384 2953 nisi
2438 2898 2494 2952 in
2547 2901 2925 2955 universorum
2983 2900 3264 2954 Dominum
3321 2901 3550 2956 effrena-

1992 2999 2102 3040 tam
2131 2988 2330 3056 liuguaa
2364 2989 2798 3044 maledicentiam
2830 2990 3207 3059 imprudenter
3235 2990 3554 3046 effunderet.

1985 3077 2193 3146 Quippe
2229 3079 2322 3148 qui
2361 3079 2589 3134 subinde
2633 3080 2980 3135 Conditorem
3012 3081 3188 3150 ipsum
3225 3081 3474 3149 abneget,
3525 3097 3557 3134 a

1985 3185 2092 3237 quo
2124 3180 2232 3222 tota
2279 3170 2393 3224 haec
2424 3171 2549 3224 ςαξιί
2603 3183 2865 3241 terraeque
2911 3173 3098 3236 moles,
3133 3172 3420 3240 omniaque
3447 3173 3558 3225 illo-

1982 3275 2098 3312 rum
2131 3260 2334 3314 ambitu
2357 3262 2750 3331 comprehensa
2775 3262 3041 3316 fabricata
3081 3271 3230 3316 sunt.
3253 3263 3418 3332 639
3451 3262 3559 3316 Cu-

1980 3351 2074 3420 jus
2144 3351 2263 3405 loco
2322 3353 2507 3406 nescio
2571 3369 2730 3421 quem
2791 3361 3130 3407 commentus
3196 3360 3279 3406 est
3329 3354 3557 3408 alterum

1993 3443 2179 3505 Deum,
2204 3443 2296 3512 qui
2323 3459 2588 3513 nusquam
2617 3445 2708 3504 sit,
2735 3452 2786 3497 ul
2815 3445 2881 3496 ab
2903 3459 2966 3498 eo
2993 3445 3084 3512 qui
3110 3451 3193 3497 est
3216 3442 3392 3512 reipsa
3419 3457 3560 3496 rece-

1983 3533 2153 3589 deret.
2185 3533 2228 3587 A
2257 3535 2492 3589 veritate
2518 3536 2662 3588 enim
2701 3536 2938 3600 excidit;
2969 3543 3023 3589 et
3052 3535 3153 3588 hoc
3179 3535 3250 3587 illi
3279 3535 3345 3588 de
3377 3533 3558 3587 fabula

1983 3624 2231 3694 contigit,
2281 3639 2386 3693 qua
2425 3640 2625 3678 corvus
2665 3625 2959 3694 aliquando
2993 3624 3184 3688 fertur,
3220 3639 3344 3677 cum
3379 3630 3560 3678 rostro

1985 3715 2241 3783 pabulum
2273 3713 2459 3780 ferret,
2494 3730 2617 3768 mox
2643 3724 2701 3768 ut
2731 3715 2850 3783 ejus
2882 3717 3132 3770 umbram
3163 3715 3215 3768 in
3249 3728 3388 3783 aqua
3427 3729 3560 3767 con-

1983 3805 2226 3873 spicatus
2254 3813 2358 3868 est,
2386 3813 2444 3859 ut
2475 3807 2623 3859 aliud
2665 3807 2772 3860 sibi
2819 3818 3104 3875 quzereret,
3135 3807 3278 3875 quod
3327 3806 3560 3860 habebat

1987 3895 2313 3963 perdidisse,
2352 3911 2452 3950 nec
2479 3911 2598 3950 eam
2636 3912 2802 3964 quam
2836 3913 2943 3949 non
2972 3896 3202 3949 habebat
3235 3896 3556 3948 obtinuisse.

1982 3984 2098 4039 Jam
2143 4001 2271 4039 vero
2313 3987 2436 4055 quis
2470 3986 2850 4056 blaSphemum
2895 3988 3042 4040 illum
3091 3987 3322 4039 tolerare
3355 3985 3562 4056 possit?

1985 4079 2116 4132 Nam
2149 4080 2194 4134 si
2224 4088 2479 4149 parentes
2520 4081 2662 4144 illos,
2704 4098 2732 4133 a
2757 4081 2954 4149 quibus
2993 4095 3192 4148 corpus
3226 4080 3555 4146 accepimus,

1986 4173 2052 4225 ab
2082 4173 2269 4242 aliquo
2296 4172 2627 4241 vituperatos
2661 4171 2852 4226 audire
2875 4186 2981 4225 non
3015 4185 3328 4239 possumus,
3353 4177 3559 4238 quanto

1983 4261 2036 4315 id
2071 4261 2252 4316 minus
2284 4260 2429 4315 ferre
2457 4262 2737 4327 debemus,
2779 4276 2901 4315 cum
2944 4260 3013 4313 ab
3050 4258 3436 4312 molestissimo
3467 4258 3559 4310 illo

1986 4351 2284 4406 Manichazo
2315 4352 2482 4406 Deum
2509 4353 2888 4408 universorum
2921 4350 3207 4405 hominum
3238 4349 3417 4419 appeti
3444 4364 3560 4402 ma-

311 4452 508 4522 φημῶν
553 4452 650 4504 οὐκ
699 4449 1009 4520 αἰσχύνεται
1066 4447 1316 4517 φάσκειν,
1367 4445 1440 4516 μὴ
1485 4448 1549 4498 ὲκ
1585 4443 1717 4497 Θεοῦ
1759 4444 1879 4507 τοὺς

1986 4443 2201 4498 ledictis
2247 4443 2580 4498 audiemus?
2612 4442 2822 4496 Etenim
2845 4457 2970 4497 cum
3001 4457 3029 4495 a
3075 4441 3181 4496 Deo
3211 4456 3308 4511 pro
3348 4439 3560 4494 infinita

309 4543 546 4615 ὄμϐρους
568 4538 728 4606 εἷναι,
763 4542 896 4594 ἀλλά
922 4538 1217 4610 ἀπορροίας
1249 4538 1543 4608 ἀρχόντων.

1999 4549 2096 4588 sua
2134 4533 2508 4588 misericordia
2547 4549 2610 4587 ac
2656 4534 2898 4588 bonitate
2936 4533 3136 4588 imbres
3177 4549 3206 4588 e
3253 4533 3392 4587 cmlo
3433 4531 3561 4586 mit-

313 4645 523 4699 tuntur,
570 4635 869 4689 maledicus
911 4634 1014 4688 iste
1059 4648 1167 4684 non
1204 4638 1420 4685 veretur
1451 4643 1480 4681 a
1521 4628 1629 4682 Deo
1675 4625 1876 4680 imbres
1918 4625 2038 4680 illos
2100 4641 2222 4682 esse
2289 4641 2506 4696 negare,
2544 4626 2636 4680 sed
2681 4642 2748 4681 ex
2791 4626 3100 4697 principum
3141 4628 3332 4681 asserit
3365 4621 3562 4694 proflu-

310 4734 398 4786 vio
429 4747 701 4785 manasse.

383 4852 400 4882 ¹
434 4847 560 4903 For.
589 4848 677 4900 ἴνα
707 4847 1010 4919 ἀποστήσῃ.

383 4967 495 5048 (:25)
531 4965 682 5033 ἰιδη
725 4964 792 5046 δὲ
837 4960 1093 5048 ἀιῖδράσι
1136 4960 1475 5048 “triviae-
1499 4956 1876 5048 TE?°‘{‘1Y‘EE‘!§

1107 4845 1127 4875 ¹
1158 4843 1318 4899 Deest
1358 4855 1460 4897 vox
1487 4838 1806 4910 βουλόμενος
1836 4843 1930 4890 aut
1965 4849 2071 4888 vox
2099 4832 2318 4888 similis.

1974 4951 2259 5022 Origenem
2301 4947 2965 5022 adversusuManichaaos
3027 4944 3383 5022 elucubrasse
3438 4942 3557 5022 .ali-

311 5011 787 5107 nimbi-(33:311.?
838 5011 1113 5088 3111351.;
1136 5011 1608 5107 rhia—lii(izli‘a’orum
1673 5032 1878 5107 sectam
1974 5011 2494 5107 qtiiivimEpiphlani‘us
2550 5018 2818 5107 afﬁrmat.-
2851 5011 3558 5107 Aelnporis‘rantjone-ipwsa

313 5082 1110 5166 Eéiiﬁﬁébﬁ’rid's""eruamini:
1172 5082 1438 5155 recenset
1463 5082 1618 5166 istos
1651 5115 1663 5148 :
1700 5095 1882 5148 Titum
1977 5082 2544 5166 refellituriiliortuus
2569 5090 2713 5143 enim
2738 5095 2822 5142 est
2850 5082 3114 5166 Origenes
3140 5083 3302 5166 annis
3349 5082 3460 5166 fere
3479 5095 3550 5166 τι

315 5177 703 5232 Bostrenorum
768 5165 1110 5244 episcopum,
1170 5165 1881 5244 DiodorumuTars‘Qiiseni,

313 5244 606 5316 Georgium
627 5234 994 5316 Laodicenum
1023 5234 1307 5316 Arianum,
1333 5237 1632 5316 Eusebium
1659 5234 1882 5316 Phoeni-

312 5331 429 5369 eem
454 5303 593 5380 ‘(hoc
616 5325 700 5370 est
731 5311 1099 5384 Emesenum).
1133 5309 1292 5384 Quod
1335 5309 1403 5362 ad
1436 5305 1731 5384 Eusebium
1763 5303 1885 5384 (ξρξῖ

309 5373 612 5442 sariensem
659 5385 871 5443 attinet,
922 5373 1176 5453 Socrates
1197 5381 1312 5453 lib.
1351 5395 1389 5441 ι,
1431 5392 1553 5453 cap.
1582 5375 1645 5453 17
1693 5373 1883 5453 scribit

312 5456 494 5524 jejune
545 5442 941 5509 admodum’in
1006 5449 1378 5524 Ecclesiastica
1413 5442 1883 5524 ΔΙιίέιονὶιῑήίίίιιῐιι-

315 5511 586 5580 ἶιίἶιθοιοιιιη
637 5525 706 5580 ab
749 5524 842 5576 illo
876 5521 1206 5593 mentionem
1255 5535 1376 5593 esse
1409 5517 1629 5593 factam.
1659 5512 1775 5593 Qua
1813 5511 1882 5593 de

313 5609 478 5649 causa
526 5603 694 5648 totam
739 5594 861 5659 ejus
892 5591 1177 5646 historiam
1225 5604 1292 5642 ex
1348 5585 1880 5659 Archelai__scriptis

315 5666 538 5719 uberius
580 5654 820 5734 exponit.
857 5661 1037 5727 Quare
1074 5659 1356 5734 _pAr:ecip-uo
1386 5658 1568 5734 aliqua
1591 5654 1732 5734 libro
1766 5654 1879 5734 hic:

317 5736 459 5789 resin
480 5721 1009 5802 istam'oppugnasse
1035 5721 1562 5785 vi'dctur'Eusebius.
1597 5722 1703 5778 Sed
1733 5721 1878 5799 quod

1978 5170 2269 5230 antequam
2290 5159 2714 5230 Manichaeorum
2737 5156 3060 5230 superstitio
3083 5156 3142 5230 iu
3176 5154 3351 5206 lucem
3372 5165 3557 5230 emer-

1985 5222 2154 5302 geret.
2195 5222 2843 5302 Siquidem,__grassa‘nt'e
2909 5224 3113 5302 Severi
3153 5222 3557 5301 persecutione,

1987 5294 2132 5354 anno
2160 5294 2286 5368 ejus
2333 5294 2634 5367 imperii'x,
2665 5297 2757 5366 qui
2792 5306 2875 5351 est
2901 5294 3399 5368 aaraepiorrvsiana:
3427 5303 3556 5368 ceu,

1981 5371 2160 5425 aetatis
2189 5363 2427 5422 'annum'
2452 5363 2704 5437 exegerat
2745 5383 2875 5429 xvii,
2929 5374 2988 5418 ut
3037 5363 3305 5437 Eusebius
3361 5363 3558 5437 asserit

1984 5441 2079 5494 lib.
2116 5455 2202 5508 Vl,
2226 5454 2346 5508 cap.
2381 5439 2434 5491 5.
2465 5431 2611 5491 Obiit
2646 5453 2774 5491 vero
2805 5450 2949 5508 anno
2992 5433 3170 5488 aetatis
3201 5431 3560 5508 u_ix,_impe-

1978 5517 2138 5562 rante
2168 5497 2344 5571 Gallo,
2377 5508 2566 5561 eodem
2610 5517 2834 5560 auctore
2869 5505 2964 5557 lib.
2998 5518 3096 5566 vu,
3127 5516 3228 5570 cap
3262 5500 3312 5552 1.
3341 5497 3558 5552 Additis

1981 5581 2146 5649 igitur
2181 5579 2339 5631 armis
2366 5593 2460 5649 Lll,
2511 5586 2568 5629 ut
2613 5592 2742 5649 Lais
2788 5574 3416 5649 impleantur__rnortuus
3473 5575 3559 5649 est

1980 5636 2103 5704 acra:
2138 5636 2620 5703 connuuuis'anno
2645 5645 2772 5710 254,
2814 5636 2908 5697 diu
2961 5652 3085 5697 aute
3132 5639 3441 5694 Manichaee
3471 5636 3550 5689 fa—

1980 5719 2178 5774 ctionis
2205 5727 2408 5772 ortum.
