4008 6240
429 305 498 360 67
1837 295 1892 349 S.
1937 291 2278 348 EPIPIIANII
3641 285 3712 346 68

503 419 662 475 XXII.
697 421 852 486 Quod
890 422 956 474 ad
997 421 1208 492 reliqua
1241 422 1500 491 pertinet,
1523 420 1647 488 quis
1672 420 1726 471 in
1755 419 1840 472 his
1863 435 2015 471 rom-

2191 415 2316 468 κη’.
2371 413 2450 466 Τὰ
2481 411 2536 465 δὲ
2567 411 2699 466 ἄλλα
2733 413 2906 466 εἰπεῖν
2945 411 3028 474 τίς
3074 411 3173 464 οὐκ
3221 410 3592 478 ἐκγελάσειεν,
3627 411 3708 475 ὼς

431 515 804 568 memorandis
847 515 1020 570 risum
1069 523 1272 576 teneat,
1313 527 1438 567 eum
1477 511 1822 567 Philistionis
1865 511 2018 564 mimi

431 606 680 660 ridiculis
723 608 872 662 illius
919 609 1081 677 nugis
1133 607 1305 675 magis
1349 621 1488 659 esse-
1525 605 1655 660 serii
1685 603 2022 658 vldeantur?

433 698 676 752 Primum
729 703 872 755 enim
921 701 1112 754 nescio
1159 715 1322 768 quem
1365 699 1613 766 baiulum
1663 713 1786 752 esse
1829 696 2018 766 tingit,

443 791 534 858 qui
565 799 768 844 terram
797 808 1012 844 omnem
1055 791 1174 844 suis
1207 790 1453 843 humeris
1489 774 1782 851 sustentet,
1823 805 1886 840 ac
1921 787 2018 840 tri-

437 881 644 932 cesimo
689 896 909 949 quoque
967 893 1147 944 anno,
1187 879 1472 932 laborante
1521 879 1693 932 altero
1753 877 2016 940 humero,

445 984 588 1022 onus
639 969 692 1022 in
748 969 978 1020 alterum
1021 969 1349 1031 transferat,
1407 969 1548 1022 unde
1621 977 1780 1022 terra:
1837 975 2018 1022 motus

444 1061 735 1114 exsistant.
767 1059 922 1123 Quod
949 1061 991 1110 si
1019 1059 1068 1112 id
1097 1075 1283 1113 verum
1319 1071 1487 1122 esset,
1531 1061 1778 1113 naturale
1810 1059 1862 1112 id
1901 1074 2019 1112 om-

438 1152 568 1204 nino
603 1149 760 1210 l‘oret,
799 1151 1132 1220 minimeque
1159 1152 1428 1204 divinum.
1470 1151 1574 1205 Sed
1615 1151 2015 1221 pratstigiarum

435 1239 700 1294 artiﬁcem
747 1241 1050 1297 Salvatoris
1101 1246 1388 1298 sententia:
1430 1245 1820 1306 condemnant,
1869 1245 2017 1298 velut

433 1347 558 1386 cum
609 1333 684 1386 ait
719 1355 732 1388 -.
771 1333 954 1388 Estote
993 1337 1136 1400 boni,
1184 1341 1318 1392 sicut
1361 1338 1522 1392 Pater
1561 1349 1726 1392 vester
1755 1339 2014 1402 cmlestt's,

439 1425 686 1494 quoniam
719 1428 852 1478 oriri
881 1427 1012 1496 facit
1033 1427 1196 1481 solent
1218 1445 1372 1482 suum
1413 1445 1565 1500 super
1585 1430 1762 1498 justas
1803 1441 1852 1484 et
1875 1431 2018 1499 inju-

435 1525 578 1576 stos;
634 1525 682 1568 et
727 1515 860 1584 pluit
907 1534 1064 1585 super
1104 1519 1272 1572 malos
1295 1529 1342 1572 et
1374 1519 1534 1574 bonas
1566 1523 1602 1573 '.
1641 1521 1768 1574 Item
1803 1540 1815 1576 :
1851 1521 2016 1574 Erunt

439 1617 594 1660 terra:
618 1617 790 1660 motus
813 1624 904 1674 per
930 1609 1066 1670 loca,
1096 1619 1142 1662 et
1168 1611 1356 1680 fames,
1384 1621 1431 1664 et
1462 1611 1761 1680 pestilentia
1787 1615 1829 1664 '.
1863 1613 2016 1678 Quod

433 1697 482 1752 si
517 1697 841 1752 naturaliter
869 1705 1034 1768 atque
1061 1701 1271 1755 usitato
1303 1715 1451 1754 more
1492 1711 1650 1755 terra:
1669 1711 1848 1756 motus
1870 1702 2018 1755 acci-

439 1788 572 1842 dere
593 1788 870 1850 dicantur,
905 1805 1028 1842 eum
1062 1791 1365 1858 smpissime
1395 1791 1566 1846 variis
1597 1791 1650 1845 in
1691 1791 1826 1846 locis
1868 1801 2012 1846 terra
2050 1773 2089 1830 Β

434 1880 734 1946 quatiatur,
782 1879 916 1932 adeo
959 1889 1016 1933 ut
1051 1895 1444 1950 nonnunquam
1494 1889 1608 1935 toto
1647 1897 1790 1935 anno
1824 1882 2014 1950 singu-

439 1967 616 2036 lisque
639 1970 891 2022 noctibus
915 1973 1133 2024 concuti
1161 1971 1426 2034 videatur,
1462 1981 1774 2026 utrumnam
1801 1973 2018 2040 bajulus

445 2058 536 2111 ille
569 2061 833 2114 sauciatis
865 2062 1109 2117 humeris
1145 2063 1349 2117 laboris
1385 2063 1675 2132 impatiens
1703 2064 2018 2118 continuam

443 2151 584 2202 hanc
605 2151 952 2220 agitationem
981 2153 1194 2206 efﬁcere
1224 2153 1488 2208 dicendus
1507 2156 1623 2209 est?
1649 2155 1782 2221 Quis
1813 2163 2019 2210 tantam

441 2238 796 2293 stoliditatem
835 2241 1137 2295 sustineat?
1162 2241 1300 2306 Quid
1326 2251 1504 2294 autem
1536 2241 1705 2304 aliud,
1725 2241 1869 2311 quod
1903 2255 2026 2310 pro-

444 2329 619 2384 haliile
662 2330 961 2396 videretur,
1009 2347 1116 2385 non
1164 2347 1334 2385 ausus
1389 2341 1472 2386 est
1527 2331 1808 2387 asserere?
1861 2331 2026 2385 Docet

438 2421 585 2474 enim
621 2422 763 2476 inter
796 2431 1017 2486 caetera,
1051 2423 1285 2486 animas,
1317 2439 1436 2492 quae
1481 2423 1601 2478 falsi
1635 2424 1717 2476 sui
1754 2424 2027 2494 dogmatis

441 2513 672 2566 scientia
719 2513 952 2582 perfusa:
1003 2523 1153 2578 sunt,
1204 2516 1269 2568 ad
1314 2517 1558 2569 lunarem
1603 2516 1792 2570 orbem
1845 2515 2025 2578 evehi,

443 2619 566 2656 eum
600 2605 776 2658 lucida
807 2605 878 2658 sit
901 2607 1096 2659 intima:
1129 2613 1342 2660 natura.
1375 2605 1548 2671 Quam
1571 2607 1641 2660 ob
1665 2621 1912 2668 causam,
1941 2606 2030 2659 iu-

441 2695 581 2764 quit,
609 2695 764 2764 plena
789 2703 872 2750 est
903 2697 1039 2750 alias
1071 2697 1219 2763 luna,
1256 2697 1390 2751 alias
1431 2699 1552 2752 luce
1591 2697 1860 2766 privatur,
1887 2695 2034 2766 quod

443 2799 567 2839 eam
612 2787 806 2840 animae
841 2789 1102 2858 repleant,
1137 2805 1256 2860 quae
1293 2789 1625 2844 infidelitatis
1658 2789 1805 2843 illius
1844 2789 2030 2859 cogni-

458 2877 606 2931 tione
633 2877 874 2946 prmditte
899 2895 961 2932 ex
1001 2881 1100 2933 hac
1117 2881 1226 2934 vita
1254 2879 1628 2935 discesserint.
1645 2879 1810 2950 640
1833 2877 2037 2934 Deinde

444 2971 514 3022 ab
530 2975 654 3023 luna
672 2979 931 3038 tanquam
954 2972 1165 3026 minore
1182 2973 1397 3043 navigio
1413 2972 1630 3027 easdem
1644 2974 1928 3026 exonerari
1947 2988 2040 3041 pu-

443 3071 544 3126 tat,
566 3070 620 3116 e'.
657 3062 802 3115 intra
831 3064 1000 3116 solem
1031 3063 1220 3134 recipi,
1255 3073 1418 3134 atque
1455 3065 1507 3117 in
1541 3079 1714 3118 terum
1749 3063 2030 3119 beatorum

443 3155 668 3225 exponi.
707 3153 1000 3208 Enimvero
1031 3155 1308 3210 obcaecata
1349 3171 1566 3222 semper
1613 3156 1818 3207 malitia
1851 3155 2028 3224 pudo—

447 3263 562 3301 rem
579 3263 742 3302 suum
775 3247 1240 3317 ignominiamque
1273 3263 1383 3300 non
1404 3248 1591 3312 sentit,
1627 3248 1872 3315 adeoque
1899 3248 2032 3314 ipsis

445 3339 563 3394 suis
603 3340 788 3394 verbis
817 3339 1186 3408 convincitur,
1223 3355 1348 3393 cum
1383 3339 1672 3394 mendacia
1704 3353 1802 3392 sua
1833 3340 2032 3408 proba-

445 3433 610 3487 bilem
651 3432 890 3501 aliquam
935 3431 1004 3486 ad
1043 3433 1309 3485 rationem
1359 3431 1679 3501 exitumque
1735 3431 2034 3502 perducere

447 3534 705 3596 nequeat.

519 3615 704 3668 XXIII.
737 3613 794 3668 In
847 3615 1039 3686 primis
1090 3614 1235 3669 enim
1275 3629 1418 3669 unus
1455 3613 1617 3668 homo
1643 3611 1914 3668 formatus
1946 3625 2032 3668 est

447 3705 714 3770 Adamus,
768 3723 797 3760 a
845 3723 954 3776 quo
1011 3708 1296 3775 utriusque
1343 3721 1508 3760 sexus
1558 3705 1710 3759 liberi
1748 3707 2031 3776 propagati

447 3805 597 3852 sunt.
637 3795 775 3851 Tum
798 3797 900 3852 sub
930 3798 1115 3850 mundi
1149 3797 1388 3856 initium,
1418 3811 1562 3848 anno
1591 3796 1811 3852 circiter
1837 3798 2030 3850 Adami

449 3890 774 3954 cetuesinio,
818 3889 952 3944 Abel
997 3889 1322 3944 interfectus
1361 3897 1465 3952 cst,
1498 3903 1676 3944 annos
1721 3900 1881 3946 natus
1921 3891 2034 3944 fere

449 3981 698 4049 triginta.
742 3979 871 4034 Post
905 3980 1073 4044 hunc,
1123 3981 1214 4049 qui
1273 3981 1484 4049 primus
1525 3981 1768 4034 omnium
1811 3981 2033 4036 occisus

447 4079 553 4138 est,
589 4072 800 4140 primus
829 4085 1028 4140 parens
1070 4071 1312 4124 Adamus
1346 4074 1397 4124 in
1435 4081 1580 4126 terra
1623 4073 1858 4125 moritur
1887 4087 2034 4124 anno

451 4164 862 4231 nongentesimo
885 4163 1185 4226 tricesimo,
1220 4177 1343 4216 cum
1373 4163 1485 4232 jam
1519 4161 1600 4217 sol
1628 4171 1682 4216 et
1709 4164 1859 4228 luna,
1903 4164 2034 4217 stel-

450 4257 624 4325 lteque
664 4263 878 4309 Caetera:
907 4263 1109 4324 quarto
1143 4255 1232 4310 die
1267 4256 1323 4308 in
1359 4255 1498 4310 coelo
1527 4257 1702 4310 deﬁxa
1741 4258 2032 4325 producta-

445 4365 555 4418 que
573 4345 828 4403 fuissent.
852 4347 992 4414 Quid
1027 4347 1215 4416 igitur,
1249 4348 1322 4401 mi
1346 4347 1531 4410 homo,
1563 4347 1764 4402 dicturi
1803 4351 2035 4404 sumus?

2121 508 2260 578 τάχα
2296 505 2365 558 τὰ
2399 503 2492 558 τοῦ
2541 504 2887 567 Φιλιστίωνος
2939 498 3077 556 εἶναι
3125 501 3528 572 ἀναγκαιότερα
3555 501 3593 572 ἢ
3639 502 3710 555 τὰ

2117 599 2218 670 τῆς
2241 599 2431 650 τούτου
2477 596 2835 666 μιμολογίας;
2887 595 3187 666 Ὠμοφόρον
3237 593 3344 665 γὰρ
3397 593 3712 663 μυθοποιῶν

2119 689 2360 741 διδάσκει
2392 685 2728 756 βαστάζοντα
2759 685 2857 756 τὴν
2899 685 3004 755 γῆν
3039 685 3240 746 πᾶσαν,
3287 685 3385 737 καὶ
3417 683 3508 735 διὰ
3549 683 3708 748 ἑτῶν,

2121 779 2277 848 φησι,
2307 778 2600 848 τριάκοντα
2625 777 2922 845 κάμνοντος
2949 774 3044 827 τοῦ
3065 775 3240 844 ὤμου,
3280 774 3604 846 μεταφέρειν
3631 777 3711 837 εἰς

2119 869 2212 922 τὸν
2237 870 2320 922 ’ἑτε
2333 887 2423 940 ρον
2451 863 2625 938 ὦμον,
2671 867 2798 930 τοὺς
2821 868 2840 898 ³
2877 868 3134 938 σεισμοὺς
3169 867 3434 934 γίνεσθαι.
3477 868 3539 919 EI
3567 867 3622 918 δὲ
3643 863 3713 937 ἦν

2119 961 2301 1023 τοῦτο,
2361 961 2504 1014 κατὰ
2557 960 2718 1028 φύσιν
2759 957 2828 1032 ἦν
2870 959 2932 1012 τδ
2979 961 3234 1030 πρᾶγμα,
3289 960 3385 1011 καὶ
3421 959 3603 1012 ούκὲτι
3641 955 3712 1028 ἦν

2125 1052 2434 1106 Θεσπέσιον.
2480 1051 2793 1123 Ἑλέγχουσι
2827 1052 2886 1104 δὲ
2921 1051 3012 1104 τὸν
3047 1052 3218 1122 γόητα
3257 1053 3304 1102 οἱ
3337 1050 3432 1102 τοῦ
3459 1051 3714 1121 Σωτῆρος

2119 1144 2291 1213 λόγοι,
2324 1144 2398 1207 ὡς
2437 1145 2564 1214 ἔφη’
2599 1145 2852 1198 Γίνεσθε
2879 1142 3109 1213 ἀγαθοὶ,
3147 1143 3228 1206 ὡς
3251 1145 3284 1195 ό
3312 1141 3518 1210 Πατὴρ
3545 1141 3712 1210 ὑμῶν

2121 1241 2154 1290 d
2179 1236 2476 1306 οὐράνιος·
2529 1235 2620 1289 ὅτι
2663 1236 2982 1290 ἀνατέλλει
3025 1234 3134 1288 τόν
3175 1234 3358 1300 ἣλιον
3395 1235 3582 1288 αὐτοῦ
3611 1233 3714 1286 ἐπὶ

2119 1331 2382 1394 δικαίους
2443 1329 2540 1382 καὶ
2601 1329 2874 1394 ἀδίκους,
2945 1327 3042 1382 καὶ
3089 1327 3301 1395 ,βρέχει
3363 1325 3551 1379 αὑτοῦ
3605 1325 3714 1378 τόν

2119 1422 2298 1476 ὑετὸν
2321 1421 2422 1475 ἐπὶ
2462 1421 2767 1489 πονηροὺς
2795 1420 2896 1473 καὶ
2937 1421 3218 1489 ἀγαθούς·
3265 1417 3464 1484 καὶτὸ,
3501 1419 3715 1471 Ἔσον-

2119 1531 2213 1569 ται
2242 1515 2481 1584 σεισμοὶ
2515 1513 2667 1567 κατὰ
2716 1515 2922 1576 τόπον,
2965 1513 3062 1567 καὶ
3097 1511 3281 1582 λιμοὶ,
3337 1509 3437 1564 καὶ
3489 1511 3709 1578 λοιμοί.

2121 1607 2184 1659 Εἰ
2215 1606 2272 1659 δὲ
2317 1608 2384 1660 ἐκ
2421 1605 2657 1674 φύσεως,
2693 1605 2727 1676 ἢ
2767 1605 2911 1658 κατὰ
2945 1603 3233 1674 συνήθειαν
3257 1601 3368 1674 (26)
3412 1603 3460 1654 οἱ
3501 1600 3716 1671 σεισμοὶ

2121 1699 2418 1768 ἐγίγνοντο,
2471 1697 2734 1762 πολλάκις
2784 1695 2897 1762 οὖν,
2938 1699 3027 1750 ὅτε
3049 1697 3068 1726 ⁵
3105 1695 3320 1766 σεισμοὶ
3361 1693 3500 1747 κατὰ
3531 1692 3717 1764 χώραν

2118 1791 2424 1860 γίγνονται,
2490 1790 2687 1862 συνέϐη
2743 1790 2844 1861 (δὲ)
2897 1790 2992 1842 καὶ
3045 1789 3132 1840 ἐπ’
3191 1786 3436 1840 ἐνιαυτὸν
3493 1783 3714 1855 ὁλοτελῆ

2117 1883 2240 1936 καθ’
2287 1883 2524 1953 ἑκάστην
2576 1881 2748 1936 νύκτα
2799 1879 3058 1944 πολλάκις
3101 1879 3422 1933 σαλεύεσθαι
3461 1878 3560 1946 τὴν
3585 1877 3712 1948 γῆν.

2117 1969 2269 2046 Ἀρά
2319 1973 2372 2042 γ’
2432 1967 2526 2028 οὖν
2579 1971 3082 2044 τραυματωθέντων
3136 1970 3244 2023 τῶν
3299 1969 3396 2023 τοῦ
3425 1969 3714 2040 ὠμοφόρου

2121 2063 2322 2134 ὤμων,
2387 2063 2744 2134 ἀφερεπόνως
2807 2061 2997 2132 ἄγεται
3077 2061 3327 2132 ὲνδελεχῆ
3395 2059 3716 2132 ποιούμενος

2123 2154 2214 2207 τὸν
2252 2155 2446 2222 σάλον;
2493 2155 2603 2207 Καὶ
2663 2155 2748 2218 τίς
2788 2153 3034 2220 ἀνέξεται
3071 2151 3173 2223 τῆς
3225 2153 3482 2222 τοιαύτης
3533 2169 3714 2222 μωρο-

2124 2245 2344 2314 λογίαςς
2383 2246 2447 2300 Τί
2484 2245 2542 2300 δὲ
2583 2245 2710 2300 ἄλλο
2765 2245 2992 2298 πιθανὸν
3029 2244 3131 2298 οὐκ
3184 2244 3482 2316 ἐτόλμησεν
3511 2245 3714 2308 εἰπείν;

2125 2337 2329 2391 Ψάσκει
2359 2337 2468 2408 γὰρ
2494 2339 2523 2390 ό
2551 2336 2811 2401 τοιοῦτος,
2849 2339 2954 2402 ὅτι,
2987 2339 3140 2408 φησι,
3173 2335 3272 2400 τὰς
3299 2338 3356 2388 ὲν
3383 2334 3584 2404 γνώσει
3617 2336 3718 2406 τῆς

2130 2427 2295 2482 αὐτοῦ
2332 2428 2540 2498 πλάνης
2582 2427 2760 2498 ψυχὰς
2793 2427 3091 2499 γενομένας
3124 2425 3603 2497 ἀναλαμϐάνεσθαι
3638 2427 3720 2488 είς

2131 2523 2228 2593 τὴν
2261 2523 2513 2593 σελήνην,
2549 2522 2822 2602 φωτεινῆς
2864 2522 3050 2586 ούσίας
3088 2521 3185 2592 τῆς
3223 2519 3404 2590 ψυχῆς
3441 2518 3720 2590 ὑπαρχού-

2136 2631 2255 2686 σης.
2281 2614 2391 2679 Διὸ,
2416 2615 2571 2685 φησὶ,
2600 2614 2796 2685 πλήθει
2825 2615 2859 2684 ἡ
2890 2613 3110 2684 σελήνη,
3143 2613 3234 2666 καί
3259 2611 3454 2682 φθίνει.
3483 2611 3720 2682 πληρου-

2139 2705 2272 2776 μένη
2302 2706 2410 2759 ἀπὸ
2438 2705 2545 2760 τῶν
2571 2705 2758 2776 ψυχῶν
2790 2703 2896 2758 τῶν
2925 2703 3272 2758 τελευτωσῶν
3298 2705 3355 2756 ὲν
3389 2700 3588 2770 γνώσει
3619 2701 3719 2770 τῆς

2137 2797 2393 2861 ἀπιστίας
2422 2799 2608 2868 αὐτῆς.
2647 2795 2800 2863 Εἶτα,
2835 2797 2989 2868 φησὶ,
3031 2794 3440 2866 ἀπογομοῦσοαι
3478 2793 3586 2845 ἀπὸ
3620 2792 3719 2862 τῆς

2141 2889 2368 2960 σελήνης
2398 2889 2492 2942 τοῦ
2529 2889 2858 2960 μικροτέρου
2887 2889 3020 2960 φησὶ
3051 2887 3311 2957 σκάφους,
3346 2887 3424 2949 εἰς
3453 2885 3544 2937 τὸν
3567 2883 3720 2955 ἥλιον

2138 2981 2197 3034 δὲ
2229 2981 2700 3054 παραλαμϐάνειν,
2736 2981 2828 3036 καὶ
2859 2977 3206 3034 ἀποτίθεσθαι
3244 2981 3323 3042 εἰς
3345 2977 3435 3030 τὸν
3463 2977 3574 3030 τῶν
3612 2994 3719 3046 μα-

2142 3073 2328 3146 κάρων
2365 3073 2558 3136 αἰῶνα,
2592 3073 2776 3145 φησίν.
2827 3073 2938 3128 Ἀεὶ
2979 3072 3035 3128 δὲ
3082 3071 3255 3144 τυφλὴ
3301 3070 3642 3142 τυγχάνουσα
3684 3071 3718 3142 ή

2136 3169 2328 3230 κακία,
2357 3167 2456 3236 τὴν
2486 3167 2686 3238 ἑαυτῆς
2713 3165 2975 3236 αἰσχύνην
3009 3167 3214 3234 ἀγνοεῖ,
3251 3167 3326 3228 ὼς
3351 3163 3460 3217 ἀπὸ
3492 3163 3602 3216 τῶν
3625 3163 3716 3215 λό-

2133 3274 2247 3328 γων
2284 3257 2458 3326 αὐτῆς
2507 3257 2802 3328 ἐλέγχεται.
2849 3257 2924 3330 μὴ
2969 3256 3239 3328 δυναμένη
3289 3254 3571 3310 τελειῶσαι
3609 3253 3719 3308 τῶν

2133 3349 2462 3420 ψευσμάτων
2487 3349 2586 3420 τὴν
2607 3348 2905 3405 τελείωσιν.

2205 3611 2331 3666 ΚΓν.
2368 3610 2592 3683 Πρῶτον
2619 3611 2718 3680 μὲν
2750 3610 2858 3684 γὰρ
2885 3611 2964 3664 ὅτι
2991 3605 3071 3675 εἷς
3092 3611 3187 3664 ἄνθ
3196 3628 3379 3682 ρωπος
3403 3611 3716 3670 πέπλασται

2133 3705 2162 3756 ὁ
2198 3704 2388 3774 Ἀδὰμ,
2425 3703 2483 3770 ἐξ
2519 3696 2690 3775 οὗπερ
2726 3703 3083 3772 γεγέννηνται
3123 3705 3227 3756 υἱοί
3259 3721 3318 3755 τε
3355 3705 3446 3758 καὶ
3480 3703 3718 3772 θυγατέ-

2139 3811 2248 3866 ρεςο
2293 3797 2351 3846 ἐν
2395 3797 2460 3868 τῇ
2509 3795 2648 3866 ἀρχῇ
2691 3795 2746 3848 δὲ
2792 3798 2890 3866 τῆς
2939 3795 3296 3866 κοσμοποιίας
3323 3796 3436 3866 (‘27)
3483 3797 3614 3868 περὶ
3657 3797 3720 3850 τὸ

2135 3887 2365 3939 ἕκαστον
2399 3886 2518 3949 ἔτος
2551 3886 2642 3939 τοῦ
2687 3886 2878 3956 Ἀδὰμ,
2926 3887 3095 3939 πλείω
3133 3887 3364 3950 ἐλάσσω,
3401 3888 3719 3943 ἀποκτείνε-

2135 3997 2222 4032 ται
2260 3979 2446 4044 Ἅϐελ,
2479 3978 2554 4042 ὡς
2582 3977 2718 4032 ἐτῶν
2745 3979 2991 4054 ὑπάρξας
3017 3979 3080 4042 λ’,
3109 3977 3278 4032 πλείω
3305 3979 3535 4034 ἐλάσσω.
3561 3980 3719 4034 Μετὰ

2134 4070 2321 4123 τοῦτον
2341 4070 2430 4123 τὸν
2461 4071 2674 4142 πρῶτον
2695 4069 3104 4124 ἁποκτανθὲντα
3125 4071 3354 4142 τελευτᾷ
3373 4071 3466 4124 ἐπὶ
3493 4071 3590 4142 τῆς
3617 4072 3719 4141 γῆς

2136 4163 2164 4213 ό
2203 4161 2373 4234 Ἀδὰμ
2398 4165 2426 4216 ὁ
2455 4163 2877 4235 πρωτόπλαστος
2903 4163 2970 4216 δι’
2997 4161 3132 4216 ἐτῶν
3160 4163 3270 4230 7:;1',
3301 4163 3394 4216 τοῦ
3433 4163 3586 4234 ἡλίου
3623 4165 3718 4217 καὶ

2135 4255 2233 4324 τῆς
2267 4255 2494 4326 σελήνης
2526 4256 2620 4308 καὶ
2655 4255 2763 4310 τῶν
2801 4255 3016 4326 ἄστρων
3050 4255 3156 4308 ἀπὸ
3197 4257 3462 4326 τετάρτης
3504 4258 3718 4328 ἡμέρας

2135 4345 2193 4396 ὲν
2217 4344 2430 4415 οὐρανῷ
2469 4343 2783 4416 πηχθὲντων
2818 4345 2910 4396 καὶ
2943 4343 3288 4398 κτισθέντων.
3332 4345 3396 4397 Τί
3424 4341 3515 4400 οὖν
3548 4349 3715 4399 εἴπω-

450 4439 639 4496 Nonue
666 4441 882 4495 tandem
901 4441 1205 4494 convictam
1230 4456 1352 4495 esse
1382 4440 1736 4495 stoliditatem
1765 4451 1911 4494 tuam
1950 4445 2027 4494 t'a-

2141 4455 2261 4507 μεν,
2310 4432 2355 4490 ὦ
2403 4433 2582 4501 οὗτοςς
2631 4437 3068 4507 Ὁμολογησομεν
3115 4437 3205 4490 τὸν
3253 4437 3350 4508 τῆς
3385 4437 3573 4502 ἀνοίας
3621 4455 3717 4491 σου

451 4533 933 4588 tebimur?tierine
962 4533 1107 4585 enim
1155 4531 1328 4602 potuit
1379 4532 1512 4586 totis
1545 4541 1604 4585 ut
1644 4533 1932 4602 nongentis
1963 4550 2028 4588 ac

451 4625 672 4694 triginta
702 4625 860 4679 anuis
901 4639 1001 4678 nec
1044 4624 1366 4692 impleretur
1409 4623 1558 4688 luna,
1611 4639 1788 4693 neque
1841 4625 2028 4682 decre—

451 4715 660 4768 sceret?
680 4713 1018 4780 Quibusnam
1060 4723 1240 4770 autem
1281 4717 1483 4770 animis
1517 4725 1642 4786 post
1678 4727 1903 4772 mortem
1947 4735 2031 4773 re-

456 4809 588 4860 t’erta
622 4821 742 4860 esse
773 4805 902 4858 luna
944 4815 1004 4858 ut
1051 4807 1370 4875 impleretur
1419 4807 1638 4876 potuit?
1688 4808 1776 4863 dic
1799 4849 1814 4872 ,
1843 4809 2023 4864 sodes.

452 4895 718 4950 Nimirum
743 4896 846 4950 hoc
871 4897 1200 4952 Nauiclueus
1233 4899 1548 4970 ignorabat;
1589 4915 1710 4956 esse
1731 4901 2028 4970 prudentes

449 4991 665 5060 aliquos
697 4991 788 5061 qui
823 5007 933 5044 non
973 4991 1230 5046 inanibus
1281 4993 1604 5056 mendaciis,
1643 4993 1740 5048 sed
1777 4995 2027 5050 certissi-

395 5246 398 5252 Ι
475 5249 478 5252 _
519 5173 536 5203 ⁸
571 5170 762 5227 Matth.
795 5187 846 5234 ν,
877 5171 967 5226 45.
1047 5175 1067 5204 ¹
1095 5171 1260 5226 Marc.
1289 5189 1408 5236 XIII,
1436 5174 1502 5238 8;
1547 5182 1600 5228 et
1633 5173 1820 5228 .Ilatth.
1861 5191 2007 5239 xxiv,
2041 5175 2093 5228 7.

519 5351 632 5422 {‘26)
669 5355 739 5406 Εὶ
778 5353 846 5405 δὲ
900 5351 968 5406 ἐκ
1023 5353 1264 5422 φύσεως
1299 5396 1312 5418 ,
1371 5353 1407 5420 ἡ
1472 5353 1617 5408 κατὰ
1681 5351 2036 5414 συνήθειαν·

451 5424 637 5476 'I‘errze
690 5433 870 5476 motus
919 5425 1266 5478 naturalibus
1323 5439 1387 5478 ex
1442 5425 1640 5490 causis
1682 5423 1814 5474 oriri
1871 5423 2037 5476 nimis

453 5493 739 5566 ἰδιωτικῶς
773 5509 968 5566 negare
982 5495 1216 5548 videtur.
1237 5493 1396 5560 Quod
1423 5504 1478 5548 et
1502 5491 1647 5562 apud
1679 5491 2031 5546 Philastrium

451 5565 704 5631 legimus.

523 5629 636 5702 (‘27)
681 5637 784 5688 Ἐν
812 5635 888 5702 τῇ
914 5635 1070 5705 ἀρχῇ
1093 5629 1160 5688 δὲ
1183 5633 1292 5701 τῆς
1315 5633 1726 5705 κοσμοποιίας.
1749 5631 1870 5697 Quo
1892 5647 2036 5705 anno

451 5711 576 5772 post
623 5707 810 5762 orbem
856 5703 1136 5762 conditui"
1195 5705 1422 5757 Abelum
1483 5703 1727 5756 Adamus
1762 5703 2036 5772 genuerit,

2136 4531 2387 4602 ἐλεγχονς
2424 4529 2548 4593 Πῶς
2581 4528 2689 4602 γὰρ
2722 4529 2953 4600 ἠδύνατο
2987 4531 3276 4584 ἐννακόσια
3305 4531 3596 4602 τριάκοντα
3623 4532 3718 4602 ἔτη

2135 4622 2391 4692 γενέσθαι
2436 4621 2566 4675 ἄνευ
2611 4621 2706 4676 τοῦ
2771 4622 2980 4691 φθίνειν
3029 4623 3258 4694 σελήνην
3313 4623 3407 4676 καὶ
3459 4623 3715 4696 πλήϐειν;

2137 4715 2312 4768 Ποίων
2357 4715 2533 4768 τοίνυν
2575 4714 2766 4785 ψυχῶν
2815 4716 3224 4786 τελευτησασῶν
3268 4717 3637 4788 ἐνεπίμπλατο
3681 4721 3714 4792 ή

2140 4807 2336 4879 σελήνη
2367 4808 2460 4860 καὶ
2482 4807 2817 4878 ὲπληροῦτο;
2841 4807 2988 4876 λέγε.
3025 4807 3162 4860 ’Δλλ’
3187 4809 3369 4878 ἠγνόει
3393 4811 3715 4879 Μανιχαὶος,

2134 4901 2216 4954 ὅτι
2247 4900 2358 4952 εἰσὶ
2387 4901 2619 4964 συνετοὶ,
2653 4901 2713 4954 ού
2755 4901 2936 4968 λόγοις
2971 4901 3188 4954 ψευδέσι
3217 4902 3550 4972 πειθόμενοι,
3581 4903 3718 4956 ἀλλὰ

2135 4991 2530 5066 ἀληθεστάταις
2559 4991 2914 5056 ἀποδείξεσιν.
2943 4989 3075 5046 Εἶτα
3112 4991 3169 5046 δὲ
3195 4993 3396 5065 δῶμεν,
3429 4995 3508 5047 ὅτι
3547 4995 3720 5060 οὕτως

2175 5173 2194 5202 ³
2231 5173 2360 5244 Leg.
2393 5175 2488 5232 mi.
2511 5173 2654 5228 οὕτω
2683 5173 2831 5236 τούς.
2909 5173 2930 5204 ⁸
2969 5171 3032 5228 F.
3052 5173 3108 5226 οἵ
3135 5191 3215 5228 τε.

2142 5351 2358 5422 Moyses
2388 5351 2577 5404 tacuit.
2609 5349 2710 5404 llic
2739 5363 2895 5422 anno
2910 5350 3210 5422 centesimo
3236 5357 3463 5422 necatus
3493 5347 3718 5415 dicitur,

2139 5421 2263 5476 cum
2304 5422 2482 5476 aetatis
2507 5429 2692 5490 ageret
2723 5437 2848 5473 xxx.
2885 5421 3041 5476 Unde
3071 5435 3175 5474 ιλιι
3205 5421 3424 5474 circiter
3447 5435 3592 5490 anno
3619 5437 3718 5472 ua-

2141 5501 2253 5544 tum
2293 5489 2563 5561 0portuit.’
2593 5491 2700 5544 Sed
2739 5492 2852 5545 lucc
2891 5507 3040 5545 mera
3081 5491 3343 5544 divinatio
3393 5501 3499 5545 est.
3549 5489 3721 5544 Porro

2139 5561 2452 5636 ἑκατοστόν,
2479 5577 2579 5636 pro
2607 5561 3252 5618 Exasrovcmendandum
3280 5575 3402 5617 esse
3428 5575 3589 5616 nemo
3611 5575 3718 5616 non

2139 5634 2305 5688 videt.
