4008 6240
275 337 344 388 69
923 337 1240 397 ADVERSU
1253 339 1291 395 S
1328 339 1672 395 lMERESES
1711 339 1838 395 LIB.

1991 339 2154 396 ΤΟΜ.
2199 339 2328 394 Il.--
2388 341 2658 396 llleBES.
2693 340 2876 397 LXVI.
3470 341 3540 394 70

271 451 445 516 ἐστὶν,
473 452 607 521 ὅπερ
641 451 741 503 οὐκ
786 450 915 514 ἐστι,
950 453 1023 522 μὴ
1054 453 1297 520 γένοιτοί
1334 453 1426 505 καὶ
1463 453 1570 506 ἀπὸ
1608 452 1717 506 τῶν
1744 453 1850 523 ψυ-

1976 455 2060 507 nis
2089 454 2650 511 demonstrationibus
2689 457 3031 511 adducantur
3055 463 3114 508 ut
3151 454 3396 510 credant.
3431 455 3534 512 Ve-

271 543 387 614 χῶν
406 542 513 595 τῶν
538 541 856 611 Μανιχαίων
878 541 1159 612 γεμίζεται
1181 543 1534 614 πληρουμένη
1630 543 1849 613 σελήνη·

273 633 392 697 πῶς
438 634 517 686 ἔτι
563 633 960 702 συσταθήσεται
999 635 1030 702 ἡ
1066 634 1286 704 τοιαύτη
1321 634 1610 699 ὑπόθεσις;
1646 637 1709 688 El
1748 634 1857 705 γὰρ

270 728 446 792 οὐδεὶς
482 726 621 797 μετά
651 725 750 796 τὴν
781 725 1268 796 πεντεκαιδεκάτῳ
1303 726 1516 796 ἡμέραν
1554 727 1654 795 τῆς
1696 727 1854 796 σελή-

272 837 372 889 νης
419 819 738 888 Μανιχαίων
786 817 1059 880 ἐτελεύτα,
1109 818 1249 870 ἀλλὰ
1292 813 1693 888 προθεσμίαῆν
1723 819 1855 889 ὠρι-

280 910 450 980 σμένη
486 910 590 972 ἓως
623 909 1117 980 πεντεκαιδεκάτης
1148 909 1246 979 τῆς
1277 909 1504 980 σελήνης
1529 911 1655 972 τοὺς
1679 910 1857 963 Μανι-

279 1005 470 1073 χαίους
499 1002 882 1071 ἀποθνήσκειν,
913 1001 1050 1071 μετὰ
1072 1001 1126 1054 δέ
1152 1001 1639 1071 πεντεκαιδεκάτην
1661 1001 1858 1071 μηκέτι

279 1096 560 1164 τελευτᾷν,
613 1094 718 1156 ’έως
755 1093 991 1163 ἀποτεοῇ
1032 1095 1060 1144 ὁ
1099 1093 1199 1161 τῆς
1247 1094 1479 1164 σελήνης
1523 1094 1740 1164 φόρτος,
1772 1094 1858 1145 ἵνα

280 1186 514 1256 ἄρξηται
555 1184 714 1238 πάλιν
756 1184 864 1238 ἀπὸ
895 1184 1186 1254 νεομηνίας
1219 1183 1444 1253 γομοῦψ
1489 1183 1712 1237 πιθανόν
1751 1184 1859 1254 ἄρα

276 1275 346 1348 ἧν
377 1279 436 1330 τὸ
463 1276 685 1347 ψεῦσμα
712 1277 818 1329 τῶν
841 1276 1038 1330 αὐτῶν.
1066 1274 1180 1327 Νῦν
1209 1274 1264 1326 δὲ
1297 1275 1390 1327 καὶ
1410 1275 1696 1332 ἀπίθανον.
1721 1275 1858 1328 Καθ’

275 1371 493 1440 ἡμέραν
518 1369 626 1438 γὰρ
656 1368 970 1429 τελευτῶσι,
999 1369 1183 1420 καὶτὰ
1215 1368 1496 1438 ὡρισμένα
1527 1369 1766 1437 στοιχεῖα
1796 1368 1860 1419 ἐκ

277 1461 416 1513 Θεοῦ
444 1460 533 1513 τὸν
566 1461 698 1514 ίδιον
727 1460 1049 1513 ἐπίστανται
1073 1460 1293 1530 δρόμον.
1321 1460 1431 1514 Καὶ
1458 1459 1619 1512 πάλιν
1648 1461 1707 1512 οὐ
1735 1477 1862 1512 στα-

279 1553 502 1621 θήσεται
535 1555 563 1606 ὁ
599 1552 726 1622 περὶ
763 1551 872 1604 τῶν
913 1550 1100 1621 ψυχῶν
1147 1555 1205 1604 ἐν
1242 1554 1308 1621 τῇ
1345 1551 1544 1624 σελήνῃ
1573 1552 1861 1620 γενόμενος

278 1642 344 1710 γό
354 1655 472 1711 μος.

1960 562 2079 601 rum
2113 547 2306 603 demus
2331 548 2406 601 ita
2439 565 2560 604 sese
2583 564 2696 605 rem
2737 549 2960 613 habere,
2986 547 3130 617 quod
3166 555 3348 602 tamen
3373 549 3536 619 longe

1976 637 2134 691 aliter
2163 652 2226 691 se
2265 638 2456 705 habet;
2505 654 2568 692 ac
2607 638 3026 692 Manichaeorum
3066 637 3266 692 animis
3310 640 3533 693 onerari

1973 729 2342 798 complerique
2381 731 2585 793 lunam,
2619 732 2712 800 qui
2745 731 2958 784 tandem
2992 729 3298 783 istiusmodi
3330 729 3529 799 dogma

1971 820 2271 874 consistet?
2299 820 2432 874 Nam
2463 822 2510 875 si
2552 820 2972 874 Manichaeorum
3013 822 3193 876 nullas
3240 835 3271 874 a
3317 821 3536 875 decimo

1959 910 2153 978 quinto
2189 911 2328 966 luna:
2358 912 2446 968 die
2476 920 2799 976 moreretur,
2826 913 2918 966 sed
2940 913 3260 980 praeﬁnitum
3289 912 3418 966 illud
3440 927 3530 966 es-

1958 1007 2040 1053 set
2085 1002 2352 1068 spatium,
2391 1010 2449 1055 ut
2495 1003 2561 1057 ad
2609 1003 2750 1057 lunai
2785 1002 3054 1056 decimum
3105 1002 3354 1071 quintum
3387 1002 3531 1055 diem

1968 1089 2246 1146 Manichmi
2279 1107 2344 1150 ex
2378 1092 2479 1149 hac
2503 1093 2612 1150 vita
2643 1092 3018 1157 discederent,
3067 1100 3189 1163 post
3214 1094 3358 1147 hunc
3387 1092 3530 1147 diem

1962 1199 2120 1238 nemo
2147 1184 2378 1252 amplius
2408 1184 2605 1245 obiret,
2639 1183 2812 1238 donec
2842 1184 2984 1239 luna:
3015 1200 3156 1239 onus
3189 1195 3336 1238 esset
3365 1198 3530 1252 expo-

1961 1275 2123 1330 situm
2177 1288 2338 1333 nova,
2372 1282 2430 1328 nt
2470 1274 2684 1328 onerari
2719 1288 2912 1328 rursus
2957 1273 3242 1342 inciperet,
3287 1274 3538 1327 nonnihil

1963 1375 2022 1420 ut
2073 1366 2126 1420 in
2164 1365 2451 1420 mendacio
2494 1364 2898 1434 probabilitatis
2929 1365 3153 1421 inesset.
3202 1364 3318 1419 Non
3353 1374 3534 1419 autem

1964 1459 2121 1527 plane
2143 1467 2226 1511 est
2254 1457 2400 1511 istud
2427 1457 2750 1515 absurdum.
2776 1457 3008 1525 singulis
3040 1456 3187 1511 enim
3219 1455 3416 1511 diebus
3444 1470 3540 1511 oc-

1963 1547 2177 1609 cidunt,
2204 1556 2257 1602 et
2286 1561 2408 1616 qua:
2429 1561 2457 1600 a
2482 1546 2592 1603 Deo
2621 1546 2923 1601 constituta
2966 1556 3096 1602 sunt
3126 1543 3390 1601 elementa
3409 1561 3538 1601 cur-

1963 1653 2082 1691 sum
2119 1653 2297 1691 suum-
2323 1645 2528 1693 tenent.
2563 1636 2745 1703 Quare
2775 1637 3080 1691 animarum
3131 1652 3273 1692 onus
3313 1637 3448 1692 illud
3483 1639 3536 1693 in

1965 1729 2148 1782 lunam
2183 1727 2500 1797 impositum
2532 1729 2754 1784 minime
2782 1729 3069 1784 consistet.

351 1816 476 1868 ΚΝ.
516 1813 619 1869 Καί
664 1831 808 1878 τινες
852 1815 950 1885 μὲν
989 1815 1168 1869 αὐτῶν
1200 1816 1361 1869 πάλιν
1401 1815 1680 1884 βούλονται
1723 1817 1864 1870 κατὰ

2036 1817 2226 1874 XXIV.
2263 1795 2527 1874 Creterum
2574 1819 2714 1873 inter
2765 1819 2888 1875 illos
2933 1818 3179 1874 nonnulli
3235 1831 3398 1880 sunt,
3445 1820 3539 1889 qui

283 1906 528 1958 ἐπίνοιαν
579 1905 934 1977 πανουργίας,
971 1907 1127 1978 φησὶ,
1177 1908 1275 1976 τὴν
1322 1905 1535 1976 μητέρα
1579 1907 1688 1959 τῶν
1729 1907 1866 1961 ὅλων

285 1996 718 2065 συγχωρήσασαν
759 1996 990 2066 δύναμιν
1035 1996 1172 2048 ἰδίαν
1209 1996 1268 2062 ἐξ
1311 1995 1541 2065 οὐρανοῦ
1587 1997 1867 2050 κατελθεῖν

284 2087 366 2148 εἰς
407 2087 466 2138 τὸ
503 2087 698 2155 κλέψαι
741 2087 850 2140 τῶν
899 2087 1199 2157 ἀρχόντων,
1251 2087 1346 2141 καὶ
1384 2087 1726 2158 άποσυλῆσαι
1775 2089 1867 2142 ἀπ’

286 2180 466 2232 αὐτῶν
509 2183 574 2251 ἦν
608 2181 805 2250 εἴληφα
836 2181 851 2211 ¹
885 2180 1090 2233 ἄνωθεν
1142 2180 1393 2252 δύναμιν.
1455 2181 1709 2234 ίὲούλεται
1761 2182 1869 2252 γὰρ

286 2273 487 2338 λέγειν,
523 2274 604 2325 ὅτι
647 2273 1029 2344 πολεμήσασαι
1061 2275 1117 2326 αί
1161 2274 1326 2343 ἁρχαὶ
1373 2274 1468 2326 καὶ
1505 2273 1745 2338 ἐξουσίαι
1777 2275 1869 2328 τὸν

286 2362 420 2414 θεὸν
452 2362 541 2414 τὸν
576 2361 774 2427 ζῶντα,
807 2364 898 2415 καὶ
939 2363 1180 2434 μεγάλην
1210 2365 1304 2416 καὶ
1334 2363 1720 2434 ἀκατάληπτον
1771 2367 1870 2435 ἠρ-

288 2454 524 2506 πακέναι
552 2456 683 2523 παρ’
708 2455 871 2507 αὐτοῦ
898 2455 1148 2525 δύναμιν,
1176 2455 1244 2525 ἣν
1273 2456 1367 2507 καὶ
1392 2454 1570 2525 ψυχὴν
1593 2456 1868 2526 ὀνομάζει.

288 2548 400 2599 Καὶ
434 2545 480 2598 ὣ
511 2547 611 2616 τῆς
648 2547 848 2615 πολλῆς
884 2547 1074 2600 τούτου
1099 2548 1364 2609 ἀτοπίαςί
1401 2550 1516 2612 Πᾶς
1554 2549 1659 2620 γὰρ
1699 2551 1873 2621 ἁρπα-

289 2637 518 2707 ζόμενος
547 2638 640 2691 καὶ
667 2638 1084 2710 βιοιρορούμενος
1117 2640 1478 2709 ὑποϐέϐηκεν.
1519 2641 1582 2692 El
1611 2641 1789 2692 τοίνυν
1817 2641 1871 2692 αἱ

287 2729 477 2798 ἀρχαὶ,
519 2729 627 2781 ἀπὸ
677 2729 776 2797 τῆς
823 2730 1123 2793 πανοπλίας
1168 2731 1736 2785 καταδυναστεύσασαι
1780 2731 1872 2783 τὸν

288 2820 492 2886 ἀγαθὸν
521 2821 672 2881 Θεὸν,
704 2821 932 2891 δύναμιν
985 2824 1110 2892 παρ’
1138 2822 1301 2876 αὑτοῦ
1345 2823 1688 2885 ἀπέσπασαν,
1734 2827 1873 2894 ἰσχυ-

300 2912 519 2982 ρότεραι
546 2905 706 2966 αὗται
735 2913 874 2984 ὑπὲρ
905 2915 1108 2966 ἐκεῖνον
1134 2914 1364 2968 ἔσονται.
1403 2916 1638 2978 Ἐκεῖνος
1665 2916 1741 2979 δέ,
1759 2916 1874 2968 τού-

295 3019 412 3064 τοις
447 3003 508 3054 τὺ
552 3001 770 3072 πρῶτον
821 3003 1202 3074 ὑποχωρήσας,
1253 3005 1498 3068 εἰσαῦθις
1546 3006 1605 3056 οὐ
1653 3005 1872 3058 δύναται

293 3095 424 3164 παρ’
454 3093 632 3146 αὐτῶν
657 3093 953 3162 ἀφελέσθαι
986 3095 1085 3166 τὴν
1115 3097 1209 3148 ἀπ’
1239 3096 1403 3150 αὐτοῦ
1435 3097 1872 3168 ἀφηρπασμένην

292 3185 545 3255 δύναμιν,
581 3184 681 3236 εἴτ’
721 3181 815 3238 οὖν
858 3186 1177 3251 πανοπλίαν,
1225 3188 1253 3239 6
1294 3185 1354 3250 ἐξ
1391 3188 1564 3259 ἀρχῆς
1602 3187 1874 3257 ἀντισχεῖν

295 3275 432 3346 πρὸς
462 3276 590 3338 τοὺς
621 3275 914 3345 πολεμίους
943 3276 1017 3347 μὴ
1051 3277 1430 3347 δεδυνημένος.
1463 3278 1574 3331 Καὶ
1605 3278 1799 3341 ἄλλως,
1826 3279 1875 3331 εἰ

292 3363 349 3416 δὲ
387 3365 479 3417 καί
509 3381 640 3417 ποτε
674 3365 836 3418 πάλιν
867 3367 924 3418 ἐν
955 3365 1080 3436 νίκῃ
1113 3366 1402 3436 γενόμενος
1430 3368 1694 3438 ἀφέληται
1730 3369 1876 3439 ἰσχύο

297 3471 396 3518 σας
429 3455 572 3509 κατὰ
610 3455 720 3508 τῶν
757 3456 824 3508 δι’
853 3457 1102 3519 ἐναντίας
1149 3459 1248 3529 τὴν
1282 3460 1376 3512 ἀπ’
1412 3458 1576 3512 αὑτοῦ
1627 3459 1876 3529 ἀφηρπα-

311 3545 516 3615 σμένην
551 3545 800 3615 δύναμιν,
829 3547 928 3616 τῆς
967 3546 1061 3598 τοῦ
1092 3547 1261 3601 κακοῦ
1309 3547 1464 3618 ῥίζης
1491 3564 1550 3600 τε
1580 3547 1672 3600 καὶ
1700 3547 1878 3618 ἀρχῆς

302 3637 541 3706 ἀνάρχου
571 3636 651 3690 ἔτι
685 3636 1068 3707 ἐπιμενούσης,
1107 3638 1202 3690 καὶ
1227 3637 1506 3700 παντελῶς
1545 3638 1618 3707 μὴ
1646 3637 1878 3708 δυναμέ-

295 3744 394 3796 νης
436 3727 809 3797 ἀναιρεθῆναι,
866 3724 1021 3792 αὖθις
1066 3729 1228 3782 πάλιν
1271 3727 1591 3800 κατισχύσει
1627 3729 1879 3799 ἐπιστρα-

295 3815 536 3868 τεύσασα
566 3817 734 3887 ἑαυτῇ
771 3818 1164 3888 περισσοτέραν
1198 3818 1447 3888 δύναμιν,
1472 3819 1568 3872 καὶ
1588 3818 1690 3888 τὴν
1717 3819 1878 3872 πάλιν

297 3907 463 3960 αὑτοῦ
493 3907 790 3977 ληφθεῖσαν
819 3910 884 3962 ἐκ
911 3908 1006 3962 τοῦ
1041 3907 1250 3978 ἀγαθοῦ
1281 3909 1416 3962 Θεοῦ
1447 3909 1704 3980 δύναμιν,
1737 3910 1880 3963 κατά

296 4015 418 4051 τινα
456 3998 774 4052 δυναστείαν
815 3999 1164 4069 ἐξισχύσασα,
1207 3999 1368 4054 πάλιν
1407 4001 1754 4072 ἀφαιρήσειεο
1786 4002 1880 4054 καὶ

300 4090 452 4143 ἔσται
507 4092 595 4144 ἀεὶ
641 4093 760 4144 κατ’
807 4093 969 4145 αὐτὸν
1014 4093 1078 4146 τὸ
1122 4094 1288 4147 κακὸν
1331 4093 1746 4163 ἀνθιστάμενον,
1787 4094 1879 4147 καὶ

304 4184 573 4254 μηδέποτε
603 4184 725 4254 ἕχον
757 4185 856 4254 τὴν
883 4184 1223 4253 κατάλειψιν,
1255 4187 1335 4247 εἰς
1360 4187 1420 4237 τὸ
1437 4185 1684 4254 διηνεκὲς
1709 4185 1882 4254 ἀρπά-

301 4275 393 4338 ζον
431 4293 490 4329 τε
531 4277 626 4329 καὶ
670 4277 1074 4346 ἁρπαζόμενον.
1110 4277 1173 4329 Ei
1211 4276 1265 4329 δὲ
1307 4276 1402 4329 καὶ
1443 4275 1654 4342 λέξειαν
1697 4279 1744 4330 οι
1781 4275 1880 4340 τὰς

301 4366 504 4436 φρένας
545 4364 910 4437 βεϐλαμμένοι
951 4365 1324 4437 ἀπατηθέντες
1366 4367 1507 4421 κατά
1545 4367 1722 4420 πάντα
1757 4368 1880 4439 τρό-

1971 1907 2184 1962 vafrmn
2209 1909 2471 1978 quiddam
2496 1910 2880 1979 excogitarunt
2909 1929 2922 1964 :
2949 1911 3329 1966 universorum
3355 1909 3544 1965 videli-

1968 2012 2053 2053 cet
2082 2007 2332 2063 matrem,
2377 2016 2497 2070 qua:
2529 2001 2635 2054 vim
2682 2017 2835 2056 snam
2871 2002 3315 2066 communicavit,
3347 2017 3377 2056 e
3401 2002 3542 2056 cmlo

1967 2090 2345 2156 descendisse,
2379 2099 2438 2144 ut
2483 2105 2603 2144 eam
2638 2091 2806 2158 ipsam
2851 2091 2959 2145 vim
3012 2091 3352 2161 principibus
3398 2092 3544 2144 furto

1969 2178 2200 2244 auferat,
2218 2177 2378 2249 64],
2399 2193 2461 2232 ac
2490 2179 2778 2248 subripiat.
2796 2195 2955 2248 quam
2987 2196 3017 2234 e
3043 2179 3183 2234 coelo
3210 2179 3543 2235 transfusam

1969 2277 2317 2338 acceperant.
2347 2271 2404 2323 In
2428 2285 2537 2340 quo
2569 2271 2700 2324 illud
2725 2271 2828 2325 sibi
2855 2271 3046 2324 volunt
3074 2271 3446 2340 :principatus
3481 2286 3546 2326 ac

1969 2369 2262 2430 potestates
2292 2362 2435 2415 bello
2465 2369 2654 2414 contra
2683 2361 2852 2415 Deum
2881 2363 3062 2414 vivmn
3105 2371 3384 2430 suscepto.
3426 2378 3546 2414 ma-

1969 2467 2128 2522 gnam
2158 2451 2226 2504 ab
2252 2465 2320 2504 eo
2353 2450 2604 2520 rapuisse
2636 2450 2768 2513 vim,
2807 2465 2928 2519 quae
2972 2449 3359 2518 comprehendi
3394 2449 3551 2501 nullo

1971 2543 2131 2596 modo
2156 2543 2349 2612 possit,
2383 2558 2504 2612 qua:
2545 2542 2764 2612 quidem
2795 2543 2974 2595 anima
3005 2541 3338 2594 nominatur.
3375 2539 3421 2594 0
3452 2541 3550 2593 ab—

1971 2635 2352 2688 surdissimam
2375 2634 2700 2690 falsitatem!
2735 2633 2948 2688 Etenim
2976 2634 3285 2702 cuicunque
3319 2647 3416 2702 per
3437 2633 3546 2685 vim

1971 2729 2174 2798 aiiquid
2203 2743 2265 2783 ac
2300 2729 2615 2784 violentiam
2637 2728 2892 2797 eripitur,
2930 2726 3156 2781 inferior
3175 2733 3276 2780 est.
3295 2726 3476 2791 Quare
3497 2723 3549 2777 si-

1970 2821 2314 2889 principatus
2345 2821 2423 2874 illi
2456 2822 2657 2876 bonum
2688 2820 2856 2875 Deum
2890 2820 3056 2872 armis
3088 2817 3549 2887 expugnaverint,

1969 2911 2279 2980 viriumque
2318 2911 2388 2964 ab
2419 2925 2485 2965 eo
2532 2918 2740 2980 partem
2777 2909 3096 2974 avulserint,
3135 2907 3390 2962 fortiores
3425 2907 3548 2973 ipso

1972 3001 2094 3054 illos
2129 3016 2254 3056 esse
2284 3015 2510 3056 necesse
2535 3009 2640 3055 est.
2678 2999 2772 3053 llle
2818 3013 2982 3068 porro
3023 2998 3116 3052 ubi
3157 2998 3393 3066 primum
3439 2999 3552 3055 illis

1976 3091 2446 3160 cessit,ereptam
2493 3093 2559 3144 ab
2601 3091 2669 3144 iis
2711 3090 2816 3145 vim
2863 3103 3018 3143 suam
3075 3101 3402 3158 recuperare
3439 3103 3545 3142 noll

1978 3189 2174 3250 potest.
2211 3181 2326 3235 sive
2357 3190 2686 3234 armaturam
2722 3180 2907 3233 dicere
2935 3178 3115 3242 malis,
3139 3193 3262 3232 cum
3291 3177 3546 3232 resistere

1977 3272 2228 3326 hostibus
2250 3272 2404 3326 initio
2438 3271 2763 3340 nequiverit.
2807 3271 3072 3324 Praeterea
3101 3269 3227 3324 licet
3251 3262 3548 3337 aliquando

1976 3364 2267 3418 victoriam
2314 3372 2720 3434 consequatur,
2777 3376 2842 3416 ac
2892 3361 3174 3416 debellatis
3219 3359 3557 3415 adversariis.

1977 3467 2218 3528 ereptam
2249 3458 2395 3512 illam
2433 3457 2541 3510 vim
2579 3472 2736 3511 suam
2766 3456 3016 3510 obtinere
3043 3453 3236 3523 possit,
3267 3466 3389 3507 cum
3417 3451 3548 3504 mali

1980 3550 2132 3603 radix
2169 3564 2232 3602 ac
2257 3549 2587 3619 principium
2619 3547 2874 3617 principii
2903 3545 3130 3600 alterius
3152 3557 3348 3612 expers
3371 3543 3555 3596 adhuc

1979 3649 2216 3702 maneat,
2244 3655 2420 3710 neque
2443 3640 2661 3710 penitus
2684 3638 2954 3706 exstingui
2973 3635 3168 3706 possit,
3199 3633 3398 3703 poterit
3425 3647 3550 3686 rur-

1980 3747 2076 3787 sus
2123 3733 2278 3786 novis
2317 3748 2382 3787 ac
2429 3731 2732 3801 majoribus
2787 3729 2963 3798 copiis
3008 3725 3258 3781 conflatis
3299 3726 3557 3788 vincere,

1980 3824 2204 3893 vimque
2233 3823 2379 3876 illam
2414 3837 2446 3876 a
2483 3822 2711 3876 meliore
2741 3819 2852 3874 Deo
2895 3829 3169 3888 receptam
3214 3816 3432 3871 auferre
3459 3815 3554 3869 de-

1983 3933 2091 3971 nuo
2121 3936 2136 3970 :
2171 3931 2238 3970 ex
2266 3932 2376 3985 quo
2409 3915 2660 3984 sequitur
2695 3912 2896 3965 malum
2925 3911 3072 3964 illius
3112 3908 3374 3978 opinione
3415 3907 3554 3960 resi-

1981 4017 2124 4062 stere
2145 4015 2426 4075 perpetuo,
2459 4020 2636 4074 neque
2673 4000 3061 4072 comprehendi
3089 4015 3354 4069 unquam,
3386 4005 3552 4066 atque

1983 4097 2035 4149 in
2071 4103 2391 4165 potestatem
2421 4108 2584 4164 posse
2617 4091 2787 4160 redigi
2823 4106 2835 4142 :
2865 4091 2944 4144 sic
2982 4099 3040 4142 ut
3069 4089 3286 4143 assidue
3308 4087 3560 4156 diripiat,

1981 4203 2046 4241 ac
2077 4186 2319 4241 vicissim
2353 4185 2663 4254 diripiatur.
2709 4181 2864 4248 Quod
2900 4181 2945 4235 si
2982 4179 3127 4234 istud
3157 4178 3340 4233 vesani
3376 4178 3554 4230 liorni-

1982 4295 2100 4342 nes,
2124 4275 2752 4345 summisqueerroribus
2767 4271 3018 4328 excaecati
3033 4269 3265 4323 dixerint
3293 4287 3305 4322 :
3332 4265 3554 4322 POStea-

1982 4383 2145 4438 quam
2177 4369 2354 4422 bonus
2386 4366 2528 4420 Deus
2557 4364 2841 4436 particulas
2878 4362 3048 4424 illius,
3073 4375 3193 4430 quae
3223 4359 3326 4414 sibi
3370 4365 3560 4427 erepta

301 4474 422 4520 πον,
449 4459 552 4519 ὅτι,
596 4456 720 4510 Ἐὰν
750 4458 848 4529 τὴν
872 4459 1174 4512 πανοπλίαν
1209 4461 1238 4512 6
1262 4458 1464 4527 ἀγαθὸς
1496 4458 1629 4521 Θεὸς
1661 4457 1756 4511 τοῦ
1791 4460 1871 4529 μέ-

1985 4461 2180 4522 fuerat.
2211 4467 2544 4512 armaturam
2578 4457 2679 4511 sibi
2702 4453 2996 4513 aliquando
3023 4450 3404 4511 vindicaverit,
3426 4457 3556 4502 tunc

305 4565 428 4617 ρους
450 4547 546 4600 τοῦ
571 4547 663 4600 ἀπ’
686 4547 850 4600 αὐτοῦ
874 4547 1292 4618 ἀφαρπαγέντος
1316 4545 1492 4617 καιρῷ
1514 4546 1874 4618 ἐλευθερώσῃ,

302 4640 422 4692 τότε
451 4638 550 4701 τάς
581 4637 752 4709 ἀρχὰς
785 4639 878 4692 καὶ
932 4638 1030 4701 τὰς
1057 4638 1304 4704 ἐξουσίας
1329 4638 1428 4707 τῆς
1454 4638 1702 4701 ἐναντίας
1727 4638 1879 4694 δυνά-

307 4749 450 4801 μεως
481 4731 766 4800 ἀφανίσειε
801 4732 894 4784 καὶ
924 4729 1344 4801 ἐξολοθρεύσειε.

373 4825 482 4877 Καὶ
523 4826 570 4876 εἰ
621 4823 702 4877 ἔτι
753 4823 903 4878 ἔσται
945 4822 1123 4887 τοῦτο,
1169 4823 1264 4875 καὶ
1305 4823 1353 4873 εί
1392 4822 1528 4885 ὅλως
1561 4821 1813 4890 ἁφανίσει
1849 4822 1878 4874 6

304 4915 504 4983 ἀγαθὸς
528 4915 680 4978 Θεὸς,
711 4916 806 4968 καὶ
841 4913 1235 4984 ἐξολοθρεύσει,
1267 4912 1523 4976 ἐξέπεσεν
1550 4915 1578 4966 6
1598 4913 1691 4966 τοῦ
1716 4913 1882 4983 ἀγύρ-

305 5023 393 5058 του
430 5006 609 5073 λόγος,
654 5007 681 5058 ό
719 5007 941 5074 φάσκων
978 5005 1054 5076 μὴ
1097 5000 1233 5058 εἶναι
1276 5004 1484 5058 δίκαιον
1525 5004 1614 5057 τὸν
1653 5005 1878 5072 ἀγαθὸν,

310 5098 440 5166 μηδὲ
475 5102 532 5150 ἐν
563 5098 740 5168 κρίσει
768 5097 1119 5166 κατακρίνειν
1161 5096 1252 5149 τὸν
1298 5097 1700 5166 ἁμαρτάνοντα,
1744 5097 1879 5166 μήτε

308 5189 564 5258 βασάνοις
595 5189 715 5241 τινὰ
747 5188 1129 5259 παραδιδόντα,
1171 5189 1304 5258 μήτε
1345 5187 1638 5239 κτείνοντα.
1679 5187 1740 5238 Εἰ
1774 5185 1882 5256 γὰρ

307 5279 438 5342 ὅλως
469 5280 559 5330 τὸν
587 5276 848 5340 διάϐολον,
874 5277 1046 5329 εἴτουν
1070 5276 1166 5345 τὴν
1199 5274 1578 5346 ἀντικειμένην
1602 5273 1881 5343 ἐνέργειαν

308 5369 570 5437 ἀφανίσαι
605 5385 663 5420 τε
706 5368 800 5420 καὶ
841 5365 1218 5436 ἐξολοθρεῦσαι
1260 5367 1534 5436 πειρᾶται,
1573 5365 1690 5416 κατ’
1721 5364 1882 5416 αὑτὸν

309 5458 490 5510 οὐκέτι
521 5457 672 5510 ἔσται
702 5455 927 5524 ἀγαθὸς,
951 5455 1026 5510 ὡς
1064 5457 1092 5506 6
1126 5453 1289 5508 αὐτοῦ
1328 5453 1568 5524 περιέχει
1601 5453 1776 5522 λόγος.
1811 5456 1880 5506 Ἢ

312 5551 428 5602 ὃτι¹
457 5548 659 5616 ἀγαθὸς
697 5547 791 5612 ὢν,
834 5549 896 5600 τὸ
946 5547 1179 5618 πονηρὸν
1229 5544 1532 5609 ἀναλίσκει,
1586 5546 1680 5599 καί¹
1728 5546 1879 5599 ἔσται

384 5707 403 5740 ⁸
440 5706 499 5762 ι’.
533 5707 781 5777 εἱληφαν,
825 5708 926 5777 leg.
956 5707 1260 5776 εἰλήφασιν.
1338 5711 1358 5739 ²
1389 5706 1448 5761 F.
1483 5706 1582 5761 ἔτι.

1985 4551 2324 4620 principatus
2347 4563 2410 4603 ac
2445 4553 2746 4618 potestates
2767 4544 3060 4600 contraria:
3098 4541 3356 4596 factionis
3386 4540 3554 4594 inter-

1985 4642 2212 4696 nccione
2236 4640 2539 4695 deleturum
2573 4652 2715 4692 esse.

2057 4814 2195 4880 lloc,
2225 4816 2468 4883 inquam,
2501 4813 2548 4869 si
2584 4811 2846 4873 dixerint,
2878 4808 2925 4864 si
2966 4806 3192 4861 omnino
3207 4805 3562 4875 exstinguere

1987 4922 2050 4960 ac
2085 4907 2312 4978 perdere
2345 4907 2544 4959 bonum
2573 4903 2738 4958 Deum
2770 4899 3132 4963 asset-derint,
3174 4899 3362 4977 nullus
3400 4895 3560 4950 alteri

1988 4999 2305 5068 impostoris
2348 4998 2498 5051 illius
2539 5010 2662 5052 esse
2702 4996 2930 5052 decreto
2979 4994 3133 5048 locus
3174 4990 3403 5061 poterit;
3448 5001 3564 5055 quo

1987 5092 2147 5145 docet
2186 5091 2386 5143 bonmn
2423 5089 2574 5142 illum
2603 5087 2769 5141 Deum
2805 5087 3015 5155 justum
3046 5099 3154 5138 non
3195 5097 3336 5145 esse,
3381 5092 3560 5147 neque

1989 5181 2392 5250 delinquentem
2425 5180 2536 5233 ullo
2565 5178 2775 5248 judicio
2802 5179 3083 5236 damnare,
3111 5187 3286 5241 neque
3312 5179 3559 5224 tormen-

1991 5275 2062 5327 tis
2094 5273 2386 5342 subjicere,
2424 5287 2526 5327 nec
2557 5270 2824 5326 occidere.
2861 5269 2994 5323 Nam
3041 5268 3085 5321 si
3133 5264 3429 5326 diabolum,
3463 5267 3560 5312 aut

1995 5380 2334 5434 qumcunque
2369 5363 2586 5418 demum
2622 5371 2705 5418 est
2750 5361 2999 5432 opposita
3042 5357 3130 5408 illa
3176 5353 3277 5414 vis,
3309 5367 3338 5405 e
3377 5351 3562 5404 medio

1991 5457 2179 5511 tollere
2211 5469 2272 5510 ac
2307 5455 2593 5526 profligare
2622 5462 2870 5528 conatur,
2904 5457 2996 5502 aut
3029 5463 3094 5501 ex
3133 5445 3250 5514 ejus
3286 5443 3559 5497 sententia

1990 5548 2170 5602 bonus
2217 5562 2338 5602 esse
2385 5547 2615 5612 desinet,
2667 5552 2723 5600 ut
2755 5545 2808 5596 in
2842 5541 2986 5594 illius
3033 5539 3280 5591 oratione
3316 5535 3559 5606 positum
