  <div class='ocr_page' id='page_1' title='image "/cluster/home/n/w/nwhite01/storage/ocr_20150623/42/mdp.39015052824052/043.png"; bbox 0 0 4008 6240; ppageno 0'>
   <div class='ocr_carea' id='block_1_1' title="bbox 437 315 2002 402">
    <p class='ocr_par' dir='ltr' id='par_1_1' title="bbox 437 320 2002 402">
     <span class='ocr_line' id='line_1_1' title="bbox 437 320 2002 402; baseline 0.006 -36"><span class='ocrx_word' id='word_1_1' title='bbox 437 345 466 402; x_wconf 72' lang='lat'><strong>7</strong></span> <span class='ocrx_word' id='word_1_2' title='bbox 483 350 500 402; x_wconf 36' lang='grc' dir='ltr'><strong>,ι</strong></span> <span class='ocrx_word' id='word_1_3' title='bbox 1837 322 1895 380; x_wconf 84' lang='lat' dir='ltr'><strong>S.</strong></span> <span class='ocrx_word' id='word_1_4' title='bbox 1939 320 2002 376; x_wconf 78' lang='grc' dir='ltr'><strong>ΕΙ</strong></span> 
     </span>
    </p>
   </div>
   <div class='ocr_carea' id='block_1_2' title="bbox 2111 315 3702 402">
    <p class='ocr_par' dir='ltr' id='par_1_2' title="bbox 2111 315 3702 375">
     <span class='ocr_line' id='line_1_2' title="bbox 2111 315 3702 375; baseline -0.002 0"><span class='ocrx_word' id='word_1_5' title='bbox 2111 319 2284 375; x_wconf 73' lang='lat' dir='ltr'><strong>llANll</strong></span> <span class='ocrx_word' id='word_1_6' title='bbox 3633 315 3702 372; x_wconf 64' lang='grc' dir='ltr'><strong>τὶ</strong></span> 
     </span>
    </p>
   </div>
   <div class='ocr_carea' id='block_1_3' title="bbox 433 432 2002 516">
    <p class='ocr_par' dir='ltr' id='par_1_3' title="bbox 433 445 2002 516">
     <span class='ocr_line' id='line_1_3' title="bbox 433 445 2002 516; baseline -0.006 -10"><span class='ocrx_word' id='word_1_7' title='bbox 433 464 538 516; x_wconf 69' lang='lat' dir='ltr'><strong>est;</strong></span> <span class='ocrx_word' id='word_1_8' title='bbox 569 457 660 502; x_wconf 88' lang='lat' dir='ltr'><strong>aut</strong></span> <span class='ocrx_word' id='word_1_9' title='bbox 699 448 743 500; x_wconf 88' lang='lat' dir='ltr'><strong>si</strong></span> <span class='ocrx_word' id='word_1_10' title='bbox 781 449 1134 503; x_wconf 83' lang='lat' dir='ltr'><strong>nihilominus</strong></span> <span class='ocrx_word' id='word_1_11' title='bbox 1171 446 1349 500; x_wconf 88' lang='lat' dir='ltr'><strong>bonus</strong></span> <span class='ocrx_word' id='word_1_12' title='bbox 1381 453 1488 512; x_wconf 90' lang='lat' dir='ltr'><strong>est,</strong></span> <span class='ocrx_word' id='word_1_13' title='bbox 1521 445 1726 500; x_wconf 90' lang='lat' dir='ltr'><strong>malum</strong></span> <span class='ocrx_word' id='word_1_14' title='bbox 1777 445 2002 514; x_wconf 81' lang='lat' dir='ltr'><strong>insuper</strong></span> 
     </span>
    </p>
   </div>
   <div class='ocr_carea' id='block_1_4' title="bbox 2111 432 3700 516">
    <p class='ocr_par' dir='ltr' id='par_1_4' title="bbox 2111 432 3700 513">
     <span class='ocr_line' id='line_1_4' title="bbox 2111 432 3700 513; baseline -0.004 -18"><span class='ocrx_word' id='word_1_15' title='bbox 2111 432 2262 505; x_wconf 72' lang='grc' dir='ltr'>οὗτος</span> <span class='ocrx_word' id='word_1_16' title='bbox 2289 445 2318 496; x_wconf 87' lang='grc' dir='ltr'><strong>ὁ</strong></span> <span class='ocrx_word' id='word_1_17' title='bbox 2345 442 2578 513; x_wconf 76' lang='grc' dir='ltr'>ποιήσας</span> <span class='ocrx_word' id='word_1_18' title='bbox 2605 442 2696 494; x_wconf 73' lang='grc' dir='ltr'><strong>τδν</strong></span> <span class='ocrx_word' id='word_1_19' title='bbox 2725 441 2954 512; x_wconf 73' lang='grc' dir='ltr'>οὐρανὸν</span> <span class='ocrx_word' id='word_1_20' title='bbox 2986 440 3080 494; x_wconf 72' lang='grc' dir='ltr'>καὶ</span> <span class='ocrx_word' id='word_1_21' title='bbox 3107 439 3206 512; x_wconf 80' lang='grc' dir='ltr'><strong>τὴν</strong></span> <span class='ocrx_word' id='word_1_22' title='bbox 3235 438 3338 510; x_wconf 78' lang='grc' dir='ltr'>γῆν</span> <span class='ocrx_word' id='word_1_23' title='bbox 3369 437 3596 508; x_wconf 85' lang='grc' dir='ltr'>Κύριος,</span> <span class='ocrx_word' id='word_1_24' title='bbox 3625 437 3700 501; x_wconf 81' lang='grc' dir='ltr'><strong>ὡς</strong></span> 
     </span>
    </p>
   </div>
   <div class='ocr_carea' id='block_1_5' title="bbox 427 537 2010 610">
    <p class='ocr_par' dir='ltr' id='par_1_5' title="bbox 427 537 2010 610">
     <span class='ocr_line' id='line_1_5' title="bbox 427 537 2010 610; baseline -0.003 -16"><span class='ocrx_word' id='word_1_25' title='bbox 427 543 760 610; x_wconf 80' lang='lat' dir='ltr'><strong>exstinguet.</strong></span> <span class='ocrx_word' id='word_1_26' title='bbox 789 538 1132 606; x_wconf 85' lang='lat' dir='ltr'><strong>Proindeque</strong></span> <span class='ocrx_word' id='word_1_27' title='bbox 1169 538 1311 592; x_wconf 87' lang='lat' dir='ltr'><strong>idem</strong></span> <span class='ocrx_word' id='word_1_28' title='bbox 1339 537 1453 604; x_wconf 88' lang='lat' dir='ltr'><strong>ipse</strong></span> <span class='ocrx_word' id='word_1_29' title='bbox 1484 538 1589 591; x_wconf 89' lang='lat' dir='ltr'><strong>erit</strong></span> <span class='ocrx_word' id='word_1_30' title='bbox 1620 537 1742 591; x_wconf 69' lang='grc' dir='ltr'><strong>(διειί</strong></span> <span class='ocrx_word' id='word_1_31' title='bbox 1767 552 1828 590; x_wconf 90' lang='lat' dir='ltr'><strong>ac</strong></span> <span class='ocrx_word' id='word_1_32' title='bbox 1845 545 2010 590; x_wconf 81' lang='lat' dir='ltr'><strong>terr-.e</strong></span> 
     </span>
    </p>
   </div>
   <div class='ocr_carea' id='block_1_6' title="bbox 427 630 2010 700">
    <p class='ocr_par' dir='ltr' id='par_1_6' title="bbox 427 630 2010 700">
     <span class='ocr_line' id='line_1_6' title="bbox 427 630 2010 700; baseline -0.001 -15"><span class='ocrx_word' id='word_1_33' title='bbox 427 633 683 686; x_wconf 74' lang='lat' dir='ltr'><strong>conditor</strong></span> <span class='ocrx_word' id='word_1_34' title='bbox 713 632 998 694; x_wconf 81' lang='lat' dir='ltr'><strong>Dominus,</strong></span> <span class='ocrx_word' id='word_1_35' title='bbox 1035 640 1094 684; x_wconf 90' lang='lat' dir='ltr'><strong>ut</strong></span> <span class='ocrx_word' id='word_1_36' title='bbox 1114 639 1198 684; x_wconf 89' lang='lat' dir='ltr'><strong>est</strong></span> <span class='ocrx_word' id='word_1_37' title='bbox 1227 645 1439 694; x_wconf 82' lang='lat' dir='ltr'><strong>revera,</strong></span> <span class='ocrx_word' id='word_1_38' title='bbox 1467 630 1558 699; x_wconf 94' lang='lat' dir='ltr'><strong>qui</strong></span> <span class='ocrx_word' id='word_1_39' title='bbox 1584 631 1882 700; x_wconf 81' lang='lat' dir='ltr'><strong>unicuique</strong></span> <span class='ocrx_word' id='word_1_40' title='bbox 1909 645 2010 699; x_wconf 86' lang='lat' dir='ltr'><strong>pro</strong></span> 
     </span>
    </p>
   </div>
   <div class='ocr_carea' id='block_1_7' title="bbox 426 721 2008 794">
    <p class='ocr_par' dir='ltr' id='par_1_7' title="bbox 426 721 2008 794">
     <span class='ocr_line' id='line_1_7' title="bbox 426 721 2008 794; baseline 0.001 -22"><span class='ocrx_word' id='word_1_41' title='bbox 426 741 652 794; x_wconf 86' lang='lat' dir='ltr'><strong>operum</strong></span> <span class='ocrx_word' id='word_1_42' title='bbox 690 740 916 778; x_wconf 89' lang='lat' dir='ltr'><strong>suorum</strong></span> <span class='ocrx_word' id='word_1_43' title='bbox 943 724 1156 776; x_wconf 89' lang='lat' dir='ltr'><strong>ratione</strong></span> <span class='ocrx_word' id='word_1_44' title='bbox 1177 722 1396 790; x_wconf 66' lang='lat' dir='ltr'><strong>praemia</strong></span> <span class='ocrx_word' id='word_1_45' title='bbox 1421 721 1710 776; x_wconf 87' lang='lat' dir='ltr'><strong>constituit</strong></span> <span class='ocrx_word' id='word_1_46' title='bbox 1747 741 1758 774; x_wconf 92' lang='lat'><strong>:</strong></span> <span class='ocrx_word' id='word_1_47' title='bbox 1793 723 1882 790; x_wconf 92' lang='lat' dir='ltr'><strong>qui</strong></span> <span class='ocrx_word' id='word_1_48' title='bbox 1909 737 2008 790; x_wconf 86' lang='lat' dir='ltr'><strong>pro</strong></span> 
     </span>
    </p>
   </div>
   <div class='ocr_carea' id='block_1_8' title="bbox 425 812 2008 881">
    <p class='ocr_par' dir='ltr' id='par_1_8' title="bbox 425 812 2008 881">
     <span class='ocr_line' id='line_1_8' title="bbox 425 812 2008 881; baseline -0.003 -13"><span class='ocrx_word' id='word_1_49' title='bbox 425 815 624 868; x_wconf 79' lang='lat' dir='ltr'><strong>eximia</strong></span> <span class='ocrx_word' id='word_1_50' title='bbox 659 815 902 866; x_wconf 79' lang='lat' dir='ltr'><strong>bonitate</strong></span> <span class='ocrx_word' id='word_1_51' title='bbox 928 813 998 875; x_wconf 89' lang='lat' dir='ltr'><strong>ei,</strong></span> <span class='ocrx_word' id='word_1_52' title='bbox 1038 813 1130 881; x_wconf 88' lang='lat' dir='ltr'><strong>qui</strong></span> <span class='ocrx_word' id='word_1_53' title='bbox 1161 814 1336 865; x_wconf 90' lang='lat' dir='ltr'><strong>bonus</strong></span> <span class='ocrx_word' id='word_1_54' title='bbox 1379 820 1486 874; x_wconf 89' lang='lat' dir='ltr'><strong>est,</strong></span> <span class='ocrx_word' id='word_1_55' title='bbox 1515 819 1570 865; x_wconf 91' lang='lat' dir='ltr'><strong>et</strong></span> <span class='ocrx_word' id='word_1_56' title='bbox 1607 812 1659 864; x_wconf 86' lang='lat' dir='ltr'><strong>in</strong></span> <span class='ocrx_word' id='word_1_57' title='bbox 1701 812 2008 865; x_wconf 74' lang='lat' dir='ltr'><strong>exercenda</strong></span> 
     </span>
    </p>
   </div>
   <div class='ocr_carea' id='block_1_9' title="bbox 427 903 2002 973">
    <p class='ocr_par' dir='ltr' id='par_1_9' title="bbox 427 903 2002 973">
     <span class='ocr_line' id='line_1_9' title="bbox 427 903 2002 973; baseline -0.001 -15"><span class='ocrx_word' id='word_1_58' title='bbox 427 907 670 960; x_wconf 83' lang='lat' dir='ltr'><strong>bonitate</strong></span> <span class='ocrx_word' id='word_1_59' title='bbox 695 905 980 968; x_wconf 88' lang='lat' dir='ltr'><strong>laborarit,</strong></span> <span class='ocrx_word' id='word_1_60' title='bbox 1009 905 1232 972; x_wconf 77' lang='lat' dir='ltr'><strong>perinde</strong></span> <span class='ocrx_word' id='word_1_61' title='bbox 1261 903 1464 957; x_wconf 89' lang='lat' dir='ltr'><strong>bonum</strong></span> <span class='ocrx_word' id='word_1_62' title='bbox 1489 903 1756 973; x_wconf 84' lang='lat' dir='ltr'><strong>rependit.</strong></span> <span class='ocrx_word' id='word_1_63' title='bbox 1787 903 1846 956; x_wconf 87' lang='lat' dir='ltr'><strong>Ei</strong></span> <span class='ocrx_word' id='word_1_64' title='bbox 1871 919 2002 957; x_wconf 88' lang='lat' dir='ltr'><strong>vero</strong></span> 
     </span>
    </p>
   </div>
   <div class='ocr_carea' id='block_1_10' title="bbox 425 995 2000 1064">
    <p class='ocr_par' dir='ltr' id='par_1_10' title="bbox 425 995 2000 1064">
     <span class='ocr_line' id='line_1_10' title="bbox 425 995 2000 1064; baseline 0.001 -18"><span class='ocrx_word' id='word_1_65' title='bbox 425 997 515 1062; x_wconf 79' lang='lat' dir='ltr'><strong>qui</strong></span> <span class='ocrx_word' id='word_1_66' title='bbox 556 998 692 1048; x_wconf 85' lang='lat' dir='ltr'><strong>mala</strong></span> <span class='ocrx_word' id='word_1_67' title='bbox 737 995 1095 1050; x_wconf 81' lang='lat' dir='ltr'><strong>commiserit.</strong></span> <span class='ocrx_word' id='word_1_68' title='bbox 1136 995 1283 1063; x_wconf 72' lang='lat' dir='ltr'><strong>Quod</strong></span> <span class='ocrx_word' id='word_1_69' title='bbox 1323 995 1533 1064; x_wconf 90' lang='lat' dir='ltr'><strong>justum</strong></span> <span class='ocrx_word' id='word_1_70' title='bbox 1565 1004 1650 1050; x_wconf 87' lang='lat' dir='ltr'><strong>est</strong></span> <span class='ocrx_word' id='word_1_71' title='bbox 1694 995 1892 1050; x_wconf 80' lang='lat' dir='ltr'><strong>reddit.</strong></span> <span class='ocrx_word' id='word_1_72' title='bbox 1927 995 2000 1048; x_wconf 75' lang='lat' dir='ltr'><strong>Ex</strong></span> 
     </span>
    </p>
   </div>
   <div class='ocr_carea' id='block_1_11' title="bbox 2119 531 3701 606">
    <p class='ocr_par' dir='ltr' id='par_1_11' title="bbox 2119 531 3701 606">
     <span class='ocr_line' id='line_1_11' title="bbox 2119 531 3701 606; baseline -0.005 -14"><span class='ocrx_word' id='word_1_73' title='bbox 2119 538 2209 592; x_wconf 80' lang='grc' dir='ltr'><strong>καὶ</strong></span> <span class='ocrx_word' id='word_1_74' title='bbox 2243 537 2391 589; x_wconf 74' lang='grc' dir='ltr'>ἔστιν</span> <span class='ocrx_word' id='word_1_75' title='bbox 2425 537 2484 590; x_wconf 84' lang='grc' dir='ltr'>ἐν</span> <span class='ocrx_word' id='word_1_76' title='bbox 2515 535 2768 606; x_wconf 75' lang='grc' dir='ltr'>ἀληθείᾳ,</span> <span class='ocrx_word' id='word_1_77' title='bbox 2803 539 2830 589; x_wconf 88' lang='grc' dir='ltr'>ὁ</span> <span class='ocrx_word' id='word_1_78' title='bbox 2863 536 3077 606; x_wconf 77' lang='grc' dir='ltr'>ἑκάστῳ</span> <span class='ocrx_word' id='word_1_79' title='bbox 3120 533 3404 596; x_wconf 77' lang='grc' dir='ltr'>ἀποδιδοὺς</span> <span class='ocrx_word' id='word_1_80' title='bbox 3445 531 3591 586; x_wconf 81' lang='grc' dir='ltr'>κατὰ</span> <span class='ocrx_word' id='word_1_81' title='bbox 3631 532 3701 584; x_wconf 65' lang='grc' dir='ltr'><strong>τᾶ</strong></span> 
     </span>
    </p>
   </div>
   <div class='ocr_carea' id='block_1_12' title="bbox 2112 621 3698 698">
    <p class='ocr_par' dir='ltr' id='par_1_12' title="bbox 2112 621 3698 698">
     <span class='ocr_line' id='line_1_12' title="bbox 2112 621 3698 698; baseline -0.003 -18"><span class='ocrx_word' id='word_1_82' title='bbox 2112 628 2250 698; x_wconf 76' lang='grc' dir='ltr'>ἔργα</span> <span class='ocrx_word' id='word_1_83' title='bbox 2287 628 2474 690; x_wconf 77' lang='grc' dir='ltr'>αὑτοῦ,</span> <span class='ocrx_word' id='word_1_84' title='bbox 2513 629 2541 680; x_wconf 88' lang='grc' dir='ltr'>ὁ</span> <span class='ocrx_word' id='word_1_85' title='bbox 2581 628 2649 680; x_wconf 78' lang='grc' dir='ltr'>δι’</span> <span class='ocrx_word' id='word_1_86' title='bbox 2679 626 2988 698; x_wconf 78' lang='grc' dir='ltr'>ὑπερϐολὴν</span> <span class='ocrx_word' id='word_1_87' title='bbox 3016 625 3349 696; x_wconf 88' lang='grc' dir='ltr'>ἀγαθότητος</span> <span class='ocrx_word' id='word_1_88' title='bbox 3379 622 3458 694; x_wconf 82' lang='grc' dir='ltr'>τῷ</span> <span class='ocrx_word' id='word_1_89' title='bbox 3485 621 3698 692; x_wconf 84' lang='grc' dir='ltr'>ἀγαθῷ,</span> 
     </span>
    </p>
   </div>
   <div class='ocr_carea' id='block_1_13' title="bbox 2112 711 3702 790">
    <p class='ocr_par' dir='ltr' id='par_1_13' title="bbox 2112 711 3702 790">
     <span class='ocr_line' id='line_1_13' title="bbox 2112 711 3702 790; baseline -0.004 -18"><span class='ocrx_word' id='word_1_90' title='bbox 2112 719 2412 790; x_wconf 76' lang='grc' dir='ltr'>κεκμηκότι</span> <span class='ocrx_word' id='word_1_91' title='bbox 2437 721 2496 772; x_wconf 84' lang='grc' dir='ltr'><strong>ἑν</strong></span> <span class='ocrx_word' id='word_1_92' title='bbox 2519 719 2840 790; x_wconf 86' lang='grc' dir='ltr'>ἀγαθότητι,</span> <span class='ocrx_word' id='word_1_93' title='bbox 2869 719 3125 790; x_wconf 76' lang='grc' dir='ltr'><strong>παρέχων</strong></span> <span class='ocrx_word' id='word_1_94' title='bbox 3155 717 3216 769; x_wconf 75' lang='grc' dir='ltr'><strong>τὸ</strong></span> <span class='ocrx_word' id='word_1_95' title='bbox 3250 716 3475 784; x_wconf 77' lang='grc' dir='ltr'>ἀγαθὸν,</span> <span class='ocrx_word' id='word_1_96' title='bbox 3509 711 3702 783; x_wconf 78' lang='grc' dir='ltr'>καὶτῷ</span> 
     </span>
    </p>
   </div>
   <div class='ocr_carea' id='block_1_14' title="bbox 2110 809 3703 885">
    <p class='ocr_par' dir='ltr' id='par_1_14' title="bbox 2110 809 3703 885">
     <span class='ocr_line' id='line_1_14' title="bbox 2110 809 3703 885; baseline -0.003 -21"><span class='ocrx_word' id='word_1_97' title='bbox 2110 817 2178 864; x_wconf 80' lang='grc' dir='ltr'>τὰ</span> <span class='ocrx_word' id='word_1_98' title='bbox 2211 811 2394 881; x_wconf 82' lang='grc' dir='ltr'>φαῦλα</span> <span class='ocrx_word' id='word_1_99' title='bbox 2432 811 2716 874; x_wconf 85' lang='grc' dir='ltr'>δεδρακότι</span> <span class='ocrx_word' id='word_1_100' title='bbox 2751 812 2812 864; x_wconf 84' lang='grc' dir='ltr'><strong>τὸ</strong></span> <span class='ocrx_word' id='word_1_101' title='bbox 2843 812 3052 865; x_wconf 87' lang='grc' dir='ltr'>δίκαιον</span> <span class='ocrx_word' id='word_1_102' title='bbox 3090 810 3405 885; x_wconf 80' lang='grc' dir='ltr'>ἀπονέμων.</span> <span class='ocrx_word' id='word_1_103' title='bbox 3437 809 3550 861; x_wconf 72' lang='grc' dir='ltr'>Καὶ</span> <span class='ocrx_word' id='word_1_104' title='bbox 3574 823 3703 860; x_wconf 85' lang='grc' dir='ltr'>παν-</span> 
     </span>
    </p>
   </div>
   <div class='ocr_carea' id='block_1_15' title="bbox 2113 901 3700 980">
    <p class='ocr_par' dir='ltr' id='par_1_15' title="bbox 2113 901 3700 980">
     <span class='ocr_line' id='line_1_15' title="bbox 2113 901 3700 980; baseline -0.003 -21"><span class='ocrx_word' id='word_1_105' title='bbox 2113 906 2337 980; x_wconf 75' lang='grc' dir='ltr'>ταχόθεν</span> <span class='ocrx_word' id='word_1_106' title='bbox 2381 907 2768 977; x_wconf 77' lang='grc' dir='ltr'><strong>ἐξελήλεγκται</strong></span> <span class='ocrx_word' id='word_1_107' title='bbox 2819 904 2984 958; x_wconf 80' lang='grc' dir='ltr'>αὑτοῦ</span> <span class='ocrx_word' id='word_1_108' title='bbox 3035 907 3062 957; x_wconf 88' lang='grc' dir='ltr'>ὁ</span> <span class='ocrx_word' id='word_1_109' title='bbox 3111 905 3288 972; x_wconf 83' lang='grc' dir='ltr'>λόγος,</span> <span class='ocrx_word' id='word_1_110' title='bbox 3353 901 3700 973; x_wconf 64' lang='grc' dir='ltr'>ὑποφθείρων</span> 
     </span>
    </p>
   </div>
   <div class='ocr_carea' id='block_1_16' title="bbox 2118 997 3153 1070">
    <p class='ocr_par' dir='ltr' id='par_1_16' title="bbox 2118 997 3153 1070">
     <span class='ocr_line' id='line_1_16' title="bbox 2118 997 3153 1070; baseline -0.001 -21"><span class='ocrx_word' id='word_1_111' title='bbox 2118 998 2342 1068; x_wconf 82' lang='grc' dir='ltr'>καρδίας</span> <span class='ocrx_word' id='word_1_112' title='bbox 2370 998 2671 1070; x_wconf 80' lang='grc' dir='ltr'>ἀνθρώπων</span> <span class='ocrx_word' id='word_1_113' title='bbox 2705 1001 2783 1062; x_wconf 83' lang='grc' dir='ltr'>εἰς</span> <span class='ocrx_word' id='word_1_114' title='bbox 2817 998 2886 1050; x_wconf 73' lang='grc' dir='ltr'>τὰ</span> <span class='ocrx_word' id='word_1_115' title='bbox 2915 997 3153 1050; x_wconf 77' lang='grc' dir='ltr'><strong>ἐναντία.</strong></span> 
     </span>
    </p>
   </div>
   <div class='ocr_carea' id='block_1_17' title="bbox 423 1085 3700 1160">
    <p class='ocr_par' dir='ltr' id='par_1_17' title="bbox 423 1085 3700 1160">
     <span class='ocr_line' id='line_1_17' title="bbox 423 1085 3700 1160; baseline -0 -22"><span class='ocrx_word' id='word_1_116' title='bbox 423 1088 623 1156; x_wconf 82' lang='lat' dir='ltr'><strong>quibus</strong></span> <span class='ocrx_word' id='word_1_117' title='bbox 639 1086 801 1158; x_wconf 70' lang='grc'><strong>642</strong></span> <span class='ocrx_word' id='word_1_118' title='bbox 818 1087 1073 1140; x_wconf 83' lang='lat' dir='ltr'><strong>munibus</strong></span> <span class='ocrx_word' id='word_1_119' title='bbox 1091 1085 1562 1143; x_wconf 65' lang='lat' dir='ltr'><strong>Manichaeioratio</strong></span> <span class='ocrx_word' id='word_1_120' title='bbox 1580 1086 1870 1152; x_wconf 77' lang='lat' dir='ltr'><strong>refellitur,</strong></span> <span class='ocrx_word' id='word_1_121' title='bbox 1889 1103 2012 1158; x_wconf 73' lang='lat' dir='ltr'><strong>qua:</strong></span> <span class='ocrx_word' id='word_1_122' title='bbox 2053 1100 2118 1142; x_wconf 87' lang='lat' dir='ltr'><strong>au</strong></span> <span class='ocrx_word' id='word_1_123' title='bbox 2155 1091 2486 1144; x_wconf 69' lang='lat' dir='ltr'><strong>contrariam</strong></span> <span class='ocrx_word' id='word_1_124' title='bbox 2515 1091 2820 1146; x_wconf 83' lang='lat' dir='ltr'><strong>doctrinam</strong></span> <span class='ocrx_word' id='word_1_125' title='bbox 2889 1091 3217 1160; x_wconf 80' lang='lat' dir='ltr'><strong>depravatos</strong></span> <span class='ocrx_word' id='word_1_126' title='bbox 3252 1088 3532 1142; x_wconf 87' lang='lat' dir='ltr'><strong>hominum</strong></span> <span class='ocrx_word' id='word_1_127' title='bbox 3575 1085 3700 1138; x_wconf 76' lang='lat' dir='ltr'><strong>ani-</strong></span> 
     </span>
    </p>
   </div>
   <div class='ocr_carea' id='block_1_18' title="bbox 429 1179 808 1232">
    <p class='ocr_par' dir='ltr' id='par_1_18' title="bbox 429 1179 808 1232">
     <span class='ocr_line' id='line_1_18' title="bbox 429 1179 808 1232; baseline 0.005 -2"><span class='ocrx_word' id='word_1_128' title='bbox 429 1193 547 1232; x_wconf 90' lang='lat' dir='ltr'><strong>mos</strong></span> <span class='ocrx_word' id='word_1_129' title='bbox 570 1179 808 1232; x_wconf 83' lang='lat' dir='ltr'><strong>abducit.</strong></span> 
     </span>
    </p>
   </div>
   <div class='ocr_carea' id='block_1_19' title="bbox 501 1267 2004 1338">
    <p class='ocr_par' dir='ltr' id='par_1_19' title="bbox 501 1267 2004 1338">
     <span class='ocr_line' id='line_1_19' title="bbox 501 1267 2004 1338; baseline 0 -17"><span class='ocrx_word' id='word_1_130' title='bbox 501 1267 662 1321; x_wconf 78' lang='lat' dir='ltr'><strong>XXV.</strong></span> <span class='ocrx_word' id='word_1_131' title='bbox 711 1268 814 1321; x_wconf 84' lang='lat' dir='ltr'><strong>Sed</strong></span> <span class='ocrx_word' id='word_1_132' title='bbox 871 1283 1016 1322; x_wconf 91' lang='lat' dir='ltr'><strong>nunc</strong></span> <span class='ocrx_word' id='word_1_133' title='bbox 1069 1269 1218 1325; x_wconf 83' lang='lat' dir='ltr'><strong>illius</strong></span> <span class='ocrx_word' id='word_1_134' title='bbox 1265 1269 1461 1338; x_wconf 79' lang='lat' dir='ltr'><strong>dogma</strong></span> <span class='ocrx_word' id='word_1_135' title='bbox 1511 1269 1578 1322; x_wconf 85' lang='lat' dir='ltr'><strong>ad</strong></span> <span class='ocrx_word' id='word_1_136' title='bbox 1620 1269 1878 1334; x_wconf 81' lang='lat' dir='ltr'><strong>verbum,</strong></span> <span class='ocrx_word' id='word_1_137' title='bbox 1923 1269 2004 1322; x_wconf 90' lang='lat' dir='ltr'><strong>uti</strong></span> 
     </span>
    </p>
   </div>
   <div class='ocr_carea' id='block_1_20' title="bbox 421 1362 2004 1431">
    <p class='ocr_par' dir='ltr' id='par_1_20' title="bbox 421 1362 2004 1431">
     <span class='ocr_line' id='line_1_20' title="bbox 421 1362 2004 1431; baseline 0.001 -18"><span class='ocrx_word' id='word_1_138' title='bbox 421 1367 856 1415; x_wconf 87' lang='lat' dir='ltr'><strong>consentaneum</strong></span> <span class='ocrx_word' id='word_1_139' title='bbox 895 1369 1010 1424; x_wconf 87' lang='lat' dir='ltr'><strong>est,</strong></span> <span class='ocrx_word' id='word_1_140' title='bbox 1054 1363 1324 1417; x_wconf 88' lang='lat' dir='ltr'><strong>ascribam</strong></span> <span class='ocrx_word' id='word_1_141' title='bbox 1350 1400 1364 1424; x_wconf 92' lang='lat'><strong>,</strong></span> <span class='ocrx_word' id='word_1_142' title='bbox 1400 1377 1466 1415; x_wconf 83' lang='lat' dir='ltr'><strong>ex</strong></span> <span class='ocrx_word' id='word_1_143' title='bbox 1503 1362 1757 1417; x_wconf 82' lang='lat' dir='ltr'><strong>Archelai</strong></span> <span class='ocrx_word' id='word_1_144' title='bbox 1799 1376 2004 1431; x_wconf 87' lang='lat' dir='ltr'><strong>opere,</strong></span> 
     </span>
    </p>
   </div>
   <div class='ocr_carea' id='block_1_21' title="bbox 423 1452 2006 1523">
    <p class='ocr_par' dir='ltr' id='par_1_21' title="bbox 423 1452 2006 1523">
     <span class='ocr_line' id='line_1_21' title="bbox 423 1452 2006 1523; baseline 0.001 -19"><span class='ocrx_word' id='word_1_145' title='bbox 423 1453 570 1520; x_wconf 90' lang='lat' dir='ltr'><strong>quod</strong></span> <span class='ocrx_word' id='word_1_146' title='bbox 603 1453 867 1506; x_wconf 87' lang='lat' dir='ltr'><strong>adversus</strong></span> <span class='ocrx_word' id='word_1_147' title='bbox 913 1452 1168 1506; x_wconf 91' lang='lat' dir='ltr'><strong>eumdem</strong></span> <span class='ocrx_word' id='word_1_148' title='bbox 1218 1452 1370 1504; x_wconf 91' lang='lat' dir='ltr'><strong>illum</strong></span> <span class='ocrx_word' id='word_1_149' title='bbox 1401 1453 1596 1518; x_wconf 84' lang='lat' dir='ltr'><strong>edidit,</strong></span> <span class='ocrx_word' id='word_1_150' title='bbox 1625 1468 1691 1507; x_wconf 78' lang='lat' dir='ltr'><strong>ex</strong></span> <span class='ocrx_word' id='word_1_151' title='bbox 1721 1453 1790 1507; x_wconf 86' lang='lat' dir='ltr'><strong>iis</strong></span> <span class='ocrx_word' id='word_1_152' title='bbox 1821 1469 1942 1523; x_wconf 72' lang='lat' dir='ltr'><strong>qum</strong></span> <span class='ocrx_word' id='word_1_153' title='bbox 1975 1469 2006 1506; x_wconf 90' lang='lat' dir='ltr'><strong>a</strong></span> 
     </span>
    </p>
   </div>
   <div class='ocr_carea' id='block_1_22' title="bbox 423 1538 2006 1611">
    <p class='ocr_par' dir='ltr' id='par_1_22' title="bbox 423 1538 2006 1611">
     <span class='ocr_line' id='line_1_22' title="bbox 423 1538 2006 1611; baseline 0.003 -19"><span class='ocrx_word' id='word_1_154' title='bbox 423 1538 680 1610; x_wconf 77' lang='lat' dir='ltr'><strong>&#39;l‘yrbonc</strong></span> <span class='ocrx_word' id='word_1_155' title='bbox 709 1539 978 1608; x_wconf 87' lang='lat' dir='ltr'><strong>discipulo</strong></span> <span class='ocrx_word' id='word_1_156' title='bbox 1005 1542 1153 1595; x_wconf 91' lang='lat' dir='ltr'><strong>illius</strong></span> <span class='ocrx_word' id='word_1_157' title='bbox 1184 1550 1490 1610; x_wconf 87' lang='lat' dir='ltr'><strong>acceperat,</strong></span> <span class='ocrx_word' id='word_1_158' title='bbox 1524 1542 1592 1595; x_wconf 90' lang='lat' dir='ltr'><strong>de</strong></span> <span class='ocrx_word' id='word_1_159' title='bbox 1627 1558 1739 1611; x_wconf 89' lang='lat' dir='ltr'><strong>quo</strong></span> <span class='ocrx_word' id='word_1_160' title='bbox 1771 1543 2006 1597; x_wconf 87' lang='lat' dir='ltr'><strong>mentio-</strong></span> 
     </span>
    </p>
   </div>
   <div class='ocr_carea' id='block_1_23' title="bbox 423 1630 2004 1704">
    <p class='ocr_par' dir='ltr' id='par_1_23' title="bbox 423 1630 2004 1704">
     <span class='ocr_line' id='line_1_23' title="bbox 423 1630 2004 1704; baseline 0.001 -18"><span class='ocrx_word' id='word_1_161' title='bbox 423 1647 544 1686; x_wconf 85' lang='lat' dir='ltr'><strong>nem</strong></span> <span class='ocrx_word' id='word_1_162' title='bbox 579 1642 704 1686; x_wconf 83' lang='lat' dir='ltr'><strong>ante</strong></span> <span class='ocrx_word' id='word_1_163' title='bbox 737 1630 997 1697; x_wconf 79' lang='lat' dir='ltr'><strong>fecimus;</strong></span> <span class='ocrx_word' id='word_1_164' title='bbox 1032 1648 1154 1686; x_wconf 85' lang='lat' dir='ltr'><strong>nam</strong></span> <span class='ocrx_word' id='word_1_165' title='bbox 1189 1648 1311 1686; x_wconf 83' lang='lat' dir='ltr'><strong>cum</strong></span> <span class='ocrx_word' id='word_1_166' title='bbox 1343 1634 1650 1688; x_wconf 83' lang='lat' dir='ltr'><strong>Archelaus</strong></span> <span class='ocrx_word' id='word_1_167' title='bbox 1690 1635 2004 1704; x_wconf 79' lang='lat' dir='ltr'><strong>episcopus,</strong></span> 
     </span>
    </p>
   </div>
   <div class='ocr_carea' id='block_1_24' title="bbox 423 1723 2010 1796">
    <p class='ocr_par' dir='ltr' id='par_1_24' title="bbox 423 1723 2010 1796">
     <span class='ocr_line' id='line_1_24' title="bbox 423 1723 2010 1796; baseline 0.002 -21"><span class='ocrx_word' id='word_1_168' title='bbox 423 1735 478 1776; x_wconf 83' lang='lat' dir='ltr'><strong>et</strong></span> <span class='ocrx_word' id='word_1_169' title='bbox 511 1723 798 1778; x_wconf 78' lang='lat' dir='ltr'><strong>Marcellus</strong></span> <span class='ocrx_word' id='word_1_170' title='bbox 829 1724 896 1778; x_wconf 92' lang='lat' dir='ltr'><strong>dc</strong></span> <span class='ocrx_word' id='word_1_171' title='bbox 927 1723 1100 1778; x_wconf 83' lang='lat' dir='ltr'><strong>Manis</strong></span> <span class='ocrx_word' id='word_1_172' title='bbox 1137 1725 1481 1795; x_wconf 78' lang='lat' dir='ltr'><strong>dogmatibus</strong></span> <span class='ocrx_word' id='word_1_173' title='bbox 1504 1725 1811 1796; x_wconf 80' lang='lat' dir='ltr'><strong>Tyrhonem</strong></span> <span class='ocrx_word' id='word_1_174' title='bbox 1839 1726 2010 1779; x_wconf 83' lang='lat' dir='ltr'><strong>inter-</strong></span> 
     </span>
    </p>
   </div>
   <div class='ocr_carea' id='block_1_25' title="bbox 2183 1265 3699 1338">
    <p class='ocr_par' dir='ltr' id='par_1_25' title="bbox 2183 1265 3699 1338">
     <span class='ocr_line' id='line_1_25' title="bbox 2183 1265 3699 1338; baseline 0 -18"><span class='ocrx_word' id='word_1_175' title='bbox 2183 1267 2312 1320; x_wconf 73' lang='grc' dir='ltr'>κεν.</span> <span class='ocrx_word' id='word_1_176' title='bbox 2343 1265 2503 1320; x_wconf 78' lang='grc' dir='ltr'>Κατὰ</span> <span class='ocrx_word' id='word_1_177' title='bbox 2537 1265 2678 1334; x_wconf 82' lang='grc' dir='ltr'>λέξιν</span> <span class='ocrx_word' id='word_1_178' title='bbox 2705 1265 2762 1320; x_wconf 77' lang='grc' dir='ltr'>δὲ</span> <span class='ocrx_word' id='word_1_179' title='bbox 2787 1267 3022 1338; x_wconf 79' lang='grc' dir='ltr'><strong>καθεξῆς</strong></span> <span class='ocrx_word' id='word_1_180' title='bbox 3043 1265 3297 1332; x_wconf 72' lang='grc' dir='ltr'>ὑπο-τάξω</span> <span class='ocrx_word' id='word_1_181' title='bbox 3323 1266 3699 1336; x_wconf 85' lang='grc' dir='ltr'>ἀρμοττόντως</span> 
     </span>
    </p>
   </div>
   <div class='ocr_carea' id='block_1_26' title="bbox 2109 1355 3700 1430">
    <p class='ocr_par' dir='ltr' id='par_1_26' title="bbox 2109 1355 3700 1430">
     <span class='ocr_line' id='line_1_26' title="bbox 2109 1355 3700 1430; baseline -0.001 -20"><span class='ocrx_word' id='word_1_182' title='bbox 2109 1359 2172 1410; x_wconf 80' lang='grc' dir='ltr'><strong>τὸ</strong></span> <span class='ocrx_word' id='word_1_183' title='bbox 2210 1355 2376 1410; x_wconf 80' lang='grc' dir='ltr'>αὐτοῦ</span> <span class='ocrx_word' id='word_1_184' title='bbox 2419 1356 2675 1429; x_wconf 85' lang='grc' dir='ltr'>φρόνημα</span> <span class='ocrx_word' id='word_1_185' title='bbox 2717 1359 2826 1412; x_wconf 84' lang='grc' dir='ltr'><strong>ἀπὸ</strong></span> <span class='ocrx_word' id='word_1_186' title='bbox 2867 1359 2977 1412; x_wconf 85' lang='grc' dir='ltr'><strong>τῶν</strong></span> <span class='ocrx_word' id='word_1_187' title='bbox 3031 1357 3321 1430; x_wconf 77' lang='grc' dir='ltr'>Ἀρχελάου</span> <span class='ocrx_word' id='word_1_188' title='bbox 3359 1357 3495 1427; x_wconf 76' lang='grc' dir='ltr'>πρὸς</span> <span class='ocrx_word' id='word_1_189' title='bbox 3535 1357 3700 1411; x_wconf 76' lang='grc' dir='ltr'>αὐτὸν</span> 
     </span>
    </p>
   </div>
   <div class='ocr_carea' id='block_1_27' title="bbox 2114 1447 3704 1521">
    <p class='ocr_par' dir='ltr' id='par_1_27' title="bbox 2114 1447 3704 1521">
     <span class='ocr_line' id='line_1_27' title="bbox 2114 1447 3704 1521; baseline 0 -18"><span class='ocrx_word' id='word_1_190' title='bbox 2114 1450 2703 1521; x_wconf 85' lang='grc' dir='ltr'>πεπραγματευμένων</span> <span class='ocrx_word' id='word_1_191' title='bbox 2735 1451 2794 1502; x_wconf 79' lang='grc' dir='ltr'>ἐν</span> <span class='ocrx_word' id='word_1_192' title='bbox 2823 1453 2889 1520; x_wconf 85' lang='grc' dir='ltr'>τῇ</span> <span class='ocrx_word' id='word_1_193' title='bbox 2925 1449 3064 1520; x_wconf 83' lang='grc' dir='ltr'>πρὸς</span> <span class='ocrx_word' id='word_1_194' title='bbox 3094 1448 3256 1502; x_wconf 80' lang='grc' dir='ltr'>αὐτὸν</span> <span class='ocrx_word' id='word_1_195' title='bbox 3288 1447 3589 1519; x_wconf 78' lang='grc' dir='ltr'><strong>ἀντιλογίᾳ,</strong></span> <span class='ocrx_word' id='word_1_196' title='bbox 3625 1452 3704 1512; x_wconf 78' lang='grc' dir='ltr'>ὡς</span> 
     </span>
    </p>
   </div>
   <div class='ocr_carea' id='block_1_28' title="bbox 2113 1539 3697 1614">
    <p class='ocr_par' dir='ltr' id='par_1_28' title="bbox 2113 1539 3697 1614">
     <span class='ocr_line' id='line_1_28' title="bbox 2113 1539 3697 1614; baseline -0.001 -19"><span class='ocrx_word' id='word_1_197' title='bbox 2113 1541 2276 1604; x_wconf 76' lang='grc' dir='ltr'>αὐτὸς</span> <span class='ocrx_word' id='word_1_198' title='bbox 2316 1540 2634 1611; x_wconf 73' lang='grc' dir='ltr'>ἀπεκάλυψε</span> <span class='ocrx_word' id='word_1_199' title='bbox 2669 1540 2917 1614; x_wconf 67' lang='grc' dir='ltr'>Τύρετων,</span> <span class='ocrx_word' id='word_1_200' title='bbox 2959 1539 3040 1606; x_wconf 84' lang='grc' dir='ltr'><strong>εἷς</strong></span> <span class='ocrx_word' id='word_1_201' title='bbox 3078 1541 3187 1594; x_wconf 81' lang='grc' dir='ltr'><strong>τῶν</strong></span> <span class='ocrx_word' id='word_1_202' title='bbox 3215 1540 3380 1594; x_wconf 78' lang='grc' dir='ltr'>αὐτοῦ</span> <span class='ocrx_word' id='word_1_203' title='bbox 3415 1539 3697 1611; x_wconf 84' lang='grc' dir='ltr'>μαθητῶν,</span> 
     </span>
    </p>
   </div>
   <div class='ocr_carea' id='block_1_29' title="bbox 2115 1625 3700 1704">
    <p class='ocr_par' dir='ltr' id='par_1_29' title="bbox 2115 1625 3700 1704">
     <span class='ocr_line' id='line_1_29' title="bbox 2115 1625 3700 1704; baseline -0.001 -20"><span class='ocrx_word' id='word_1_204' title='bbox 2115 1631 2246 1701; x_wconf 58' lang='grc' dir='ltr'><strong>’περὶ¹</strong></span> <span class='ocrx_word' id='word_1_205' title='bbox 2287 1625 2348 1685; x_wconf 76' lang='grc' dir='ltr'>οὗ</span> <span class='ocrx_word' id='word_1_206' title='bbox 2389 1632 2504 1686; x_wconf 80' lang='grc' dir='ltr'>ἄνω</span> <span class='ocrx_word' id='word_1_207' title='bbox 2548 1633 2922 1703; x_wconf 79' lang='grc' dir='ltr'><strong>ἐπεμνήσθην.</strong></span> <span class='ocrx_word' id='word_1_208' title='bbox 2966 1633 3466 1704; x_wconf 83' lang='grc' dir='ltr'>Ἐπερωτησάντων</span> <span class='ocrx_word' id='word_1_209' title='bbox 3516 1631 3700 1684; x_wconf 84' lang='grc' dir='ltr'>τοίνυν</span> 
     </span>
    </p>
   </div>
   <div class='ocr_carea' id='block_1_30' title="bbox 2116 1720 3698 1795">
    <p class='ocr_par' dir='ltr' id='par_1_30' title="bbox 2116 1720 3698 1795">
     <span class='ocr_line' id='line_1_30' title="bbox 2116 1720 3698 1795; baseline 0 -21"><span class='ocrx_word' id='word_1_210' title='bbox 2116 1720 2224 1774; x_wconf 85' lang='grc' dir='ltr'>τῶν</span> <span class='ocrx_word' id='word_1_211' title='bbox 2259 1721 2388 1791; x_wconf 80' lang='grc' dir='ltr'>περὶ</span> <span class='ocrx_word' id='word_1_212' title='bbox 2431 1722 2722 1793; x_wconf 85' lang='grc' dir='ltr'>Ἀρχέλαον</span> <span class='ocrx_word' id='word_1_213' title='bbox 2763 1723 2854 1776; x_wconf 85' lang='grc' dir='ltr'><strong>τὸν</strong></span> <span class='ocrx_word' id='word_1_214' title='bbox 2897 1723 3218 1788; x_wconf 77' lang='grc' dir='ltr'>ἐπίσκοπον,</span> <span class='ocrx_word' id='word_1_215' title='bbox 3251 1723 3345 1777; x_wconf 60' lang='grc' dir='ltr'><strong>καὶ¹</strong></span> <span class='ocrx_word' id='word_1_216' title='bbox 3373 1722 3698 1795; x_wconf 77' lang='grc' dir='ltr'>Μάρκελλον</span> 
     </span>
    </p>
   </div>
   <div class='ocr_carea' id='block_1_31' title="bbox 425 1792 2002 1887">
    <p class='ocr_par' dir='ltr' id='par_1_31' title="bbox 425 1817 2002 1887">
     <span class='ocr_line' id='line_1_31' title="bbox 425 1817 2002 1887; baseline 0.003 -19"><span class='ocrx_word' id='word_1_217' title='bbox 425 1827 731 1885; x_wconf 75' lang='lat' dir='ltr'><strong>rogassent,</strong></span> <span class='ocrx_word' id='word_1_218' title='bbox 763 1819 878 1872; x_wconf 76' lang='lat' dir='ltr'><strong>inec</strong></span> <span class='ocrx_word' id='word_1_219' title='bbox 905 1818 994 1870; x_wconf 87' lang='lat' dir='ltr'><strong>ille</strong></span> <span class='ocrx_word' id='word_1_220' title='bbox 1021 1817 1136 1886; x_wconf 79' lang='lat' dir='ltr'><strong>ipsa</strong></span> <span class='ocrx_word' id='word_1_221' title='bbox 1183 1819 1488 1887; x_wconf 71' lang='lat' dir='ltr'><strong>respondit,</strong></span> <span class='ocrx_word' id='word_1_222' title='bbox 1521 1833 1640 1886; x_wconf 70' lang='lat' dir='ltr'><strong>qum</strong></span> <span class='ocrx_word' id='word_1_223' title='bbox 1683 1835 1785 1874; x_wconf 88' lang='lat' dir='ltr'><strong>nos</strong></span> <span class='ocrx_word' id='word_1_224' title='bbox 1825 1835 1892 1873; x_wconf 78' lang='lat' dir='ltr'><strong>ex</strong></span> <span class='ocrx_word' id='word_1_225' title='bbox 1941 1834 2002 1873; x_wconf 85' lang='lat' dir='ltr'><strong>eo</strong></span> 
     </span>
    </p>
   </div>
   <div class='ocr_carea' id='block_1_32' title="bbox 2111 1792 3700 1887">
    <p class='ocr_par' dir='ltr' id='par_1_32' title="bbox 2111 1792 3700 1887">
     <span class='ocr_line' id='line_1_32' title="bbox 2111 1792 3700 1887; baseline 0.001 -23"><span class='ocrx_word' id='word_1_226' title='bbox 2111 1811 2400 1882; x_wconf 80' lang='grc' dir='ltr'>Τύρϐωνα,</span> <span class='ocrx_word' id='word_1_227' title='bbox 2427 1792 2554 1884; x_wconf 63' lang='grc' dir='ltr'>περὶ</span> <span class='ocrx_word' id='word_1_228' title='bbox 2579 1815 2679 1885; x_wconf 85' lang='grc' dir='ltr'>τῆς</span> <span class='ocrx_word' id='word_1_229' title='bbox 2700 1814 2793 1867; x_wconf 80' lang='grc' dir='ltr'>τοῦ</span> <span class='ocrx_word' id='word_1_230' title='bbox 2823 1815 2982 1887; x_wconf 84' lang='grc' dir='ltr'>Μάνη</span> <span class='ocrx_word' id='word_1_231' title='bbox 3013 1815 3383 1878; x_wconf 83' lang='grc' dir='ltr'>διδασκαλίας,</span> <span class='ocrx_word' id='word_1_232' title='bbox 3413 1816 3441 1868; x_wconf 87' lang='grc' dir='ltr'>ὁ</span> <span class='ocrx_word' id='word_1_233' title='bbox 3469 1792 3700 1885; x_wconf 66' lang='grc' dir='ltr'>Τύρὸων</span> 
     </span>
    </p>
   </div>
   <div class='ocr_carea' id='block_1_33' title="bbox 424 1909 1638 1978">
    <p class='ocr_par' dir='ltr' id='par_1_33' title="bbox 424 1909 1638 1978">
     <span class='ocr_line' id='line_1_33' title="bbox 424 1909 1638 1978; baseline 0.003 -18"><span class='ocrx_word' id='word_1_234' title='bbox 424 1909 564 1962; x_wconf 80' lang='lat' dir='ltr'><strong>libro</strong></span> <span class='ocrx_word' id='word_1_235' title='bbox 598 1909 1024 1978; x_wconf 69' lang='lat' dir='ltr'><strong>descripsimus;</strong></span> <span class='ocrx_word' id='word_1_236' title='bbox 1053 1917 1292 1978; x_wconf 83' lang='lat' dir='ltr'><strong>suntque</strong></span> <span class='ocrx_word' id='word_1_237' title='bbox 1325 1910 1595 1978; x_wconf 82' lang='lat' dir='ltr'><strong>ejusmodi</strong></span> <span class='ocrx_word' id='word_1_238' title='bbox 1624 1929 1638 1964; x_wconf 92' lang='lat'><strong>:</strong></span> 
     </span>
    </p>
   </div>
   <div class='ocr_carea' id='block_1_34' title="bbox 822 2125 1616 2200">
    <p class='ocr_par' dir='ltr' id='par_1_34' title="bbox 822 2125 1616 2200">
     <span class='ocr_line' id='line_1_34' title="bbox 822 2125 1616 2200; baseline 0.006 -20"><span class='ocrx_word' id='word_1_239' title='bbox 822 2125 1110 2182; x_wconf 79' lang='lat' dir='ltr'><strong>Manichwi</strong></span> <span class='ocrx_word' id='word_1_240' title='bbox 1140 2129 1306 2197; x_wconf 79' lang='lat' dir='ltr'><strong>impia</strong></span> <span class='ocrx_word' id='word_1_241' title='bbox 1343 2128 1616 2200; x_wconf 78' lang='lat' dir='ltr'><strong>dogmata.</strong></span> 
     </span>
    </p>
   </div>
   <div class='ocr_carea' id='block_1_35' title="bbox 495 2237 2008 2312">
    <p class='ocr_par' dir='ltr' id='par_1_35' title="bbox 495 2237 2008 2312">
     <span class='ocr_line' id='line_1_35' title="bbox 495 2237 2008 2312; baseline 0.007 -21"><span class='ocrx_word' id='word_1_242' title='bbox 495 2238 554 2291; x_wconf 92' lang='lat' dir='ltr'><strong>Si</strong></span> <span class='ocrx_word' id='word_1_243' title='bbox 590 2237 873 2294; x_wconf 82' lang='lat' dir='ltr'><strong>Maniclnei</strong></span> <span class='ocrx_word' id='word_1_244' title='bbox 901 2240 1059 2296; x_wconf 89' lang='lat' dir='ltr'><strong>iidem</strong></span> <span class='ocrx_word' id='word_1_245' title='bbox 1101 2257 1437 2311; x_wconf 85' lang='lat' dir='ltr'><strong>cognoscere</strong></span> <span class='ocrx_word' id='word_1_246' title='bbox 1477 2245 1677 2312; x_wconf 81' lang='lat' dir='ltr'><strong>velitis,</strong></span> <span class='ocrx_word' id='word_1_247' title='bbox 1710 2260 1741 2299; x_wconf 86' lang='lat' dir='ltr'><strong>a</strong></span> <span class='ocrx_word' id='word_1_248' title='bbox 1773 2261 1858 2302; x_wconf 89' lang='lat' dir='ltr'><strong>me</strong></span> <span class='ocrx_word' id='word_1_249' title='bbox 1883 2247 2008 2302; x_wconf 81' lang='lat' dir='ltr'><strong>bre-</strong></span> 
     </span>
    </p>
   </div>
   <div class='ocr_carea' id='block_1_36' title="bbox 423 2331 2011 2405">
    <p class='ocr_par' dir='ltr' id='par_1_36' title="bbox 423 2331 2011 2405">
     <span class='ocr_line' id='line_1_36' title="bbox 423 2331 2011 2405; baseline 0.008 -23"><span class='ocrx_word' id='word_1_250' title='bbox 423 2333 562 2384; x_wconf 87' lang='lat' dir='ltr'><strong>viter</strong></span> <span class='ocrx_word' id='word_1_251' title='bbox 589 2339 894 2400; x_wconf 72' lang='lat' dir='ltr'><strong>exposutam</strong></span> <span class='ocrx_word' id='word_1_252' title='bbox 923 2332 1126 2386; x_wconf 84' lang='lat' dir='ltr'><strong>audite.</strong></span> <span class='ocrx_word' id='word_1_253' title='bbox 1162 2331 1262 2388; x_wconf 83' lang='lat' dir='ltr'><strong>Hic</strong></span> <span class='ocrx_word' id='word_1_254' title='bbox 1299 2336 1463 2405; x_wconf 79' lang='lat' dir='ltr'><strong>igitur</strong></span> <span class='ocrx_word' id='word_1_255' title='bbox 1490 2337 1622 2392; x_wconf 87' lang='lat' dir='ltr'><strong>deos</strong></span> <span class='ocrx_word' id='word_1_256' title='bbox 1645 2339 1894 2404; x_wconf 78' lang='lat' dir='ltr'><strong>geminos</strong></span> <span class='ocrx_word' id='word_1_257' title='bbox 1917 2353 2011 2394; x_wconf 84' lang='lat' dir='ltr'><strong>co-</strong></span> 
     </span>
    </p>
   </div>
   <div class='ocr_carea' id='block_1_37' title="bbox 423 2422 2010 2499">
    <p class='ocr_par' dir='ltr' id='par_1_37' title="bbox 423 2422 2010 2499">
     <span class='ocr_line' id='line_1_37' title="bbox 423 2422 2010 2499; baseline 0.007 -24"><span class='ocrx_word' id='word_1_258' title='bbox 423 2424 506 2486; x_wconf 69' lang='lat' dir='ltr'><strong>lit,</strong></span> <span class='ocrx_word' id='word_1_259' title='bbox 541 2422 835 2492; x_wconf 80' lang='lat' dir='ltr'><strong>ingenites,</strong></span> <span class='ocrx_word' id='word_1_260' title='bbox 861 2439 892 2477; x_wconf 86' lang='lat' dir='ltr'><strong>a</strong></span> <span class='ocrx_word' id='word_1_261' title='bbox 914 2433 1086 2479; x_wconf 85' lang='lat' dir='ltr'><strong>semet</strong></span> <span class='ocrx_word' id='word_1_262' title='bbox 1113 2425 1468 2491; x_wconf 80' lang='lat' dir='ltr'><strong>exsistentes,</strong></span> <span class='ocrx_word' id='word_1_263' title='bbox 1504 2430 1896 2499; x_wconf 89' lang='lat' dir='ltr'><strong>sempiternos,</strong></span> <span class='ocrx_word' id='word_1_264' title='bbox 1923 2434 2010 2486; x_wconf 87' lang='lat' dir='ltr'><strong>in-</strong></span> 
     </span>
    </p>
   </div>
   <div class='ocr_carea' id='block_1_38' title="bbox 421 2517 2011 2589">
    <p class='ocr_par' dir='ltr' id='par_1_38' title="bbox 421 2517 2011 2589">
     <span class='ocr_line' id='line_1_38' title="bbox 421 2517 2011 2589; baseline 0.007 -21"><span class='ocrx_word' id='word_1_265' title='bbox 421 2517 706 2584; x_wconf 80' lang='lat' dir='ltr'><strong>vicemque</strong></span> <span class='ocrx_word' id='word_1_266' title='bbox 737 2517 1066 2574; x_wconf 88' lang='lat' dir='ltr'><strong>eontrarios.</strong></span> <span class='ocrx_word' id='word_1_267' title='bbox 1101 2517 1343 2584; x_wconf 85' lang='lat' dir='ltr'><strong>Quorum</strong></span> <span class='ocrx_word' id='word_1_268' title='bbox 1375 2522 1608 2577; x_wconf 87' lang='lat' dir='ltr'><strong>alterum</strong></span> <span class='ocrx_word' id='word_1_269' title='bbox 1643 2525 1868 2589; x_wconf 90' lang='lat' dir='ltr'><strong>bonum,</strong></span> <span class='ocrx_word' id='word_1_270' title='bbox 1893 2541 2011 2581; x_wconf 87' lang='lat' dir='ltr'><strong>ma-</strong></span> 
     </span>
    </p>
   </div>
   <div class='ocr_carea' id='block_1_39' title="bbox 425 2605 2006 2687">
    <p class='ocr_par' dir='ltr' id='par_1_39' title="bbox 425 2605 2006 2687">
     <span class='ocr_line' id='line_1_39' title="bbox 425 2605 2006 2687; baseline 0.009 -30"><span class='ocrx_word' id='word_1_271' title='bbox 425 2605 538 2658; x_wconf 87' lang='lat' dir='ltr'><strong>lmn</strong></span> <span class='ocrx_word' id='word_1_272' title='bbox 552 2607 784 2660; x_wconf 88' lang='lat' dir='ltr'><strong>alterum</strong></span> <span class='ocrx_word' id='word_1_273' title='bbox 809 2608 1025 2672; x_wconf 81' lang='lat' dir='ltr'><strong>deﬁnit,</strong></span> <span class='ocrx_word' id='word_1_274' title='bbox 1055 2620 1220 2679; x_wconf 87' lang='lat' dir='ltr'><strong>atque</strong></span> <span class='ocrx_word' id='word_1_275' title='bbox 1239 2612 1333 2664; x_wconf 89' lang='lat' dir='ltr'><strong>uni</strong></span> <span class='ocrx_word' id='word_1_276' title='bbox 1357 2612 1498 2667; x_wconf 87' lang='lat' dir='ltr'><strong>lucis</strong></span> <span class='ocrx_word' id='word_1_277' title='bbox 1526 2629 1724 2668; x_wconf 87' lang='lat' dir='ltr'><strong>nomen</strong></span> <span class='ocrx_word' id='word_1_278' title='bbox 1751 2615 2006 2687; x_wconf 88' lang='lat' dir='ltr'><strong>imponit,</strong></span> 
     </span>
    </p>
   </div>
   <div class='ocr_carea' id='block_1_40' title="bbox 421 2697 2008 2770">
    <p class='ocr_par' dir='ltr' id='par_1_40' title="bbox 421 2697 2008 2770">
     <span class='ocr_line' id='line_1_40' title="bbox 421 2697 2008 2770; baseline 0.009 -24"><span class='ocrx_word' id='word_1_279' title='bbox 421 2697 770 2750; x_wconf 85' lang='lat' dir='ltr'><strong>tenebrarum</strong></span> <span class='ocrx_word' id='word_1_280' title='bbox 800 2697 979 2753; x_wconf 86' lang='lat' dir='ltr'><strong>alteri.</strong></span> <span class='ocrx_word' id='word_1_281' title='bbox 1013 2697 1095 2752; x_wconf 86' lang='lat' dir='ltr'><strong>Ad</strong></span> <span class='ocrx_word' id='word_1_282' title='bbox 1124 2699 1264 2756; x_wconf 90' lang='lat' dir='ltr'><strong>lucis</strong></span> <span class='ocrx_word' id='word_1_283' title='bbox 1287 2711 1468 2770; x_wconf 89' lang='lat' dir='ltr'><strong>partes</strong></span> <span class='ocrx_word' id='word_1_284' title='bbox 1503 2702 1742 2758; x_wconf 86' lang='lat' dir='ltr'><strong>hominis</strong></span> <span class='ocrx_word' id='word_1_285' title='bbox 1767 2707 2008 2761; x_wconf 87' lang='lat' dir='ltr'><strong>animam</strong></span> 
     </span>
    </p>
   </div>
   <div class='ocr_carea' id='block_1_41' title="bbox 423 2787 2010 2864">
    <p class='ocr_par' dir='ltr' id='par_1_41' title="bbox 423 2787 2010 2864">
     <span class='ocr_line' id='line_1_41' title="bbox 423 2787 2010 2864; baseline 0.006 -22"><span class='ocrx_word' id='word_1_286' title='bbox 423 2787 706 2856; x_wconf 87' lang='lat' dir='ltr'><strong>pertinere</strong></span> <span class='ocrx_word' id='word_1_287' title='bbox 743 2796 930 2858; x_wconf 86' lang='lat' dir='ltr'><strong>putat;</strong></span> <span class='ocrx_word' id='word_1_288' title='bbox 963 2790 1206 2846; x_wconf 83' lang='lat' dir='ltr'><strong>tenebris</strong></span> <span class='ocrx_word' id='word_1_289' title='bbox 1237 2806 1368 2846; x_wconf 88' lang='lat' dir='ltr'><strong>vero</strong></span> <span class='ocrx_word' id='word_1_290' title='bbox 1398 2808 1622 2864; x_wconf 86' lang='lat' dir='ltr'><strong>corpus,</strong></span> <span class='ocrx_word' id='word_1_291' title='bbox 1658 2811 1724 2850; x_wconf 88' lang='lat' dir='ltr'><strong>ac</strong></span> <span class='ocrx_word' id='word_1_292' title='bbox 1767 2797 2010 2852; x_wconf 68' lang='lat' dir='ltr'><strong>materia:</strong></span> 
     </span>
    </p>
   </div>
   <div class='ocr_carea' id='block_1_42' title="bbox 421 2881 2012 2956">
    <p class='ocr_par' dir='ltr' id='par_1_42' title="bbox 421 2881 2012 2956">
     <span class='ocr_line' id='line_1_42' title="bbox 421 2881 2012 2956; baseline 0.006 -22"><span class='ocrx_word' id='word_1_293' title='bbox 421 2881 700 2950; x_wconf 82' lang='lat' dir='ltr'><strong>opiﬁcium</strong></span> <span class='ocrx_word' id='word_1_294' title='bbox 729 2882 942 2936; x_wconf 90' lang='lat' dir='ltr'><strong>tribuit.</strong></span> <span class='ocrx_word' id='word_1_295' title='bbox 971 2882 1176 2938; x_wconf 89' lang='lat' dir='ltr'><strong>llorum</strong></span> <span class='ocrx_word' id='word_1_296' title='bbox 1202 2900 1330 2939; x_wconf 88' lang='lat' dir='ltr'><strong>vero</strong></span> <span class='ocrx_word' id='word_1_297' title='bbox 1356 2888 1767 2956; x_wconf 84' lang='lat' dir='ltr'><strong>permistionem</strong></span> <span class='ocrx_word' id='word_1_298' title='bbox 1793 2903 1858 2944; x_wconf 87' lang='lat' dir='ltr'><strong>ac</strong></span> <span class='ocrx_word' id='word_1_299' title='bbox 1879 2899 2012 2945; x_wconf 84' lang='lat' dir='ltr'><strong>tem-</strong></span> 
     </span>
    </p>
   </div>
   <div class='ocr_carea' id='block_1_43' title="bbox 421 2974 2008 3046">
    <p class='ocr_par' dir='ltr' id='par_1_43' title="bbox 421 2974 2008 3046">
     <span class='ocr_line' id='line_1_43' title="bbox 421 2974 2008 3046; baseline 0.008 -21"><span class='ocrx_word' id='word_1_300' title='bbox 421 2975 762 3041; x_wconf 83' lang='lat' dir='ltr'><strong>perationem</strong></span> <span class='ocrx_word' id='word_1_301' title='bbox 817 2974 964 3030; x_wconf 89' lang='lat' dir='ltr'><strong>hunc</strong></span> <span class='ocrx_word' id='word_1_302' title='bbox 1019 2976 1072 3028; x_wconf 90' lang='lat' dir='ltr'><strong>in</strong></span> <span class='ocrx_word' id='word_1_303' title='bbox 1135 2977 1355 3032; x_wconf 91' lang='lat' dir='ltr'><strong>modum</strong></span> <span class='ocrx_word' id='word_1_304' title='bbox 1410 2979 1682 3036; x_wconf 84' lang='lat' dir='ltr'><strong>accidisse</strong></span> <span class='ocrx_word' id='word_1_305' title='bbox 1723 2981 1894 3046; x_wconf 86' lang='lat' dir='ltr'><strong>dicit,</strong></span> <span class='ocrx_word' id='word_1_306' title='bbox 1941 2997 2008 3038; x_wconf 89' lang='lat' dir='ltr'><strong>ac</strong></span> 
     </span>
    </p>
   </div>
   <div class='ocr_carea' id='block_1_44' title="bbox 421 3065 2004 3142">
    <p class='ocr_par' dir='ltr' id='par_1_44' title="bbox 421 3065 2004 3142">
     <span class='ocr_line' id='line_1_44' title="bbox 421 3065 2004 3142; baseline 0.007 -26"><span class='ocrx_word' id='word_1_307' title='bbox 421 3065 656 3120; x_wconf 89' lang='lat' dir='ltr'><strong>duorum</strong></span> <span class='ocrx_word' id='word_1_308' title='bbox 697 3082 884 3136; x_wconf 80' lang='lat' dir='ltr'><strong>regum</strong></span> <span class='ocrx_word' id='word_1_309' title='bbox 925 3068 1174 3137; x_wconf 80' lang='lat' dir='ltr'><strong>exemplo</strong></span> <span class='ocrx_word' id='word_1_310' title='bbox 1225 3067 1488 3134; x_wconf 85' lang='lat' dir='ltr'><strong>declarat,</strong></span> <span class='ocrx_word' id='word_1_311' title='bbox 1533 3071 1626 3140; x_wconf 90' lang='lat' dir='ltr'><strong>qui</strong></span> <span class='ocrx_word' id='word_1_312' title='bbox 1651 3071 1764 3142; x_wconf 86' lang='lat' dir='ltr'><strong>jam</strong></span> <span class='ocrx_word' id='word_1_313' title='bbox 1797 3073 2004 3128; x_wconf 89' lang='lat' dir='ltr'><strong>dudum</strong></span> 
     </span>
    </p>
   </div>
   <div class='ocr_carea' id='block_1_45' title="bbox 2111 1901 3694 1979">
    <p class='ocr_par' dir='ltr' id='par_1_45' title="bbox 2111 1901 3694 1979">
     <span class='ocr_line' id='line_1_45' title="bbox 2111 1901 3694 1979; baseline 0.004 -25"><span class='ocrx_word' id='word_1_314' title='bbox 2111 1901 2448 1973; x_wconf 86' lang='grc' dir='ltr'>ἁπεκρίνατο</span> <span class='ocrx_word' id='word_1_315' title='bbox 2469 1903 2663 1973; x_wconf 91' lang='grc' dir='ltr'>λέγων,</span> <span class='ocrx_word' id='word_1_316' title='bbox 2696 1905 2852 1960; x_wconf 75' lang='grc' dir='ltr'>ἅτινα</span> <span class='ocrx_word' id='word_1_317' title='bbox 2893 1909 2958 1960; x_wconf 86' lang='grc' dir='ltr'>ὲκ</span> <span class='ocrx_word' id='word_1_318' title='bbox 2993 1906 3088 1961; x_wconf 81' lang='grc' dir='ltr'><strong>τοῦ</strong></span> <span class='ocrx_word' id='word_1_319' title='bbox 3122 1906 3330 1979; x_wconf 81' lang='grc' dir='ltr'>βιϐλίου</span> <span class='ocrx_word' id='word_1_320' title='bbox 3355 1906 3694 1979; x_wconf 73' lang='grc' dir='ltr'>παρεθέμην·</span> 
     </span>
    </p>
   </div>
   <div class='ocr_carea' id='block_1_46' title="bbox 2110 1993 2529 2049">
    <p class='ocr_par' dir='ltr' id='par_1_46' title="bbox 2110 1993 2529 2049">
     <span class='ocr_line' id='line_1_46' title="bbox 2110 1993 2529 2049; baseline 0.007 -3"><span class='ocrx_word' id='word_1_321' title='bbox 2110 1993 2206 2046; x_wconf 75' lang='grc' dir='ltr'><strong>καὶ</strong></span> <span class='ocrx_word' id='word_1_322' title='bbox 2238 1994 2356 2047; x_wconf 80' lang='grc' dir='ltr'>ἔστι</span> <span class='ocrx_word' id='word_1_323' title='bbox 2381 1995 2529 2049; x_wconf 85' lang='grc' dir='ltr'>τάδε·</span> 
     </span>
    </p>
   </div>
   <div class='ocr_carea' id='block_1_47' title="bbox 2123 2106 3696 2182">
    <p class='ocr_par' dir='ltr' id='par_1_47' title="bbox 2123 2106 3696 2182">
     <span class='ocr_line' id='line_1_47' title="bbox 2123 2106 3696 2182; baseline 0.005 -23"><span class='ocrx_word' id='word_1_324' title='bbox 2123 2106 2295 2176; x_wconf 76' lang='grc' dir='ltr'><strong>Ἀρχὴ</strong></span> <span class='ocrx_word' id='word_1_325' title='bbox 2336 2106 2455 2161; x_wconf 84' lang='grc' dir='ltr'><strong>τῶν</strong></span> <span class='ocrx_word' id='word_1_326' title='bbox 2495 2108 2602 2162; x_wconf 85' lang='grc' dir='ltr'>τοῦ</span> <span class='ocrx_word' id='word_1_327' title='bbox 2647 2109 2955 2177; x_wconf 78' lang='grc' dir='ltr'>Μάνεντος</span> <span class='ocrx_word' id='word_1_328' title='bbox 2979 2109 3092 2182; x_wconf 78' lang='grc'><strong>(28)</strong></span> <span class='ocrx_word' id='word_1_329' title='bbox 3139 2111 3331 2166; x_wconf 80' lang='grc' dir='ltr'><strong>ἀθέων</strong></span> <span class='ocrx_word' id='word_1_330' title='bbox 3367 2111 3696 2182; x_wconf 58' lang='grc' dir='ltr'>δογμάτων.</span> 
     </span>
    </p>
   </div>
   <div class='ocr_carea' id='block_1_48' title="bbox 2182 2219 3697 2300">
    <p class='ocr_par' dir='ltr' id='par_1_48' title="bbox 2182 2219 3697 2300">
     <span class='ocr_line' id='line_1_48' title="bbox 2182 2219 3697 2300; baseline 0.007 -28"><span class='ocrx_word' id='word_1_331' title='bbox 2182 2219 2246 2272; x_wconf 88' lang='grc' dir='ltr'><strong>Εἰ</strong></span> <span class='ocrx_word' id='word_1_332' title='bbox 2274 2221 2375 2292; x_wconf 85' lang='grc' dir='ltr'>τὴν</span> <span class='ocrx_word' id='word_1_333' title='bbox 2399 2221 2492 2276; x_wconf 81' lang='grc' dir='ltr'>τοῦ</span> <span class='ocrx_word' id='word_1_334' title='bbox 2519 2223 2681 2292; x_wconf 84' lang='grc' dir='ltr'>Μάνη</span> <span class='ocrx_word' id='word_1_335' title='bbox 2724 2224 2908 2278; x_wconf 87' lang='grc' dir='ltr'>πίστιν</span> <span class='ocrx_word' id='word_1_336' title='bbox 2939 2224 3122 2278; x_wconf 85' lang='grc' dir='ltr'>θέλετε</span> <span class='ocrx_word' id='word_1_337' title='bbox 3153 2227 3366 2296; x_wconf 82' lang='grc' dir='ltr'>μαθεῖν,</span> <span class='ocrx_word' id='word_1_338' title='bbox 3409 2243 3538 2300; x_wconf 83' lang='grc' dir='ltr'>παρ’</span> <span class='ocrx_word' id='word_1_339' title='bbox 3563 2229 3697 2300; x_wconf 75' lang='grc' dir='ltr'>ἐμοῦ</span> 
     </span>
    </p>
   </div>
   <div class='ocr_carea' id='block_1_49' title="bbox 2110 2311 3698 2392">
    <p class='ocr_par' dir='ltr' id='par_1_49' title="bbox 2110 2311 3698 2392">
     <span class='ocr_line' id='line_1_49' title="bbox 2110 2311 3698 2392; baseline 0.005 -25"><span class='ocrx_word' id='word_1_340' title='bbox 2110 2313 2385 2369; x_wconf 81' lang='grc' dir='ltr'>ἀκούσατε</span> <span class='ocrx_word' id='word_1_341' title='bbox 2426 2317 2726 2388; x_wconf 82' lang='grc' dir='ltr'>συντόμως.</span> <span class='ocrx_word' id='word_1_342' title='bbox 2759 2311 2929 2382; x_wconf 80' lang='grc' dir='ltr'>Οὗτος</span> <span class='ocrx_word' id='word_1_343' title='bbox 2957 2318 3052 2372; x_wconf 88' lang='grc' dir='ltr'>δύο</span> <span class='ocrx_word' id='word_1_344' title='bbox 3088 2319 3236 2372; x_wconf 77' lang='grc' dir='ltr'>σέϐει</span> <span class='ocrx_word' id='word_1_345' title='bbox 3271 2319 3428 2384; x_wconf 75' lang='grc' dir='ltr'>θεοὺς</span> <span class='ocrx_word' id='word_1_346' title='bbox 3464 2321 3698 2392; x_wconf 83' lang='grc' dir='ltr'>ἀγεννή-</span> 
     </span>
    </p>
   </div>
   <div class='ocr_carea' id='block_1_50' title="bbox 2109 2405 3696 2482">
    <p class='ocr_par' dir='ltr' id='par_1_50' title="bbox 2109 2405 3696 2482">
     <span class='ocr_line' id='line_1_50' title="bbox 2109 2405 3696 2482; baseline 0.006 -27"><span class='ocrx_word' id='word_1_347' title='bbox 2109 2420 2255 2466; x_wconf 85' lang='grc' dir='ltr'>τους.</span> <span class='ocrx_word' id='word_1_348' title='bbox 2299 2405 2611 2474; x_wconf 78' lang='grc' dir='ltr'>αὐτοφυεῖς,</span> <span class='ocrx_word' id='word_1_349' title='bbox 2655 2407 2881 2472; x_wconf 83' lang='grc' dir='ltr'>ἀϊδίους,</span> <span class='ocrx_word' id='word_1_350' title='bbox 2923 2407 3023 2462; x_wconf 76' lang='grc' dir='ltr'>ἕνα.</span> <span class='ocrx_word' id='word_1_351' title='bbox 3065 2408 3142 2479; x_wconf 82' lang='grc' dir='ltr'>τῷ</span> <span class='ocrx_word' id='word_1_352' title='bbox 3187 2410 3268 2462; x_wconf 76' lang='grc' dir='ltr'><strong>ἑνὶ</strong></span> <span class='ocrx_word' id='word_1_353' title='bbox 3299 2409 3696 2482; x_wconf 88' lang='grc' dir='ltr'>ἀντικείμενον·</span> 
     </span>
    </p>
   </div>
   <div class='ocr_carea' id='block_1_51' title="bbox 2109 2496 3701 2572">
    <p class='ocr_par' dir='ltr' id='par_1_51' title="bbox 2109 2496 3701 2572">
     <span class='ocr_line' id='line_1_51' title="bbox 2109 2496 3701 2572; baseline 0.004 -22"><span class='ocrx_word' id='word_1_354' title='bbox 2109 2496 2205 2550; x_wconf 74' lang='grc' dir='ltr'><strong>καὶ</strong></span> <span class='ocrx_word' id='word_1_355' title='bbox 2234 2496 2326 2549; x_wconf 87' lang='grc' dir='ltr'>τὸν</span> <span class='ocrx_word' id='word_1_356' title='bbox 2357 2496 2456 2568; x_wconf 84' lang='grc' dir='ltr'><strong>μὲν</strong></span> <span class='ocrx_word' id='word_1_357' title='bbox 2487 2497 2712 2567; x_wconf 80' lang='grc' dir='ltr'>ἀγαθὸν,</span> <span class='ocrx_word' id='word_1_358' title='bbox 2741 2499 2832 2554; x_wconf 84' lang='grc' dir='ltr'><strong>τὸν</strong></span> <span class='ocrx_word' id='word_1_359' title='bbox 2857 2500 2915 2553; x_wconf 83' lang='grc' dir='ltr'>δὲ</span> <span class='ocrx_word' id='word_1_360' title='bbox 2955 2502 3189 2572; x_wconf 74' lang='grc' dir='ltr'>πονηρὸν</span> <span class='ocrx_word' id='word_1_361' title='bbox 3224 2503 3546 2572; x_wconf 77' lang='grc' dir='ltr'>εἰσηγεῖται·</span> <span class='ocrx_word' id='word_1_362' title='bbox 3581 2503 3701 2572; x_wconf 73' lang='grc' dir='ltr'><strong>φῶς</strong></span> 
     </span>
    </p>
   </div>
   <div class='ocr_carea' id='block_1_52' title="bbox 2109 2587 3698 2666">
    <p class='ocr_par' dir='ltr' id='par_1_52' title="bbox 2109 2587 3698 2666">
     <span class='ocr_line' id='line_1_52' title="bbox 2109 2587 3698 2666; baseline 0.005 -25"><span class='ocrx_word' id='word_1_363' title='bbox 2109 2587 2187 2660; x_wconf 82' lang='grc' dir='ltr'>τῷ</span> <span class='ocrx_word' id='word_1_364' title='bbox 2217 2590 2296 2642; x_wconf 71' lang='grc' dir='ltr'>ἑνὶ</span> <span class='ocrx_word' id='word_1_365' title='bbox 2325 2589 2497 2661; x_wconf 75' lang='grc' dir='ltr'>ὄνομα</span> <span class='ocrx_word' id='word_1_366' title='bbox 2528 2591 2773 2662; x_wconf 79' lang='grc' dir='ltr'>θέμενος,</span> <span class='ocrx_word' id='word_1_367' title='bbox 2807 2593 2901 2646; x_wconf 76' lang='grc' dir='ltr'><strong>καὶ</strong></span> <span class='ocrx_word' id='word_1_368' title='bbox 2921 2593 3000 2664; x_wconf 83' lang='grc' dir='ltr'>τῷ</span> <span class='ocrx_word' id='word_1_369' title='bbox 3023 2595 3196 2666; x_wconf 82' lang='grc' dir='ltr'>ἑτέρῳ</span> <span class='ocrx_word' id='word_1_370' title='bbox 3222 2596 3436 2658; x_wconf 81' lang='grc' dir='ltr'>σκότος.</span> <span class='ocrx_word' id='word_1_371' title='bbox 3473 2597 3582 2650; x_wconf 72' lang='grc' dir='ltr'>Καὶ</span> <span class='ocrx_word' id='word_1_372' title='bbox 3603 2594 3698 2649; x_wconf 82' lang='grc' dir='ltr'>τοῦ</span> 
     </span>
    </p>
   </div>
   <div class='ocr_carea' id='block_1_53' title="bbox 2112 2680 3698 2760">
    <p class='ocr_par' dir='ltr' id='par_1_53' title="bbox 2112 2680 3698 2760">
     <span class='ocr_line' id='line_1_53' title="bbox 2112 2680 3698 2760; baseline 0.004 -25"><span class='ocrx_word' id='word_1_373' title='bbox 2112 2683 2213 2754; x_wconf 86' lang='grc' dir='ltr'><strong>μὲν</strong></span> <span class='ocrx_word' id='word_1_374' title='bbox 2239 2683 2418 2752; x_wconf 78' lang='grc' dir='ltr'>φωτὸς</span> <span class='ocrx_word' id='word_1_375' title='bbox 2451 2680 2592 2739; x_wconf 82' lang='grc' dir='ltr'>εἶναι</span> <span class='ocrx_word' id='word_1_376' title='bbox 2630 2686 2795 2758; x_wconf 82' lang='grc' dir='ltr'>μέρος</span> <span class='ocrx_word' id='word_1_377' title='bbox 2831 2687 2932 2759; x_wconf 81' lang='grc' dir='ltr'>τὴν</span> <span class='ocrx_word' id='word_1_378' title='bbox 2961 2689 3019 2742; x_wconf 81' lang='grc' dir='ltr'><strong>ἑν</strong></span> <span class='ocrx_word' id='word_1_379' title='bbox 3050 2687 3356 2759; x_wconf 85' lang='grc' dir='ltr'>ἀνθρώποις</span> <span class='ocrx_word' id='word_1_380' title='bbox 3376 2689 3574 2760; x_wconf 81' lang='grc' dir='ltr'>ψυχὴν,</span> <span class='ocrx_word' id='word_1_381' title='bbox 3601 2690 3698 2742; x_wconf 75' lang='grc' dir='ltr'>τοῦ</span> 
     </span>
    </p>
   </div>
   <div class='ocr_carea' id='block_1_54' title="bbox 2107 2774 3695 2853">
    <p class='ocr_par' dir='ltr' id='par_1_54' title="bbox 2107 2774 3695 2853">
     <span class='ocr_line' id='line_1_54' title="bbox 2107 2774 3695 2853; baseline 0.005 -25"><span class='ocrx_word' id='word_1_382' title='bbox 2107 2774 2166 2828; x_wconf 86' lang='grc' dir='ltr'>δὲ</span> <span class='ocrx_word' id='word_1_383' title='bbox 2196 2774 2420 2839; x_wconf 87' lang='grc' dir='ltr'>σκότους</span> <span class='ocrx_word' id='word_1_384' title='bbox 2455 2777 2515 2829; x_wconf 85' lang='grc' dir='ltr'><strong>τὸ</strong></span> <span class='ocrx_word' id='word_1_385' title='bbox 2551 2776 2731 2848; x_wconf 83' lang='grc' dir='ltr'>σῶμα,</span> <span class='ocrx_word' id='word_1_386' title='bbox 2767 2780 2862 2831; x_wconf 74' lang='grc' dir='ltr'><strong>καὶ</strong></span> <span class='ocrx_word' id='word_1_387' title='bbox 2889 2781 2948 2832; x_wconf 78' lang='grc' dir='ltr'>τὸ</span> <span class='ocrx_word' id='word_1_388' title='bbox 2985 2779 3085 2850; x_wconf 81' lang='grc' dir='ltr'>τῆς</span> <span class='ocrx_word' id='word_1_389' title='bbox 3117 2780 3249 2852; x_wconf 79' lang='grc' dir='ltr'>ὕλης</span> <span class='ocrx_word' id='word_1_390' title='bbox 3285 2779 3695 2853; x_wconf 79' lang='grc' dir='ltr'>δημιούργημα.</span> 
     </span>
    </p>
   </div>
   <div class='ocr_carea' id='block_1_55' title="bbox 2109 2867 3696 2942">
    <p class='ocr_par' dir='ltr' id='par_1_55' title="bbox 2109 2867 3696 2942">
     <span class='ocr_line' id='line_1_55' title="bbox 2109 2867 3696 2942; baseline 0.003 -21"><span class='ocrx_word' id='word_1_391' title='bbox 2109 2867 2272 2933; x_wconf 78' lang='grc' dir='ltr'>Μίξιν</span> <span class='ocrx_word' id='word_1_392' title='bbox 2294 2868 2372 2932; x_wconf 85' lang='grc' dir='ltr'>δὲ,</span> <span class='ocrx_word' id='word_1_393' title='bbox 2403 2868 2520 2940; x_wconf 75' lang='grc' dir='ltr'>ἤτοι</span> <span class='ocrx_word' id='word_1_394' title='bbox 2553 2870 2854 2942; x_wconf 78' lang='grc' dir='ltr'>σύγκρασιν</span> <span class='ocrx_word' id='word_1_395' title='bbox 2891 2871 3096 2926; x_wconf 87' lang='grc' dir='ltr'>τούτων</span> <span class='ocrx_word' id='word_1_396' title='bbox 3125 2873 3273 2942; x_wconf 86' lang='grc' dir='ltr'>λέγει</span> <span class='ocrx_word' id='word_1_397' title='bbox 3301 2873 3584 2942; x_wconf 84' lang='grc' dir='ltr'>γεγονέναι</span> <span class='ocrx_word' id='word_1_398' title='bbox 3605 2875 3696 2927; x_wconf 70' lang='grc' dir='ltr'><strong>τὸν</strong></span> 
     </span>
    </p>
   </div>
   <div class='ocr_carea' id='block_1_56' title="bbox 2107 2961 3695 3040">
    <p class='ocr_par' dir='ltr' id='par_1_56' title="bbox 2107 2961 3695 3040">
     <span class='ocr_line' id='line_1_56' title="bbox 2107 2961 3695 3040; baseline 0.005 -26"><span class='ocrx_word' id='word_1_399' title='bbox 2107 2961 2330 3032; x_wconf 86' lang='grc' dir='ltr'>τρόπον,</span> <span class='ocrx_word' id='word_1_400' title='bbox 2365 2963 2681 3029; x_wconf 75' lang='grc' dir='ltr'>ἀπεικάζων</span> <span class='ocrx_word' id='word_1_401' title='bbox 2707 2967 2831 3030; x_wconf 84' lang='grc' dir='ltr'>τοὺς</span> <span class='ocrx_word' id='word_1_402' title='bbox 2857 2966 3115 3037; x_wconf 84' lang='grc' dir='ltr'>δύοτῴδε</span> <span class='ocrx_word' id='word_1_403' title='bbox 3155 2968 3232 3039; x_wconf 79' lang='grc' dir='ltr'><strong>τῷ</strong></span> <span class='ocrx_word' id='word_1_404' title='bbox 3268 2969 3695 3040; x_wconf 82' lang='grc' dir='ltr'>παραδείγματι·</span> 
     </span>
    </p>
   </div>
   <div class='ocr_carea' id='block_1_57' title="bbox 2107 3053 3695 3133">
    <p class='ocr_par' dir='ltr' id='par_1_57' title="bbox 2107 3053 3695 3133">
     <span class='ocr_line' id='line_1_57' title="bbox 2107 3053 3695 3133; baseline 0.008 -28"><span class='ocrx_word' id='word_1_405' title='bbox 2107 3053 2361 3125; x_wconf 82' lang='grc' dir='ltr'>καθάπερ</span> <span class='ocrx_word' id='word_1_406' title='bbox 2387 3054 2482 3109; x_wconf 84' lang='grc' dir='ltr'>δύο</span> <span class='ocrx_word' id='word_1_407' title='bbox 2515 3055 2756 3126; x_wconf 81' lang='grc' dir='ltr'>βασιλεῖς</span> <span class='ocrx_word' id='word_1_408' title='bbox 2788 3059 3214 3130; x_wconf 69' lang='grc' dir='ltr'>ἀπιμαχὸμενοι</span> <span class='ocrx_word' id='word_1_409' title='bbox 3245 3061 3382 3132; x_wconf 86' lang='grc' dir='ltr'>πρὸς</span> <span class='ocrx_word' id='word_1_410' title='bbox 3410 3063 3695 3133; x_wconf 79' lang='grc' dir='ltr'>ἀλλήλους,</span> 
     </span>
    </p>
   </div>
   <div class='ocr_carea' id='block_1_58' title="bbox 425 3145 2002 3236">
    <p class='ocr_par' dir='ltr' id='par_1_58' title="bbox 425 3157 2002 3236">
     <span class='ocr_line' id='line_1_58' title="bbox 425 3157 2002 3236; baseline 0.01 -28"><span class='ocrx_word' id='word_1_411' title='bbox 425 3157 638 3213; x_wconf 90' lang='lat' dir='ltr'><strong>inimici</strong></span> <span class='ocrx_word' id='word_1_412' title='bbox 667 3168 863 3213; x_wconf 88' lang='lat' dir='ltr'><strong>mutuo</strong></span> <span class='ocrx_word' id='word_1_413' title='bbox 899 3159 1003 3214; x_wconf 90' lang='lat' dir='ltr'><strong>sibi</strong></span> <span class='ocrx_word' id='word_1_414' title='bbox 1037 3159 1240 3214; x_wconf 84' lang='lat' dir='ltr'><strong>bellum</strong></span> <span class='ocrx_word' id='word_1_415' title='bbox 1272 3162 1534 3226; x_wconf 81' lang='lat' dir='ltr'><strong>inferunt,</strong></span> <span class='ocrx_word' id='word_1_416' title='bbox 1577 3163 1650 3216; x_wconf 90' lang='lat' dir='ltr'><strong>ita</strong></span> <span class='ocrx_word' id='word_1_417' title='bbox 1681 3174 1740 3218; x_wconf 89' lang='lat' dir='ltr'><strong>ut</strong></span> <span class='ocrx_word' id='word_1_418' title='bbox 1778 3175 2002 3236; x_wconf 86' lang='lat' dir='ltr'><strong>uterque</strong></span> 
     </span>
    </p>
   </div>
   <div class='ocr_carea' id='block_1_59' title="bbox 2111 3145 3698 3236">
    <p class='ocr_par' dir='ltr' id='par_1_59' title="bbox 2111 3145 3698 3224">
     <span class='ocr_line' id='line_1_59' title="bbox 2111 3145 3698 3224; baseline 0.01 -27"><span class='ocrx_word' id='word_1_419' title='bbox 2111 3145 2262 3209; x_wconf 79' lang='grc' dir='ltr'>ὖντες</span> <span class='ocrx_word' id='word_1_420' title='bbox 2289 3147 2543 3219; x_wconf 82' lang='grc' dir='ltr'>ἀπαρχῆς</span> <span class='ocrx_word' id='word_1_421' title='bbox 2569 3149 2776 3220; x_wconf 77' lang='grc' dir='ltr'>ἐχθροὶ,</span> <span class='ocrx_word' id='word_1_422' title='bbox 2808 3152 2904 3204; x_wconf 83' lang='grc' dir='ltr'>καὶ</span> <span class='ocrx_word' id='word_1_423' title='bbox 2931 3151 3206 3224; x_wconf 86' lang='grc' dir='ltr'>ἀναμέρος</span> <span class='ocrx_word' id='word_1_424' title='bbox 3233 3154 3467 3210; x_wconf 81' lang='grc' dir='ltr'>ἑκάστου</span> <span class='ocrx_word' id='word_1_425' title='bbox 3499 3158 3568 3211; x_wconf 87' lang='grc' dir='ltr'>τὰ</span> <span class='ocrx_word' id='word_1_426' title='bbox 3591 3159 3698 3212; x_wconf 82' lang='grc' dir='ltr'>ίδια</span> 
     </span>
    </p>
   </div>
   <div class='ocr_carea' id='block_1_60' title="bbox 423 3250 2006 3321">
    <p class='ocr_par' dir='ltr' id='par_1_60' title="bbox 423 3250 2006 3321">
     <span class='ocr_line' id='line_1_60' title="bbox 423 3250 2006 3321; baseline 0.008 -18"><span class='ocrx_word' id='word_1_427' title='bbox 423 3250 678 3319; x_wconf 88' lang='lat' dir='ltr'><strong>privatim</strong></span> <span class='ocrx_word' id='word_1_428' title='bbox 709 3265 808 3304; x_wconf 90' lang='lat' dir='ltr'><strong>sua</strong></span> <span class='ocrx_word' id='word_1_429' title='bbox 841 3253 1142 3321; x_wconf 84' lang='lat' dir='ltr'><strong>possideat.</strong></span> <span class='ocrx_word' id='word_1_430' title='bbox 1174 3251 1252 3306; x_wconf 88' lang='lat' dir='ltr'><strong>Ita</strong></span> <span class='ocrx_word' id='word_1_431' title='bbox 1289 3255 1568 3312; x_wconf 86' lang='lat' dir='ltr'><strong>tenebras.</strong></span> <span class='ocrx_word' id='word_1_432' title='bbox 1619 3258 1715 3318; x_wconf 90' lang='lat' dir='ltr'><strong>ait,</strong></span> <span class='ocrx_word' id='word_1_433' title='bbox 1757 3259 2006 3315; x_wconf 86' lang='lat' dir='ltr'><strong>collectis</strong></span> 
     </span>
    </p>
   </div>
   <div class='ocr_carea' id='block_1_61' title="bbox 423 3339 2007 3418">
    <p class='ocr_par' dir='ltr' id='par_1_61' title="bbox 423 3339 2007 3418">
     <span class='ocr_line' id='line_1_61' title="bbox 423 3339 2007 3418; baseline 0.009 -28"><span class='ocrx_word' id='word_1_434' title='bbox 423 3340 657 3404; x_wconf 81' lang='lat' dir='ltr'><strong>viribus,</strong></span> <span class='ocrx_word' id='word_1_435' title='bbox 697 3339 899 3394; x_wconf 84' lang='lat' dir='ltr'><strong>ﬁnibus</strong></span> <span class='ocrx_word' id='word_1_436' title='bbox 939 3343 1057 3396; x_wconf 88' lang='lat' dir='ltr'><strong>suis</strong></span> <span class='ocrx_word' id='word_1_437' title='bbox 1089 3357 1342 3412; x_wconf 79' lang='lat' dir='ltr'><strong>egressas</strong></span> <span class='ocrx_word' id='word_1_438' title='bbox 1383 3345 1752 3400; x_wconf 85' lang='lat' dir='ltr'><strong>incursionem</strong></span> <span class='ocrx_word' id='word_1_439' title='bbox 1787 3347 2007 3418; x_wconf 59' lang='lat' dir='ltr'><strong>fecisse,</strong></span> 
     </span>
    </p>
   </div>
   <div class='ocr_carea' id='block_1_62' title="bbox 423 3431 2009 3508">
    <p class='ocr_par' dir='ltr' id='par_1_62' title="bbox 423 3431 2009 3508">
     <span class='ocr_line' id='line_1_62' title="bbox 423 3431 2009 3508; baseline 0.008 -24"><span class='ocrx_word' id='word_1_440' title='bbox 423 3448 488 3485; x_wconf 90' lang='lat' dir='ltr'><strong>ac</strong></span> <span class='ocrx_word' id='word_1_441' title='bbox 521 3447 646 3484; x_wconf 90' lang='lat' dir='ltr'><strong>cum</strong></span> <span class='ocrx_word' id='word_1_442' title='bbox 681 3431 804 3486; x_wconf 91' lang='lat' dir='ltr'><strong>luce</strong></span> <span class='ocrx_word' id='word_1_443' title='bbox 825 3433 1140 3489; x_wconf 90' lang='lat' dir='ltr'><strong>dimicasse.</strong></span> <span class='ocrx_word' id='word_1_444' title='bbox 1172 3433 1307 3488; x_wconf 88' lang='lat' dir='ltr'><strong>Cum</strong></span> <span class='ocrx_word' id='word_1_445' title='bbox 1333 3444 1514 3490; x_wconf 85' lang='lat' dir='ltr'><strong>autem</strong></span> <span class='ocrx_word' id='word_1_446' title='bbox 1543 3438 1720 3494; x_wconf 88' lang='lat' dir='ltr'><strong>bonus</strong></span> <span class='ocrx_word' id='word_1_447' title='bbox 1747 3449 1900 3508; x_wconf 86' lang='lat' dir='ltr'><strong>pater</strong></span> <span class='ocrx_word' id='word_1_448' title='bbox 1926 3452 2009 3498; x_wconf 89' lang='lat' dir='ltr'><strong>te-</strong></span> 
     </span>
    </p>
   </div>
   <div class='ocr_carea' id='block_1_63' title="bbox 425 3523 2006 3598">
    <p class='ocr_par' dir='ltr' id='par_1_63' title="bbox 425 3523 2006 3598">
     <span class='ocr_line' id='line_1_63' title="bbox 425 3523 2006 3598; baseline 0.008 -20"><span class='ocrx_word' id='word_1_449' title='bbox 425 3525 626 3579; x_wconf 87' lang='lat' dir='ltr'><strong>nebras</strong></span> <span class='ocrx_word' id='word_1_450' title='bbox 661 3523 714 3577; x_wconf 92' lang='lat' dir='ltr'><strong>in</strong></span> <span class='ocrx_word' id='word_1_451' title='bbox 743 3531 886 3578; x_wconf 84' lang='lat' dir='ltr'><strong>terra</strong></span> <span class='ocrx_word' id='word_1_452' title='bbox 915 3539 1015 3579; x_wconf 90' lang='lat' dir='ltr'><strong>sua</strong></span> <span class='ocrx_word' id='word_1_453' title='bbox 1053 3527 1262 3582; x_wconf 85' lang='lat' dir='ltr'><strong>versari</strong></span> <span class='ocrx_word' id='word_1_454' title='bbox 1307 3539 1692 3598; x_wconf 79' lang='lat' dir='ltr'><strong>cognosceret,</strong></span> <span class='ocrx_word' id='word_1_455' title='bbox 1722 3533 1832 3586; x_wconf 87' lang='lat' dir='ltr'><strong>vim</strong></span> <span class='ocrx_word' id='word_1_456' title='bbox 1867 3549 1896 3587; x_wconf 88' lang='lat' dir='ltr'><strong>a</strong></span> <span class='ocrx_word' id='word_1_457' title='bbox 1945 3551 2006 3590; x_wconf 84' lang='lat' dir='ltr'><strong>se</strong></span> 
     </span>
    </p>
   </div>
   <div class='ocr_carea' id='block_1_64' title="bbox 426 3617 2006 3696">
    <p class='ocr_par' dir='ltr' id='par_1_64' title="bbox 426 3617 2006 3696">
     <span class='ocr_line' id='line_1_64' title="bbox 426 3617 2006 3696; baseline 0.006 -24"><span class='ocrx_word' id='word_1_458' title='bbox 426 3621 548 3687; x_wconf 87' lang='lat' dir='ltr'><strong>ipso</strong></span> <span class='ocrx_word' id='word_1_459' title='bbox 576 3622 870 3687; x_wconf 88' lang='lat' dir='ltr'><strong>quamdam</strong></span> <span class='ocrx_word' id='word_1_460' title='bbox 899 3617 1162 3682; x_wconf 86' lang='lat' dir='ltr'><strong>edidisse,</strong></span> <span class='ocrx_word' id='word_1_461' title='bbox 1193 3636 1316 3690; x_wconf 65' lang='lat' dir='ltr'><strong>quae</strong></span> <span class='ocrx_word' id='word_1_462' title='bbox 1355 3623 1482 3676; x_wconf 61' lang='lat' dir='ltr'><strong>vita;</strong></span> <span class='ocrx_word' id='word_1_463' title='bbox 1529 3632 1705 3678; x_wconf 85' lang='lat' dir='ltr'><strong>mater</strong></span> <span class='ocrx_word' id='word_1_464' title='bbox 1730 3628 2006 3696; x_wconf 81' lang='lat' dir='ltr'><strong>appellata</strong></span> 
     </span>
    </p>
   </div>
   <div class='ocr_carea' id='block_1_65' title="bbox 425 3706 2003 3780">
    <p class='ocr_par' dir='ltr' id='par_1_65' title="bbox 425 3706 2003 3780">
     <span class='ocr_line' id='line_1_65' title="bbox 425 3706 2003 3780; baseline 0.006 -19"><span class='ocrx_word' id='word_1_465' title='bbox 425 3711 517 3762; x_wconf 88' lang='lat' dir='ltr'><strong>sit.</strong></span> <span class='ocrx_word' id='word_1_466' title='bbox 549 3707 632 3760; x_wconf 76' lang='lat' dir='ltr'><strong>Ab</strong></span> <span class='ocrx_word' id='word_1_467' title='bbox 655 3706 758 3760; x_wconf 88' lang='lat' dir='ltr'><strong>hac</strong></span> <span class='ocrx_word' id='word_1_468' title='bbox 791 3707 1026 3776; x_wconf 89' lang='lat' dir='ltr'><strong>primum</strong></span> <span class='ocrx_word' id='word_1_469' title='bbox 1064 3708 1340 3764; x_wconf 87' lang='lat' dir='ltr'><strong>hominem</strong></span> <span class='ocrx_word' id='word_1_470' title='bbox 1373 3709 1738 3780; x_wconf 87' lang='lat' dir='ltr'><strong>productum;</strong></span> <span class='ocrx_word' id='word_1_471' title='bbox 1771 3729 2003 3770; x_wconf 89' lang='lat' dir='ltr'><strong>necnon</strong></span> 
     </span>
    </p>
   </div>
   <div class='ocr_carea' id='block_1_66' title="bbox 423 3798 2002 3876">
    <p class='ocr_par' dir='ltr' id='par_1_66' title="bbox 423 3798 2002 3876">
     <span class='ocr_line' id='line_1_66' title="bbox 423 3798 2002 3876; baseline 0.008 -26"><span class='ocrx_word' id='word_1_472' title='bbox 423 3807 477 3850; x_wconf 74' lang='lat' dir='ltr'><strong>ct</strong></span> <span class='ocrx_word' id='word_1_473' title='bbox 498 3798 765 3852; x_wconf 87' lang='lat' dir='ltr'><strong>elementa</strong></span> <span class='ocrx_word' id='word_1_474' title='bbox 781 3799 1044 3868; x_wconf 88' lang='lat' dir='ltr'><strong>quinque,</strong></span> <span class='ocrx_word' id='word_1_475' title='bbox 1065 3809 1312 3864; x_wconf 88' lang='lat' dir='ltr'><strong>ventum,</strong></span> <span class='ocrx_word' id='word_1_476' title='bbox 1337 3801 1534 3866; x_wconf 89' lang='lat' dir='ltr'><strong>lucem,</strong></span> <span class='ocrx_word' id='word_1_477' title='bbox 1556 3818 1776 3873; x_wconf 81' lang='lat' dir='ltr'><strong>aquam,</strong></span> <span class='ocrx_word' id='word_1_478' title='bbox 1802 3806 2002 3876; x_wconf 81' lang='lat' dir='ltr'><strong>ignem,</strong></span> 
     </span>
    </p>
   </div>
   <div class='ocr_carea' id='block_1_67' title="bbox 427 3886 2003 3965">
    <p class='ocr_par' dir='ltr' id='par_1_67' title="bbox 427 3886 2003 3965">
     <span class='ocr_line' id='line_1_67' title="bbox 427 3886 2003 3965; baseline 0.01 -28"><span class='ocrx_word' id='word_1_479' title='bbox 427 3887 734 3940; x_wconf 84' lang='lat' dir='ltr'><strong>materiam.</strong></span> <span class='ocrx_word' id='word_1_480' title='bbox 771 3886 898 3942; x_wconf 67' lang='lat' dir='ltr'><strong>Haec</strong></span> <span class='ocrx_word' id='word_1_481' title='bbox 943 3903 1068 3942; x_wconf 90' lang='lat' dir='ltr'><strong>cum</strong></span> <span class='ocrx_word' id='word_1_482' title='bbox 1099 3889 1248 3944; x_wconf 89' lang='lat' dir='ltr'><strong>velut</strong></span> <span class='ocrx_word' id='word_1_483' title='bbox 1276 3891 1346 3944; x_wconf 88' lang='lat' dir='ltr'><strong>ad</strong></span> <span class='ocrx_word' id='word_1_484' title='bbox 1389 3891 1644 3948; x_wconf 90' lang='lat' dir='ltr'><strong>bellicum</strong></span> <span class='ocrx_word' id='word_1_485' title='bbox 1678 3908 2003 3965; x_wconf 84' lang='lat' dir='ltr'><strong>apparatum</strong></span> 
     </span>
    </p>
   </div>
   <div class='ocr_carea' id='block_1_68' title="bbox 371 3967 2004 4057">
    <p class='ocr_par' dir='ltr' id='par_1_68' title="bbox 371 3967 2004 4057">
     <span class='ocr_line' id='line_1_68' title="bbox 371 3967 2004 4057; baseline 0.007 -29"><span class='ocrx_word' id='word_1_486' title='bbox 371 3967 376 3972; x_wconf 72' lang='grc'><em>’</em></span> <span class='ocrx_word' id='word_1_487' title='bbox 426 3977 718 4044; x_wconf 80' lang='lat' dir='ltr'><strong>induisset,</strong></span> <span class='ocrx_word' id='word_1_488' title='bbox 753 3979 807 4032; x_wconf 90' lang='lat' dir='ltr'><strong>in</strong></span> <span class='ocrx_word' id='word_1_489' title='bbox 849 3979 1112 4034; x_wconf 83' lang='lat' dir='ltr'><strong>inferiora</strong></span> <span class='ocrx_word' id='word_1_490' title='bbox 1141 3980 1426 4050; x_wconf 87' lang='lat' dir='ltr'><strong>delapsum</strong></span> <span class='ocrx_word' id='word_1_491' title='bbox 1458 3998 1584 4036; x_wconf 90' lang='lat' dir='ltr'><strong>cum</strong></span> <span class='ocrx_word' id='word_1_492' title='bbox 1631 3987 1874 4040; x_wconf 83' lang='lat' dir='ltr'><strong>tenebris</strong></span> <span class='ocrx_word' id='word_1_493' title='bbox 1903 4004 2004 4057; x_wconf 89' lang='lat' dir='ltr'><strong>pu-</strong></span> 
     </span>
    </p>
   </div>
   <div class='ocr_carea' id='block_1_69' title="bbox 425 4071 2002 4146">
    <p class='ocr_par' dir='ltr' id='par_1_69' title="bbox 425 4071 2002 4146">
     <span class='ocr_line' id='line_1_69' title="bbox 425 4071 2002 4146; baseline 0.008 -24"><span class='ocrx_word' id='word_1_494' title='bbox 425 4085 643 4138; x_wconf 65' lang='lat' dir='ltr'><strong>gnasse.</strong></span> <span class='ocrx_word' id='word_1_495' title='bbox 686 4071 1058 4128; x_wconf 86' lang='lat' dir='ltr'><strong>Tenebrarum</strong></span> <span class='ocrx_word' id='word_1_496' title='bbox 1101 4087 1232 4127; x_wconf 87' lang='lat' dir='ltr'><strong>vero</strong></span> <span class='ocrx_word' id='word_1_497' title='bbox 1277 4075 1578 4144; x_wconf 87' lang='lat' dir='ltr'><strong>principes.</strong></span> <span class='ocrx_word' id='word_1_498' title='bbox 1628 4080 1722 4146; x_wconf 84' lang='lat' dir='ltr'><strong>qui</strong></span> <span class='ocrx_word' id='word_1_499' title='bbox 1766 4093 1889 4134; x_wconf 87' lang='lat' dir='ltr'><strong>cmn</strong></span> <span class='ocrx_word' id='word_1_500' title='bbox 1938 4097 2002 4135; x_wconf 85' lang='lat' dir='ltr'><strong>ea</strong></span> 
     </span>
    </p>
   </div>
   <div class='ocr_carea' id='block_1_70' title="bbox 421 4164 2004 4238">
    <p class='ocr_par' dir='ltr' id='par_1_70' title="bbox 421 4164 2004 4238">
     <span class='ocr_line' id='line_1_70' title="bbox 421 4164 2004 4238; baseline 0.011 -24"><span class='ocrx_word' id='word_1_501' title='bbox 421 4164 793 4227; x_wconf 84' lang='lat' dir='ltr'><strong>decertabant,</strong></span> <span class='ocrx_word' id='word_1_502' title='bbox 830 4179 896 4219; x_wconf 83' lang='lat' dir='ltr'><strong>ex</strong></span> <span class='ocrx_word' id='word_1_503' title='bbox 920 4166 1066 4221; x_wconf 89' lang='lat' dir='ltr'><strong>illius</strong></span> <span class='ocrx_word' id='word_1_504' title='bbox 1101 4176 1402 4229; x_wconf 87' lang='lat' dir='ltr'><strong>armatura.</strong></span> <span class='ocrx_word' id='word_1_505' title='bbox 1427 4184 1590 4238; x_wconf 86' lang='lat' dir='ltr'><strong>quam</strong></span> <span class='ocrx_word' id='word_1_506' title='bbox 1623 4173 1860 4228; x_wconf 91' lang='lat' dir='ltr'><strong>animam</strong></span> <span class='ocrx_word' id='word_1_507' title='bbox 1879 4191 2004 4232; x_wconf 87' lang='lat' dir='ltr'><strong>esse</strong></span> 
     </span>
    </p>
   </div>
   <div class='ocr_carea' id='block_1_71' title="bbox 422 4255 2004 4336">
    <p class='ocr_par' dir='ltr' id='par_1_71' title="bbox 422 4255 2004 4336">
     <span class='ocr_line' id='line_1_71' title="bbox 422 4255 2004 4336; baseline 0.009 -30"><span class='ocrx_word' id='word_1_508' title='bbox 422 4255 590 4317; x_wconf 87' lang='lat' dir='ltr'><strong>dicit,</strong></span> <span class='ocrx_word' id='word_1_509' title='bbox 629 4256 877 4309; x_wconf 88' lang='lat' dir='ltr'><strong>nonnihil</strong></span> <span class='ocrx_word' id='word_1_510' title='bbox 923 4256 1156 4312; x_wconf 85' lang='lat' dir='ltr'><strong>dedisse.</strong></span> <span class='ocrx_word' id='word_1_511' title='bbox 1203 4257 1322 4324; x_wconf 88' lang='lat' dir='ltr'><strong>Quo</strong></span> <span class='ocrx_word' id='word_1_512' title='bbox 1363 4260 1578 4326; x_wconf 87' lang='lat' dir='ltr'><strong>quidem</strong></span> <span class='ocrx_word' id='word_1_513' title='bbox 1622 4270 1863 4334; x_wconf 88' lang='lat' dir='ltr'><strong>tempore</strong></span> <span class='ocrx_word' id='word_1_514' title='bbox 1893 4268 2004 4336; x_wconf 89' lang='lat' dir='ltr'><strong>pri-</strong></span> 
     </span>
    </p>
   </div>
   <div class='ocr_carea' id='block_1_72' title="bbox 421 4346 2001 4414">
    <p class='ocr_par' dir='ltr' id='par_1_72' title="bbox 421 4346 2001 4414">
     <span class='ocr_line' id='line_1_72' title="bbox 421 4346 2001 4414; baseline 0.01 -16"><span class='ocrx_word' id='word_1_515' title='bbox 421 4361 568 4398; x_wconf 87' lang='lat' dir='ltr'><strong>mum</strong></span> <span class='ocrx_word' id='word_1_516' title='bbox 600 4346 876 4400; x_wconf 90' lang='lat' dir='ltr'><strong>hominem</strong></span> <span class='ocrx_word' id='word_1_517' title='bbox 925 4348 979 4401; x_wconf 91' lang='lat' dir='ltr'><strong>in</strong></span> <span class='ocrx_word' id='word_1_518' title='bbox 1025 4348 1381 4404; x_wconf 78' lang='lat' dir='ltr'><strong>inferioribus</strong></span> <span class='ocrx_word' id='word_1_519' title='bbox 1413 4350 1497 4405; x_wconf 91' lang='lat' dir='ltr'><strong>his</strong></span> <span class='ocrx_word' id='word_1_520' title='bbox 1523 4352 1661 4407; x_wconf 89' lang='lat' dir='ltr'><strong>locis</strong></span> <span class='ocrx_word' id='word_1_521' title='bbox 1695 4369 1725 4407; x_wconf 89' lang='lat' dir='ltr'><strong>a</strong></span> <span class='ocrx_word' id='word_1_522' title='bbox 1759 4357 2001 4414; x_wconf 89' lang='lat' dir='ltr'><strong>tenebris</strong></span> 
     </span>
    </p>
   </div>
   <div class='ocr_carea' id='block_1_73' title="bbox 421 4441 2002 4507">
    <p class='ocr_par' dir='ltr' id='par_1_73' title="bbox 421 4441 2002 4507">
     <span class='ocr_line' id='line_1_73' title="bbox 421 4441 2002 4507; baseline 0.009 -18"><span class='ocrx_word' id='word_1_523' title='bbox 421 4453 754 4507; x_wconf 79' lang='lat' dir='ltr'><strong>magnopere</strong></span> <span class='ocrx_word' id='word_1_524' title='bbox 781 4454 902 4494; x_wconf 83' lang='lat' dir='ltr'><strong>esse</strong></span> <span class='ocrx_word' id='word_1_525' title='bbox 931 4449 1208 4495; x_wconf 76' lang='lat' dir='ltr'><strong>vexatura.</strong></span> <span class='ocrx_word' id='word_1_526' title='bbox 1241 4441 1396 4507; x_wconf 86' lang='lat' dir='ltr'><strong>Quod</strong></span> <span class='ocrx_word' id='word_1_527' title='bbox 1425 4444 1530 4498; x_wconf 90' lang='lat' dir='ltr'><strong>nisi</strong></span> <span class='ocrx_word' id='word_1_528' title='bbox 1564 4453 1812 4502; x_wconf 88' lang='lat' dir='ltr'><strong>orantem</strong></span> <span class='ocrx_word' id='word_1_529' title='bbox 1841 4447 2002 4506; x_wconf 89' lang='lat' dir='ltr'><strong>Pater</strong></span> 
     </span>
    </p>
   </div>
   <div class='ocr_carea' id='block_1_74' title="bbox 2109 3234 3700 3307">
    <p class='ocr_par' dir='ltr' id='par_1_74' title="bbox 2109 3234 3700 3307">
     <span class='ocr_line' id='line_1_74' title="bbox 2109 3234 3700 3307; baseline 0.011 -21"><span class='ocrx_word' id='word_1_530' title='bbox 2109 3234 2346 3304; x_wconf 71' lang='grc' dir='ltr'>ἔχοντος.</span> <span class='ocrx_word' id='word_1_531' title='bbox 2380 3237 2538 3290; x_wconf 85' lang='grc' dir='ltr'>Κατά</span> <span class='ocrx_word' id='word_1_532' title='bbox 2565 3238 2622 3291; x_wconf 85' lang='grc' dir='ltr'>δὲ</span> <span class='ocrx_word' id='word_1_533' title='bbox 2657 3239 2918 3294; x_wconf 86' lang='grc' dir='ltr'>σύστασιν</span> <span class='ocrx_word' id='word_1_534' title='bbox 2942 3241 3006 3294; x_wconf 86' lang='grc' dir='ltr'>τὸ</span> <span class='ocrx_word' id='word_1_535' title='bbox 3037 3245 3227 3307; x_wconf 87' lang='grc' dir='ltr'>σκότος</span> <span class='ocrx_word' id='word_1_536' title='bbox 3253 3245 3478 3300; x_wconf 80' lang='grc' dir='ltr'>ἐπελθὸν</span> <span class='ocrx_word' id='word_1_537' title='bbox 3505 3248 3568 3301; x_wconf 85' lang='grc' dir='ltr'><strong>ἑκ</strong></span> <span class='ocrx_word' id='word_1_538' title='bbox 3589 3251 3700 3304; x_wconf 84' lang='grc' dir='ltr'>τῶν</span> 
     </span>
    </p>
   </div>
   <div class='ocr_carea' id='block_1_75' title="bbox 2107 3327 3698 3404">
    <p class='ocr_par' dir='ltr' id='par_1_75' title="bbox 2107 3327 3698 3404">
     <span class='ocr_line' id='line_1_75' title="bbox 2107 3327 3698 3404; baseline 0.011 -26"><span class='ocrx_word' id='word_1_539' title='bbox 2107 3327 2273 3398; x_wconf 88' lang='grc' dir='ltr'>ὁρίων</span> <span class='ocrx_word' id='word_1_540' title='bbox 2299 3327 2464 3380; x_wconf 80' lang='grc' dir='ltr'>αὐτοῦ</span> <span class='ocrx_word' id='word_1_541' title='bbox 2504 3335 2968 3403; x_wconf 84' lang='grc' dir='ltr'>προσεμαχήσατο</span> <span class='ocrx_word' id='word_1_542' title='bbox 2999 3333 3076 3404; x_wconf 81' lang='grc' dir='ltr'>τῷ</span> <span class='ocrx_word' id='word_1_543' title='bbox 3107 3336 3266 3404; x_wconf 83' lang='grc' dir='ltr'>φωτί.</span> <span class='ocrx_word' id='word_1_544' title='bbox 3297 3337 3498 3392; x_wconf 88' lang='grc' dir='ltr'>Γνόντα</span> <span class='ocrx_word' id='word_1_545' title='bbox 3523 3341 3580 3394; x_wconf 81' lang='grc' dir='ltr'>δὲ</span> <span class='ocrx_word' id='word_1_546' title='bbox 3605 3342 3698 3396; x_wconf 88' lang='grc' dir='ltr'><strong>τὸν</strong></span> 
     </span>
    </p>
   </div>
   <div class='ocr_carea' id='block_1_76' title="bbox 2108 3419 3694 3508">
    <p class='ocr_par' dir='ltr' id='par_1_76' title="bbox 2108 3419 3694 3508">
     <span class='ocr_line' id='line_1_76' title="bbox 2108 3419 3694 3508; baseline 0.009 -35"><span class='ocrx_word' id='word_1_547' title='bbox 2108 3419 2314 3488; x_wconf 82' lang='grc' dir='ltr'>ἀγαθὸν</span> <span class='ocrx_word' id='word_1_548' title='bbox 2345 3421 2561 3491; x_wconf 87' lang='grc' dir='ltr'>πατέρα</span> <span class='ocrx_word' id='word_1_549' title='bbox 2596 3422 2656 3474; x_wconf 84' lang='grc' dir='ltr'>τὸ</span> <span class='ocrx_word' id='word_1_550' title='bbox 2682 3425 2871 3487; x_wconf 86' lang='grc' dir='ltr'>σκότος</span> <span class='ocrx_word' id='word_1_551' title='bbox 2901 3427 2958 3477; x_wconf 82' lang='grc' dir='ltr'>ὲν</span> <span class='ocrx_word' id='word_1_552' title='bbox 2984 3429 3050 3497; x_wconf 84' lang='grc' dir='ltr'>τῇ</span> <span class='ocrx_word' id='word_1_553' title='bbox 3083 3431 3152 3498; x_wconf 84' lang='grc' dir='ltr'>γῇ</span> <span class='ocrx_word' id='word_1_554' title='bbox 3177 3429 3341 3483; x_wconf 79' lang='grc' dir='ltr'>αὑτοῦ</span> <span class='ocrx_word' id='word_1_555' title='bbox 3363 3432 3694 3508; x_wconf 70' lang='grc' dir='ltr'>ἐπιδεδημησ</span> 
     </span>
    </p>
   </div>
   <div class='ocr_carea' id='block_1_77' title="bbox 2107 3511 3698 3598">
    <p class='ocr_par' dir='ltr' id='par_1_77' title="bbox 2107 3511 3698 3598">
     <span class='ocr_line' id='line_1_77' title="bbox 2107 3511 3698 3598; baseline 0.011 -35"><span class='ocrx_word' id='word_1_556' title='bbox 2107 3511 2225 3576; x_wconf 87' lang='grc' dir='ltr'>κὸς,</span> <span class='ocrx_word' id='word_1_557' title='bbox 2252 3511 2574 3582; x_wconf 77' lang='grc' dir='ltr'>προϐάλλειν</span> <span class='ocrx_word' id='word_1_558' title='bbox 2601 3513 2660 3580; x_wconf 78' lang='grc' dir='ltr'>ἐξ</span> <span class='ocrx_word' id='word_1_559' title='bbox 2689 3515 2856 3568; x_wconf 81' lang='grc' dir='ltr'>αὑτοῦ</span> <span class='ocrx_word' id='word_1_560' title='bbox 2882 3515 3131 3588; x_wconf 82' lang='grc' dir='ltr'>δύναμιν,</span> <span class='ocrx_word' id='word_1_561' title='bbox 3155 3519 3456 3594; x_wconf 87' lang='grc' dir='ltr'>λεγομένην</span> <span class='ocrx_word' id='word_1_562' title='bbox 3483 3528 3698 3598; x_wconf 83' lang='grc' dir='ltr'>μητέρα.</span> 
     </span>
    </p>
   </div>
   <div class='ocr_carea' id='block_1_78' title="bbox 2105 3604 3697 3692">
    <p class='ocr_par' dir='ltr' id='par_1_78' title="bbox 2105 3604 3697 3692">
     <span class='ocr_line' id='line_1_78' title="bbox 2105 3604 3697 3692; baseline 0.012 -34"><span class='ocrx_word' id='word_1_563' title='bbox 2105 3604 2209 3674; x_wconf 83' lang='grc' dir='ltr'><strong>τῆς</strong></span> <span class='ocrx_word' id='word_1_564' title='bbox 2237 3605 2402 3677; x_wconf 82' lang='grc' dir='ltr'>ζωῆς·</span> <span class='ocrx_word' id='word_1_565' title='bbox 2443 3609 2538 3662; x_wconf 78' lang='grc' dir='ltr'>καὶ</span> <span class='ocrx_word' id='word_1_566' title='bbox 2570 3609 2740 3680; x_wconf 80' lang='grc' dir='ltr'>αὐτὴν</span> <span class='ocrx_word' id='word_1_567' title='bbox 2771 3611 3206 3686; x_wconf 77' lang='grc' dir='ltr'>προϐεϐληκέναι</span> <span class='ocrx_word' id='word_1_568' title='bbox 3235 3618 3326 3671; x_wconf 78' lang='grc' dir='ltr'><strong>τὸν</strong></span> <span class='ocrx_word' id='word_1_569' title='bbox 3357 3620 3573 3692; x_wconf 82' lang='grc' dir='ltr'>πρῶτον</span> <span class='ocrx_word' id='word_1_570' title='bbox 3601 3623 3697 3677; x_wconf 84' lang='grc' dir='ltr'>ἀν-</span> 
     </span>
    </p>
   </div>
   <div class='ocr_carea' id='block_1_79' title="bbox 2108 3693 3692 3782">
    <p class='ocr_par' dir='ltr' id='par_1_79' title="bbox 2108 3693 3692 3782">
     <span class='ocr_line' id='line_1_79' title="bbox 2108 3693 3692 3782; baseline 0.013 -36"><span class='ocrx_word' id='word_1_571' title='bbox 2108 3693 2347 3764; x_wconf 87' lang='grc' dir='ltr'>θρωπον,</span> <span class='ocrx_word' id='word_1_572' title='bbox 2383 3698 2398 3726; x_wconf 89' lang='grc'>¹</span> <span class='ocrx_word' id='word_1_573' title='bbox 2423 3696 2495 3749; x_wconf 83' lang='grc' dir='ltr'>τὰ</span> <span class='ocrx_word' id='word_1_574' title='bbox 2537 3698 2701 3752; x_wconf 86' lang='grc' dir='ltr'>πέντε</span> <span class='ocrx_word' id='word_1_575' title='bbox 2745 3705 3000 3772; x_wconf 88' lang='grc' dir='ltr'>στοιχεῖα.</span> <span class='ocrx_word' id='word_1_576' title='bbox 3033 3705 3157 3758; x_wconf 73' lang='grc' dir='ltr'><strong>Εἰσὶ</strong></span> <span class='ocrx_word' id='word_1_577' title='bbox 3193 3706 3249 3759; x_wconf 84' lang='grc' dir='ltr'>δὲ</span> <span class='ocrx_word' id='word_1_578' title='bbox 3293 3709 3510 3781; x_wconf 84' lang='grc' dir='ltr'>ἄνεμος,</span> <span class='ocrx_word' id='word_1_579' title='bbox 3554 3713 3692 3782; x_wconf 82' lang='grc' dir='ltr'><strong>φῶς.</strong></span> 
     </span>
    </p>
   </div>
   <div class='ocr_carea' id='block_1_80' title="bbox 2109 3785 3693 3878">
    <p class='ocr_par' dir='ltr' id='par_1_80' title="bbox 2109 3785 3693 3878">
     <span class='ocr_line' id='line_1_80' title="bbox 2109 3785 3693 3878; baseline 0.013 -39"><span class='ocrx_word' id='word_1_580' title='bbox 2109 3785 2272 3859; x_wconf 79' lang='grc' dir='ltr'>ὕδωρ,</span> <span class='ocrx_word' id='word_1_581' title='bbox 2307 3788 2418 3860; x_wconf 79' lang='grc' dir='ltr'><strong>πῦρ</strong></span> <span class='ocrx_word' id='word_1_582' title='bbox 2446 3791 2540 3844; x_wconf 74' lang='grc' dir='ltr'><strong>καὶ</strong></span> <span class='ocrx_word' id='word_1_583' title='bbox 2569 3790 2690 3862; x_wconf 80' lang='grc' dir='ltr'>ὕλη.</span> <span class='ocrx_word' id='word_1_584' title='bbox 2735 3794 2846 3848; x_wconf 79' lang='grc' dir='ltr'><strong>Καὶ</strong></span> <span class='ocrx_word' id='word_1_585' title='bbox 2869 3795 3042 3849; x_wconf 82' lang='grc' dir='ltr'>ταῦτα</span> <span class='ocrx_word' id='word_1_586' title='bbox 3071 3798 3432 3871; x_wconf 82' lang='grc' dir='ltr'>ἑνδυσάμενον</span> <span class='ocrx_word' id='word_1_587' title='bbox 3457 3804 3532 3869; x_wconf 85' lang='grc' dir='ltr'>ὡς</span> <span class='ocrx_word' id='word_1_588' title='bbox 3555 3807 3693 3878; x_wconf 84' lang='grc' dir='ltr'>πρὸς</span> 
     </span>
    </p>
   </div>
   <div class='ocr_carea' id='block_1_81' title="bbox 2105 3883 3694 3969">
    <p class='ocr_par' dir='ltr' id='par_1_81' title="bbox 2105 3883 3694 3969">
     <span class='ocr_line' id='line_1_81' title="bbox 2105 3883 3694 3969; baseline 0.014 -38"><span class='ocrx_word' id='word_1_589' title='bbox 2105 3883 2451 3953; x_wconf 84' lang='grc' dir='ltr'>κατασκευὴν</span> <span class='ocrx_word' id='word_1_590' title='bbox 2478 3883 2735 3954; x_wconf 87' lang='grc' dir='ltr'>πολέμου,</span> <span class='ocrx_word' id='word_1_591' title='bbox 2761 3887 3042 3941; x_wconf 85' lang='grc' dir='ltr'>κατελθεῖν</span> <span class='ocrx_word' id='word_1_592' title='bbox 3065 3890 3235 3958; x_wconf 87' lang='grc' dir='ltr'>κάτω,</span> <span class='ocrx_word' id='word_1_593' title='bbox 3261 3894 3357 3946; x_wconf 83' lang='grc' dir='ltr'>καὶ</span> <span class='ocrx_word' id='word_1_594' title='bbox 3383 3883 3694 3969; x_wconf 85' lang='grc' dir='ltr'>πολεμῆσαι</span> 
     </span>
    </p>
   </div>
   <div class='ocr_carea' id='block_1_82' title="bbox 2104 3973 3777 4054">
    <p class='ocr_par' dir='ltr' id='par_1_82' title="bbox 2104 3973 3777 4054">
     <span class='ocr_line' id='line_1_82' title="bbox 2104 3973 3777 4054; baseline 0.013 -29"><span class='ocrx_word' id='word_1_595' title='bbox 2104 3973 2184 4044; x_wconf 81' lang='grc' dir='ltr'>τῷ</span> <span class='ocrx_word' id='word_1_596' title='bbox 2228 3977 2428 4028; x_wconf 88' lang='grc' dir='ltr'>σκότει.</span> <span class='ocrx_word' id='word_1_597' title='bbox 2477 3979 2540 4030; x_wconf 75' lang='lat' dir='ltr'><strong>Ol</strong></span> <span class='ocrx_word' id='word_1_598' title='bbox 2577 3977 2634 4032; x_wconf 80' lang='grc' dir='ltr'><strong>δὲ</strong></span> <span class='ocrx_word' id='word_1_599' title='bbox 2671 3977 2767 4032; x_wconf 79' lang='grc' dir='ltr'>τοῦ</span> <span class='ocrx_word' id='word_1_600' title='bbox 2803 3981 3031 4046; x_wconf 84' lang='grc' dir='ltr'>σκότους</span> <span class='ocrx_word' id='word_1_601' title='bbox 3077 3983 3357 4054; x_wconf 82' lang='grc' dir='ltr'>ἄρχοντες,</span> <span class='ocrx_word' id='word_1_602' title='bbox 3405 3990 3693 4044; x_wconf 85' lang='grc' dir='ltr'>ἀντιπολε-</span> <span class='ocrx_word' id='word_1_603' title='bbox 3765 4025 3777 4046; x_wconf 90' lang='lat'><strong>-.</strong></span> 
     </span>
    </p>
   </div>
   <div class='ocr_carea' id='block_1_83' title="bbox 2107 4065 3742 4148">
    <p class='ocr_par' dir='ltr' id='par_1_83' title="bbox 2107 4066 3692 4148">
     <span class='ocr_line' id='line_1_83' title="bbox 2107 4066 3692 4148; baseline 0.014 -30"><span class='ocrx_word' id='word_1_604' title='bbox 2107 4066 2334 4138; x_wconf 83' lang='grc' dir='ltr'>μοῦντες</span> <span class='ocrx_word' id='word_1_605' title='bbox 2355 4070 2523 4141; x_wconf 84' lang='grc' dir='ltr'>αὐτῷ,</span> <span class='ocrx_word' id='word_1_606' title='bbox 2549 4071 2748 4140; x_wconf 76' lang='grc' dir='ltr'>ἔφαγον</span> <span class='ocrx_word' id='word_1_607' title='bbox 2773 4074 2837 4126; x_wconf 81' lang='grc' dir='ltr'>ὲκ</span> <span class='ocrx_word' id='word_1_608' title='bbox 2853 4075 2952 4145; x_wconf 86' lang='grc' dir='ltr'>τῆς</span> <span class='ocrx_word' id='word_1_609' title='bbox 2969 4079 3272 4144; x_wconf 86' lang='grc' dir='ltr'>πανοπλίας</span> <span class='ocrx_word' id='word_1_610' title='bbox 3293 4082 3481 4148; x_wconf 80' lang='grc' dir='ltr'>αὑτοῦ,</span> <span class='ocrx_word' id='word_1_611' title='bbox 3497 4085 3524 4136; x_wconf 88' lang='grc' dir='ltr'><strong>ὃ</strong></span> <span class='ocrx_word' id='word_1_612' title='bbox 3543 4087 3692 4140; x_wconf 78' lang='grc' dir='ltr'>ἐστιν</span> 
     </span>
    </p>
   </div>
   <div class='ocr_carea' id='block_1_84' title="bbox 2103 4159 3691 4247">
    <p class='ocr_par' dir='ltr' id='par_1_84' title="bbox 2103 4159 3691 4247">
     <span class='ocr_line' id='line_1_84' title="bbox 2103 4159 3691 4247; baseline 0.014 -36"><span class='ocrx_word' id='word_1_613' title='bbox 2103 4160 2137 4230; x_wconf 87' lang='grc' dir='ltr'>ἡ</span> <span class='ocrx_word' id='word_1_614' title='bbox 2177 4159 2346 4232; x_wconf 79' lang='grc' dir='ltr'>ψυχή.</span> <span class='ocrx_word' id='word_1_615' title='bbox 2368 4162 2500 4215; x_wconf 89' lang='grc' dir='ltr'>Τότε</span> <span class='ocrx_word' id='word_1_616' title='bbox 2533 4163 2720 4229; x_wconf 84' lang='grc' dir='ltr'>δεινῶς</span> <span class='ocrx_word' id='word_1_617' title='bbox 2747 4165 2932 4238; x_wconf 77' lang='grc' dir='ltr'>ἑθλίΰη</span> <span class='ocrx_word' id='word_1_618' title='bbox 2963 4169 3080 4222; x_wconf 87' lang='grc' dir='ltr'>ἐκεῖ</span> <span class='ocrx_word' id='word_1_619' title='bbox 3112 4171 3261 4225; x_wconf 86' lang='grc' dir='ltr'>κάτω</span> <span class='ocrx_word' id='word_1_620' title='bbox 3292 4175 3321 4227; x_wconf 87' lang='grc' dir='ltr'>ὁ</span> <span class='ocrx_word' id='word_1_621' title='bbox 3352 4176 3568 4247; x_wconf 85' lang='grc' dir='ltr'>πρῶτος</span> <span class='ocrx_word' id='word_1_622' title='bbox 3594 4180 3691 4234; x_wconf 81' lang='grc' dir='ltr'>ἀν-</span> 
     </span>
    </p>
   </div>
   <div class='ocr_carea' id='block_1_85' title="bbox 2105 4251 3692 4338">
    <p class='ocr_par' dir='ltr' id='par_1_85' title="bbox 2105 4251 3692 4338">
     <span class='ocr_line' id='line_1_85' title="bbox 2105 4251 3692 4338; baseline 0.012 -33"><span class='ocrx_word' id='word_1_623' title='bbox 2105 4251 2326 4324; x_wconf 86' lang='grc' dir='ltr'>θρωπος</span> <span class='ocrx_word' id='word_1_624' title='bbox 2357 4255 2462 4307; x_wconf 80' lang='grc' dir='ltr'><strong>ὑπὸ</strong></span> <span class='ocrx_word' id='word_1_625' title='bbox 2489 4255 2584 4308; x_wconf 85' lang='grc' dir='ltr'>τοῦ</span> <span class='ocrx_word' id='word_1_626' title='bbox 2625 4257 2870 4321; x_wconf 84' lang='grc' dir='ltr'>σκότους.</span> <span class='ocrx_word' id='word_1_627' title='bbox 2903 4261 3013 4314; x_wconf 78' lang='grc' dir='ltr'><strong>Καὶ</strong></span> <span class='ocrx_word' id='word_1_628' title='bbox 3045 4265 3092 4315; x_wconf 87' lang='grc' dir='ltr'><strong>εί</strong></span> <span class='ocrx_word' id='word_1_629' title='bbox 3131 4263 3204 4334; x_wconf 86' lang='grc' dir='ltr'>μὴ</span> <span class='ocrx_word' id='word_1_630' title='bbox 3235 4265 3536 4338; x_wconf 81' lang='grc' dir='ltr'>εὐξαμένου</span> <span class='ocrx_word' id='word_1_631' title='bbox 3578 4273 3692 4324; x_wconf 86' lang='grc' dir='ltr'>είσ-</span> 
     </span>
    </p>
   </div>
   <div class='ocr_carea' id='block_1_86' title="bbox 2104 4347 3692 4435">
    <p class='ocr_par' dir='ltr' id='par_1_86' title="bbox 2104 4347 3692 4435">
     <span class='ocr_line' id='line_1_86' title="bbox 2104 4347 3692 4435; baseline 0.013 -36"><span class='ocrx_word' id='word_1_632' title='bbox 2104 4347 2337 4417; x_wconf 80' lang='grc' dir='ltr'>ήκουσεν</span> <span class='ocrx_word' id='word_1_633' title='bbox 2375 4349 2404 4400; x_wconf 88' lang='grc' dir='ltr'>ὁ</span> <span class='ocrx_word' id='word_1_634' title='bbox 2439 4348 2639 4420; x_wconf 84' lang='grc' dir='ltr'>πατὴρ,</span> <span class='ocrx_word' id='word_1_635' title='bbox 2695 4353 2792 4404; x_wconf 77' lang='grc' dir='ltr'>καὶ</span> <span class='ocrx_word' id='word_1_636' title='bbox 2850 4353 3169 4409; x_wconf 84' lang='grc' dir='ltr'>ἀπέστειλεν</span> <span class='ocrx_word' id='word_1_637' title='bbox 3217 4359 3412 4430; x_wconf 78' lang='grc' dir='ltr'>ἑτέραν</span> <span class='ocrx_word' id='word_1_638' title='bbox 3460 4362 3692 4435; x_wconf 86' lang='grc' dir='ltr'>δύναμιν</span> 
     </span>
    </p>
   </div>
   <div class='ocr_carea' id='block_1_87' title="bbox 2105 4439 3691 4526">
    <p class='ocr_par' dir='ltr' id='par_1_87' title="bbox 2105 4439 3691 4526">
     <span class='ocr_line' id='line_1_87' title="bbox 2105 4439 3691 4526; baseline 0.013 -35"><span class='ocrx_word' id='word_1_639' title='bbox 2105 4439 2507 4510; x_wconf 79' lang='grc' dir='ltr'>προϐληθεῖσαν</span> <span class='ocrx_word' id='word_1_640' title='bbox 2534 4442 2624 4494; x_wconf 79' lang='grc' dir='ltr'>ὑπ’</span> <span class='ocrx_word' id='word_1_641' title='bbox 2649 4444 2835 4510; x_wconf 81' lang='grc' dir='ltr'>αὑτοῦ,</span> <span class='ocrx_word' id='word_1_642' title='bbox 2865 4447 3166 4519; x_wconf 87' lang='grc' dir='ltr'>λεγομένην</span> <span class='ocrx_word' id='word_1_643' title='bbox 3189 4449 3296 4513; x_wconf 79' lang='grc' dir='ltr'><strong>ζῶν</strong></span> <span class='ocrx_word' id='word_1_644' title='bbox 3325 4452 3570 4526; x_wconf 83' lang='grc' dir='ltr'>Πνεῦμα,</span> <span class='ocrx_word' id='word_1_645' title='bbox 3597 4459 3691 4511; x_wconf 81' lang='grc' dir='ltr'><strong>καὶ</strong></span> 
     </span>
    </p>
   </div>
   <div class='ocr_carea' id='block_1_88' title="bbox 417 4529 2002 4618">
    <p class='ocr_par' dir='ltr' id='par_1_88' title="bbox 417 4529 2000 4607">
     <span class='ocr_line' id='line_1_88' title="bbox 417 4529 2000 4607; baseline 0.013 -30"><span class='ocrx_word' id='word_1_646' title='bbox 417 4529 754 4592; x_wconf 67' lang='lat' dir='ltr'><strong>exaudisset,</strong></span> <span class='ocrx_word' id='word_1_647' title='bbox 785 4539 948 4597; x_wconf 85' lang='lat' dir='ltr'><strong>atque</strong></span> <span class='ocrx_word' id='word_1_648' title='bbox 971 4532 1196 4586; x_wconf 87' lang='lat' dir='ltr'><strong>alteram</strong></span> <span class='ocrx_word' id='word_1_649' title='bbox 1242 4547 1272 4585; x_wconf 89' lang='lat' dir='ltr'><strong>a</strong></span> <span class='ocrx_word' id='word_1_650' title='bbox 1322 4549 1382 4589; x_wconf 86' lang='lat' dir='ltr'><strong>se</strong></span> <span class='ocrx_word' id='word_1_651' title='bbox 1419 4537 1740 4604; x_wconf 88' lang='lat' dir='ltr'><strong>productam</strong></span> <span class='ocrx_word' id='word_1_652' title='bbox 1781 4539 1910 4607; x_wconf 87' lang='lat' dir='ltr'><strong>vim,</strong></span> <span class='ocrx_word' id='word_1_653' title='bbox 1947 4543 2000 4596; x_wconf 90' lang='lat' dir='ltr'><strong>in</strong></span> 
     </span>
    </p>
   </div>
   <div class='ocr_carea' id='block_1_89' title="bbox 2111 4529 3690 4618">
    <p class='ocr_par' dir='ltr' id='par_1_89' title="bbox 2111 4532 3690 4618">
     <span class='ocr_line' id='line_1_89' title="bbox 2111 4532 3690 4618; baseline 0.013 -35"><span class='ocrx_word' id='word_1_654' title='bbox 2111 4532 2156 4584; x_wconf 87' lang='grc' dir='ltr'><strong>εί</strong></span> <span class='ocrx_word' id='word_1_655' title='bbox 2194 4533 2267 4604; x_wconf 77' lang='grc' dir='ltr'>μὴ</span> <span class='ocrx_word' id='word_1_656' title='bbox 2295 4534 2571 4589; x_wconf 85' lang='grc' dir='ltr'>κατελθὼν</span> <span class='ocrx_word' id='word_1_657' title='bbox 2603 4537 2834 4592; x_wconf 85' lang='grc' dir='ltr'>δέδωκεν</span> <span class='ocrx_word' id='word_1_658' title='bbox 2861 4539 3011 4611; x_wconf 85' lang='grc' dir='ltr'>αὐτῷ</span> <span class='ocrx_word' id='word_1_659' title='bbox 3033 4541 3233 4610; x_wconf 78' lang='grc' dir='ltr'>δεξιὰν,</span> <span class='ocrx_word' id='word_1_660' title='bbox 3266 4546 3358 4598; x_wconf 78' lang='grc' dir='ltr'><strong>καὶ</strong></span> <span class='ocrx_word' id='word_1_661' title='bbox 3389 4548 3690 4618; x_wconf 85' lang='grc' dir='ltr'>ἀνήνεγκεν</span> 
     </span>
    </p>
   </div>
   <div class='ocr_carea' id='block_1_90' title="bbox 419 4619 2002 4695">
    <p class='ocr_par' dir='ltr' id='par_1_90' title="bbox 419 4619 2002 4695">
     <span class='ocr_line' id='line_1_90' title="bbox 419 4619 2002 4695; baseline 0.01 -22"><span class='ocrx_word' id='word_1_662' title='bbox 419 4619 726 4673; x_wconf 84' lang='lat' dir='ltr'><strong>subsidium</strong></span> <span class='ocrx_word' id='word_1_663' title='bbox 757 4622 1021 4686; x_wconf 86' lang='lat' dir='ltr'><strong>misisset,</strong></span> <span class='ocrx_word' id='word_1_664' title='bbox 1038 4639 1160 4693; x_wconf 79' lang='lat' dir='ltr'><strong>quae</strong></span> <span class='ocrx_word' id='word_1_665' title='bbox 1177 4624 1330 4679; x_wconf 86' lang='lat' dir='ltr'><strong>vivus</strong></span> <span class='ocrx_word' id='word_1_666' title='bbox 1349 4627 1590 4694; x_wconf 78' lang='lat' dir='ltr'><strong>Spiritus</strong></span> <span class='ocrx_word' id='word_1_667' title='bbox 1609 4628 1904 4695; x_wconf 88' lang='lat' dir='ltr'><strong>diceretur,</strong></span> <span class='ocrx_word' id='word_1_668' title='bbox 1938 4649 2002 4690; x_wconf 89' lang='lat' dir='ltr'><strong>ac</strong></span> 
     </span>
    </p>
   </div>
   <div class='ocr_carea' id='block_1_91' title="bbox 419 4711 2000 4792">
    <p class='ocr_par' dir='ltr' id='par_1_91' title="bbox 419 4711 2000 4792">
     <span class='ocr_line' id='line_1_91' title="bbox 419 4711 2000 4792; baseline 0.012 -30"><span class='ocrx_word' id='word_1_669' title='bbox 419 4711 522 4765; x_wconf 84' lang='lat' dir='ltr'><strong>nisi</strong></span> <span class='ocrx_word' id='word_1_670' title='bbox 560 4711 902 4766; x_wconf 84' lang='lat' dir='ltr'><strong>descendens</strong></span> <span class='ocrx_word' id='word_1_671' title='bbox 945 4713 1224 4769; x_wconf 88' lang='lat' dir='ltr'><strong>dexteram</strong></span> <span class='ocrx_word' id='word_1_672' title='bbox 1255 4717 1304 4769; x_wconf 86' lang='lat' dir='ltr'><strong>ei</strong></span> <span class='ocrx_word' id='word_1_673' title='bbox 1357 4719 1716 4788; x_wconf 84' lang='lat' dir='ltr'><strong>perrexisset,</strong></span> <span class='ocrx_word' id='word_1_674' title='bbox 1760 4729 1924 4792; x_wconf 89' lang='lat' dir='ltr'><strong>atque</strong></span> <span class='ocrx_word' id='word_1_675' title='bbox 1969 4743 2000 4780; x_wconf 81' lang='grc' dir='ltr'>ε</span> 
     </span>
    </p>
   </div>
   <div class='ocr_carea' id='block_1_92' title="bbox 417 4801 1997 4878">
    <p class='ocr_par' dir='ltr' id='par_1_92' title="bbox 417 4801 1997 4878">
     <span class='ocr_line' id='line_1_92' title="bbox 417 4801 1997 4878; baseline 0.011 -25"><span class='ocrx_word' id='word_1_676' title='bbox 417 4802 659 4858; x_wconf 86' lang='lat' dir='ltr'><strong>tenebris</strong></span> <span class='ocrx_word' id='word_1_677' title='bbox 699 4801 1000 4866; x_wconf 78' lang='lat' dir='ltr'><strong>eduxisset,</strong></span> <span class='ocrx_word' id='word_1_678' title='bbox 1035 4806 1361 4875; x_wconf 79' lang='lat' dir='ltr'><strong>jamdudum</strong></span> <span class='ocrx_word' id='word_1_679' title='bbox 1415 4811 1652 4878; x_wconf 90' lang='lat' dir='ltr'><strong>primum</strong></span> <span class='ocrx_word' id='word_1_680' title='bbox 1702 4812 1854 4868; x_wconf 89' lang='lat' dir='ltr'><strong>illum</strong></span> <span class='ocrx_word' id='word_1_681' title='bbox 1898 4816 1997 4871; x_wconf 88' lang='lat' dir='ltr'><strong>ho-</strong></span> 
     </span>
    </p>
   </div>
   <div class='ocr_carea' id='block_1_93' title="bbox 418 4894 1993 4970">
    <p class='ocr_par' dir='ltr' id='par_1_93' title="bbox 418 4894 1993 4970">
     <span class='ocr_line' id='line_1_93' title="bbox 418 4894 1993 4970; baseline 0.012 -24"><span class='ocrx_word' id='word_1_682' title='bbox 418 4895 618 4949; x_wconf 88' lang='lat' dir='ltr'><strong>minem</strong></span> <span class='ocrx_word' id='word_1_683' title='bbox 647 4894 924 4970; x_wconf 87' lang='lat' dir='ltr'><strong>detentum</strong></span> <span class='ocrx_word' id='word_1_684' title='bbox 946 4899 1252 4968; x_wconf 83' lang='lat' dir='ltr'><strong>periculum</strong></span> <span class='ocrx_word' id='word_1_685' title='bbox 1285 4900 1474 4970; x_wconf 82' lang='lat' dir='ltr'><strong>ingens</strong></span> <span class='ocrx_word' id='word_1_686' title='bbox 1493 4903 1767 4958; x_wconf 86' lang='lat' dir='ltr'><strong>aditurum</strong></span> <span class='ocrx_word' id='word_1_687' title='bbox 1803 4907 1993 4964; x_wconf 75' lang='lat' dir='ltr'><strong>fuisse.</strong></span> 
     </span>
    </p>
   </div>
   <div class='ocr_carea' id='block_1_94' title="bbox 418 4987 1994 5058">
    <p class='ocr_par' dir='ltr' id='par_1_94' title="bbox 418 4987 1994 5058">
     <span class='ocr_line' id='line_1_94' title="bbox 418 4987 1994 5058; baseline 0.012 -21"><span class='ocrx_word' id='word_1_688' title='bbox 418 4987 498 5040; x_wconf 72' lang='lat' dir='ltr'><strong>Ab</strong></span> <span class='ocrx_word' id='word_1_689' title='bbox 530 5003 596 5042; x_wconf 89' lang='lat' dir='ltr'><strong>eo</strong></span> <span class='ocrx_word' id='word_1_690' title='bbox 627 4987 792 5057; x_wconf 80' lang='lat' dir='ltr'><strong>igitur</strong></span> <span class='ocrx_word' id='word_1_691' title='bbox 824 4995 1070 5058; x_wconf 88' lang='lat' dir='ltr'><strong>tempore</strong></span> <span class='ocrx_word' id='word_1_692' title='bbox 1096 4991 1333 5045; x_wconf 87' lang='lat' dir='ltr'><strong>animam</strong></span> <span class='ocrx_word' id='word_1_693' title='bbox 1367 4994 1419 5046; x_wconf 91' lang='lat' dir='ltr'><strong>in</strong></span> <span class='ocrx_word' id='word_1_694' title='bbox 1451 4993 1695 5050; x_wconf 85' lang='lat' dir='ltr'><strong>inferiori</strong></span> <span class='ocrx_word' id='word_1_695' title='bbox 1729 4999 1830 5053; x_wconf 88' lang='lat' dir='ltr'><strong>hac</strong></span> <span class='ocrx_word' id='word_1_696' title='bbox 1865 5002 1994 5056; x_wconf 81' lang='lat' dir='ltr'><strong>sede</strong></span> 
     </span>
    </p>
   </div>
   <div class='ocr_carea' id='block_1_95' title="bbox 415 5079 1993 5162">
    <p class='ocr_par' dir='ltr' id='par_1_95' title="bbox 415 5079 1993 5162">
     <span class='ocr_line' id='line_1_95' title="bbox 415 5079 1993 5162; baseline 0.009 -32"><span class='ocrx_word' id='word_1_697' title='bbox 415 5080 655 5150; x_wconf 86' lang='lat' dir='ltr'><strong>reliquit.</strong></span> <span class='ocrx_word' id='word_1_698' title='bbox 692 5079 854 5152; x_wconf 58' lang='lat'><strong>643</strong></span> <span class='ocrx_word' id='word_1_699' title='bbox 887 5081 1018 5147; x_wconf 69' lang='lat' dir='ltr'><strong>Quae</strong></span> <span class='ocrx_word' id='word_1_700' title='bbox 1061 5097 1229 5138; x_wconf 87' lang='lat' dir='ltr'><strong>causa</strong></span> <span class='ocrx_word' id='word_1_701' title='bbox 1261 5093 1344 5139; x_wconf 88' lang='lat' dir='ltr'><strong>est</strong></span> <span class='ocrx_word' id='word_1_702' title='bbox 1391 5101 1492 5139; x_wconf 86' lang='lat' dir='ltr'><strong>cur</strong></span> <span class='ocrx_word' id='word_1_703' title='bbox 1527 5087 1830 5154; x_wconf 77' lang='lat' dir='ltr'><strong>Mauicbaei,</strong></span> <span class='ocrx_word' id='word_1_704' title='bbox 1861 5107 1993 5162; x_wconf 89' lang='lat' dir='ltr'><strong>quo-</strong></span> 
     </span>
    </p>
   </div>
   <div class='ocr_carea' id='block_1_96' title="bbox 410 5172 1991 5255">
    <p class='ocr_par' dir='ltr' id='par_1_96' title="bbox 410 5172 1991 5255">
     <span class='ocr_line' id='line_1_96' title="bbox 410 5172 1991 5255; baseline 0.01 -33"><span class='ocrx_word' id='word_1_705' title='bbox 410 5172 515 5224; x_wconf 86' lang='lat' dir='ltr'><strong>ties</strong></span> <span class='ocrx_word' id='word_1_706' title='bbox 547 5174 780 5226; x_wconf 87' lang='lat' dir='ltr'><strong>invicem</strong></span> <span class='ocrx_word' id='word_1_707' title='bbox 811 5187 1134 5238; x_wconf 83' lang='lat' dir='ltr'><strong>occurrunt,</strong></span> <span class='ocrx_word' id='word_1_708' title='bbox 1170 5175 1334 5245; x_wconf 86' lang='lat' dir='ltr'><strong>hujus</strong></span> <span class='ocrx_word' id='word_1_709' title='bbox 1373 5179 1448 5232; x_wconf 90' lang='lat' dir='ltr'><strong>rei</strong></span> <span class='ocrx_word' id='word_1_710' title='bbox 1472 5181 1847 5249; x_wconf 71' lang='lat' dir='ltr'><strong>significanda:</strong></span> <span class='ocrx_word' id='word_1_711' title='bbox 1867 5201 1991 5255; x_wconf 82' lang='lat' dir='ltr'><strong>gra-</strong></span> 
     </span>
    </p>
   </div>
   <div class='ocr_carea' id='block_1_97' title="bbox 483 5325 1026 5399">
    <p class='ocr_par' dir='ltr' id='par_1_97' title="bbox 483 5325 1026 5399">
     <span class='ocr_line' id='line_1_97' title="bbox 483 5325 1026 5399; baseline 0.009 -20"><span class='ocrx_word' id='word_1_712' title='bbox 483 5325 501 5356; x_wconf 79' lang='grc'>¹</span> <span class='ocrx_word' id='word_1_713' title='bbox 525 5325 690 5383; x_wconf 84' lang='lat' dir='ltr'><strong>Deest</strong></span> <span class='ocrx_word' id='word_1_714' title='bbox 719 5328 1026 5399; x_wconf 87' lang='lat' dir='ltr'><strong>quidpiam.</strong></span> 
     </span>
    </p>
   </div>
   <div class='ocr_carea' id='block_1_98' title="bbox 481 5480 1988 5563">
    <p class='ocr_par' dir='ltr' id='par_1_98' title="bbox 481 5480 1988 5563">
     <span class='ocr_line' id='line_1_98' title="bbox 481 5480 1988 5563; baseline 0.01 -29"><span class='ocrx_word' id='word_1_715' title='bbox 481 5480 818 5563; x_wconf 38' lang='grc' dir='ltr'><strong>αεὶ-’Ἀρχὴ</strong></span> <span class='ocrx_word' id='word_1_716' title='bbox 849 5485 968 5563; x_wconf 55' lang='grc' dir='ltr'>τῶν·</span> <span class='ocrx_word' id='word_1_717' title='bbox 995 5487 1102 5542; x_wconf 86' lang='grc' dir='ltr'>τοῦ</span> <span class='ocrx_word' id='word_1_718' title='bbox 1133 5489 1462 5563; x_wconf 58' lang='lat' dir='ltr'><strong>Mdv-artae.</strong></span> <span class='ocrx_word' id='word_1_719' title='bbox 1505 5490 1725 5548; x_wconf 89' lang='lat' dir='ltr'><strong>Primus</strong></span> <span class='ocrx_word' id='word_1_720' title='bbox 1762 5502 1988 5563; x_wconf 89' lang='lat' dir='ltr'><strong>porten-</strong></span> 
     </span>
    </p>
   </div>
   <div class='ocr_carea' id='block_1_99' title="bbox 410 5551 1988 5634">
    <p class='ocr_par' dir='ltr' id='par_1_99' title="bbox 410 5551 1988 5634">
     <span class='ocr_line' id='line_1_99' title="bbox 410 5551 1988 5634; baseline 0.011 -32"><span class='ocrx_word' id='word_1_721' title='bbox 410 5558 544 5634; x_wconf 60' lang='lat' dir='ltr'><strong>tosa;</strong></span> <span class='ocrx_word' id='word_1_722' title='bbox 577 5551 980 5634; x_wconf 60' lang='lat' dir='ltr'><strong>illiushmresis</strong></span> <span class='ocrx_word' id='word_1_723' title='bbox 1015 5570 1380 5634; x_wconf 79' lang='lat' dir='ltr'><strong>oppugnator,</strong></span> <span class='ocrx_word' id='word_1_724' title='bbox 1416 5551 1487 5615; x_wconf 75' lang='lat' dir='ltr'><strong>ob</strong></span> <span class='ocrx_word' id='word_1_725' title='bbox 1514 5563 1684 5634; x_wconf 82' lang='lat' dir='ltr'><strong>idque</strong></span> <span class='ocrx_word' id='word_1_726' title='bbox 1719 5551 1988 5634; x_wconf 66' lang='lat' dir='ltr'><strong>singulari</strong></span> 
     </span>
    </p>
   </div>
   <div class='ocr_carea' id='block_1_100' title="bbox 411 5622 1992 5700">
    <p class='ocr_par' dir='ltr' id='par_1_100' title="bbox 411 5622 1992 5700">
     <span class='ocr_line' id='line_1_100' title="bbox 411 5622 1992 5700; baseline 0.012 -28"><span class='ocrx_word' id='word_1_727' title='bbox 411 5622 572 5677; x_wconf 88' lang='lat' dir='ltr'><strong>laude</strong></span> <span class='ocrx_word' id='word_1_728' title='bbox 593 5625 818 5700; x_wconf 76' lang='lat' dir='ltr'><strong>dignus.</strong></span> <span class='ocrx_word' id='word_1_729' title='bbox 855 5622 1430 5700; x_wconf 48' lang='lat' dir='ltr'><strong>Archelaits&#39;exstitit;</strong></span> <span class='ocrx_word' id='word_1_730' title='bbox 1462 5632 1554 5700; x_wconf 88' lang='lat' dir='ltr'><strong>qui</strong></span> <span class='ocrx_word' id='word_1_731' title='bbox 1588 5622 1837 5686; x_wconf 64' lang='lat' dir='ltr'><strong>habitanti</strong></span> <span class='ocrx_word' id='word_1_732' title='bbox 1862 5650 1890 5686; x_wconf 88' lang='lat' dir='ltr'><strong>a</strong></span> <span class='ocrx_word' id='word_1_733' title='bbox 1931 5650 1992 5690; x_wconf 87' lang='lat' dir='ltr'><strong>se</strong></span> 
     </span>
    </p>
   </div>
   <div class='ocr_carea' id='block_1_101' title="bbox 410 5695 1991 5769">
    <p class='ocr_par' dir='ltr' id='par_1_101' title="bbox 410 5695 1991 5769">
     <span class='ocr_line' id='line_1_101' title="bbox 410 5695 1991 5769; baseline 0.009 -26"><span class='ocrx_word' id='word_1_734' title='bbox 410 5707 532 5769; x_wconf 81' lang='lat' dir='ltr'><strong>cum</strong></span> <span class='ocrx_word' id='word_1_735' title='bbox 579 5695 886 5769; x_wconf 81' lang='lat' dir='ltr'><strong>impostore</strong></span> <span class='ocrx_word' id='word_1_736' title='bbox 943 5698 1368 5769; x_wconf 85' lang='lat' dir='ltr'><strong>disputationem</strong></span> <span class='ocrx_word' id='word_1_737' title='bbox 1428 5695 1494 5754; x_wconf 68' lang='lat' dir='ltr'><strong>iri</strong></span> <span class='ocrx_word' id='word_1_738' title='bbox 1537 5707 1991 5758; x_wconf 82' lang='lat' dir='ltr'><strong>commentarium</strong></span> 
     </span>
    </p>
   </div>
   <div class='ocr_carea' id='block_1_102' title="bbox 411 5763 1994 5846">
    <p class='ocr_par' dir='ltr' id='par_1_102' title="bbox 411 5763 1994 5846">
     <span class='ocr_line' id='line_1_102' title="bbox 411 5763 1994 5846; baseline 0.007 -30"><span class='ocrx_word' id='word_1_739' title='bbox 411 5763 616 5834; x_wconf 78' lang='lat' dir='ltr'><strong>redegit</strong></span> <span class='ocrx_word' id='word_1_740' title='bbox 647 5763 937 5838; x_wconf 68' lang='lat' dir='ltr'><strong>(nimiaque</strong></span> <span class='ocrx_word' id='word_1_741' title='bbox 973 5763 1196 5829; x_wconf 71' lang='lat' dir='ltr'><strong>ncl&#39;arize</strong></span> <span class='ocrx_word' id='word_1_742' title='bbox 1226 5771 1639 5840; x_wconf 88' lang='lat' dir='ltr'><strong>superstitionis</strong></span> <span class='ocrx_word' id='word_1_743' title='bbox 1669 5787 1868 5827; x_wconf 88' lang='lat' dir='ltr'><strong>arcana</strong></span> <span class='ocrx_word' id='word_1_744' title='bbox 1897 5789 1994 5846; x_wconf 84' lang='lat' dir='ltr'><strong>pa-</strong></span> 
     </span>
    </p>
   </div>
   <div class='ocr_carea' id='block_1_103' title="bbox 2108 4625 3690 4710">
    <p class='ocr_par' dir='ltr' id='par_1_103' title="bbox 2108 4625 3690 4710">
     <span class='ocr_line' id='line_1_103' title="bbox 2108 4625 3690 4710; baseline 0.011 -33"><span class='ocrx_word' id='word_1_745' title='bbox 2108 4625 2172 4678; x_wconf 86' lang='grc' dir='ltr'>ὲκ</span> <span class='ocrx_word' id='word_1_746' title='bbox 2199 4625 2293 4678; x_wconf 83' lang='grc' dir='ltr'>τοῦ</span> <span class='ocrx_word' id='word_1_747' title='bbox 2329 4627 2583 4692; x_wconf 87' lang='grc' dir='ltr'>σκότους·</span> <span class='ocrx_word' id='word_1_748' title='bbox 2627 4631 2795 4685; x_wconf 79' lang='grc' dir='ltr'>πάλαι</span> <span class='ocrx_word' id='word_1_749' title='bbox 2842 4631 2908 4686; x_wconf 80' lang='grc' dir='ltr'><strong>ἂν</strong></span> <span class='ocrx_word' id='word_1_750' title='bbox 2936 4635 2964 4685; x_wconf 89' lang='grc' dir='ltr'>ὁ</span> <span class='ocrx_word' id='word_1_751' title='bbox 2998 4635 3211 4706; x_wconf 85' lang='grc' dir='ltr'>πρῶτος</span> <span class='ocrx_word' id='word_1_752' title='bbox 3243 4637 3529 4710; x_wconf 82' lang='grc' dir='ltr'>ἄνθρωπος</span> <span class='ocrx_word' id='word_1_753' title='bbox 3559 4660 3690 4695; x_wconf 86' lang='grc' dir='ltr'>κατ-</span> 
     </span>
    </p>
   </div>
   <div class='ocr_carea' id='block_1_104' title="bbox 2106 4715 3690 4804">
    <p class='ocr_par' dir='ltr' id='par_1_104' title="bbox 2106 4715 3690 4804">
     <span class='ocr_line' id='line_1_104' title="bbox 2106 4715 3690 4804; baseline 0.015 -37"><span class='ocrx_word' id='word_1_754' title='bbox 2106 4715 2363 4786; x_wconf 85' lang='grc' dir='ltr'>εχόμενος</span> <span class='ocrx_word' id='word_1_755' title='bbox 2407 4721 2802 4780; x_wconf 80' lang='grc' dir='ltr'>ἐκινδύνευσεν.</span> <span class='ocrx_word' id='word_1_756' title='bbox 2829 4725 3057 4780; x_wconf 85' lang='grc' dir='ltr'>Ἐκτοτε</span> <span class='ocrx_word' id='word_1_757' title='bbox 3103 4725 3195 4783; x_wconf 81' lang='grc' dir='ltr'><strong>οὖν</strong></span> <span class='ocrx_word' id='word_1_758' title='bbox 3221 4731 3507 4804; x_wconf 68' lang='grc' dir='ltr'>κατέλειψε</span> <span class='ocrx_word' id='word_1_759' title='bbox 3537 4735 3690 4790; x_wconf 86' lang='grc' dir='ltr'>κάτω</span> 
     </span>
    </p>
   </div>
   <div class='ocr_carea' id='block_1_105' title="bbox 2105 4806 3689 4898">
    <p class='ocr_par' dir='ltr' id='par_1_105' title="bbox 2105 4806 3689 4898">
     <span class='ocr_line' id='line_1_105' title="bbox 2105 4806 3689 4898; baseline 0.013 -39"><span class='ocrx_word' id='word_1_760' title='bbox 2105 4806 2204 4878; x_wconf 81' lang='grc' dir='ltr'><strong>τὴν</strong></span> <span class='ocrx_word' id='word_1_761' title='bbox 2222 4807 2424 4881; x_wconf 83' lang='grc' dir='ltr'>ψυχήν.</span> <span class='ocrx_word' id='word_1_762' title='bbox 2457 4812 2568 4866; x_wconf 75' lang='grc' dir='ltr'>Καὶ</span> <span class='ocrx_word' id='word_1_763' title='bbox 2591 4813 2678 4868; x_wconf 86' lang='grc' dir='ltr'>διὰ</span> <span class='ocrx_word' id='word_1_764' title='bbox 2701 4815 2856 4868; x_wconf 76' lang='grc' dir='ltr'>τοῦτο</span> <span class='ocrx_word' id='word_1_765' title='bbox 2883 4819 3195 4890; x_wconf 87' lang='grc' dir='ltr'>Μανιχαῖοι,</span> <span class='ocrx_word' id='word_1_766' title='bbox 3219 4821 3315 4876; x_wconf 85' lang='grc' dir='ltr'>ἑὰν</span> <span class='ocrx_word' id='word_1_767' title='bbox 3345 4827 3689 4898; x_wconf 73' lang='grc' dir='ltr'>συναντήσωο</span> 
     </span>
    </p>
   </div>
   <div class='ocr_carea' id='block_1_106' title="bbox 2105 4901 3686 4992">
    <p class='ocr_par' dir='ltr' id='par_1_106' title="bbox 2105 4901 3686 4992">
     <span class='ocr_line' id='line_1_106' title="bbox 2105 4901 3686 4992; baseline 0.015 -41"><span class='ocrx_word' id='word_1_768' title='bbox 2105 4916 2189 4952; x_wconf 91' lang='grc' dir='ltr'><strong>σιν</strong></span> <span class='ocrx_word' id='word_1_769' title='bbox 2217 4901 2488 4975; x_wconf 80' lang='grc' dir='ltr'>ἀλλήλοις,</span> <span class='ocrx_word' id='word_1_770' title='bbox 2521 4907 2698 4972; x_wconf 83' lang='grc' dir='ltr'>δεξιὰς</span> <span class='ocrx_word' id='word_1_771' title='bbox 2726 4909 2962 4966; x_wconf 87' lang='grc' dir='ltr'>διδόασιν</span> <span class='ocrx_word' id='word_1_772' title='bbox 2996 4914 3209 4977; x_wconf 85' lang='grc' dir='ltr'>ἑαυτοῖς</span> <span class='ocrx_word' id='word_1_773' title='bbox 3245 4918 3473 4987; x_wconf 86' lang='grc' dir='ltr'>σημείου</span> <span class='ocrx_word' id='word_1_774' title='bbox 3505 4919 3686 4992; x_wconf 86' lang='grc' dir='ltr'>χάριν,</span> 
     </span>
    </p>
   </div>
   <div class='ocr_carea' id='block_1_107' title="bbox 2103 4997 3687 5082">
    <p class='ocr_par' dir='ltr' id='par_1_107' title="bbox 2103 4997 3687 5082">
     <span class='ocr_line' id='line_1_107' title="bbox 2103 4997 3687 5082; baseline 0.013 -34"><span class='ocrx_word' id='word_1_775' title='bbox 2103 4997 2178 5061; x_wconf 83' lang='grc' dir='ltr'>ὡς</span> <span class='ocrx_word' id='word_1_776' title='bbox 2216 5001 2325 5054; x_wconf 84' lang='grc' dir='ltr'><strong>ἀπὸ</strong></span> <span class='ocrx_word' id='word_1_777' title='bbox 2357 5005 2581 5068; x_wconf 82' lang='grc' dir='ltr'>σκότους</span> <span class='ocrx_word' id='word_1_778' title='bbox 2611 5007 2894 5072; x_wconf 85' lang='grc' dir='ltr'>σωθέντες.</span> <span class='ocrx_word' id='word_1_779' title='bbox 2947 5011 3034 5063; x_wconf 90' lang='grc' dir='ltr'>Ἑν</span> <span class='ocrx_word' id='word_1_780' title='bbox 3067 5011 3175 5082; x_wconf 82' lang='grc' dir='ltr'><strong>γὰρ</strong></span> <span class='ocrx_word' id='word_1_781' title='bbox 3199 5012 3276 5082; x_wconf 82' lang='grc' dir='ltr'><strong>τῷ</strong></span> <span class='ocrx_word' id='word_1_782' title='bbox 3303 5013 3485 5066; x_wconf 86' lang='grc' dir='ltr'>σκότει</span> <span class='ocrx_word' id='word_1_783' title='bbox 3509 5015 3687 5079; x_wconf 80' lang='grc' dir='ltr'>πάσας</span> 
     </span>
    </p>
   </div>
   <div class='ocr_carea' id='block_1_108' title="bbox 2101 5089 3688 5174">
    <p class='ocr_par' dir='ltr' id='par_1_108' title="bbox 2101 5089 3688 5174">
     <span class='ocr_line' id='line_1_108' title="bbox 2101 5089 3688 5174; baseline 0.012 -33"><span class='ocrx_word' id='word_1_784' title='bbox 2101 5089 2198 5154; x_wconf 79' lang='grc' dir='ltr'>τὰς</span> <span class='ocrx_word' id='word_1_785' title='bbox 2229 5093 2468 5164; x_wconf 78' lang='grc' dir='ltr'>αἱρέσεις</span> <span class='ocrx_word' id='word_1_786' title='bbox 2490 5092 2630 5150; x_wconf 75' lang='grc' dir='ltr'>εἶναι</span> <span class='ocrx_word' id='word_1_787' title='bbox 2657 5099 2824 5166; x_wconf 88' lang='grc' dir='ltr'>λέγει.</span> <span class='ocrx_word' id='word_1_788' title='bbox 2853 5101 2985 5153; x_wconf 86' lang='grc' dir='ltr'>Τότε</span> <span class='ocrx_word' id='word_1_789' title='bbox 3015 5101 3124 5165; x_wconf 82' lang='grc' dir='ltr'><strong>ζῶν</strong></span> <span class='ocrx_word' id='word_1_790' title='bbox 3147 5105 3370 5174; x_wconf 79' lang='grc' dir='ltr'>Πνεῦμα</span> <span class='ocrx_word' id='word_1_791' title='bbox 3393 5107 3573 5159; x_wconf 77' lang='grc' dir='ltr'>ἔκτισε</span> <span class='ocrx_word' id='word_1_792' title='bbox 3595 5107 3688 5160; x_wconf 75' lang='grc' dir='ltr'><strong>τὸν</strong></span> 
     </span>
    </p>
   </div>
   <div class='ocr_carea' id='block_1_109' title="bbox 2100 5181 3688 5270">
    <p class='ocr_par' dir='ltr' id='par_1_109' title="bbox 2100 5181 3688 5270">
     <span class='ocr_line' id='line_1_109' title="bbox 2100 5181 3688 5270; baseline 0.013 -36"><span class='ocrx_word' id='word_1_793' title='bbox 2100 5181 2326 5254; x_wconf 88' lang='grc' dir='ltr'>κόσμον,</span> <span class='ocrx_word' id='word_1_794' title='bbox 2357 5189 2450 5241; x_wconf 80' lang='grc' dir='ltr'><strong>καὶ</strong></span> <span class='ocrx_word' id='word_1_795' title='bbox 2471 5189 2604 5242; x_wconf 87' lang='grc' dir='ltr'>αὐτὸ</span> <span class='ocrx_word' id='word_1_796' title='bbox 2633 5193 2868 5262; x_wconf 84' lang='grc' dir='ltr'>φορέσαν</span> <span class='ocrx_word' id='word_1_797' title='bbox 2896 5195 3088 5266; x_wconf 86' lang='grc' dir='ltr'>ἑτέρας</span> <span class='ocrx_word' id='word_1_798' title='bbox 3113 5201 3259 5268; x_wconf 87' lang='grc' dir='ltr'>τρεῖς</span> <span class='ocrx_word' id='word_1_799' title='bbox 3286 5199 3564 5270; x_wconf 79' lang='grc' dir='ltr'>δυνάμεις,</span> <span class='ocrx_word' id='word_1_800' title='bbox 3589 5219 3688 5254; x_wconf 83' lang='grc' dir='ltr'>κα-</span> 
     </span>
    </p>
   </div>
   <div class='ocr_carea' id='block_1_110' title="bbox 2095 5495 3684 5572">
    <p class='ocr_par' dir='ltr' id='par_1_110' title="bbox 2095 5495 3684 5572">
     <span class='ocr_line' id='line_1_110' title="bbox 2095 5495 3684 5572; baseline 0.004 -20"><span class='ocrx_word' id='word_1_801' title='bbox 2095 5495 2308 5572; x_wconf 73' lang='lat' dir='ltr'><strong>tefecit.</strong></span> <span class='ocrx_word' id='word_1_802' title='bbox 2344 5498 2419 5553; x_wconf 77' lang='lat' dir='ltr'><strong>Es</strong></span> <span class='ocrx_word' id='word_1_803' title='bbox 2457 5499 2560 5555; x_wconf 90' lang='lat' dir='ltr'><strong>hac</strong></span> <span class='ocrx_word' id='word_1_804' title='bbox 2588 5501 2842 5556; x_wconf 82' lang='lat' dir='ltr'><strong>Archelai</strong></span> <span class='ocrx_word' id='word_1_805' title='bbox 2874 5503 3170 5558; x_wconf 89' lang='lat' dir='ltr'><strong>collatione</strong></span> <span class='ocrx_word' id='word_1_806' title='bbox 3203 5503 3386 5558; x_wconf 71' lang='lat' dir='ltr'><strong>czeteri</strong></span> <span class='ocrx_word' id='word_1_807' title='bbox 3423 5503 3684 5572; x_wconf 84' lang='lat' dir='ltr'><strong>deinceps</strong></span> 
     </span>
    </p>
   </div>
   <div class='ocr_carea' id='block_1_111' title="bbox 2099 5569 3684 5642">
    <p class='ocr_par' dir='ltr' id='par_1_111' title="bbox 2099 5569 3684 5642">
     <span class='ocr_line' id='line_1_111' title="bbox 2099 5569 3684 5642; baseline 0.005 -23"><span class='ocrx_word' id='word_1_808' title='bbox 2099 5569 2404 5642; x_wconf 79' lang='lat' dir='ltr'><strong>hauserunt</strong></span> <span class='ocrx_word' id='word_1_809' title='bbox 2436 5587 2650 5637; x_wconf 88' lang='lat' dir='ltr'><strong>omnes,</strong></span> <span class='ocrx_word' id='word_1_810' title='bbox 2685 5574 2778 5642; x_wconf 87' lang='lat' dir='ltr'><strong>qui</strong></span> <span class='ocrx_word' id='word_1_811' title='bbox 2835 5575 3075 5628; x_wconf 64' lang='lat' dir='ltr'><strong>haeretici</strong></span> <span class='ocrx_word' id='word_1_812' title='bbox 3123 5575 3272 5628; x_wconf 90' lang='lat' dir='ltr'><strong>illius</strong></span> <span class='ocrx_word' id='word_1_813' title='bbox 3303 5575 3588 5628; x_wconf 90' lang='lat' dir='ltr'><strong>historiam</strong></span> <span class='ocrx_word' id='word_1_814' title='bbox 3621 5569 3684 5627; x_wconf 76' lang='lat' dir='ltr'><strong>ac</strong></span> 
     </span>
    </p>
   </div>
   <div class='ocr_carea' id='block_1_112' title="bbox 2099 5639 3682 5712">
    <p class='ocr_par' dir='ltr' id='par_1_112' title="bbox 2099 5639 3682 5712">
     <span class='ocr_line' id='line_1_112' title="bbox 2099 5639 3682 5712; baseline 0.006 -24"><span class='ocrx_word' id='word_1_815' title='bbox 2099 5639 2353 5712; x_wconf 71' lang='lat' dir='ltr'><strong>dogmata</strong></span> <span class='ocrx_word' id='word_1_816' title='bbox 2384 5642 2609 5712; x_wconf 88' lang='lat' dir='ltr'><strong>scriptis</strong></span> <span class='ocrx_word' id='word_1_817' title='bbox 2641 5639 3022 5712; x_wconf 77' lang='lat' dir='ltr'><strong>prodiderunt.</strong></span> <span class='ocrx_word' id='word_1_818' title='bbox 3056 5645 3302 5700; x_wconf 80' lang='lat' dir='ltr'><strong>Meminit</strong></span> <span class='ocrx_word' id='word_1_819' title='bbox 3341 5645 3593 5700; x_wconf 85' lang='lat' dir='ltr'><strong>Archelai</strong></span> <span class='ocrx_word' id='word_1_820' title='bbox 3627 5645 3682 5698; x_wconf 90' lang='lat' dir='ltr'><strong>in</strong></span> 
     </span>
    </p>
   </div>
   <div class='ocr_carea' id='block_1_113' title="bbox 2100 5707 3090 5787">
    <p class='ocr_par' dir='ltr' id='par_1_113' title="bbox 2100 5707 3090 5787">
     <span class='ocr_line' id='line_1_113' title="bbox 2100 5707 3090 5787; baseline 0.006 -25"><span class='ocrx_word' id='word_1_821' title='bbox 2100 5707 2458 5778; x_wconf 70' lang='lat' dir='ltr'><strong>Scriptoribus</strong></span> <span class='ocrx_word' id='word_1_822' title='bbox 2480 5707 2664 5768; x_wconf 47' lang='lat' dir='ltr'><strong>eccles&#39;.</strong></span> <span class='ocrx_word' id='word_1_823' title='bbox 2703 5715 3090 5787; x_wconf 78' lang='lat' dir='ltr'><strong>Hieronymus.</strong></span> 
     </span>
    </p>
   </div>
  </div>
