4008 6240
313 295 386 349 75
967 283 1335 342 ADVERSUS
1373 281 1710 340 IIIEliESES
1749 282 1875 336 LIB.
1918 283 1982 338 II.
2027 280 2189 338 TOM.
2232 281 2370 336 II.--
2407 282 2680 342 HAERES.
2723 284 2907 342 LXVI.
3476 289 3548 344 74

311 407 498 465 τελθδν
531 408 795 478 ἀνήνεγκε
836 407 960 471 τοὺς
997 408 1281 478 ἄρχοντας,
1324 404 1417 460 καὶ⁵
1463 405 1792 476 ἐστερέωσεν
1823 405 1880 457 ὲν

1997 403 2055 456 .ia
2086 415 2276 458 mutuo
2304 405 2411 460 sibi
2440 405 2690 462 dexteras
2719 406 3022 476 porrigant,
3053 411 3312 476 tanquam
3334 419 3364 459 a
3395 413 3549 462 tene-

310 502 391 572 τῷ
426 499 785 572 στερεώματι,
812 498 840 552 ὃ
859 499 1006 551 ἐστιν
1037 499 1214 551 αὐτῶν
1244 497 1423 566 σῶμα,
1451 497 1485 566 ἢ
1517 499 1738 566 σφαῖρα.

1987 494 2104 550 bris
2133 497 2323 565 erepti.
2349 491 2550 552 Omnes
2583 497 2728 552 enim
2764 506 2941 552 sectas
2973 497 3182 551 versari
3225 495 3281 551 in
3314 495 3551 552 tenebris

313 592 534 649 asserit.
567 589 721 644 Tunc
747 590 930 644 vivum
962 588 1114 644 illum
1149 587 1414 658 Spiritum
1451 586 1710 640 mundum
1744 584 2081 650 condidisse,
2115 602 2178 641 ac
2209 595 2322 642 tres
2354 588 2486 642 alias
2547 588 2776 642 virtutes
2841 589 3098 643 ferentem
3155 595 3209 642 et
3267 587 3550 659 delapsum

228 746 235 754 __
316 688 591 760 principes
622 685 882 740 extulisse
907 699 1150 747 sursum,
1191 691 1243 738 et
1280 683 1333 737 in
1372 685 1714 735 ﬁrmamento
1760 680 2080 743 stabiliisse,
2110 682 2255 750 quod
2280 684 2520 750 ipsorum
2549 697 2749 752 corpus
2775 690 2875 748 est,
2903 682 3019 736 sive
3056 681 3270 752 globus.

383 779 527 850 Kq'.
561 779 695 832 Τότε
736 779 894 833 πάλιν
925 779 986 831 τὸ
1008 777 1114 842 ζῶν
1146 778 1368 848 Πνεῦμα
1399 776 1580 829 ἔκτισε
1608 777 1733 838 τοὺς
1776 793 1887 843 φω-

314 873 555 943 στῆρας,
607 870 644 925 ἆ
692 872 809 923 ἐστι
861 869 960 940 τῆς
1013 868 1194 939 ψυχῆς
1248 867 1508 938 λείψανα·
1564 868 1657 921 καὶ
1715 864 1887 930 οὓτως

314 961 536 1033 ἐποίησε
570 959 858 1031 στερέωμα
889 958 1208 1012 κυκλεῦσαι.
1244 958 1355 1011 Καὶ
1387 958 1547 1012 πάλιν
1579 955 1760 1010 ἔκτισε
1788 957 1887 1028 τὴν

313 1054 419 1122 γῆν
447 1053 528 1116 εἰς
556 1051 668 1122 εῐδη
704 1048 868 1104 ὀκτώ.
913 1049 974 1103 Ὀ
1007 1049 1064 1102 δὲ
1105 1050 1398 1121 Ὠμοφόρος
1438 1049 1588 1103 κάτω
1633 1048 1887 1118 βαστάζει

315 1143 410 1194 καὶ
461 1138 600 1193 ὲπάν
655 1137 805 1208 κάμῃ
862 1136 1178 1206 βαστάζων,
1241 1136 1457 1205 τρέμει,
1512 1133 1607 1186 καὶ
1664 1131 1886 1202 σεισμοῦ

313 1232 488 1294 αἴτιος
517 1202 944 1298 γίνεσθαιπαρά
980 1225 1074 1279 τὸν
1105 1202 1405 1295 ὡρισμένον
1438 1225 1645 1294 καιρόν.
1683 1202 1916 1276 Τούτου³⁵

314 1327 476 1379 ἕνεκα
523 1325 614 1379 τὸν
667 1324 793 1377 Υίὸν
842 1319 1006 1376 αὐτοῦ
1039 1317 1352 1374 ἀπέστειλεν
1390 1319 1418 1372 6
1465 1316 1665 1386 ἀγαθὸς
1698 1316 1888 1387 Πατὴρ

314 1420 380 1472 ἐκ
409 1419 517 1472 τῶν
546 1417 763 1471 κόλπων
790 1415 872 1478 είς
893 1413 991 1484 τὴν
1024 1409 1246 1484 καρδίαν
1284 1410 1382 1480 τῆς
1417 1409 1542 1479 γῆς,
1584 1408 1678 1462 καὶ
1714 1409 1795 1472 είς
1821 1408 1889 1462 τὰ

313 1509 520 1579 ταύτης
555 1506 838 1561 κατώτατα
879 1504 1042 1575 μέρη,
1085 1502 1231 1564 ὅπως
1268 1497 1416 1570 αὐτῷ
1451 1499 1550 1568 τήν
1586 1497 1892 1568 προσήκου-

318 1618 418 1654 σαν
447 1597 741 1666 ἐπιθυμίαν
774 1597 790 1627 ¹
819 1594 894 1665 δῷ
913 1611 926 1624 ·
955 1595 1050 1647 καὶ
1073 1591 1262 1654 ὁσάκις
1289 1590 1354 1644 ἂν
1390 1588 1613 1657 σεισμὸς
1641 1588 1888 1658 γένηται,

2061 774 2249 830 XXVI.
2291 775 2428 830 Tum
2459 791 2586 831 vero
2631 784 2892 845 praeterea
2933 773 3124 829 eodem
3155 789 3185 828 a
3217 773 3424 842 Spiritu
3470 772 3552 827 lu-

1989 868 2221 922 minaria
2257 876 2442 923 creala
2463 909 2478 934 ,
2513 883 2635 938 qua:
2669 874 2797 923 sunt
2830 866 3027 920 animae
3056 865 3299 934 reliquiae
3327 882 3341 930 ;
3371 865 3554 932 itaque

1989 959 2058 1013 ab
2093 959 2188 1012 illo
2218 958 2458 1030 perfeCLa
2480 1000 2496 1024 ,
2530 966 2590 1012 ut
2626 958 3025 1012 ﬁrmamentum
3060 956 3387 1008 circumacta
3428 970 3554 1023 per-

1989 1059 2294 1105 currerent.
2328 1049 2564 1104 Rursum
2591 1063 2722 1104 vero
2747 1056 2946 1103 terram
2977 1046 3238 1116 octuplici
3271 1047 3449 1116 specie
3477 1046 3552 1099 fa-

1993 1140 2259 1197 bricasse.
2289 1142 2358 1194 At
2383 1142 2630 1212 Bajulum
2656 1141 2798 1196 infra
2831 1139 3128 1202 sustinere,
3166 1137 3556 1208 fatigatumque

1991 1241 2224 1288 tremere
2245 1275 2261 1298 ,
2294 1248 2358 1288 ac
2389 1241 2548 1288 terra:
2573 1240 2779 1286 motum
2811 1240 3006 1302 praeter
3032 1230 3390 1286 constitutum
3421 1236 3557 1282 tem-

1994 1339 2098 1393 pus
2127 1323 2353 1380 efﬁcere.
2388 1322 2471 1380 Ob
2510 1323 2562 1378 id
2601 1325 2812 1388 bonus,
2852 1322 3066 1392 inquit,
3102 1321 3262 1376 Pater
3299 1319 3496 1374 Filium
3528 1335 3559 1375 e

1994 1415 2118 1470 sinu
2155 1430 2258 1470 suo
2303 1416 2357 1469 in
2400 1423 2557 1471 terra:
2601 1414 2934 1486 penetralia,
2971 1423 3134 1482 atque
3176 1412 3398 1468 intimas
3440 1412 3560 1480 ejus

1996 1513 2180 1575 partes
2225 1505 2510 1575 allegavit,
2573 1513 2631 1558 ut
2680 1503 2828 1558 illius
2872 1509 3246 1558 consentaneo
3286 1499 3562 1556 desiderio

1996 1594 2340 1650 satisfaceret
2366 1612 2381 1657 ;
2413 1605 2467 1650 et
2497 1595 2714 1664 quoties
2748 1602 2894 1648 terra
2929 1598 3140 1657 movet,
3172 1590 3256 1645 vel
3287 1590 3379 1644 ille
3409 1590 3560 1643 labo-

314 1689 350 1758 ἢ
374 1686 568 1757 τρέμει
596 1684 841 1753 κάμνων,
869 1683 903 1752 ἦ
937 1681 1212 1751 ἀντιφέρει
1253 1679 1330 1742 εἰς
1370 1679 1460 1730 τὸν
1497 1677 1680 1748 ἕτερον
1718 1669 1887 1746 ὦμον.

1997 1700 2126 1739 rans
2161 1686 2340 1738 tremit
2365 1725 2379 1747 ,
2414 1686 2498 1739 vel
2531 1700 2669 1740 onus
2703 1684 2758 1738 in
2797 1685 3028 1737 alterum
3060 1681 3346 1736 humerum
3379 1687 3561 1735 trans-

316 1779 450 1832 Τότε
477 1777 657 1831 τοίνυν
688 1777 782 1829 καὶ
821 1776 854 1846 ή
887 1773 986 1844 ὕλη
1027 1773 1120 1842 ἀφ’
1153 1771 1350 1842 έαυτῆς
1397 1768 1575 1823 ἔκτισε
1621 1767 1692 1821 τὰ
1718 1767 1888 1836 φυτάο

316 1869 411 1924 καὶ
462 1867 787 1938 συλωμένων
831 1863 1011 1921 αὐτῶν
1058 1861 1167 1917 ἀπό
1213 1878 1373 1915 τινων
1414 1859 1710 1930 ἀρχόντων,
1761 1857 1891 1910 ἐκά-

315 1958 440 2012 λεσε
491 1959 700 2021 πάντας
744 1955 871 2018 τοὺς
917 1954 1024 2007 τῶν
1065 1953 1342 2025 ἀρχόντων
1390 1949 1749 2023 πρωτίστους,
1799 1948 1896 2002 καὶ

317 2051 506 2106 ἔλαϐεν
558 2049 653 2105 ἀπ’
705 2047 885 2102 αὐτῶν
939 2045 1044 2100 ἀνά
1127 2046 1254 2116 μίαν
1303 2043 1564 2114 δύναμιν,
1615 2039 1710 2093 καὶ
1765 2056 1897 2092 κατ-

317 2142 583 2198 εσκεύασε
627 2141 718 2195 τὸν
764 2138 1077 2210 ἄνθρωπον,
1125 2136 1216 2190 τὸν
1253 2137 1394 2189 κατά
1451 2134 1550 2203 τὴν
1604 2132 1746 2187 ίδέαν
1800 2130 1893 2184 τοῦ

320 2235 539 2306 πρώτου
572 2230 862 2305 ἀνθρώπου
888 2228 1126 2292 ἐκείνου,
1165 2228 1260 2281 καὶ⁵
1296 2227 1452 2296 έδησε
1488 2225 1588 2296 τὴν
1630 2222 1806 2294 ψυχὴν
1838 2224 1895 2277 ἐν

323 2324 490 2396 αὐτῷ.
524 2322 674 2388 Δῦτη
701 2321 818 2375 ἐστὶ
850 2320 952 2391 τῆς
980 2318 1332 2391 συγκράσεως
1373 2318 1408 2387 ή
1461 2313 1737 2378 ὑπόθεσις.
1763 2314 1894 2366 Ὅτε

320 2418 378 2472 δὲ
404 2413 543 2470 εἶδεν
579 2415 608 2467 6
643 2413 831 2484 Πατήρ
868 2413 898 2467 6
946 2411 1054 2476 ζῶν
1103 2411 1423 2482 θλιϐομένην
1469 2409 1569 2480 τὴν
1610 2407 1786 2480 ψυχὴν
1838 2409 1896 2463 ὲν

318 2508 398 2580 τῷ
433 2506 666 2576 σώματι,
697 2503 1068 2576 εὖσπλαγχνος
1109 2503 1186 2557 ὢν
1233 2503 1327 2556 καὶ
1375 2501 1643 2573 ἐλεήμων,
1683 2498 1896 2571 έπεμψε

318 2599 411 2652 τὸν
457 2595 582 2652 Υίὸν
613 2593 778 2651 αὐτοῦ
825 2594 916 2648 τὸν
960 2593 1315 2665 ἠγαπημένον
1354 2593 1435 2656 είς
1486 2591 1760 2662 σωτηρίαν
1796 2591 1898 2662 τῆς

318 2680 520 2759 ψυχῆς.
559 2685 658 2741 Διά
689 2684 798 2757 γὰρ
826 2684 1028 2756 ταύτην
1063 2684 1161 2756 τὴν
1202 2683 1490 2756 πρόφασιν,
1538 2684 1633 2737 καὶ
1674 2682 1765 2736 τὸν
1802 2681 1896 2736 τοῦ

337 2779 634 2852 Ὠμοφόρου
663 2777 977 2832 ἀπέστειλεν
1005 2776 1185 2831 αὐτόν.
1220 2775 1332 2830 Καὶ
1355 2774 1524 2830 ἐλθὼν
1552 2777 1581 2829 6
1608 2775 1734 2839 Υἱὸς
1768 2789 1898 2845 μετ-

323 2869 690 2941 εσχημάτισεν
728 2868 918 2924 ἑαυτὸν
962 2870 1042 2933 εἰς
1084 2865 1371 2939 ἀνθρώπου
1414 2861 1574 2930 εἶδος,
1609 2867 1703 2919 καὶ
1737 2865 1896 2934 ἐφαί-

324 2978 444 3016 νετο
486 2963 600 3024 τοῖς
646 2959 954 3032 ἀνθρώποις
1000 2958 1305 3030 ἄνθρωπος,
1346 2957 1420 3029 μή
1466 2957 1542 3012 ὢν
1582 2957 1892 3027 ἄνθρωπος·

327 3055 421 3109 καὶ
451 3054 501 3107 οἱ
527 3052 798 3123 ἅνθρωποι
830 3050 1210 3122 ὑπελάμὸανον
1243 3051 1404 3103 αὐτὸν
1435 3048 1813 3120 γεγεννῆσθαι.

409 3143 610 3200 Ἐλθὼν
638 3139 729 3197 οὖν
761 3144 994 3196 ποιεῖται
1031 3142 1130 3213 τὴν
1161 3141 1516 3213 δημιουργίαν
1553 3141 1688 3214 πρὸς
1724 3156 1898 3210 σωτη-

330 3236 448 3307 ρίαν
476 3235 586 3290 τῶν
609 3235 814 3306 ψυχῶν,
847 3235 942 3289 καὶ
971 3235 1215 3306 μηχανὴν
1258 3234 1618 3305 συνεστήσατο
1670 3232 1898 3303 ἔχουσαν

325 3321 533 3378 δώδεκα
562 3324 782 3388 κάδους*
818 3325 958 3394 ἥτις,
994 3325 1097 3378 ὑπὸ
1127 3324 1223 3396 τῆς
1268 3323 1500 3395 σφαίρας
1539 3323 1896 3394 στρεφομένη.

327 3417 588 3486 ἀνιμᾶται
611 3415 719 3471 τῶν
747 3417 1084 3488 θνησκόντων
1112 3416 1209 3480 τὰς
1245 3417 1440 3488 ψυχάς.
1485 3417 1593 3470 Καὶ
1629 3416 1830 3478 ταύτας
1870 3415 1900 3466 6

330 3505 505 3576 μέγας
546 3505 788 3577 φωστὴρ,
825 3509 945 3570 ταῖς
984 3508 1164 3560 ἀκτῖσι
1203 3505 1414 3571 λαϐὼν,
1471 3506 1755 3577 καθαρίζει
1805 3507 1900 3559 καὶ

331 3598 654 3670 μεταδίδωσι
701 3601 766 3670 τῇ
822 3599 1047 3674 σελήνῃ·
1096 3601 1190 3654 καὶ
1236 3600 1407 3666 οὕτως
1450 3600 1751 3672 πληροῦται
1799 3597 1903 3668 τῆς

331 3691 559 3763 σελήνης
605 3695 633 3745 6
673 3693 881 3758 δίσκος,
913 3695 942 3747 6
990 3694 1117 3765 παρ’
1165 3695 1296 3764 ἡμῖν
1341 3691 1895 3765 προσαγορευόμενος.

329 3782 497 3834 Πλοῖα
531 3783 658 3853 γὰρ,
683 3782 801 3853 ήτοι
824 3784 1094 3856 πορθμεῖα
1127 3779 1265 3837 εἶναι
1305 3784 1453 3852 λέγει
1495 3784 1620 3846 τοὺς
1659 3783 1752 3836 δύο
1785 3799 1897 3850 φω-

331 3871 554 3941 στῆρας.
619 3865 751 3924 Εἶτα
801 3873 896 3926 ὲάν
949 3871 1182 3943 γεμισθῇ
1241 3874 1274 3942 ἡ
1333 3873 1550 3942 σελήνη,
1620 3887 1895 3941 μεταπορ-

331 3963 520 4034 θμεύει
548 3964 627 4025 είς
664 3961 978 4034 ἀπηλιώτην
998 3979 1011 3992 ⁶
1043 3963 1135 4016 καὶ
1179 3961 1350 4025 οὕτως
1375 3962 1705 4032 ἀπόκρουσιν
1730 3967 1899 4016 ποιεῖ-

329 4070 418 4106 ται
457 4046 552 4106 τοῦ
595 4053 765 4124 γόμου
804 4053 1231 4124 ἐλαφρυνομένη,
1285 4053 1378 4106 καὶ
1419 4053 1562 4105 οὕτω
1612 4054 1806 4124 πληροῖ
1838 4051 1900 4106 τὸ

330 4144 646 4215 πορθμεῖον,
697 4144 789 4194 καὶ
837 4142 1000 4196 πάλιν
1039 4143 1340 4212 ἀπογομοῖ,
1394 4143 1750 4212 ἀνιμωμένων
1794 4143 1899 4196 ὑπὸ

330 4235 437 4290 τῶν
463 4236 638 4289 κάδων
665 4235 773 4287 τῶν
801 4233 1007 4304 ψυχῶν,
1035 4235 1191 4306 ἄχρις
1232 4226 1293 4286 οὗ
1336 4233 1394 4286 τὸ
1443 4235 1572 4286 ἴδιον
1608 4234 1770 4286 αὑτοῦ
1805 4234 1899 4304 μέ-

330 4346 426 4400 ρος
454 4327 616 4382 σώσει
639 4327 738 4396 τ’ἧς
769 4325 966 4395 ψυχῆς.
1011 4325 1122 4394 Τῆς
1160 4324 1268 4395 γὰρ
1310 4323 1404 4376 τοῦ
1449 4323 1657 4392 ἀγαθοῦ
1693 4324 1897 4395 πατρὸς

329 4419 515 4482 οὐσίας
547 4418 726 4471 πᾶσαν
749 4416 924 4486 ψυχὴν
967 4414 1060 4468 καὶ
1099 4415 1207 4468 πᾶν
1253 4413 1566 4482 κινούμενον
1603 4413 1739 4477 ζῶον
1771 4432 1897 4484 μετ-

329 4511 474 4580 ἐχειν
520 4508 686 4576 λέγει.
734 4507 844 4578 Τῆς
880 4501 972 4560 οὖν
1009 4505 1237 4576 σελήνης
1268 4505 1649 4577 μεταδιδούσης
1684 4505 1775 4559 τὸν
1808 4507 1898 4574 γό-

330 4618 432 4672 μον
453 4599 561 4652 τών
583 4598 765 4669 ψυχῶν
799 4599 911 4660 τοῖς
937 4596 1107 4650 Αίῶσι
1156 4594 1250 4650 τοῦ
1281 4596 1512 4668 Πατρὸς,
1547 4598 1896 4668 παραμένου-

330 4707 413 4744 σιν
446 4693 502 4744 ὲν
533 4689 611 4760 τῷ
645 4687 822 4759 στόλῳ
855 4689 954 4758 τῆς
998 4686 1174 4757 δόξης,
1202 4688 1261 4752 ὃς
1293 4688 1535 4742 καλεῖται
1578 4689 1686 4760 ἀὴρ
1740 4691 1768 4742 6
1809 4689 1898 4743 τέ-

328 4777 484 4842 λειος.
529 4779 586 4833 '0
622 4778 680 4831 δὲ
732 4779 841 4849 ἀὴρ
876 4771 1029 4840 οὗτος
1070 4777 1258 4841 στύλος
1299 4778 1416 4830 ἐστὶ
1463 4779 1670 4847 φωτός·
1708 4779 1893 4850 ἐπειδὴ

327 4873 486 4941 γέμει
541 4871 726 4941 ψυχῶν
773 4870 882 4923 τῶν
935 4868 1396 4941 καθαριζομένων.
1452 4869 1600 4943 Αὕτη
1653 4873 1800 4926 ἐστὶν
1861 4873 1894 4942 ἡ

311 4964 496 5026 ηἱτία,
526 4963 592 5016 δι’
616 4958 682 5034 ἦς
708 4964 765 5017 αἱ
793 4962 960 5034 ψυχαὶ
999 4961 1278 5027 σώζονται.

397 5052 521 5106 ΚΖ’.
568 5053 629 5104 Ἢ
658 5052 715 5106 δὲ
758 5052 818 5104 τὸ
862 5053 882 5083 ³
920 5051 1207 5106 ἀποθανεῖν
1255 5053 1380 5116 τοὺς
1423 5052 1741 5125 ἀνθρώπους
1779 5055 1894 5108 ἐστὶ

328 5142 486 5195 πάλιν
521 5141 690 5213 αὕτη·
724 5143 996 5213 Παρθένος
1032 5161 1114 5208 τις
1153 5143 1328 5215 ὡραία
1365 5146 1772 5217 κεκοσμημένη,
1806 5165 1894 5200 πι-

329 5234 460 5304 θανή
489 5235 653 5298 πάνυ,
695 5234 859 5304 συλᾷν
892 5237 1158 5306 ἐπιχειρεῖ
1196 5237 1320 5298 τοὺς
1370 5235 1634 5306 ἄρχοντας
1667 5238 1792 5301 τοὺς
1836 5239 1894 5290 ἐν

329 5324 404 5395 τῷ
444 5324 778 5396 στερεώματι
821 5325 927 5377 ὑπὸ
966 5325 1059 5378 τοῦ
1103 5325 1301 5389 ζῶντος
1349 5327 1662 5397 Πνεύματος
1712 5327 1894 5381 ἀνενε-

331 5415 549 5484 χθέντας
574 5417 666 5470 καὶ
702 5416 1126 5486 σταυρωθέντας.
1160 5417 1460 5488 Φαινομένη
1485 5417 1542 5470 δὲ
1565 5422 1674 5480 τοῖς
1701 5419 1892 5490 ἀρῤεσι

333 5506 514 5575 θήλεια
549 5508 842 5580 εὔμορφος,
883 5512 998 5572 ταῖς
1043 5510 1099 5561 δὲ
1146 5509 1384 5580 θηλείαις
1431 5511 1644 5574 νεανίας
1687 5511 1894 5584 εὐειδὴς

1923 3041 1975 3106 ο

1995 1776 2122 1830 fert.
2153 1775 2254 1829 Per
2291 1775 2430 1830 idem
2467 1785 2680 1846 tempus
2719 1775 2945 1829 materia
2975 1774 3176 1844 stirpes
3204 1788 3271 1828 ex
3299 1785 3420 1828 sese
3442 1785 3563 1841 pro-

1993 1867 2238 1931 creavit;
2295 1883 2433 1938 quas
2477 1882 2604 1922 cum
2654 1867 2898 1920 nonnulli
2925 1866 3200 1936 principes
3232 1863 3562 1934 diriperent,

1993 1960 2311 2012 convocatis
2362 1958 2454 2011 illa
2505 1957 2810 2028 principum
2868 1956 3236 2027 primoribus,
3281 1970 3448 2010 unam
3496 1955 3565 2008 ab

1993 2048 2228 2118 singulis
2285 2051 2544 2103 virtutem
2597 2049 2837 2118 accepit,
2893 2049 3279 2118 hominemque
3319 2045 3566 2102 condidit

1995 2137 2063 2191 ad
2097 2139 2257 2208 primi
2295 2139 2443 2194 illius
2472 2138 2710 2194 hominis
2749 2139 3048 2208 exemplar,
3096 2138 3184 2193 cui
3228 2144 3284 2193 et
3323 2137 3563 2192 animam

1997 2229 2244 2301 illigavit.
2277 2229 2560 2299 Ejusmodi
2594 2230 2995 2286 commistionis
3019 2238 3107 2285 est
3135 2229 3297 2284 ratio.
3341 2228 3447 2284 Sed
3481 2230 3565 2282 vi-

1995 2338 2097 2378 vus
2129 2321 2314 2390 Pater,
2344 2323 2489 2394 quod
2524 2323 2762 2376 animam
2799 2323 2852 2376 in
2884 2337 3118 2392 corpore
3150 2322 3402 2378 aﬁlictam
3455 2336 3567 2376 cer-

1995 2421 2172 2479 neret,
2207 2423 2268 2469 ut
2297 2423 2382 2471 est
2410 2415 2723 2470 misericors
2753 2429 2816 2469 ac
2851 2414 3140 2485 benignus,
3167 2412 3554 2469 charissimum

1996 2506 2100 2562 sibi
2132 2505 2327 2562 Filium
2355 2508 2424 2561 ad
2453 2506 2603 2561 illius
2639 2503 3064 2576 recuperandam
3093 2504 3322 2562 salutem
3353 2504 3554 2559 emisit.

1997 2596 2152 2652 Hanc
2177 2599 2322 2654 enim
2362 2598 2433 2653 ob
2459 2612 2681 2654 causam
2708 2638 2724 2666 ,
2756 2597 2920 2653 simul
2951 2605 3006 2650 et
3036 2595 3206 2665 Bajuli
3252 2596 3424 2667 gratia
3461 2596 3563 2648 nii-

1999 2689 2141 2745 sisse
2171 2688 2390 2744 dicitur.
2423 2687 2593 2760 Igitur
2619 2686 2791 2744 Filius
2832 2687 3126 2742 adveniens
3169 2701 3291 2742 sese
3331 2685 3566 2740 hominis

1998 2779 2055 2833 in
2085 2778 2314 2848 ﬁguram
2343 2777 2648 2840 convertit,
2685 2786 2847 2848 atque
2888 2777 3128 2834 hominis
3165 2777 3360 2834 similis
3388 2777 3566 2832 homi-

1999 2870 2162 2926 nibus
2190 2870 2472 2940 apparuit,
2501 2869 2629 2925 licet
2657 2870 2822 2925 homo
2853 2884 2961 2924 non
2990 2877 3138 2925 esset
3165 2887 3180 2934 ;
3206 2868 3565 2938 eumdemque

2000 2960 2244 3031 genitum
2273 2973 2396 3015 esse
2423 2957 2674 3014 homines
2702 2957 2866 3028 vulgo
2899 2956 3274 3012 crediderunt.

2072 3141 2258 3211 Itaque
2294 3155 2418 3194 mox
2451 3147 2508 3194 ut
2541 3138 2771 3195 accessit
2798 3178 2814 3205 ,
2856 3154 2992 3210 opus
3021 3139 3296 3210 quoddam
3336 3139 3403 3193 ad
3445 3139 3566 3194 ani-

1999 3248 2214 3288 marum
2261 3233 2494 3288 salutem
2537 3233 2761 3288 molitus
2805 3240 2926 3298 est,
2977 3232 3395 3302 machinamque
3435 3248 3566 3286 con-

1997 3323 2241 3390 struxit;
2273 3324 2329 3377 in
2375 3339 2482 3393 qua
2528 3323 2649 3379 cadi
2697 3331 2855 3378 erant
2897 3322 3223 3378 duodecim:
3261 3339 3380 3393 quae
3421 3325 3568 3394 globi

2000 3414 2289 3484 cujusdam
2330 3414 2630 3483 agitatione
2659 3428 2927 3469 conversa
2969 3421 3308 3468 mortuorum
3355 3415 3568 3469 animas

1999 3520 2217 3562 sursum
2241 3505 2450 3569 evehit,
2477 3519 2583 3574 qua
2611 3520 2866 3576 magnum
2899 3503 3030 3558 illud
3063 3503 3215 3560 sidus
3248 3504 3417 3559 radiis
3449 3505 3566 3560 suis

2000 3604 2256 3668 exceptas
2280 3611 2347 3650 ac
2376 3605 2692 3666 repurgatas
2713 3597 2768 3650 in
2793 3597 2974 3650 lunam
3001 3603 3354 3666 transpOrtat.
3377 3595 3454 3649 Ita
3487 3595 3564 3660 ﬁt,

2000 3698 2060 3743 ut
2096 3689 2259 3757 hujus
2287 3689 2436 3745 orbis
2465 3688 2777 3759 impleatur,
2809 3688 2904 3757 qui
2937 3687 3123 3743 discus
3151 3702 3182 3742 a
3216 3688 3374 3742 nobis
3408 3688 3568 3757 vulgo

1999 3781 2219 3836 dicitur.
2250 3779 2471 3852 Navigia
2499 3782 2699 3852 quippe
2729 3789 2782 3837 et
2807 3791 3080 3851 pontones
3106 3780 3212 3836 duo
3239 3795 3359 3835 esse
3389 3780 3568 3834 sidera

2000 3872 2088 3926 illa
2109 3883 2314 3928 censet.
2338 3871 2546 3928 Onusta
2566 3888 2694 3926 vero
2733 3873 2858 3926 luna
2890 3873 2957 3927 ad
2997 3874 3347 3928 subsolanum
3385 3880 3566 3925 trans-

2000 3964 2166 4020 vehit.
2215 3964 2292 4017 Ita
2325 3964 2576 4034 deposito
2609 3980 2777 4018 onere
2821 3964 3050 4026 levatur,
3099 3978 3162 4016 ac
3214 3979 3430 4017 rursum
3473 3979 3569 4016 na-

1998 4055 2198 4124 vigium
2227 4054 2394 4128 644
2425 4056 2692 4126 complet:
2735 4056 2864 4110 hinc
2909 4057 3064 4110 novis
3110 4071 3204 4124 per
3237 4055 3403 4109 cados
3445 4071 3568 4108 eve-

1999 4147 2103 4200 ctis
2135 4147 2332 4201 animis
2364 4148 2560 4200 iterum
2595 4156 2942 4210 exoneratur,
2973 4147 3148 4200 donec
3188 4162 3340 4200 suam
3371 4160 3436 4198 ac
3473 4161 3565 4214 pe-

1999 4238 2256 4292 culiarem
2304 4238 2501 4293 anima:
2552 4246 2758 4308 partem
2805 4237 3022 4308 eripiat.
3078 4237 3286 4291 Etenim
3328 4236 3567 4288 animam

2000 4343 2235 4390 onmem,
2283 4338 2445 4398 atque
2497 4345 2659 4384 omne
2706 4328 2852 4398 quod
2897 4334 3144 4382 movetur
3188 4325 3387 4379 animal
3441 4326 3566 4379 boni

2002 4419 2150 4474 illius
2175 4418 2345 4488 patris
2368 4425 2576 4473 natura:
2604 4420 2875 4489 particeps
2903 4432 3026 4472 csse
3047 4415 3224 4471 docet.
3249 4413 3420 4469 Porro
3445 4431 3566 4469 cum

2003 4525 2142 4564 onus
2169 4509 2300 4564 illud
2326 4509 2626 4564 animarum
2655 4510 2721 4564 ad
2749 4509 2927 4564 Pati-is
2950 4508 3154 4564 Eones
3176 4508 3301 4562 luna
3325 4514 3571 4561 transve-

2003 4601 2176 4665 xcrit,
2219 4609 2440 4656 manent
2466 4616 2543 4656 ea:
2573 4601 2626 4654 in
2661 4601 2845 4672 gloriae
2876 4601 3130 4656 columna
3160 4600 3253 4670 qui
3297 4600 3570 4670 perfectus

2001 4706 2092 4746 aer
2123 4690 2342 4746 dicitur.
2373 4690 2469 4747 Est
2500 4700 2676 4747 autem
2717 4692 2803 4746 hic
2831 4707 2923 4746 aer
2959 4693 3096 4747 lucis
3127 4692 3380 4746 columna
3413 4709 3567 4762 quac-

2000 4783 2158 4850 dam';
2181 4785 2437 4854 quoniam
2467 4783 2752 4840 animabus
2776 4800 2894 4854 quae
2917 4793 3218 4854 purgantur
3239 4793 3323 4840 est
3346 4785 3566 4841 referta.

2003 4878 2124 4932 llaec
2153 4877 2272 4946 ipsa
2297 4892 2462 4933 causa
2491 4885 2575 4934 est
2598 4893 2694 4947 per
2723 4894 2883 4949 quam
2907 4879 3134 4934 salutem
3159 4878 3351 4933 animm
3376 4894 3571 4934 conse-

1999 4976 2258 5038 quantur.

2071 5057 2284 5113 XXV“.
2324 5059 2437 5116 Cur
2477 5069 2658 5115 autem
2706 5061 3013 5116 moriantur
3057 5059 3306 5114 homines
3345 5073 3566 5114 causam

2001 5153 2313 5222 hujusmodi
2355 5153 2610 5224 proponit
2638 5173 2650 5208 :
2676 5152 2843 5224 Virgo
2870 5152 3151 5223 quaidam,
3203 5150 3413 5221 inquit,
3457 5150 3569 5204 for-

2000 5257 2154 5297 mosa
2205 5251 2367 5312 atque
2406 5253 2624 5311 compta
2661 5242 3155 5309 blanditiarumque
3187 5239 3343 5308 plena
3373 5238 3570 5308 prim-i-

1999 5347 2097 5401 pes
2125 5347 2153 5386 a
2186 5334 2308 5388 vivo
2333 5330 2540 5403 Spiritu
2567 5332 2621 5387 in
2651 5331 3048 5386 ﬁrmamentum
3078 5331 3303 5385 eductos
3331 5345 3394 5383 ac
3416 5345 3566 5382 cruci

1999 5421 2221 5480 sufﬁxos
2261 5425 2376 5480 suis
2417 5424 2689 5479 illecebris
2724 5424 2941 5477 allicere
2970 5421 3321 5492 aggreditur;
3357 5437 3477 5491 quae
3508 5436 3569 5475 se

2001 5515 2249 5570 maribus
2300 5515 2681 5586 pulcherrima:
2725 5515 2969 5579 feminae,
3021 5513 3239 5568 feminis
3282 5529 3409 5568 vero
3451 5514 3569 5570 elc-

391 5661 409 5694 ¹
452 5660 560 5717 Vox
593 5660 681 5715 illa
713 5660 1006 5730 ἐπιθυμίαν
1049 5662 1180 5716 mihi
1220 5673 1495 5735 suspecta,
1535 5667 1894 5736 conjiciebam

1997 5668 2238 5740 ;ιτιμίαν.
2321 5670 2341 5701 ¹
2376 5668 2499 5724 Cor.
2535 5673 2646 5722 τοῦ.

612 5755 864 5814 Parnm.
919 5759 1034 5817 Gn.
1067 5759 1117 5816 Χ
1134 5759 1258 5818 LII.

3251 5764 3292 5843 3.
