4008 6240
469 315 536 370 75

1863 319 1920 376 S.
1962 317 2296 373 EPlPllANll

3633 320 3704 376 76

463 433 642 504 gantis
673 446 734 486 ac
759 430 988 485 formosi
1012 432 1412 501 speciejuvenis
1443 432 1694 496 offerens,
1726 437 2000 506 principes

2129 435 2224 488 καὶ
2255 431 2606 502 ὲπιθυμητὸς,
2644 431 2735 484 καὶ
2763 433 2810 484 οῖ
2844 432 2939 501 μὲν
2973 431 3249 502 ἄρχοντες,
3279 431 3479 484 ὁπόταν
3519 431 3704 488 ἴδωσιν

463 539 585 576 eum
621 537 740 577 eam
788 530 896 576 tam
943 523 1221 592 exquisito
1261 533 1456 578 ornatu
1507 525 1782 592 viderint,
1823 527 1888 580 ad
1943 527 2028 582 sui

467 613 792 670 desiderium
825 614 1173 668 vehementer
1202 613 1468 668 accendit.
1503 611 1604 680 Qui
1639 629 1763 669 cum
1793 630 1913 670 eam
1945 630 2031 671 as-

461 707 617 776 sequi
655 714 954 775 nequeant,
1009 713 1160 759 extra
1207 713 1529 774 potestatem
1580 717 1871 771 exeuntes,
1919 723 2030 778 prae

461 813 648 850 amore
677 813 742 850 ac
766 796 1059 864 cupiditate
1085 797 1282 848 mirum
1315 796 1370 848 in
1399 797 1616 850 modum
1644 799 2024 853 exardescunt.

459 889 702 958 Cumque
721 887 1130 948 accurrentibus
1158 887 1264 942 illis
1285 887 1435 958 virgo
1461 903 1522 942 se
1541 904 1608 942 ex
1637 889 1849 943 illorum
1872 905 2028 958 aspe-

461 989 552 1034 ctu
585 979 936 1039 subduxerit,
972 983 1089 1030 tum
1123 992 1352 1048 magnus
1385 977 1648 1046 Princeps
1679 994 1742 1032 ex
1779 994 1899 1034 sese
1931 995 2028 1034 nu-

458 1071 554 1124 bes
603 1069 830 1132 emittit,
865 1076 924 1121 ut
955 1083 1064 1136 pt'tB
1093 1067 1374 1122 iracundia
1409 1069 1608 1122 mundo
1653 1070 1907 1124 tenebras
1941 1069 2026 1124 of-

459 1159 668 1214 fundat.
708 1159 883 1226 Atque
911 1158 1015 1212 hoc
1045 1157 1206 1212 modo
1233 1159 1282 1212 si
1313 1159 1685 1217 vehementius
1719 1167 2021 1230 prematur,

455 1247 692 1300 hominis
721 1245 894 1300 instar
929 1261 990 1300 ex
1017 1247 1216 1302 sudore
1241 1247 1504 1314 lassatur,
1535 1251 1628 1318 qui
1669 1249 1888 1320 quidem
1923 1265 2021 1305 su-

452 1340 552 1392 dor
579 1340 816 1409 pluviam
863 1339 1046 1394 efficit.
1091 1338 1183 1394 Sic
1209 1347 1264 1394 et
1311 1341 1566 1412 princeps
1612 1342 1772 1409 alter,
1812 1340 2022 1397 Messor

453 1431 792 1498 appellatus,
837 1431 884 1484 si
929 1429 1159 1499 virginis
1199 1429 1454 1486 illecebra
1497 1432 1765 1500 capiatur,
1809 1441 2022 1502 pestem

453 1521 506 1572 in
539 1520 848 1573 universam
877 1525 1076 1574 terram
1107 1518 1394 1587 perdendis
1421 1519 1730 1575 hominibus
1753 1521 2016 1574 immittit.

453 1609 729 1677 Siquidem
776 1623 978 1676 corpus
1002 1607 1145 1661 istud
1173 1621 1296 1662 cum
1345 1608 1548 1676 majore
1573 1609 1774 1662 mundo
1799 1623 2020 1678 compa-

351 1749 356 1752 .
454 1709 630 1752 ratum
665 1698 900 1750 inundus
926 1696 1158 1765 dicitur.
1195 1696 1461 1751 Caeterum
1505 1698 1752 1754 homines
1775 1700 2014 1754 universi

2129 526 2298 596 αὐτὴν
2351 523 2870 594 κεκαλλωπισμένην
2889 563 2904 586 ,
2955 521 3292 592 οῖστροῦνται
3343 521 3421 592 τῷ
3473 521 3702 595 φίλτρῳ,

2129 619 2223 672 καὶ
2281 616 2354 689 μὴ
2395 615 2677 687 δυνάμενοι
2725 615 2892 686 αὐτὴν
2940 615 3282 680 καταλαϐεῖν,
3345 615 3531 680 δεινῶς
3577 616 3701 686 exe.

2129 725 2313 777 γονται
2357 707 2436 778 τῷ
2481 705 2726 778 ἐρωτικῷ
2769 707 2934 777 πόθῳ,
2969 707 3060 760 τὸν
3089 706 3212 760 νοῦν
3251 707 3699 778 ὲξαρπασθέντες.

2127 800 2297 853 ’Όταν
2331 796 2446 862 οὖν,
2486 799 2787 870 τρεχόντων
2825 798 3023 864 αὐτῶν,
3073 800 3106 868 ἡ
3155 799 3420 868 παρθένος
3467 798 3702 865 ἄφαντος

2126 891 2370 960 γένηται,
2401 891 2520 943 τότε
2543 891 2571 943 ὁ
2591 891 2806 960 Ἀρχῳν
2833 891 2862 942 ὁ
2881 889 3050 959 μέγας
3089 889 3378 960 προϐάλλει
3411 891 3510 952 τὰς
3545 907 3598 942 νε
3609 889 3702 958 φέ-

2125 984 2223 1047 λας
2253 983 2310 1050 ἐξ
2339 983 2524 1045 αὐτοῦ,
2553 983 2700 1046 ὅπως
2729 983 2952 1054 σκοτίσῃ
2987 985 3053 1054 τῇ
3100 985 3236 1054 ὀργῇ
3264 981 3428 1036 αὐτοῦ
3473 984 3564 1036 τὸν
3603 985 3700 1037 κό-

2127 1091 2280 1144 σμον.
2313 1074 2421 1128 Καὶ
2460 1072 2632 1137 οὕτως
2665 1073 2767 1126 ἐὰν
2795 1072 2954 1146 θλίϐῃ
2997 1074 3160 1138 πάνυ,
3208 1073 3456 1143 καθάπερ
3487 1073 3700 1144 ἀνθρω-

2124 1183 2226 1230 πος
2271 1163 2431 1236 ίδρῶν
2471 1163 2866 1218 ἀποκοποῦται.
2909 1164 2969 1217 Ὁ
3023 1163 3080 1217 δὲ
3129 1163 3288 1235 ἱδρὼς
3343 1163 3507 1218 αὐτοῦ
3551 1166 3700 1218 ἐστιν

2123 1256 2157 1326 ἡ
2192 1255 2378 1325 βροχὴ.
2411 1253 2578 1324 Ὁμοῦ
2612 1253 2708 1306 καὶ
2733 1254 2762 1305 ὁ
2803 1253 3060 1324 θερισμὸς
3103 1253 3288 1324 ἄρχων
3321 1252 3433 1323 (29)
3469 1253 3562 1308 ἐὰν
3605 1270 3702 1306 συ-

2121 1342 2257 1414 ληθῇ
2293 1343 2396 1396 ὑπὸ
2435 1344 2533 1414 τῆς
2577 1343 2866 1414 παρθένου,
2903 1343 3159 1414 καταχέει
3209 1343 3396 1413 λοιμὸν
3435 1345 3520 1412 ἐφ’
3569 1345 3699 1414 ὅλης

2120 1437 2220 1506 τῆς
2255 1437 2376 1508 γῆς,
2406 1437 2555 1500 ὅπως
2593 1437 2890 1491 θανατώσει
2935 1439 3060 1501 τοὺς
3100 1437 3438 1510 ἀνθρώπους.
3483 1438 3556 1491 Τὸ
3587 1438 3699 1508 γάρ

2123 1528 2282 1598 σῶμα
2331 1526 2488 1580 τοῦτο
2539 1527 2743 1598 κόσμος
2783 1526 3028 1581 καλεῖται
3075 1527 3211 1599 πρὸς
3258 1529 3349 1581 τὸν
3396 1528 3566 1598 μέγαν
3603 1529 3696 1580 κό-

2121 1633 2278 1687 σμον.
2309 1617 2418 1668 Καὶ
2451 1617 2500 1668 οἱ
2533 1615 2808 1688 ἄνθρωποι
2859 1615 3060 1678 πάντες
3101 1615 3256 1686 ῥίζας
3297 1617 3498 1686 έχουσι,
3543 1617 3696 1670 κάτω

2123 1706 2464 1771 συνδεθείσας
2511 1707 2624 1770 τοῖς
2659 1707 2788 1760 ἀνω.
2829 1705 3060 1760 Ὃπύταν
3094 1701 3186 1760 οὖν
3223 1706 3424 1777 συληθῇ
3455 1706 3560 1759 ὑπὸ
3593 1705 3696 1776 τῆς

453 1789 661 1843 radices
692 1789 892 1842 habent
933 1787 1076 1840 infra
1120 1803 1242 1841 cum
1293 1787 1666 1857 superioribus
1715 1803 2007 1844 connexas.

2119 1797 2409 1867 παρθένου,
2439 1797 2560 1850 τότε
2597 1797 2824 1867 ἄρχεται
2873 1795 3094 1849 κόπτειν
3129 1795 3230 1859 τάς
3269 1794 3426 1864 ῥίζας
3455 1795 3564 1848 τῶν
3591 1796 3690 1849 ἀν-

453 1881 618 1951 lgitur
652 1895 774 1934 cum
824 1893 852 1932 a
905 1878 1114 1948 virgine
1161 1878 1424 1947 pellectus
1475 1888 1777 1949 captusque
1815 1879 2007 1946 fuerit,

2117 1886 2368 1958 θρώπων.
2413 1885 2524 1939 Καὶ
2569 1887 2695 1938 ὅταν
2731 1883 2971 1938 κοπῶσιν
3012 1885 3068 1937 αἱ
3126 1884 3272 1956 ῥίζαι
3323 1884 3526 1948 αὐτῶν,
3564 1885 3688 1938 τότε

451 1981 583 2024 tunc
629 1969 907 2024 hominum
959 1975 1248 2038 amputare
1284 1968 1496 2024 radices
1541 1970 1766 2041 incipit;
1813 1971 2014 2040 quibus

447 2061 680 2115 succisis
703 2099 716 2122 ,
753 2059 1065 2130 pestilentia
1113 2067 1416 2126 grassatur,
1471 2060 1652 2129 itaque
1681 2061 2009 2117 moriuntur.

449 2151 604 2217 Quod
637 2152 682 2204 si
717 2150 1002 2219 superiora
1047 2149 1249 2203 radicis
1298 2163 1408 2218 prae
1446 2149 1633 2204 labore
1673 2152 2012 2220 quatiantur,

447 2252 606 2296 terra:
631 2249 810 2295 motus
835 2240 1214 2308 consequitur,
1243 2254 1352 2309 quo
1373 2239 1594 2310 Bajulus
1625 2243 1784 2296 etiam
1811 2258 2014 2298 concu-

447 2335 598 2386 titur.
635 2331 706 2385 Ea
735 2346 898 2384 causa
932 2332 1122 2402 mortis
1153 2339 1258 2386 est.

517 2422 755 2476 XXVIII.
799 2421 955 2476 Nunc
981 2421 1113 2476 illud
1144 2422 1302 2477 vobis
1327 2437 1594 2493 exponam
1619 2462 1632 2486 ,
1661 2422 2012 2493 quemadmo-

445 2514 573 2568 dum
608 2515 790 2566 anima
841 2511 1082 2581 quinque
1115 2510 1170 2564 in
1201 2525 1432 2580 corpora
1477 2512 1916 2564 transfundatur.
1951 2509 2010 2564 In

447 2606 636 2673 primis
688 2605 832 2656 enim
881 2616 1006 2671 pars
1047 2601 1195 2655 illius
1231 2602 1426 2672 exigua
1480 2611 1824 2672 repurgatur.
1869 2603 2008 2654 Tum

446 2698 497 2748 in
529 2694 684 2747 canis
727 2693 809 2746 vel
855 2691 1048 2745 cameli
1101 2690 1184 2744 vel
1233 2677 1458 2745 alterius
1507 2693 1762 2746 ani-malis
1801 2705 2008 2760 corpus

443 2784 792 2840 transfertur.
826 2783 903 2836 Ac
929 2781 975 2837 si
1000 2781 1352 2836 homicidium
1381 2781 1567 2836 anima
1591 2783 2005 2852 perpetraverit,

443 2879 494 2928 in
529 2875 884 2944 celi-phorum
953 2886 1154 2941 corpus
1195 2870 1544 2927 transfertur.
1601 2871 1660 2926 Si
1709 2872 2008 2927 messuisse

441 2965 899 3035 deprehendatur,
955 2965 1011 3017 in
1061 2962 1252 3018 balbos
1301 2977 1366 3016 ac
1419 2963 1600 3034 lingua
1655 2962 2003 3032 eratpeditos.

439 3060 648 3112 Animae
677 3073 803 3110 vero
833 3056 948 3110 haec
979 3055 1096 3125 ipsa
1125 3053 1348 3108 nomina
1379 3064 1547 3110 sunt:
1584 3067 1737 3108 mens
1757 3094 1772 3116 ,
1816 3053 1968 3107 notio
1988 3093 2003 3116 ,

439 3151 794 3220 intelligentia
815 3188 829 3211 ,
857 3147 1024 3219 6‘5
1056 3147 1340 3217 cogitatio,
1367 3148 1731 3202 ratiocinatio.
1765 3148 1833 3199 At
1861 3161 2004 3202 mes-

437 3258 592 3299 sores
612 3282 626 3306 ,
655 3241 968 3311 quicunque
991 3245 1234 3303 metunt,
1267 3238 1574 3308 principum
1611 3239 1818 3292 similes
1850 3245 2001 3301 sunt,

436 3337 528 3404 qui
563 3335 616 3388 in
651 3332 890 3388 tenebris
929 3331 1040 3399 jam
1071 3337 1186 3383 tum
1221 3330 1290 3383 ab
1321 3330 1477 3384 initio
1525 3339 1833 3392 versantur,
1875 3345 2002 3384 cum

437 3426 596 3495 primi
638 3423 878 3476 hominis
929 3427 1262 3474 armaturam
1309 3421 1627 3475 adederunt.
1665 3419 1788 3474 ldco
1819 3429 2002 3477 trans-

437 3517 642 3586 portari
683 3515 804 3567 illos
859 3513 913 3565 in
959 3510 1141 3564 fenum
1176 3517 1270 3564 aut
1303 3511 1556 3580 phaselos
1597 3521 1692 3565 aut
1733 3511 2000 3568 hordeum

436 3619 528 3662 aut
557 3606 762 3678 spicam
793 3604 1009 3658 olerave
1037 3616 1262 3660 necesse
1286 3609 1368 3658 est
1387 3641 1402 3667 ,
1436 3611 1494 3656 ut
1522 3603 1653 3658 meti
1683 3602 2002 3673 suc-cidique

435 3699 666 3768 possint.
703 3695 852 3750 Pane
887 3696 931 3750 si
969 3695 1094 3764 quis
1141 3693 1402 3757 vescitur,
1451 3707 1645 3763 panem
1695 3693 1840 3748 hunc
1877 3695 1998 3749 fieri

434 3796 682 3859 Oportet,
708 3795 767 3842 ut
797 3795 850 3842 et
879 3787 996 3856 ipse
1028 3785 1368 3842 comedatur.
1399 3783 1566 3839 Avem
1589 3785 1682 3854 qui
1710 3785 1997 3852 occiderit,

433 3883 547 3936 :n‘is
581 3880 693 3933 fiet.
731 3878 998 3933 Similiter
1033 3877 1128 3946 qui
1173 3891 1384 3932 murem
1425 3877 1727 3943 occiderit,
1779 3878 1833 3932 in
1877 3893 1999 3932 mu-

434 3988 544 4027 rem
581 3971 1030 4026 commutabitur.
1065 3969 1332 4025 Praeterea
1369 3969 1416 4024 si
1455 3969 1580 4038 quis
1626 3969 1680 4022 in
1733 3969 1833 4024 hac
1883 3971 1994 4024 vita

431 4065 582 4118 dives
615 4061 778 4116 fuerit
802 4101 816 4124 ,
851 4059 940 4114 ubi
970 4075 1034 4113 ex
1067 4073 1298 4128 corpore
1329 4057 1646 4128 migraverit
1674 4057 1728 4112 in
1760 4057 1994 4112 mendici

429 4169 628 4225 corpus
661 4151 1044 4216 transferetur,
1077 4160 1135 4204 ut
1161 4149 1426 4204 oberrans
1477 4147 1672 4218 stipem
1707 4157 1991 4217 corroget,

431 4249 666 4316 indeque
693 4245 1088 4314 sempiternum
1121 4242 1186 4294 ad
1220 4240 1545 4310 supplicium
1579 4241 1879 4310 perveniat.
1919 4241 1994 4294 Ac

427 4351 553 4389 eum
581 4343 829 4388 nostrum
861 4331 1006 4388 istud
1043 4345 1244 4399 corpus
1275 4329 1342 4383 ad
1377 4329 1652 4399 principes
1673 4328 1992 4382 materiam-

425 4441 532 4496 que
549 4425 840 4494 pertineat,
869 4423 962 4492 qui
984 4421 1260 4476 Persicam
1287 4420 1533 4476 arborem
1561 4421 1788 4490 plantat,
1819 4420 1987 4473 multa
2025 4459 2068 4514 Β

425 4519 474 4571 ei
494 4530 720 4584 corpora
739 4513 988 4568 obeunda
1001 4520 1152 4586 sunt,
1171 4511 1342 4566 donec
1357 4510 1574 4566 Persica
1594 4513 1684 4565 illa
1707 4511 1990 4566 deciderit.

425 4607 530 4672 Qui
567 4606 672 4662 sibi
703 4605 805 4676 ipsi
840 4605 1059 4657 domum
1091 4602 1356 4666 exstruit,
1393 4601 1448 4655 in
1475 4602 1730 4656 universa
1757 4615 1990 4670 corpora

425 4697 780 4752 distraltetur.
815 4693 918 4761 Qui
973 4693 1026 4747 in
1081 4708 1220 4764 aqua
1271 4693 1451 4758 lavat,
1499 4698 1768 4746 suammet
1817 4690 1992 4760 ipsius

425 4789 665 4842 animam
718 4785 990 4856 astringit.
1043 4783 1147 4850 Qui
1179 4783 1372 4838 electis
1422 4783 1594 4853 ipsius
1629 4783 1850 4854 pietatis
1890 4781 1992 4835 ali-

423 4878 569 4950 quod
605 4893 807 4933 munus
839 4891 947 4931 non
979 4873 1223 4936 dederit,
1255 4888 1352 4943 per
1383 4874 1580 4928 inultas
1608 4875 1990 4944 generationes

425 4981 616 5039 poenas
663 4965 966 5036 expendet,
1011 4973 1173 5033 atque
1205 4961 1260 5015 in
1305 4963 1825 5018 catechumenorum
1863 4978 1992 5018 cor-

424 5076 556 5129 pora
607 5057 896 5120 transibit,
945 5055 1118 5110 donec
1161 5069 1386 5108 munera
1431 5056 1836 5126 quamplurima
1876 5057 1988 5111 lar-

423 5153 620 5222 giatur.
657 5148 742 5205 0b
781 5145 1125 5202 idi-ciborum
1165 5145 1470 5216 exquisitos
1515 5161 1763 5217 quosque
1799 5147 1989 5204 electis

421 5241 676 5295 oil'erttnt.

491 5331 694 5385 Panem
727 5337 1016 5400 antequam
1051 5329 1339 5384 comedunt
1359 5367 1375 5394 ,
1404 5329 1704 5394 orationem
1745 5329 1818 5383 ita
1849 5343 1986 5384 eon-

419 5427 628 5494 cipiunt
655 5422 721 5477 ad
751 5437 943 5492 panem
971 5436 1222 5476 sermone
1251 5435 1517 5476 converso
1550 5437 1561 5472 :
1597 5417 1782 5489 Neque
1803 5435 1904 5490 ego
1929 5430 1984 5476 te

511 5619 602 5693 ‘29)
653 5623 828 5692 Ὁμοῦ
855 5623 951 5677 καί
981 5624 1013 5677 ό
1038 5619 1317 5690 θερισμὸς
1347 5617 1576 5693 ἀθέων.
1617 5616 1679 5693 F_.
1707 5619 1983 5693 θεριστής.

511 5625 602 5693 ‘29)
653 5625 828 5692 Ὀμοῦ
855 5625 951 5677 καί
981 5625 1013 5677 ό
1038 5625 1317 5690 θερισμὸς
1359 5625 1576 5688 ἅρχων.
1617 5625 1678 5672 ιε’.
1707 5625 1983 5691 θεριστής.

489 5625 600 5764 ξὸυ)
641 5695 709 5749 EI
739 5711 828 5760 τις
883 5693 1122 5748 λούεται
1173 5693 1252 5756 εις
1297 5689 1363 5743 τὸ
1409 5687 1583 5756 ὕδωρ.
1641 5688 1767 5744 Cor.
1823 5688 1877 5744 εί
1902 5707 1988 5756 τις

2033 3116 2075 3172 C

2115 1981 2340 2048 ἄρχεται
2383 1977 2570 2048 λοιμὸς
2599 1977 2862 2047 γίνεσθαι,
2897 1978 2992 2030 καὶ
3025 1975 3196 2041 οὕτως
3234 1976 3686 2048 ἀποθνήσκουσιν.

2127 2069 2252 2122 Ἐἀν
2286 2069 2342 2122 δὲ
2391 2069 2458 2122 τὰ
2504 2067 2617 2121 ἀνω
2660 2067 2760 2138 τῆς
2809 2069 2964 2140 ῥίζης
2996 2067 3142 2138 πόνῳ
3183 2067 3440 2140 σαλεύσῃ,
3468 2067 3688 2138 σεισμὸς

2114 2159 2356 2228 γίγνεταί
2385 2176 2445 2212 τε
2477 2160 2569 2212 καὶ
2607 2159 2981 2224 ἐπακολουθεῖ,
3013 2158 3436 2229 συγκινουμένου
3465 2158 3564 2230 μὲν
3589 2156 3687 2211 τοῦ

2127 2250 2442 2322 Ὠμοφόρου.
2471 2249 2619 2322 Αὕτη
2647 2253 2682 2322 ή
2713 2251 2860 2305 αἰτία
2887 2249 2980 2304 τοῦ
3007 2250 3263 2306 θανάτου.

2183 2428 2314 2481 KH’.
2349 2427 2490 2498 Ἐρῶ
2538 2427 2594 2480 δὲ
2639 2429 2767 2497 ὑμῖν
2805 2428 2900 2480 καὶ
2945 2427 3120 2492 τοῦτο,
3155 2428 3272 2490 πῶς
3299 2427 3684 2498 μεταγγίζεται

2113 2517 2146 2587 ἡ
2178 2516 2322 2584 ψυχὴ
2354 2517 2434 2578 είς
2461 2515 2622 2568 πέντε
2653 2513 2900 2584 σώματα.
2933 2513 3162 2584 ’Πρῶτον
3201 2513 3552 2586 καθαρίζεται
3591 2531 3682 2584 μι-

2113 2607 2242 2676 κρόν
2289 2622 2341 2658 τι
2386 2605 2479 2658 ἀπ’
2505 2604 2700 2674 αὐτῆς·
2746 2599 2864 2656 εἶτα
2901 2603 3281 2673 μεταγγίςεται
3323 2607 3404 2668 είς
3437 2606 3614 2669 κυνὸς,
3645 2605 3680 2675 ἦ

2111 2699 2190 2760 είς
2221 2695 2488 2766 καμήλου,
2519 2695 2553 2764 ἢ
2577 2696 2662 2758 είς
2690 2695 2875 2765 ἑτέρου
2909 2693 3047 2758 ζώου
3075 2695 3252 2765 σῶμα.
3295 2696 3418 2749 Ἐὰν
3442 2691 3555 2767 δεῇ
3585 2713 3683 2750 πε-

2111 2787 2400 2854 φονευκυῖα
2443 2784 2610 2855 ψυχὴ,
2661 2786 2738 2848 είς
2788 2783 3029 2853 κελεφῶν
3076 2784 3234 2854 σῶμα
3281 2785 3679 2855 μεταφέρετα·

2109 2876 2204 2930 ὲάν
2231 2877 2288 2929 δὲ
2315 2876 2576 2946 θερίσασα
2605 2876 2823 2948 εὑρεθῇ,
2854 2878 2932 2939 είς
2963 2875 3302 2946 μογιλάλους.
3337 2876 3446 2946 Τῆς
3479 2875 3535 2928 δὲ
3572 2876 3678 2946 ψυ-

2109 2968 2208 3039 χῆς
2236 2970 2350 3021 ἐστι
2381 2967 2450 3020 τὰ
2479 2967 2718 3037 ὀνόματα
2749 2967 2920 3020 ταῦτα
2939 2966 3118 3032 ⁸·νοῦς,
3161 2966 3360 3032 ἔννοια,
3397 2967 3676 3038 φρόνησις,

2109 3059 2423 3130 ὲνθύμησις,
2465 3057 2743 3128 λογισμός.
2779 3059 2840 3112 Ol
2889 3057 2948 3110 δὲ
2983 3057 3248 3128 θερισταὶ,
3279 3059 3394 3111 ὅσοι
3433 3057 3678 3128 θερίζου-

2114 3169 2218 3216 σιν,
2270 3151 2478 3204 ἐοίκασι
2524 3153 2635 3214 τοῖς
2686 3149 2913 3220 ἄρχουσι
2962 3150 3072 3211 τοῖς
3107 3148 3366 3219 ἁπαρχῆς
3399 3144 3548 3201 οὖσιν
3597 3149 3678 3211 είς

2112 3243 2321 3304 σκότος,
2353 3243 2439 3295 ὅτε
2477 3241 2677 3310 ἔφαγον
2727 3241 2790 3291 ἐκ
2837 3237 2938 3308 τῆς
2977 3237 3070 3290 τοῦ
3121 3237 3338 3308 πρώτου
3387 3238 3674 3309 ἀνθρώπου

2109 3333 2426 3396 πανοπλίας.
2475 3333 2566 3386 Διὸ
2617 3331 2828 3402 ἀνάγκη
2876 3332 3072 3395 αὐτοὺς
3128 3329 3550 3402 μεταγγισθῆναι
3588 3333 3676 3394 μείς

2111 3425 2319 3496 χόρτον,
2367 3424 2401 3494 ἢ
2452 3423 2531 3487 εἰς
2585 3423 2842 3492 φασήλια,
2893 3422 2926 3492 ἢ
2979 3423 3058 3485 είς
3111 3420 3323 3492 κριθὴν,
3363 3419 3397 3490 ἢ
3431 3421 3510 3482 είς
3543 3420 3675 3472 στά-

2107 3531 2224 3584 χυν,
2254 3513 2286 3584 ἢ
2323 3515 2402 3577 εἰς
2441 3513 2663 3583 λάχανα,
2705 3514 2789 3566 ἵνα
2827 3511 3114 3582 θερισθῶσι
3149 3512 3240 3565 καὶ
3281 3509 3507 3564 κοπῶσι.
3561 3509 3676 3562 Καὶ

2108 3606 2161 3657 εἴ
2210 3622 2292 3667 τις
2321 3603 2481 3657 πάλιν
2509 3603 2678 3656 ἐσθίει
2707 3604 2888 3674 ἄρτον,
2935 3604 3148 3673 ἀνάγκη
3190 3602 3283 3656 καὶ
3331 3599 3494 3655 αὑτὸν
3533 3599 3674 3669 βρω-

2107 3695 2266 3765 θῆναι
2307 3695 2468 3766 ἀρτον
2511 3695 2818 3766 γενόμενον.
2873 3694 2944 3748 Εἴ
2996 3711 3079 3756 τις
3125 3694 3369 3762 φονεύσει
3417 3689 3670 3762 ὀρνίθιον,

2105 3786 2331 3857 ὀρνίθιον
2359 3787 2529 3840 ἔσται.
2580 3787 2647 3840 El’
2685 3803 2768 3850 τις
2815 3785 3060 3855 φονεύσει
3089 3785 3212 3856 μῦν,
3247 3786 3341 3838 καὶ
3375 3784 3535 3847 αὐτὸς
3566 3781 3670 3853 μῦς

2104 3879 2271 3936 ἔσται.
2307 3879 2375 3932 El’
2397 3896 2480 3941 τις
2520 3877 2680 3932 πάλιν
2721 3877 2836 3930 ἐστὶ
2879 3876 3133 3939 πλούσιος
3181 3877 3236 3928 ἐν
3275 3876 3448 3947 τούτῳ
3469 3875 3546 3945 τῷ
3577 3873 3669 3927 κό-

2105 3987 2246 4040 σμῳ,
2298 3970 2393 4022 καὶ
2441 3969 2534 4022 ἐὰν
2571 3967 2762 4038 ἐξέλθῃ
2823 3969 2883 4020 ὲκ
2935 3967 3029 4019 τοῦ
3085 3965 3435 4036 σκηνώματος
3477 3963 3666 4026 αὐτοῦ,

2103 4059 2314 4130 ἀνάγκη
2365 4057 2527 4112 αὑτὸν
2590 4059 2668 4119 εἰς
2725 4056 2938 4126 πτωχοῦ
3000 4057 3162 4128 σῶμα
3218 4054 3670 4126 μεταγγισθῆναι.

2101 4151 2236 4204 ὥστε
2303 4147 2702 4221 περιπατοῦντα
2771 4147 2932 4202 αὐτὸν
2985 4147 3278 4217 ἐπαιτῆσαι
3303 4186 3318 4207 ,
3373 4144 3467 4198 καὶ
3523 4149 3666 4214 μετὰ

2101 4242 2268 4295 ταῦτα
2313 4241 2556 4294 ἀνελθεῖν
2593 4239 2754 4292 αὑτὸν
2801 4241 2882 4302 εἰς
2925 4239 3141 4293 κόλασιν
3179 4234 3414 4290 αἰώνιον.
3457 4235 3565 4289 Τοῦ
3607 4233 3663 4286 δὲ

2101 4332 2348 4404 σώματος
2391 4331 2579 4385 τούτου
2619 4331 2772 4393 ὄντος
2801 4331 2910 4384 τῶν
2947 4329 3223 4401 ἀρχόντων
3251 4328 3344 4382 καὶ
3381 4327 3481 4396 τῆς
3509 4325 3664 4390 ὕλης,

2099 4421 2308 4491 ἀνάγκη
2345 4420 2435 4472 τὸν
2478 4418 2776 4486 φυτεύοντα
2817 4417 3053 4490 περσέαν
3093 4415 3318 4470 διελθεῖν
3359 4412 3527 4466 πολλὰ
3555 4414 3660 4462 cti—

2099 4529 2264 4583 ματα,
2298 4511 2400 4572 ἕως
2423 4509 2488 4563 ἂν
2511 4509 2824 4580 καταϐληθῇ
2855 4511 2888 4580 ἠ
2927 4509 3134 4580 περσέα
3169 4505 3373 4576 ἐκείνη,
3397 4505 3462 4558 El
3493 4502 3549 4556 δέ
3579 4517 3663 4557 τις

2092 4601 2364 4671 οἰκοδομεῖ
2413 4599 2588 4671 ἑαυτῷ
2631 4595 2829 4665 οἰκίαν,
2877 4598 3414 4673 διασπαραχθήσεται
3459 4595 3538 4658 είς
3593 4591 3664 4645 τά

2091 4693 2186 4747 ὅλα
2217 4690 2462 4764 σώματα.
2509 4692 2576 4744 Εἴ
2617 4709 2700 4756 τις
2739 4691 2953 4746 λούεται
2986 4695 3066 4757 είς
3115 4692 3176 4746 τὸ
3217 4689 3360 4760 ὕδωρ
3395 4685 3529 4759 ('50),
3565 4684 3663 4755 τὴν

2093 4783 2284 4839 ἑαυτοῦ
2309 4783 2484 4854 ψυχὴν
2519 4784 2732 4855 πήσσει.
2761 4783 2874 4836 Καὶ
2899 4784 2952 4836 εί
2977 4799 3060 4846 τις
3083 4783 3146 4835 οὐ
3175 4781 3354 4834 δίδωσι
3377 4781 3486 4840 τοῖς
3513 4775 3664 4830 ἐκλε-

2095 4877 2243 4938 κτοῖς
2273 4874 2436 4928 αὐτοῦ
2461 4873 2764 4939 εὐσέβειαν,
2791 4871 3180 4942 κολασθήσεται
3217 4869 3296 4930 είς
3318 4865 3416 4928 τὰς
3451 4863 3662 4933 γενεὰς,

2096 4967 2190 5020 καὶ
2233 4963 2737 5036 μετενσωματοῦται
2795 4964 2876 5026 είς
2926 4957 3344 5031 κατηχουμένων
3398 4956 3624 5024 σώματα
3639 4991 3661 5016 .,

2093 5057 2199 5120 ἕως
2252 5051 2314 5110 οὗ
2363 5057 2436 5128 δῷ
2471 5055 2750 5118 εὐσεϐείας
2797 5053 3014 5114 πολλάς.
3047 5051 3156 5103 Καὶ
3197 5048 3286 5103 διὰ
3327 5047 3486 5102 τοῦτο
3527 5044 3580 5098 εἰ
3611 5061 3665 5096 τι

2095 5148 2378 5204 κάλλιστον
2423 5149 2480 5200 ὲν
2513 5145 2766 5218 βρώμασι
2807 5147 2919 5208 τοῖς
2962 5142 3236 5204 ἐκλεκτοῖς
3276 5136 3661 5211 προσφέρουσι.

2165 5330 2274 5384 Καὶ
2321 5331 2447 5386 ὅταν
2487 5327 2746 5400 μέλλωσιν
2791 5325 2990 5380 ἐσθίειν
3030 5326 3226 5396 ἄρτον,
3275 5318 3668 5392 προσεύχονται

2094 5419 2308 5492 πρῶτον
2355 5420 2496 5473 οὕτω
2542 5417 2794 5486 λέγοντες
2844 5417 2979 5488 προς
3035 5417 3124 5470 τὸν
3179 5414 3341 5485 ἀρτον
3361 5428 3374 5443 ο
3419 5409 3556 5464 Οὔτε
3603 5423 3664 5461 σε

2093 5615 2330 5702 λούεται,
2354 5619 2432 5702 είς
2454 5619 2520 5701 το
2542 5618 2704 5690 ὕδωρ.
2737 5616 2936 5688 Siquis
2969 5617 3132 5684 lavat,
3178 5614 3234 5669 in
3282 5625 3474 5684 aquam
3513 5623 3662 5666 suam

2095 5697 2404 5760 constringit
2427 5697 2682 5744 animam.
