4008 6240
331 358 407 419 ῖτ
921 374 1290 433 Αυιτειιευε
1330 373 1669 432 "massas
1708 371 1834 427 Lm.
1865 371 1904 427 ti

2010 371 2140 427 'OM.
2179 369 2242 427 ll.
2289 404 2342 414 —
2389 373 2662 432 ΠΑΞΒΕὸ.
2694 375 2878 432 LXVI.
3497 382 3568 421 Ἲκ

320 492 434 562 ἐγὼ
461 492 697 564 ἐθέρισα,
726 492 848 546 οῦτε
890 491 1076 565 ήλεσα,
1116 493 1239 547 οὔτε
1299 493 1491 564 ἐθλιψά
1542 511 1622 557 σε,
1661 491 1783 546 οῦτε
1818 492 1896 553 είς

2010 492 2226 549 messui.
2259 507 2434 561 neque
2455 493 2641 559 molui,
2669 508 2768 549 nec
2787 493 3071 564 expressi,
3092 507 3191 547 nec
3215 490 3268 544 in
3293 490 3566 544 clibanum

318 584 574 639 κλίϐανον
620 584 829 639 ἔϐαλον.
861 586 1022 638 Ἀλλὰ
1066 587 1223 650 ἄλλος
1276 586 1499 656 ἐποίησε
1544 584 1747 646 ταῦτα,
1803 581 1898 636 καὶ

319 676 517 745 ἤνεγκέ
562 693 680 746 μοι’
728 679 838 745 ἐγὼ
882 679 1135 742 ἀναιτίως
1187 679 1402 748 ἔφαγον.
1453 679 1560 732 Καὶ
1600 678 1728 730 ὅταν
1777 674 1898 726 καθ’

319 767 512 821 ἑαυτὸν
540 769 667 838 εἴπῃ
711 768 904 832 ταῦτα,
947 770 1092 838 λέγει
1142 771 1218 841 τῷ
1261 769 1682 840 κατηχουμένῳο
1721 766 1898 829 uege—

324 875 431 931 μην
477 860 618 931 ὑπὲρ
664 860 779 915 σοῦ.
833 862 940 913 Καὶ
984 861 1154 926 οὕτως
1206 861 1500 930 ἀφίσταται
1547 860 1768 920 ἐκεῖνος.
1813 857 1900 917 Ὠς

320 951 431 1021 γὰρ
461 947 614 1004 εἷπον
643 953 768 1022 ὑμῖν
799 953 906 1024 πρὸ
931 953 1133 1023 ὀλίγου,
1174 955 1226 1007 εί
1257 971 1341 1016 τις
1387 953 1610 1024 θερίζει,
1649 948 1900 1020 θερισθῆ-

321 1060 504 1097 σεταιο
536 1043 710 1108 οὕτως
755 1044 849 1098 ἐὰν
895 1047 975 1108 εἰς
1015 1045 1262 1116 μηχανὴν
1314 1047 1455 1098 σῖτον
1485 1042 1673 1113 βάλλῃ.
1703 1039 1900 1110 βληθή-

319 1153 475 1190 σεται
507 1138 601 1191 καὶ
631 1137 810 1200 αὐτὸς,
844 1137 878 1208 ἢ
929 1137 1177 1207 φυράσας
1213 1137 1607 1208 φυραθήσεται,
1643 1133 1676 1203 ἢ
1727 1129 1897 1198 ὀπτή-

317 1245 420 1290 σας
453 1229 614 1298 ἄρτον
640 1228 1028 1300 ὀπτηθήσεται.
1065 1229 1171 1281 Καὶ
1195 1227 1283 1280 διὰ
1305 1226 1462 1281 τοῦτο
1488 1225 1779 1295 ἀπείρηται
1805 1212 1904 1274 αῦ-

314 1323 432 1384 τοϊς
469 1319 630 1391 ἔργον
669 1319 914 1389 ποιῆσαι.
957 1319 1067 1372 Kal.
1110 1317 1272 1372 πάλιν
1318 1317 1454 1370 εἰσὶν
1496 1315 1671 1385 ἕτεροι
1708 1313 1900 1383 κόσμοι

316 1415 462 1474 τινες
506 1410 615 1462 τῶν
653 1409 956 1480 φωστήρων
996 1408 1266 1460 δυνὰντων
1303 1405 1413 1458 ἀπὸ
1450 1404 1638 1456 τούτου
1683 1403 1780 1456 τοῦ
1811 1402 1893 1454 κό-

317 1518 481 1571 σμου,
518 1499 579 1564 ἐξ
620 1493 694 1552 ὢν
716 1499 1084 1554 ἀνατέλλουσι.
1118 1497 1228 1552 Καὶ
1265 1496 1316 1549 εί
1351 1513 1434 1559 τις
1481 1496 1774 1566 περιπατεῖ
1800 1511 1898 1562 χα⁴

320 1595 440 1664 μαὶ,
475 1589 701 1665 βλάπτει
727 1593 830 1664 τὴν
868 1593 1003 1662 γῆν
1041 1592 1133 1645 xal.
1175 1592 1204 1644 6
1235 1590 1399 1645 κινῶν
1429 1589 1528 1658 τὴν
1565 1591 1744 1659 χεῖρα,
1775 1586 1902 1656 βλά-

317 1703 442 1738 πτει
469 1685 560 1738 τὸν
584 1685 750 1755 ἀέρα⁹
781 1685 967 1754 ἐπειδὴ
1007 1684 1038 1735 6
1076 1684 1185 1754 ἀὴρ
1212 1681 1356 1753 ψυχή
1399 1683 1519 1734 ἐστι
1555 1680 1662 1734 τῶν
1687 1678 1894 1750 ἀνθρὼ-

2001 581 2262 652 imposui.
2293 583 2448 639 Alius
2478 585 2592 640 haec
2619 587 2804 641 omnia
2831 587 3112 657 praestitit,
3142 585 3385 653 mihique
3409 581 3568 635 obtu-

2001 671 2063 725 lit
2089 690 2103 736 ;
2139 689 2240 742 ego
2271 675 2339 728 ab
2367 675 2513 728 omni
2549 676 2708 745 culpa
2745 677 3010 732 innocens
3040 692 3251 731 vescor.
3282 676 3412 740 Qua:
3441 687 3567 725 cum

2001 766 2145 832 apud
2204 782 2261 820 se
2322 770 2736 836 pronuntiavit,
2789 778 2904 822 tum
2947 770 3338 825 catechmneno
3390 763 3567 819 dicit:

2004 855 2107 911 l'ro
2140 868 2190 912 te
2221 864 2392 914 oravi.
2429 861 2503 914 Ita
2534 861 2622 914 ille
2653 861 2906 917 discedit.
2940 860 3098 926 Nam,
3131 871 3186 914 ut
3217 858 3373 914 vobis
3407 855 3569 926 paulo

2001 959 2130 1004 ante
2161 950 2273 1005 dixi
2305 991 2320 1015 ,
2348 955 2440 1022 qui
2471 955 2762 1009 messucrit
2789 961 2845 1010 et
2870 954 3052 1026 ipsum
3073 968 3198 1009 esse
3219 949 3530 1008 metendum
3549 985 3568 1009 ,

2001 1040 2074 1092 ita
2100 1041 2195 1110 qui
2227 1041 2279 1094 in
2311 1042 2736 1099 instrumentum
2765 1046 2984 1116 aliquod
3013 1045 3345 1099 frumentum
3368 1039 3571 1109 injece-

2002 1142 2101 1196 Nl,
2132 1132 2464 1203 injiciendus
2486 1147 2533 1191 et
2566 1139 2681 1208 ipse
2705 1146 2823 1204 est,
2859 1145 2918 1192 ut
2944 1137 3036 1208 qui
3072 1148 3309 1191 massam
3338 1132 3570 1199 subege-

1997 1223 2100 1286 rit,
2137 1225 2476 1294 subigendus
2511 1232 2935 1301 coquendusque
2977 1230 3074 1299 qui
3121 1241 3316 1298 panem
3341 1221 3570 1277 coxerit.

2002 1312 2297 1382 Propterea
2331 1319 2477 1372 omni
2507 1335 2669 1389 opere
2697 1322 2803 1377 illis
2830 1321 3200 1389 interdicitur.
3234 1317 3379 1383 Quin
3409 1313 3572 1368 etiam

2001 1405 2094 1457 alii
2125 1415 2290 1469 sunt,
2331 1408 2584 1478 inquiunt
2605 1451 2620 1475 ,
2658 1387 2944 1468 mundt’ex
2976 1411 3179 1482 quibus
3209 1409 3466 1464 ori-untur
3500 1403 3576 1456 si-

2003 1493 2166 1559 dera,
2203 1511 2322 1564 qua:
2351 1498 2419 1552 ab
2462 1499 2564 1553 hoc
2615 1509 2804 1556 nostro
2855 1501 3157 1556 occidendo
3197 1498 3484 1554 recedant.
3517 1495 3574 1549 Si

1999 1583 2127 1651 quis
2179 1585 2332 1640 humi
2388 1589 2661 1652 ambulet,
2720 1598 2920 1647 terram
2953 1591 3138 1654 laedit,
3195 1599 3253 1644 ut
3297 1596 3350 1644 et
3393 1601 3574 1642 aerem

2005 1671 2148 1724 laedit
2181 1674 2274 1742 qui
2309 1689 2529 1730 manum
2562 1679 2764 1748 agitat,
2795 1693 2919 1734 cum
2955 1693 3048 1734 aer
3078 1678 3360 1733 hominum
3391 1684 3446 1731 et
3478 1676 3574 1732 be-

315 1794 455 1842 πων,
499 1777 594 1830 καὶ
635 1776 742 1828 τῶν
788 1774 962 1840 ζώων,
1012 1775 1106 1828 καὶ
1146 1773 1254 1828 τῶν
1307 1771 1590 1836 πετεινῶν,
1648 1772 1743 1826 καὶ
1794 1771 1902 1824 τῶν

2010 1763 2231 1815 sliat-um
2258 1779 2322 1818 ac
2350 1766 2630 1820 volucrum
2662 1775 2716 1823 et
2745 1768 2978 1838 piscium
3000 1777 3054 1823 et
3077 1767 3352 1837 reptilium
3387 1766 3571 1818 anima

319 1838 540 1937 ίχθύιυν,
571 1867 665 1920 καὶ
687 1838 1080 1937 τῶνέρπετῶν.
1105 1866 1212 1918 Καὶ
1235 1863 1290 1917 εί
1309 1881 1393 1927 τις
1419 1865 1478 1916 ἐν
1513 1864 1703 1932 κόσμῳ
1733 1863 1898 1924 ἐστὶν,

2010 1853 2095 1906 sit.
2130 1853 2454 1925 Quicunque
2483 1873 2613 1912 vero
2647 1859 2701 1912 in
2737 1859 2942 1914 mundo
2971 1867 3057 1916 est
3079 1900 3092 1922 ,
3126 1861 3229 1913 hoc
3260 1859 3436 1928 ipsum
3461 1895 3477 1917 ,
3513 1863 3574 1909 ut

315 1956 469 2012 εἶπον
504 1959 652 2029 ὑμῖν,
685 1959 766 2011 ὅτι
804 1958 864 2011 τὸ
896 1957 1054 2028 σῶμα
1104 1957 1262 2010 τοῦτο
1306 1957 1406 2010 οῦκ
1451 1955 1566 2010 ἐστι
1611 1953 1703 2007 τοῦ
1743 1953 1898 2017 Θεοῦ,

317 2049 451 2103 ἀλλὰ
485 2048 586 2118 τῆς
620 2048 752 2119 ὕλης
781 2049 917 2115 ἐστὶ,
952 2050 1048 2102 καὶ
1079 2047 1269 2112 σκότος
1307 2050 1446 2110 ἐστὶ,
1478 2047 1572 2101 καὶ
1601 2045 1732 2098 αὐτὸ
1778 2060 1903 2097 σκο-

311 2141 555 2211 τωθῆναι
596 2143 695 2194 δεῖ.

385 2232 515 2286 Κθί.
560 2232 696 2302 Περὶ
735 2232 794 2284 δὲ
845 2230 939 2283 τοῦ
997 2231 1346 2300 παραδείσου,
1380 2231 1484 2296 (ούὶ
1533 2233 1774 2287 καλεῖται
1813 2236 1903 2288 κό-

317 2341 474 2396 σμος.
496 2323 663 2393 Ἐστι,
687 2323 742 2376 δὲ
768 2324 834 2376 τὰ
871 2321 1011 2391 φυτὰ
1040 2323 1109 2376 τὰ
1131 2325 1188 2375 ἐν
1209 2321 1358 2392 αὐτῷ
1379 2323 1661 2394 ἐπιθυμία,
1694 2325 1787 2378 καὶ
1811 2327 1902 2380 ἄλ-

313 2415 405 2470 λαι
434 2415 666 2477 ἀπάται,
690 2413 1094 2485 διαφθείρουσαι
1119 2413 1244 2475 τοὺς
1262 2413 1552 2484 λογισμοὺς
1572 2414 1680 2469 τῶν
1703 2416 1905 2488 ἀνθρώ-

314 2525 434 2561 πων
457 2507 700 2562 ἐκείνων.
719 2505 791 2558 Τὸ
822 2505 879 2557 δὲ
909 2506 966 2557 ἐν
989 2503 1298 2574 παραδείσῳ
1328 2503 1512 2572 φυτὸν,
1541 2505 1602 2570 ἐξ
1623 2499 1684 2558 οὗ
1716 2509 1904 2578 γνωρί-

315 2597 468 2661 ζουσι
489 2596 549 2649 τδ
574 2594 754 2660 καλὸν,
779 2594 909 2646 αὑτό
938 2595 1082 2644 ἐστιν
1103 2594 1130 2643 6
1151 2590 1377 2660 Ἰησοῦς,
1403 2591 1434 2661 ἡ
1463 2591 1664 2660 γνῶσις
1685 2591 1846 2645 αὐτοῦ
1870 2594 1903 2662 ἡ

314 2691 374 2741 ἐν
408 2687 486 2758 τῷ
537 2687 754 2757 κόσμῳ⁶
799 2687 827 2739 6
882 2684 939 2738 δὲ
985 2682 1276 2754 λαμϐάνων
1322 2681 1586 2753 διακρίνει
1631 2683 1691 2736 τὸ
1743 2684 1904 2736 καλὸν

315 2779 505 2834 καὶτὸ
548 2777 804 2849 πονηρόν.
853 2778 912 2829 '0
949 2775 1132 2846 μέντοι
1159 2775 1383 2844 κόσμος,
1431 2775 1540 2827 οὐδ’
1585 2775 1746 2838 αὑτός
1789 2775 1904 2827 ἐστι

313 2871 408 2924 τοῦ
439 2869 596 2934 Θεοῦ,
623 2869 736 2922 ἀλλ’
767 2869 800 2940 ἢ
831 2868 940 2921 ἀπὸ
969 2867 1166 2939 μέρους
1209 2868 1306 2938 τῆς
1353 2867 1484 2936 ὕλης
1511 2865 1776 2939 ἐπλάσθη,
1812 2867 1906 2921 καὶ

313 2964 401 3016 διὰ
429 2962 586 3016 τοῦτο
616 2961 790 3014 πάντα
820 2959 1160 3030 ἀφανίζεται.
1201 2959 1266 3009 '0
1307 2957 1363 3010 δὲ
1407 2957 1675 3027 ἐσύλησαν
1716 2958 1766 3010 οἱ
1805 2959 1905 3028 ἄρ-

315 3070 502 3126 χοντες
557 3052 665 3106 ἀπὸ
715 3051 808 3104 τοῦ
862 3049 1080 3122 πρώτου
1129 3049 1441 3120 ἀνθρώπου,
1487 3049 1619 3102 αὑτό
1667 3051 1784 3104 ἐστι
1845 3048 1907 3102 τὸ

2001 1943 2150 2006 dixi,
2178 1959 2379 2013 corpus
2412 1961 2519 2000 non
2552 1945 2642 2001 Dei
2709 1946 2802 2002 sed
2834 1949 3075 2005 materiae
3105 1955 3225 2009 est,
3259 1957 3310 2001 et
3336 1944 3578 2000 tenebris
3619 1967 3622 1970 ·

1999 2032 2198 2088 obduci
2232 2049 2456 2091 necesse
2485 2045 2588 2092 est.

2069 2205 2235 2278 646
2273 2206 2463 2261 XXIX.
2498 2208 2653 2275 Quod
2680 2211 2748 2265 ad
2777 2211 3090 2280 paradisum
3116 2210 3358 2280 pertinet
3379 2248 3394 2272 ,
3425 2222 3579 2264 inan-

2005 2297 2107 2351 dus
2145 2299 2192 2354 is
2233 2300 2560 2369 appellatur.
2601 2302 2844 2357 Arbores
2883 2317 3050 2372 porro
3086 2302 3141 2354 in
3180 2317 3245 2356 eo
3279 2309 3436 2365 sunt,
3477 2314 3578 2354 cu-

2007 2388 2207 2456 piditas
2229 2431 2243 2454 ,
2274 2391 2502 2459 aliaeque
2533 2391 2754 2446 fraudes
2773 2432 2790 2456 ,
2820 2392 3021 2461 quibus
3046 2391 3266 2445 illorum
3296 2391 3578 2444 hominum

2003 2491 2437 2552 corrumpuntur
2467 2484 2659 2536 animi.
2690 2483 2823 2549 Qua:
2855 2491 3038 2537 autem
3069 2483 3124 2535 in
3161 2482 3415 2550 paradiso
3445 2496 3578 2534 con-

2007 2573 2111 2626 sita
2141 2582 2227 2628 est
2269 2575 2453 2639 arbor,
2487 2575 2646 2644 cujus
2679 2576 2941 2630 beneﬂcio
2969 2577 3176 2630 bonum
3219 2574 3577 2636 discernitur,

2005 2663 2162 2719 Iesus
2207 2676 2327 2731 est,
2362 2668 2591 2738 ejusque
2631 2669 2908 2738 cognitio,
2957 2684 3074 2738 quae
3107 2668 3160 2721 in
3210 2669 3413 2722 mundo
3455 2674 3580 2735 est;

2005 2771 2165 2826 quam
2218 2759 2312 2828 qui
2363 2761 2633 2830 percipit,
2687 2761 2889 2815 bonum
2934 2761 3252 2829 malumque
3292 2759 3579 2814 discernit.

2010 2850 2113 2904 Sed
2143 2866 2242 2904 nec
2276 2852 2514 2908 umndus
2549 2851 2665 2920 ipse
2693 2853 2759 2907 ad
2800 2851 2966 2906 Deum
2999 2851 3265 2921 pertinet,
3300 2866 3488 2906 verum
3512 2866 3579 2906 ex

2009 2940 2251 2994 materiae
2284 2941 2425 2994 mole
2458 2941 2722 2994 formatus
2752 2948 2876 3006 est;
2923 2941 2992 2996 ob
3037 2941 3089 2994 id
3141 2942 3396 2996 universa
3451 2956 3578 3011 per—

2007 3037 2161 3084 eunt.
2195 3030 2350 3096 Quod
2381 3039 2559 3084 autem
2608 3032 2782 3100 ptimo
2815 3046 2880 3085 ex
2915 3031 3136 3086 homine
3170 3030 3450 3100 principes
3490 3045 3575 3085 ra-

317 3121 544 3218 γεμίζον
589 3146 690 3215 τὴν
736 3121 986 3216 σελήνην,
1027 3143 1088 3196 τὸ
1136 3141 1563 3212 καθαριζόμενον
1598 3141 1903 3212 καθημερι-

2010 3133 2278 3190 puerunt,
2312 3121 2456 3176 istud
2506 3121 2684 3190 ipsum
2733 3137 2875 3176 onus
2919 3129 3035 3185 est,
3089 3121 3235 3191 quod
3282 3121 3580 3191 imponitur

317 3211 406 3294 ς)δρ
465 3237 574 3291 ἀπὸ
613 3211 706 3290 τις.
763 3211 993 3308 κόσμου’
1049 3235 1143 3288 και
1192 3211 1291 3287 ἐὰν
1335 3211 1526 3306 ἐξέλθῃ
1560 3235 1594 3305 ἡ
1635 3211 1782 3303 ψυχῆ
1825 3233 1900 3303 μὴ

2010 3213 2175 3274 hunc,
2208 3211 2460 3281 quodque
2485 3211 2722 3281 singulis
2767 3211 2959 3266 diebus
2982 3225 3012 3264 a
3051 3211 3236 3266 mundi
3259 3211 3583 3281 contagione

317 3330 523 3399 γνοῦσα
585 3328 684 3400 τὴν
739 3327 1027 3399 ἀλήθειαν,
1081 3324 1434 3396 παραδίδοται
1479 3327 1590 3388 τοῖς
1635 3323 1902 3393 δαίμοσιν,

318 3425 467 3485 ὅπως
491 3420 806 3491 δαμάσωσιν
849 3419 1017 3490 αὐτὴν
1049 3419 1108 3471 ἐν
1149 3421 1268 3480 ταῖς
1302 3417 1548 3485 γεένναις
1581 3415 1674 3470 τοῦ
1709 3415 1900 3486 πυρός.

319 3513 430 3568 Kal.
475 3511 612 3583 μετὰ
656 3510 755 3581 τὴν
793 3509 1073 3563 παίδευσιν
1109 3508 1498 3578 μεταγγίζεται
1531 3509 1610 3571 είς
1653 3507 1903 3577 σώματα,

322 3604 409 3657 ἵνα
439 3601 720 3673 δαμασθῇο
756 3602 851 3654 καὶ
898 3599 1041 3653 οὕτω
1090 3598 1338 3669 βάλλεται
1375 3600 1455 3662 είς
1494 3599 1554 3652 τὸ
1594 3599 1736 3669 μέγα
1769 3596 1902 3668 πῦρ,

323 3695 452 3767 ἄχρι
484 3697 584 3766 τῆς
612 3691 943 3755 συντελείας.

391 3788 472 3840 Λ’.
501 3786 637 3856 Περὶ⁸
676 3785 732 3838 δὲ
767 3783 874 3836 τῶν
910 3783 1040 3852 παρ’
1081 3781 1209 3852 ὑμῖν
1242 3782 1258 3812 ¹
1282 3781 1573 3852 προφητῶν
1611 3781 1782 3845 οὕτως
1815 3781 1904 3834 λέ-

321 3895 443 3947 γει·
481 3876 706 3947 Πνεῦμα
745 3871 885 3928 εἷναι
923 3872 1197 3937 ἀσεϐείας,
1240 3874 1358 3944 ἦτοι
1389 3874 1617 3944 ἀνομίας
1653 3874 1747 3928 τοῦ
1782 3875 1907 3928 σκό-

323 3986 470 4033 τους,
503 3967 596 4020 τοῦ
629 3967 724 4020 ἀπ’
757 3967 930 4037 ἀρχῆς
966 3954 1310 4027 ὀίνελθόντος⁸
1345 3965 1439 4017 καὶ
1469 3964 1556 4017 διὰ
1583 3964 1740 4019 τοῦτο
1767 3966 1908 4019 πλα-

326 4057 577 4129 νηθέντες
618 4058 717 4110 οὐκ
760 4058 780 4087 ⁸
827 4055 1115 4125 ἐλάλησαν.
1143 4053 1452 4123 Ἐτύῳλωσε
1498 4054 1605 4128 γὰρ
1658 4055 1837 4109 αὐτῶν
1879 4058 1908 4109 6

327 4149 508 4221 ἄρχων
553 4147 652 4219 τὴν
693 4147 952 4201 διάνοιαν.
1000 4146 1110 4201 Καὶ
1148 4144 1203 4197 ετ
1241 4163 1324 4208 τις
1355 4144 1636 4199 ἀκολουθεί
1686 4148 1798 4208 τοῖς
1825 4146 1909 4198 λό-

326 4256 443 4307 γοις
469 4237 666 4303 αὐτῶν,
709 4235 1045 4307 ἀποθνήσκει
1088 4239 1170 4300 εἰς
1197 4235 1333 4298 ’τοὺς
1375 4235 1598 4300 αἰῶνας,
1630 4235 1907 4306 δεδεμένος

326 4333 405 4394 είς
433 4330 532 4401 τὴν
569 4329 759 4400 βῶλον,
787 4330 868 4382 ὅτι
898 4329 999 4382 οὐκ
1025 4327 1193 4399 ἔμαθε
1231 4327 1328 4399 τὴν
1362 4325 1561 4395 γνῶσιν
1589 4327 1681 4380 τοῦ
1721 4329 1906 4398 Παρα-

326 4423 548 4493 κλήτου.
617 4420 948 4474 Ἐνετείλατο
994 4419 1050 4472 δὲ
1103 4421 1212 4481 τοῖς
1265 4417 1538 4482 ἐκλεκτοῖς
1582 4417 1692 4484 (51)
1743 4417 1906 4470 αὑτοῦ

2010 3313 2274 3374 purgatur
2299 3321 2313 3370 ;
2341 3305 2523 3358 anima
2553 3319 2710 3365 vero,
2741 3319 2863 3373 qua:
2887 3303 3133 3359 veritatis
3159 3319 3354 3373 expers
3378 3320 3444 3358 ex
3479 3303 3580 3366 hac

2005 3395 2118 3448 vita
2149 3395 2416 3458 discedit,
2447 3395 2788 3449 daemonibus
2819 3393 3075 3456 traditur,
3103 3405 3161 3448 ut
3183 3409 3304 3450 eam
3327 3394 3581 3464 geheuna

2006 3497 2170 3555 atque
2216 3485 2484 3540 incendiis
2521 3486 2796 3540 edoment.
2847 3483 3050 3541 Deinde
3095 3485 3171 3539 ita
3207 3485 3476 3556 castigata
3524 3486 3581 3542 in

2008 3593 2238 3647 corpora
2303 3577 2594 3632 cdotnandi
2657 3592 2871 3632 rursum
2923 3577 3098 3646 gratia
3143 3577 3578 3642 transmittitur;

2009 3671 2152 3724 unde
2192 3670 2465 3738 ingentem
2503 3669 2558 3722 in
2624 3668 2802 3738 ignem
2837 3668 2902 3723 ad
2933 3667 3094 3723 tinem
3127 3682 3301 3737 usque
3329 3667 3582 3722 mittitur.

2083 3759 2248 3816 XXX.
2294 3761 2365 3814 De
2408 3759 2689 3829 prophetis
2737 3759 2945 3813 nostris
2983 3760 3056 3814 ita
3085 3759 3355 3815 disserit:
3392 3757 3586 3828 Impie-

2005 3855 2138 3908 tatis
2169 3853 2286 3910 sive
2315 3851 2684 3920 improbitatis
2733 3851 3082 3904 tenebrarum
3123 3865 3248 3905 esse
3293 3847 3583 3919 Spiritum,

2007 3946 2102 4015 qui
2143 3943 2387 3998 ascendit
2427 3943 2496 3998 ab
2536 3941 2737 4006 initio;
2787 3950 2841 3996 et
2887 3941 2958 3995 ob
2999 3940 3057 3996 id
3099 3941 3417 3996 aberrantes
3447 3941 3586 3994 nihil

2009 4037 2178 4092 locuti
2211 4043 2370 4101 sunt,
2403 4035 2548 4105 quod
2583 4035 2799 4089 illorum
2833 4033 3088 4104 princeps
3109 4031 3424 4088 obcaecatus
3455 4031 3583 4085 ani-

2009 4148 2100 4187 mo
2133 4132 2315 4186 fuerit.
2368 4129 2613 4196 Quorum
2653 4130 2747 4201 qui
2801 4128 3147 4184 sermonibus
3187 4127 3494 4190 auscultat,
3528 4127 3584 4181 in

2009 4228 2404 4296 sempiternum
2452 4227 2632 4295 perit,
2679 4223 2746 4277 ad
2792 4222 3004 4292 glebam
3051 4219 3324 4288 illigatus,
3377 4231 3478 4286 pro
3518 4231 3584 4270 eo

2010 4318 2156 4389 quod
2209 4317 2478 4372 Paracleti
2535 4314 2821 4370 scientiam
2878 4311 3107 4364 minime
3179 4308 3392 4362 didicit.
3439 4308 3583 4372 Quin

2012 4410 2178 4463 etiam
2234 4407 2370 4462 solis
2404 4405 2456 4460 id
2491 4406 2685 4460 electis
2730 4403 2882 4465 suis,
2931 4400 3022 4469 qui
3060 4416 3170 4453 non
3201 4400 3384 4468 plures
3415 4415 3582 4469 quam

330 4487 535 4586 μόνοις,
569 4513 628 4566 οὐ
658 4512 816 4566 πλέον
849 4511 992 4564 eme
1022 4507 1141 4566 οὖσι
1171 4510 1262 4563 τὸν
1304 4509 1556 4582 ἀριθμόν⁸
1602 4509 1726 4564 Ἐὰν
1765 4508 1904 4561 acati-

2013 4506 2218 4568 septem
2248 4495 2506 4559 fuerunt,
2546 4494 2650 4548 hoc
2688 4492 3003 4546 mandatum
3038 4488 3224 4544 dedit:
3264 4487 3366 4542 Uhi
3401 4488 3582 4542 cibum

331 4605 499 4677 σησθε
532 4603 820 4667 ἐσθίοντες,
851 4601 1093 4672 εὔχεσθε,
1120 4602 1214 4655 καὶ
1244 4600 1465 4671 βάλλετε
1495 4603 1588 4652 ἐπὶ
1619 4601 1720 4670 τῆς
1752 4617 1913 4668 κεφα-

331 4695 428 4766 λῆς
457 4696 634 4750 ἔλαιον
666 4695 1064 4766 ἐξωρκισμὲνον
1091 4695 1316 4764 ὀνόμασι
1343 4693 1576 4760 πολλοῖς,
1613 4693 1748 4764 πρὸς
1780 4709 1912 4763 στη-

333 4785 526 4856 ριγμὸν
561 4785 662 4856 τῆς
691 4785 925 4848 πίστεως
951 4785 1173 4856 ταύτης.
1219 4784 1300 4838 Τὰ
1343 4785 1400 4838 δὲ
1429 4785 1668 4854 ὀνόματά
1697 4801 1787 4855 μοι
1815 4784 1916 4838 οὐκ

335 4876 682 4948 ἐφανερώθη·
716 4877 865 4947 μόνοι
893 4877 1002 4949 γὰρ
1027 4881 1076 4930 οἱ
1105 4876 1247 4930 ἑπτὰ
1279 4876 1487 4940 τούτοις
1511 4875 1767 4946 χρῶνται.
1803 4875 1916 4930 Καὶ

337 4968 497 5023 πάλιν
523 4968 584 5021 τὸ
617 4970 746 5039 παρ’
779 4970 908 5039 ἡμῖν
945 4969 1124 5038 τίμιον
1161 4967 1255 5020 καὶ
1293 4968 1435 5038 μέγα
1463 4967 1632 5037 ὖνομα
1661 4965 1912 5035 Σαϐαὼθ,

336 5058 462 5113 αὐτὸ
491 5054 629 5112 εἶναι
654 5058 752 5127 τὴν
780 5058 940 5126 φύσιν
973 5056 1068 5111 τοῦ
1099 5056 1410 5128 ἀνθρώπου,
1439 5056 1535 5109 καὶ
1565 5055 1778 5126 πατέρα
1813 5055 1915 5126 τῆς

337 5149 648 5220 ἐπιθυμίας.
705 5149 817 5202 Καὶ
863 5148 952 5202 διὰ
999 5148 1156 5201 τοῦτο
1205 5146 1460 5218 ἁπλάριοι
1498 5146 1518 5177 ³
1551 5142 1914 5216 προσκυνοῦσι

337 5240 437 5312 τὴν
463 5239 781 5312 ἐπιθυμίαν,
810 5241 941 5294 Θεὸν
971 5240 1140 5312 αὐτὴν
1171 5239 1485 5311 ἡγούμενα.

408 5421 542 5494 Περὶ
554 5421 615 5474 δὲ
627 5419 723 5474 τοῦ
751 5420 944 5490 Ἀδὰμ,
978 5419 1096 5484 πῶς
1119 5419 1364 5488 ἐκτίσθη,
1391 5417 1540 5486 λέγει
1567 5415 1758 5480 οὕτως·
1782 5416 1910 5469 Ὅτι

2012 4588 2357 4658 sumpseritis
2375 4626 2390 4649 ,
2420 4593 2594 4647 orate,
2629 4591 2684 4638 et
2708 4583 2885 4636 oleum
2914 4581 3206 4634 multorum
3235 4580 3585 4634 invocatione

2014 4680 2295 4735 nominum
2323 4683 2704 4732 consecratum
2736 4673 2792 4727 in
2823 4680 2987 4741 caput
3014 4671 3339 4740 inspergite,
3376 4679 3434 4724 ut
3468 4669 3585 4722 hzee

2015 4773 2069 4825 in
2121 4771 2274 4826 vobis
2324 4767 2457 4822 ﬁdes
2495 4765 2899 4821 corroboretur.
2933 4761 3008 4816 De
3037 4760 3238 4829 quibus
3272 4760 3588 4814 nominibus

2013 4863 2151 4918 nihil
2185 4870 2270 4920 est
2300 4860 2434 4916 mihi
2474 4857 2832 4927 signiﬁcatum
2863 4869 2878 4918 ;
2926 4853 3028 4907 soli
3071 4852 3215 4905 enim
3260 4851 3339 4904 illi
3377 4860 3582 4920 septem

2015 4957 2103 5012 his
2128 4963 2375 5009 utuntur.
2405 4951 2672 5005 Praeterea
2704 4963 2922 5004 sacrum
2954 4943 3086 4999 illud
3121 4959 3182 4998 ac
3211 4941 3584 4998 venerandum

2017 5047 2158 5118 apud
2188 5061 2288 5100 nos
2318 5042 2557 5099 Sabaoth
2586 5054 2783 5095 nomen
2829 5039 2997 5106 ipsam
3031 5049 3154 5090 esse
3187 5033 3376 5087 dicunt
3409 5029 3587 5085 homi-

2016 5140 2104 5194 nis
2155 5144 2445 5196 naturam,
2493 5129 2923 5199 cupiditatisque
2961 5132 3192 5191 patrem.
3243 5121 3589 5190 Quapropter

2382 5263 2399 5278 .
2487 5220 2840 5292 cupiditatem
2871 5218 3122 5280 adorant,
3159 5220 3213 5271 et
3231 5228 3354 5269 esse
3377 5225 3584 5266 numen

2017 5320 2373 5374 arbitrantur.

2095 5410 2171 5464 De
2199 5408 2388 5463 Adami
2411 5405 2690 5462 creatione
2717 5402 2791 5456 ita
2818 5399 2983 5456 sentit
3010 5417 3022 5452 :
3056 5396 3192 5451 Eum
3213 5394 3308 5468 qui
3339 5395 3412 5449 ita
3441 5393 3597 5447 locu-

410 5573 424 5603 '
456 5577 582 5632 Cor.
616 5577 769 5648 ἠμῐν.
845 5578 866 5608 ¹
889 5575 1154 5647 Expungo
1179 5575 1301 5628 οὐκ.
1374 5575 1396 5604 ⁸
1429 5573 1502 5628 De
1539 5574 1640 5628 huc
1679 5586 1834 5634 voce,
1861 5570 1904 5624 ἀι

2010 5585 2137 5640 ριοι,
2170 5564 2408 5621 viderint
2433 5561 2653 5618 eruditi.

415 5731 526 5801 (31)
557 5732 930 5785 Ἐνετείλατυ
971 5730 1039 5782 δὲ
1071 5730 1202 5801 τοῐς-
1236 5728 1556 5801 ἐκλεκτοῖς.
1606 5724 1911 5801 DchMani-

350 5796 616 5857 rint-orum
660 5801 1008 5856 audientibus
1039 5807 1092 5854 ct
1157 5799 1346 5856 electis
1403 5800 1513 5870 agit
1567 5796 1814 5866 pluribus
1849 5798 1902 5851 in

2021 5725 2156 5780 locis
2184 5724 2533 5795 Angusunus
2574 5724 2878 5794 prsesertim
2906 5723 3089 5768 contra
3125 5709 3426 5774 Faustum;
3473 5711 3600 5764 item

2013 5795 2110 5867 Ep.
2141 5796 2227 5852 Ἠ.
