4008 6240
429 366 495 422 79
1830 339 1884 395 S.
1927 338 2004 394 El‘

2107 339 2267 394 IANII
3601 338 3688 393 80-

425 481 515 527 tus
553 475 676 526 est:
721 464 897 518 Venite
923 506 939 530 ,
982 461 1245 532 faciamus
1293 459 1553 513 hominem
1599 456 1666 510 ad
1709 456 1990 524 imaginem

2107 455 2122 505 5
2169 451 2338 506 εἰπών
2358 467 2372 482 ·
2413 453 2614 517 Δεῦτε,
2667 453 2763 507 καί
2809 453 3153 522 ποιήσωμεν
3186 451 3498 518 ἄνθρωπον
3540 449 3672 504 κατ’

423 571 664 616 nostram
689 569 734 611 el
765 555 1186 612 similimdiuem'
1211 593 1225 616 ,
1257 553 1374 608 sive
1407 551 1473 606 ad
1509 565 1628 606 eam
1660 562 1822 619 quam
1853 546 1991 601 vidi-

426 665 548 705 mus
581 662 842 712 iorm-am,
873 645 1184 716 Principem
1208 658 1358 706 esse,
1406 642 1496 712 qui
1533 639 1758 709 reliquis
1790 637 1991 708 princi-

428 740 587 810 pibus
615 737 842 792 dixerit:
867 735 1086 798 Adeste.
1115 733 1238 786 date
1269 732 1397 786 mihi
1428 747 1492 786 ex
1529 731 1619 785 illa
1649 729 1768 784 luce
1789 767 1802 793 ,
1831 741 1991 798 quam

428 833 770 902 accepimus,
817 838 866 883 et
914 827 1176 897 faciamus
1203 825 1462 879 hominem
1495 823 1560 878 ad
1595 833 1872 886 nostrum,
1901 817 1992 890 qui

429 922 700 991 principes
727 933 919 974 sumus
938 957 954 982 ,
981 913 1206 984 etiigiem
1229 953 1244 978 ,
1273 915 1487 983 qualem
1516 913 1828 984 aspeximus
1853 929 1868 978 ;
1900 909 1993 979 qui

345 1055 350 1060 .
427 1011 646 1082 quidem
671 1009 880 1078 primus
908 1006 1072 1060 homo
1097 1013 1180 1059 est
1202 1043 1216 1068 ,
1249 1005 1324 1058 ita
1361 1003 1634 1058 hominem
1669 1001 1990 1056 fabricasse.

430 1102 626 1156 Eadem
656 1107 710 1154 et
757 1098 923 1152 Evam
978 1097 1189 1151 ratione
1235 1095 1584 1158 condidisse,
1624 1093 1787 1164 647
1835 1092 1996 1162 eique

427 1195 494 1248 de
525 1207 624 1248 sua
651 1190 951 1262 cupiditate
985 1187 1050 1242 ad
1081 1188 1348 1241 Adamum
1378 1184 1761 1254 decipiendum
1795 1183 1996 1252 imper-

425 1285 599 1340 tiisse.
640 1283 722 1337 Ab
768 1282 838 1336 iis
880 1281 1046 1351 igitur
1089 1294 1155 1334 ex
1201 1277 1464 1348 principis
1511 1275 1732 1346 epiﬁcio
1761 1275 1996 1329 mundus

425 1377 527 1432 iste
561 1373 856 1428 fabricatus
883 1376 987 1426 est.
1135 1369 1154 1392 "
1371 1359 1374 1362 ’

495 1465 688 1520 XXXI.
739 1465 819 1519 Ad
875 1463 991 1516 hinc
1041 1460 1208 1515 Deum
1263 1458 1400 1513 nihil
1453 1457 1654 1512 habere
1704 1471 1828 1511 cum
1892 1456 1996 1512 hoc

427 1557 630 1620 mundo
675 1567 985 1616 commune,
1037 1565 1138 1605 nec
1180 1565 1246 1604 eo
1288 1549 1589 1614 delectari;
1631 1547 1774 1617 quod
1816 1547 1996 1617 ipsum

427 1645 720 1718 depraedati
771 1647 882 1701 sint
928 1641 1225 1714 principes,
1279 1654 1345 1693 ac
1395 1639 1697 1693 molestiam
1741 1638 1999 1693 exhibue-

427 1739 556 1793 rint.
587 1736 882 1806 Pr0pterea
921 1731 1169 1804 quotidie
1198 1745 1296 1800 per
1336 1729 1517 1783 sidera
1553 1728 1680 1792 ista,
1725 1728 1895 1782 solem
1927 1727 2000 1780 vi-

427 1829 624 1884 delicet
653 1785 715 1880 ac
737 1785 955 1888 lunam:
985 1823 1220 1876 animam
1252 1833 1408 1874 suam
1439 1818 1672 1886 eripere,
1705 1817 1904 1886 quibus
1929 1815 1997 1870 ab
2031 1785 2073 1843 Β

429 1918 703 1974 sideribus
737 1914 976 1970 mundus
1003 1913 1317 1974 universus,
1351 1925 1414 1964 ac
1437 1908 1701 1980 quidquid
1727 1915 1810 1963 est
1837 1922 1996 1963 crea-

428 2018 542 2064 tum
578 2008 852 2077 diripitur.
886 2005 1020 2060 Eum
1061 2006 1153 2076 qui
1192 2019 1316 2059 cum
1351 2001 1554 2072 Moyse,
1597 2013 1662 2054 ac
1687 1998 1914 2060 Judaais,
1943 2005 1999 2054 et

429 2103 808 2158 sacerdotibus
850 2100 1067 2154 locutus
1099 2103 1204 2159 est,
1250 2094 1597 2148 tenebrarum
1644 2091 1816 2146 fuisse
1856 2090 2000 2160 prin-

427 2193 600 2264 cipem
631 2191 950 2247 existimat:
983 2202 1045 2242 ex
1080 2201 1189 2255 quo
1229 2183 1460 2240 eilicitur
1501 2181 1846 2236 Christianos
1874 2193 2000 2234 cum

423 2282 628 2339 Judaeis
653 2296 718 2336 ac
747 2279 1040 2351 gentilibus
1065 2291 1232 2330 unum
1263 2281 1317 2329 (ιι
1347 2275 1487 2328 idem
1519 2288 1660 2335 esse,
1695 2280 1880 2343 utpote
1907 2273 2000 2343 qui

426 2376 676 2434 eundem
722 2372 892 2428 Deum
929 2377 1273 2426 venerentur.
1309 2368 1410 2435 Qui
1457 2383 1554 2438 pro
1598 2367 1716 2423 suis
1755 2367 1879 2420 illos
1903 2379 2002 2420 cu-

431 2467 752 2538 pidi-tatibus
788 2463 1010 2534 decipit,
1053 2477 1178 2518 cum
1223 2461 1360 2516 nihil
1392 2461 1576 2515 minus
1606 2459 1677 2514 sit
1713 2473 1878 2528 quam
1911 2472 2002 2511 ve-

433 2559 611 2614 ritatis
644 2557 808 2611 Deus.
858 2555 1040 2621 Quare
1083 2554 1176 2624 qui
1226 2551 1496 2622 ejusmodi
1541 2551 1650 2606 Deo
1696 2547 2000 2610 conﬁdunt,

433 2648 525 2719 qui
552 2663 674 2702 cum
709 2646 914 2716 Moyse,
944 2660 1009 2698 ac
1037 2644 1316 2714 prophetis
1347 2643 1561 2697 locutus
1597 2649 1701 2706 est,
1731 2639 2002 2693 vinciendi

429 2755 554 2794 cum
601 2739 694 2792 illo
733 2748 882 2804 sunt,
917 2737 1175 2807 quoniam
1223 2735 1475 2813 veritatis
1520 2735 1573 2787 in
1625 2731 1736 2787 Deo
1781 2731 2006 2785 minime

431 2831 736 2887 conﬁdunt.
773 2829 907 2882 Nam
959 2828 1049 2883 ille
1107 2829 1244 2884 alter
1295 2841 1393 2898 pro
1447 2827 1715 2898 ipsorum,
1747 2826 1823 2879 uti
1869 2824 2003 2888 dixi,

431 2921 656 2978 libidine
718 2935 841 2975 cum
885 2921 966 2976 eis
1018 2919 1236 2975 locutus
1301 2927 1405 2975 est.
1476 2919 1605 2975 Post
1657 2919 1773 2972 haec
1821 2915 2006 2972 omnia

432 3023 712 3083 postremo
737 3012 904 3068 utille
923 3011 1167 3082 scripsit,
1200 3011 1292 3066 ubi
1323 3026 1490 3066 senex
1521 3010 1810 3082 imaginem
1851 3023 2004 3062 suam

2093 550 2297 602 εἰκόνα
2343 548 2636 618 ἡμετέραν
2683 549 2782 602 καί
2840 549 2970 604 καθ’
3015 548 3322 616 ὁμοίωσιν,
3363 544 3396 615 ἢ
3437 543 3561 597 καθ’
3607 545 3674 614 ἣν

2095 639 2304 708 εἴδομεν
2346 639 2578 711 μορφὴν,
2611 640 2828 710 ΙἈρχων
2855 639 3021 702 ἐστὶν,
3058 641 3087 692 6
3119 635 3287 690 εἰπὼν
3318 637 3427 700 τοῖς
3467 635 3676 706 ἐτέροις

2092 727 2371 799 ἄρχουσιν,
2401 731 2504 794 ὅτι,
2533 727 2717 792 Δεῦτε,
2745 729 2861 782 δότε
2899 746 2987 799 μοι
3024 730 3088 781 ἐκ
3127 727 3220 781 τοῦ
3251 726 3426 796 φωτὸς
3451 721 3514 780 οῦ
3551 725 3676 778 ἐλά-

2095 817 2290 888 ϐομεν,
2331 819 2430 873 καί
2465 818 2810 887 ποιήσωμεν
2855 817 3168 887 ἄνθρωπον
3205 815 3346 871 κατά
3385 817 3486 886 τὴν
3515 815 3676 886 ἡμῶν

2095 911 2204 964 τῶν
2232 912 2505 983 ἀρχόντων
2535 910 2768 982 μορφὴν,
2799 911 2917 964 καθ’
2945 912 3012 981 ἢν
3042 911 3272 981 εἴδομεν,
3303 911 3330 964 ὃ
3373 911 3488 963 ἐστι
3518 909 3670 980 πρῶ-

2093 1018 2184 1065 τος
2222 1001 2535 1073 ἄνθρωπος·
2564 1003 2658 1054 καὶ
2689 999 2866 1064 οὕτως
2891 1000 3068 1054 ἔκτισε
3108 1001 3197 1054 τὸν
3221 1001 3526 1072 ἄνθρωπον.
3559 1001 3674 1071 Τὴν

2095 1093 2151 1148 δέ
2177 1092 2321 1148 Εὔαν
2343 1093 2544 1164 ὁμοίως
2581 1093 2822 1157 ἔκτισαν,
2849 1093 3030 1155 δόντες
3075 1093 3211 1163 αὐτῇ
3241 1094 3303 1145 ἐκ
3349 1090 3447 1161 τῆς
3481 1091 3668 1143 ἐπιθυσ

2101 1184 2229 1252 μίας
2252 1183 2451 1248 αὐτῶν,
2487 1183 2622 1254 πρὸς
2653 1183 2714 1236 τὸ
2735 1182 3074 1252 ἐξαπατῆσαι
3097 1181 3188 1235 τὸν
3229 1181 3399 1254 Ἀδάμ
3423 1198 3438 1212 ·
3467 1182 3561 1236 καὶ
3589 1180 3680 1234 διὰ

2095 1275 2298 1328 τούτων
2353 1276 2574 1344 γέγονεν
2625 1276 2660 1344 ἡ
2693 1275 2890 1338 πλάσις
2933 1273 3027 1328 τοῦ
3071 1274 3278 1346 κόσμου
3323 1275 3390 1328 ἐκ
3435 1273 3537 1344 τῆς
3579 1273 3678 1328 τοῦ

2097 1365 2354 1438 ἄρχοντος
2378 1366 2736 1438 δημιουργίας

2168 1458 2293 1510 ΛΑ’.
2319 1457 2422 1510 Τὸν
2466 1457 2523 1509 δὲ
2555 1457 2687 1510 Θεὸν
2725 1457 2800 1528 μὴ
2849 1457 2992 1528 ἔχειν
3039 1457 3202 1528 μέρος
3247 1457 3364 1528 μετ’
3385 1456 3550 1510 αὐτοῦ
3581 1453 3679 1509 τοῦ

2100 1549 2328 1618 κόσμου,
2363 1548 2496 1619 μηδὲ
2525 1549 2736 1620 χαίρειν
2770 1551 2857 1601 ἐπ’
2891 1548 3061 1618 αὐτῷ,
3105 1547 3194 1601 διὰ
3220 1548 3281 1601 τὸ
3300 1547 3359 1614 ἐξ
3387 1548 3562 1617 ἀρχῆς
3587 1565 3681 1600 σε·-

2101 1639 2362 1708 συλῆσοαι
2381 1639 2542 1692 αὺτὸν
2573 1639 2678 1692 ὑπὸ
2703 1639 2810 1693 τῶν
2825 1639 3122 1710 ἀρχόντων,
3147 1639 3239 1692 καὶ
3256 1639 3509 1706 γενέσθαι
3530 1637 3683 1710 αὐτῷ

2101 1727 2298 1798 θλίψιν.
2327 1729 2530 1782 Τούτου
2550 1730 2708 1801 χάριν
2732 1730 2938 1799 πέμπει
2965 1729 3060 1784 καὶ
3089 1730 3224 1800 συλᾷ
3255 1730 3350 1782 ἀπ’
3383 1730 3562 1784 αὐτῶν
3579 1731 3682 1798 τὴν

2099 1819 2276 1891 ψυχὴν
2307 1820 2471 1874 αὐτοῦ
2502 1821 2623 1874 καθ’
2655 1823 2872 1893 ἡμέραν
2924 1820 3014 1874 διὰ
3063 1820 3172 1874 τῶν
3207 1822 3510 1892 φωστήρων
3551 1821 3678 1872 τού-

2100 1927 2228 1976 των,
2256 1911 2410 1981 ἡλίου
2443 1910 2539 1966 καὶ
2589 1912 2838 1984 σελήνης,
2881 1913 2972 1982 ὑφ’
3001 1907 3076 1967 ὧν
3127 1911 3246 1976 ὅλος
3295 1915 3323 1966 6
3349 1913 3551 1982 κόσμος
3587 1913 3683 1966 καὶ

2101 2004 2315 2074 πᾶσαή
2365 2003 2542 2068 κτίσις
2595 2005 2922 2076 ἀρπάζεται.
2967 2005 3070 2058 Τὸν
3099 2005 3156 2058 δὲ
3211 2005 3518 2076 λαλήσαντα
3544 2004 3682 2076 μετὰ

2101 2094 2380 2159 Μωῦσέως
2412 2095 2644 2149 καὶτῶν
2685 2096 2974 2162 Ἰουδαίων,
3031 2098 3126 2150 καὶ
3179 2097 3288 2149 τῶν
3325 2097 3536 2168 ἱερέων,
3589 2097 3683 2150 τὸν

2101 2184 2338 2256 ἄρχοντα
2367 2185 2515 2252 λέγει
2537 2181 2676 2240 εἶναι
2699 2186 2794 2240 τοῦ
2828 2188 3085 2252 σκότους·
3123 2188 3262 2242 ὥστε
3291 2190 3351 2242 ’ἐν
3372 2191 3476 2242 εἰσι
3501 2190 3596 2243 καὶ
3621 2189 3686 2244 τὸ

2101 2277 2234 2330 αὐτὸ
2262 2277 2315 2330 οἶ
2333 2295 2392 2330 τε
2416 2278 2730 2348 Χριστιανοὶ
2767 2281 2862 2334 καὶ
2885 2282 2934 2334 οἰ
2976 2281 3235 2342 Ἰουδαῖοι,
3258 2283 3352 2336 καὶ
3375 2283 3424 2335 οἰ
3457 2281 3682 2347 ἐθνικοὶ,

2101 2366 2191 2420 τὸν
2237 2368 2398 2422 αὑτὸν
2435 2369 2566 2424 Θεὸν
2604 2369 2872 2435 σέϐοντες.
2925 2373 3013 2426 Ἐν
3055 2373 3164 2444 γὰρ
3204 2377 3324 2438 ταῖς
3367 2373 3684 2444 ἐπιθυμίαις

2103 2455 2269 2509 αὑτοῦ
2321 2457 2571 2530 ἐξαπατᾷ
2621 2461 2839 2526 αὐτοὺς,
2867 2463 2963 2516 οὐκ
2988 2462 3064 2518 ὢν
3095 2464 3353 2535 ἀληθείας
3405 2465 3557 2529 Θεός.
3587 2466 3686 2520 Διά

2102 2546 2268 2602 τοῦτο’
2303 2544 2396 2602 οὖν
2441 2553 2554 2605 ὅσοι
2599 2554 2684 2606 ἐπ’
2709 2555 2912 2608 ἐκεῖνον
2962 2555 3238 2620 ἐλπίζουσι
3283 2556 3373 2610 τὸν
3417 2557 3552 2612 Θεὸν
3593 2558 3686 2612 τὸν

2109 2641 2245 2710 μετά
2273 2643 2550 2708 Μωῦσέως
2601 2645 2908 2718 λαλήσαντα
2935 2648 3030 2702 καὶ
3077 2649 3185 2702 τῶν
3215 2649 3529 2720 προφητῶν,
3568 2652 3685 2720 μετ’

2105 2730 2268 2784 αὑτοῦ
2298 2731 2480 2802 έχουσι
2513 2734 2755 2805 δεθῆναι,
2781 2738 2864 2791 ὃτι
2907 2739 3008 2792 ούκ
3039 2739 3274 2810 ἤλπισαν
3311 2742 3403 2792 ἐπὶ
3437 2739 3528 2793 τὸν
3553 2741 3688 2794 Θεὸν

2104 2821 2204 2892 τῆς
2237 2822 2510 2891 ἀληθείας.
2550 2827 2787 2892 Ἐκεῖνος
2817 2827 2925 2900 γὰρ
2959 2829 3097 2882 κατά
3133 2831 3232 2893 τὰς
3258 2831 3551 2900 ἐπιθυμίας
3585 2831 3687 2884 αὖ·

2107 2910 2214 2962 τῶν
2247 2911 2476 2983 ἐλάλησε
2505 2915 2624 2984 μετ’
2664 2917 2864 2970 αὐτῶν.
2913 2919 3068 2973 Μετά
3110 2920 3167 2973 δὲ
3197 2921 3371 2973 πάντα
3395 2921 3565 2975 ταῦτα
3595 2919 3690 2975 ἐπὶ

2107 2999 2251 3053 τέλει
2269 2999 2440 3070 λέγει,
2473 3004 2654 3069 καθὼς
2672 3007 2834 3071 αὐτὸς
2863 3009 3121 3079 ἔγραψεν,
3147 3013 3175 3062 6
3205 3011 3536 3083 πρεσϐύτης,
3559 3013 3689 3066 ὅταν

431 3105 748 3170 οεῑεηάετίι,
791 3113 922 3158 tunc
967 3102 1190 3173 Bajulus
1217 3111 1418 3159 terram
1461 3112 1616 3160 extra
1670 3119 1728 3158 se
1759 3103 2004 3166 dimittit,

2112 3095 2361 3164 προφανῇ
2395 3095 2558 3148 αὐτοῦ
2592 3097 2691 3168 τὴν
2721 3098 2926 3162 εἰκόνα,
2963 3101 3082 3154 τότε
3117 3103 3146 3154 6
3181 3102 3473 3173 Ὠμοφόρος
3522 3103 3688 3174 ἀφίη-

433 3195 666 3267 indeque
704 3196 998 3252 vehemens
1048 3194 1186 3264 ignis
1225 3210 1521 3265 erumpens
1561 3196 1826 3249 mundum
1883 3209 2009 3249 con-

431 3288 598 3342 sumit
639 3287 975 3358 universum.
1017 3286 1220 3340 Deinde
1262 3287 1472 3358 glebam
1507 3302 1649 3342 novo
1687 3301 1814 3340 cum
1856 3300 2010 3340 mone

435 3377 623 3442 mittit,
663 3385 726 3432 ut
767 3393 957 3434 onmes
1011 3386 1360 3448 peccatorum
1401 3379 1596 3434 animae
1643 3379 1698 3433 in
1745 3389 2007 3433 aeternum

434 3469 664 3524 vinculis
713 3468 1022 3523 consuieta:
1057 3473 1365 3522 teneantur.
1413 3467 1544 3532 Quae
1582 3475 1696 3522 tum
1734 3465 2006 3532 accident,

429 3575 560 3618 cum
607 3560 966 3616 simulacrum
1009 3557 1312 3612 advenerit.
1345 3556 1621 3627 Quidquid
1662 3574 1790 3614 vero
1819 3575 2010 3630 [ποντι-

423 3661 576 3725 --gatae
607 3651 813 3708 sobolis
842 3659 950 3716 est,
997 3658 1127 3720 puta
1160 3648 1342 3716 Jesus,
1394 3649 1488 3720 qui
1537 3650 1750 3706 minore
1791 3652 2010 3722 navigio

435 3746 674 3808 vehitur,
705 3753 761 3800 et
791 3745 914 3800 vitaz
943 3753 1119 3799 mater
1153 3750 1206 3799 et
1236 3743 1629 3814 gubernatores
1653 3758 1748 3807 xu,
1783 3751 1836 3798 et
1873 3745 2011 3800 lucis

431 3839 613 3907 vingo,
644 3843 698 3891 et
736 3836 936 3890 tertius
975 3849 1162 3902 senex,
1211 3836 1302 3905 qui
1341 3835 1397 3888 in
1436 3833 1644 3904 majore
1678 3835 1894 3904 navigio
1923 3851 2007 3890 re-

423 3925 603 3990 sidet,
637 3939 744 3979 una
774 3939 898 3978 cum
925 3924 1051 3979 vivo
1075 3923 1295 3995 spiritu,
1318 3930 1371 3978 et
1399 3921 1638 3994 ingentis
1663 3922 1804 3992 ignis
1828 3938 2007 3988 muro,

439 4018 693 4087 ventique
711 4017 924 4087 pariter
969 4030 1148 4080 muro,
1187 4021 1242 4069 et
1279 4015 1446 4079 aeris,
1478 4027 1650 4082 aqum,
1699 4012 1917 4082 vivique
1958 4023 2012 4066 et

437 4109 728 4164 exterioris
767 4108 928 4179 ignis,
966 4107 1106 4178 apud
1137 4104 1394 4176 exiguum
1433 4104 1585 4159 sidus
1617 4103 1884 4169 habitant,
1913 4105 2011 4159 do-

435 4216 538 4256 uec
589 4200 902 4255 incendium
941 4199 1269 4253 universum
1313 4195 1575 4249 mundum
1625 4195 1914 4262 absumat;
1959 4196 2010 4250 id

437 4292 584 4363 quod
621 4303 772 4346 certo
803 4305 1071 4346 annorum
1107 4289 1288 4359 spatio
1318 4288 1619 4357 continget,
1648 4302 1883 4356 quorum
1907 4304 2010 4342 nu-

437 4397 648 4438 merum
685 4383 892 4438 nescio.
931 4382 1156 4448 Quibus
1203 4379 1466 4450 perfectis
1504 4389 1715 4434 natura;
1747 4378 1869 4434 duae
1899 4379 2006 4450 pri-

2111 3201 2197 3236 σιν
2225 3184 2330 3250 ἔξω
2348 3184 2444 3256 τὴν
2474 3189 2598 3258 γῆν,
2647 3191 2740 3243 καὶ
2767 3189 2938 3256 οὕτως
2975 3192 3268 3247 ἀπολύεται
3294 3194 3352 3246 τὸ
3389 3195 3528 3264 μέγα
3554 3195 3687 3267 πῦρ,

2113 3277 2206 3328 καὶ
2253 3276 2372 3330 ὅλον
2421 3278 2701 3335 ἀναλίσκει
2731 3283 2822 3335 τὸν
2854 3287 3076 3355 κόσμον.
3119 3284 3250 3339 Εἶτα
3299 3287 3459 3340 πάλιν
3493 3287 3690 3358 ἀφίησι

2110 3367 2201 3420 τὸν
2235 3367 2405 3438 βῶλον
2445 3369 2583 3439 μετά
2608 3371 2700 3424 τοῦ
2727 3372 2850 3426 νέου
2880 3375 3106 3440 Αἰῶνος,
3133 3377 3282 3440 ὅπως
3307 3379 3477 3430 πᾶσαι
3511 3381 3566 3430 αἰ
3586 3378 3692 3446 ψυ-

2111 3463 2204 3532 χαὶ
2228 3463 2337 3516 τῶν
2375 3463 2715 3536 ἁμαρτωλῶν
2763 3466 2989 3520 δεθῶσιν
3017 3469 3098 3531 εἰς
3141 3467 3229 3522 τὸν
3257 3469 3445 3522 αἰῶνα.
3478 3469 3611 3524 Τότε
3633 3469 3690 3522 δέ

2111 3553 2283 3609 ταῦτα
2313 3557 2622 3626 γενήσεται,
2654 3557 2781 3610 ὅταν
2807 3560 2836 3611 6
2864 3559 3084 3630 ἀνδριὰς
3109 3561 3257 3634 ἔλθῃ.
3302 3563 3367 3613 Ai
3396 3561 3452 3614 δὲ
3499 3561 3693 3631 προϐο-

2110 3646 2200 3700 λαὶ
2233 3647 2426 3716 πᾶσαι,
2483 3649 2510 3701 6
2549 3647 2775 3720 Ἰησοῦς,
2816 3651 2844 3702 6
2872 3651 2930 3703 ἐν
2962 3650 3039 3721 τῷ
3069 3652 3250 3724 μικρῷ
3291 3652 3478 3723 πλοίῳ,
3537 3651 3629 3706 καὶ
3656 3654 3689 3722 ἡ

2115 3741 2299 3810 μήτηρ
2323 3739 2422 3808 τῆς
2445 3738 2608 3809 ζωῆς,
2673 3740 2764 3794 καὶ
2789 3741 2840 3794 οἰ
2887 3741 3094 3797 δώδεκα
3123 3743 3472 3815 κυϐερνῆται,
3523 3747 3615 3798 καὶ
3655 3747 3690 3816 ἡ

2112 3829 2380 3902 παρθένος
2401 3829 2496 3883 τοῦ
2520 3831 2716 3898 φωτὸς,
2763 3833 2857 3885 καὶ
2882 3833 2910 3884 6
2961 3833 3274 3906 πρεσϐύτης
3297 3836 3326 3888 6
3350 3836 3550 3907 τρίτος,
3582 3839 3610 3890 6
3633 3838 3691 3890 ἐν

2111 3923 2188 3992 τῷ
2219 3921 2438 3992 μεγάλῳ
2471 3921 2658 3993 πλοίῳ,
2687 3922 2780 3976 καὶ
2808 3924 2868 3976 τὸ
2896 3924 3004 3988 ζῶν
3059 3926 3276 3997 πνεῦμα
3308 3928 3401 3980 καὶ
3434 3927 3494 3980 τὸ
3515 3929 3692 3998 τεῖχος

2111 4013 2204 4066 τοῦ
2227 4012 2464 4084 μεγάλου
2495 4013 2685 4085 πυρὸς,
2733 4015 2826 4068 καὶ
2867 4015 2929 4068 τὸ
2981 4019 3158 4088 τεῖχος
3185 4017 3279 4071 τοῦ
3339 4020 3562 4090 ἀνέμου,
3597 4021 3692 4074 καὶ

2111 4102 2203 4156 τοῦ
2235 4104 2418 4175 ἀέρος,
2443 4104 2654 4158 καὶτοῦ
2685 4105 2891 4174 ὓδατος,
2922 4107 3014 4160 καὶ
3049 4107 3144 4161 τοῦ
3168 4107 3368 4164 ἔσωθεν
3394 4110 3564 4180 πυρὸς
3597 4109 3690 4162 τοῦ

2113 4193 2335 4260 ζῶντος,
2367 4195 2502 4266 πρὸς
2533 4195 2624 4248 τὸν
2652 4196 2848 4267 μικρὸν
2901 4201 3166 4270 φωστῆρα
3211 4201 3470 4265 οἰκοῦσιν,
3533 4181 3692 4273 ἆχρις

2113 4287 2178 4342 ἂν
2199 4286 2260 4340 τὸ
2287 4286 2398 4359 πῦρ
2422 4287 2776 4360 καταναλώσῃ
2821 4289 2910 4344 τὸν
2959 4291 3159 4362 κόσμον
3219 4292 3357 4358 ὅλον,
3411 4295 3470 4348 ἐν
3506 4297 3692 4359 ποσοῖς

2115 4393 2243 4430 ποτε
2273 4376 2468 4442 ἔτεσιν,
2501 4373 2574 4430 ὧν
2600 4379 2700 4432 οὐκ
2726 4379 2926 4450 ἔμαθον
2965 4381 3066 4453 τὴν
3099 4382 3388 4452 ποσότητα.
3416 4383 3522 4437 Καὶ
3553 4385 3692 4454 μετὰ

437 4475 641 4530 stinum
681 4474 736 4527 in
780 4479 982 4528 statum
1027 4471 1379 4528 restituendae
1429 4477 1579 4538 sunt,
1626 4485 1690 4524 ac
1730 4471 2004 4541 principes

2112 4467 2287 4522 ταῦτα
2307 4469 2749 4535 ἀποκατάστασις
2782 4471 2931 4526 ἔσται
2963 4472 3072 4528 τῶν
3109 4474 3200 4528 δύο
3245 4475 3478 4544 φύσεων.
3503 4479 3613 4532 Καὶ
3639 4479 3692 4533 οἰ

435 4566 696 4624 inferiora
738 4565 948 4622 sedium
985 4579 1206 4619 suarum
1239 4563 1495 4626 incolent,
1542 4563 1824 4632 superiora
1851 4561 2011 4618 Pater

434 4659 749 4729 occupabit,
786 4673 851 4711 ac
887 4657 1066 4711 locum
1109 4670 1268 4711 suum
1318 4655 1564 4723 recipiet.
1603 4653 1754 4708 lianc
1791 4667 2007 4708 onuiem

437 4751 745 4806 doctrinam
795 4747 1122 4802 Manichacus
1188 4747 1366 4801 tribus
1418 4743 1703 4815 discipulis
1745 4743 2010 4818 tradidit,

435 4842 731 4912 variasque
771 4842 826 4895 in
873 4840 1126 4911 regiones
1155 4837 1386 4894 dimisit.
1431 4836 1598 4892 Adda:
1623 4835 1816 4894 Oriens
1859 4837 2008 4892 obti-

438 4934 534 5004 git,
587 4931 810 4986 Thomas
853 4929 1040 5002 Syria,
1089 4928 1350 4985 Hermcas
1412 4929 1553 4985 alius
1606 4931 1660 4984 in
1711 4929 2004 5002 Egyptum

437 5020 717 5091 profectus
739 5027 845 5084 est,
873 5019 1073 5089 quibus
1105 5018 1159 5072 in
1191 5019 1326 5074 locis
1364 5019 1432 5073 ad
1465 5019 1788 5074 hodiernum
1836 5035 2009 5088 usque

435 5113 577 5167 diem
609 5119 849 5174 manent,
881 5110 1080 5181 ubique
1099 5109 1266 5181 648
1286 5109 1481 5182 dogma
1515 5127 1673 5167 suum
1708 5127 1772 5167 ac
1803 5121 2006 5170 sectam

437 5205 686 5260 stabilire
717 5200 1073 5259 contendunt.

505 5375 723 5432 XXXII.
761 5373 893 5431 Haec
932 5391 1034 5447 ego
1081 5393 1148 5432 ex
1187 5376 1438 5431 Archelai
1487 5377 1624 5432 libro
1656 5377 2006 5446 proponenda

435 5473 645 5541 putavi.
677 5477 850 5540 Atque
881 5469 994 5524 haec
1027 5469 1228 5524 schola:
1259 5469 1404 5524 illius
1427 5468 1841 5538 disciplinaeque
1875 5483 2008 5523 con-

437 5561 728 5617 stituenda:
757 5561 896 5617 ratio
933 5560 1055 5629 fuit,
1085 5576 1182 5633 per
1220 5575 1384 5630 quam
1413 5561 1600 5617 lolium
1649 5563 1704 5615 in
1738 5560 2005 5616 mundum

521 5729 534 5752 '
561 5735 696 5790 Gen.
727 5753 765 5803 ι,
787 5738 870 5792 ‘26.
961 5739 981 5770 '
1003 5737 1136 5805 Leg.
1161 5739 1419 5806 κλίματα.
1505 5741 1524 5770 ³
1547 5739 1606 5794 F.
1651 5741 1968 5804 συνέστησε.

2112 4559 2370 4630 ἄρχοντες
2401 4562 2680 4631 οἰκήσουσι
2703 4564 2770 4617 τὰ
2803 4563 3086 4636 κατώτερα
3122 4566 3262 4638 μέρη
3279 4567 3516 4630 πέαυτῶν,
3551 4570 3581 4621 6
3629 4569 3688 4623 δὲ

2115 4652 2300 4724 Πατήρ
2323 4653 2393 4706 τὰ
2421 4653 2690 4727 ἀνώτερα,
2751 4656 2811 4709 τὸ
2845 4657 2973 4710 ἴδιον
3012 4659 3320 4713 ἀπολαϐών.
3378 4660 3593 4731 Ταύτην
3627 4661 3687 4715 δὲ

2113 4745 2291 4798 πᾶσαν
2318 4745 2418 4814 τὴν
2459 4745 2804 4801 διδασκαλίαν
2855 4749 3138 4819 παρέδωκε
3165 4753 3276 4814 τοῖς
3322 4750 3498 4822 τρισὶν
3525 4751 3690 4805 αὐτοῦ

2116 4835 2400 4908 μαθηταῖς,
2427 4839 2687 4904 κελεύσας
2735 4841 2964 4894 ἕκαστον
3013 4843 3091 4904 εἰς
3145 4841 3438 4913 κλήματα²
3463 4843 3686 4910 ὁδεύειν,

2111 4921 2221 4979 Καὶ
2249 4927 2278 4980 6
2319 4927 2420 4996 μέν
2463 4928 2646 4992 ’Λδδᾶς
2688 4929 2754 4983 τὰ
2797 4929 2896 4999 τῆς
2935 4929 3222 4999 ’Δνατολῆς
3253 4931 3395 5002 μέρη
3425 4931 3631 5001 ἔλαχεν,
3662 4934 3691 4982 6

2115 5015 2171 5067 δὲ
2191 5015 2392 5087 Θωμᾶς
2424 5017 2522 5090 τήν
2555 5018 2742 5090 Σύρων
2770 5019 2874 5089 γῆν
2916 5017 3256 5090 κεκλήρωται
3277 5035 3291 5049 ·
3355 5019 3609 5092 Ἑρμείας
3631 5019 3690 5072 δὲ

2115 5105 2274 5169 ἄλλος
2294 5106 2392 5178 τὴν
2418 5109 2498 5170 εἰς
2521 5107 2790 5176 Αἴγυπτον
2811 5108 3036 5179 πορείαν
3061 5111 3353 5181 ἐποιήσατο
3370 5126 3383 5139 ·
3409 5111 3502 5162 καὶ
3530 5109 3692 5180 μέχρι

2118 5199 2355 5268 σήμερον
2388 5200 2567 5252 ἐκεῖσε
2607 5197 2962 5270 διατρίϐουσι,
3011 5199 3112 5271 τὴν
3143 5199 3236 5254 τοῦ
3263 5199 3532 5270 δόγματος
3559 5199 3694 5252 ὑπό-

2119 5286 2266 5340 θεσιν
2289 5288 2481 5359 στῆσαι
2512 5289 2772 5354 θέλοντες.

2187 5379 2309 5432 AB'.
2341 5379 2525 5434 Ταῦτά
2555 5383 2701 5435 ἐστιν
2723 5383 2866 5454 ἆπερ
2893 5383 3094 5456 ἐθέμην
3123 5383 3230 5438 ἀπὸ
3261 5381 3355 5436 τοῦ
3398 5377 3688 5453 Ἀρχελάου

2115 5471 2320 5540 βιϐλίου
2342 5472 2432 5525 τοῦ
2459 5475 2874 5547 προειρημένου.
2901 5478 3011 5530 Καὶ
3041 5479 3181 5532 οὕτω
3210 5475 3438 5544 συνέστη
3465 5473 3484 5504 ³
3507 5472 3569 5525 τὸ
3595 5472 3691 5526 αὺ-

2112 5564 2207 5618 τοῦ
2231 5565 2599 5623 διδασκαλεῖον
2623 5567 2966 5632 ζιζανιώδους
3005 5569 3061 5622 ἐν
3108 5567 3300 5638 κόσμῳ
3338 5564 3565 5636 σπορᾶς,
3595 5559 3689 5614 καὶ
