4008 6240
310 343 372 401 8|
962 337 1331 395 ADVERSUS
1371 334 1708 393 lleRESES
1748 333 1875 388 LIB.
1913 332 1977 386 Il.
2016 331 2175 387 ΤΟΜ.
2220 329 2279 383 ll.
2320 362 2387 370 —
2423 326 2694 382 llleRES.
2729 322 2911 379 LXVI.
3504 320 3578 374 89.

310 460 379 514 τὰ
413 455 700 529 ζιζανιώδη
735 455 833 527 τῆς
865 456 1027 510 αὑτοῦ
1055 455 1402 518 διδασκαλίας
1430 454 1713 524 ὲξεμέσας.
1742 452 1889 505 Πόσα
1923 461 1938 512 Α

2036 448 2411 504 isscminatum
2463 453 2565 499 est.
2616 442 2753 496 Huic
2800 440 2945 495 enim
2998 432 3191 491 semini
3239 429 3568 487 simillimam

310 551 369 603 δέ
396 520 479 612 τις
506 520 802 617 ὑπενέγκοι
826 548 962 618 πρός
990 548 1087 617 τὴν
1110 548 1379 616 τοσαύτην
1402 520 1654 614 διαϐολὴν
1672 542 1767 596 τοῦ
1800 560 1890 614 μι-

2036 538 2306 594 octrinam
2357 535 2622 591 evomuit.
2667 533 2840 598 Quam
2885 528 3053 582 multa
3105 538 3270 596 porro
3306 520 3571 573 adversus

316 641 545 711 μολόγου
570 611 778 705 τούτου,
816 611 891 703 ὡς
919 611 1080 693 παντί
1119 658 1223 694 που
1251 611 1409 710 δῆλον
1432 636 1551 707 εῖηῐ
1586 611 1702 691 Kav
1721 653 1781 688 τε
1804 611 1893 706 *μὴ

2036 640 2202 684 tntam
2260 626 2549 682 histrionis
2596 622 2762 693 hujus
2812 618 3143 674 calumniam
3197 611 3399 683 opponi
3448 623 3574 679 pos-

314 700 670 794 ὲπιξεσθῶσιν
699 700 775 784 αἱ.
810 700 983 795 λέξεις
1036 730 1172 802 πρὸς
1213 700 1543 801 ἀνατροπὴν,
1573 700 1897 798 ἀρκέσουσιν

2036 731 2125 777 aut
2159 739 2173 775 :
2205 719 2350 791 quod
2385 717 2682 787 unicuique
2726 719 2983 769 constare
3017 715 3213 779 potest.
3243 706 3320 759 Ac
3356 700 3569 757 tametsi

315 824 394 886 είς
417 821 677 892 αἰσχύνην
708 823 866 892 μόνον
890 794 949 875 τὸ
982 794 1201 888 εἰδέναι,
1246 823 1327 875 ὅτι
1355 794 1529 873 ταῦτα
1560 794 1691 888 παρ’
1715 817 1897 880 αὐτοῖς

2037 811 2272 881 erpolita
2312 811 2365 862 in
2409 805 2700 863 refutando
2732 813 3074 870 nequaquam
3112 794 3437 850 adhibeatur
3458 804 3579 843 ora-

314 913 693 984 νομιστεύεται
727 914 1005 968 ἀσύστατα
1038 915 1187 980 ὂντα,
1224 914 1317 968 καὶ
1365 911 1635 983 μηδεμίαν
1672 908 1898 979 δύναμιν

2036 905 2100 971 io,
2142 902 2276 957 satis
2325 900 2392 955 ad
2433 895 2809 953 incutiendum
2856 891 2964 946 illis
3002 887 3262 959 pudorem
3301 882 3483 944 fuerit,
3522 890 3578 934 ut

317 970 531 1075 ἔχοντα.
563 1006 646 1058 Τά
678 1006 777 1075 μὲν
803 1006 910 1079 γὰρ
960 1007 1152 1077 πρῶτα
1175 970 1245 1060 ,ὲν
1298 970 1408 1068 τοίς
1429 970 1710 1072 ¹δεῦτέροις
1734 970 1901 1054 κατα-

2036 995 2055 1050 i
2088 970 2442 1062 intelligatur
2485 985 2757 1059 ejusmodi
2814 983 2882 1037 ah
2923 981 3031 1035 illis
3067 977 3284 1032 decreta
3336 970 3575 1034 defendi,

316 1065 437 1151 λῦει
458 1116 472 1129 ο
509 1097 580 1151 τὰ
627 1065 688 1150 δέ
712 1065 942 1171 δεύτερα
979 1065 1144 1170 ἔτερα
1174 1101 1323 1170 παρὰ
1347 1065 1416 1152 τά
1447 1065 1637 1169 πρῶτά
1667 1096 1899 1165 φθέγγε-

2036 1100 2122 1155 ua:
2160 1091 2416 1139 constare
2450 1078 2553 1133 sibi
2597 1080 2893 1145 nequeant,
2924 1084 3099 1140 neque
3132 1067 3239 1122 vim
3280 1065 3445 1118 ullam
3486 1068 3579 1115 aut

317 1206 429 1245 ται.
474 1189 594 1244 Ὀτὲ
627 1190 728 1257 μὲν
755 1158 981 1261 γὰρ’τὸν
1014 1158 1216 1262 κόσμον
1252 1158 1316 1243 ὲκ
1350 1158 1654 1243 Θεοῦθέλει
1679 1158 1906 1258 γεγενῆ-

2036 1178 2224 1233 ›οηιίυε
2254 1175 2513 1229 habeant.
2541 1168 2755 1224 Etenim
2791 1167 2975 1236 priora
3001 1158 3398 1233 posterioribus
3422 1170 3579 1209 ever-

322 1278 469 1340 σθαι,
505 1277 595 1330 ὁτὲ
620 1245 677 1330 δὲ
712 1245 778 1331 ἐκ
799 1245 907 1333 τῶν
934 1245 1232 1350 ἀρχόντων,
1264 1278 1467 1333 καὶτὸν
1493 1278 1627 1331 Θεὸν
1757 1245 1906 1347 ἒχείν

2036 1271 2090 1331 it,
2117 1266 2420 1338 posteriora
2460 1265 2619 1333 longe
2667 1276 2696 1314 a
2744 1256 3025 1328 prioribus
3057 1253 3273 1307 diversa
3307 1245 3580 1318 proponit.

326 1372 408 1432 είς
438 1336 531 1422 τὸν
569 1369 775 1440 κόσμον
804 1388 858 1423 τι
906 1336 1100 1434 αἰτίον,
1145 1336 1283 1423 ἀλλά
1303 1336 1674 1440 ἀπολλύμενον
1694 1336 1907 1421 τδνικό-

2036 1336 2266 1413 luridum
2305 1357 2440 1411 alias
2488 1369 2519 1407 a
2572 1350 2681 1406 Deo
2725 1347 3053 1420 productum
3100 1340 3317 1405 asserit,
3371 1336 3509 1391 alias
3554 1348 3585 1388 a

325 1426 481 1531 σμον.
538 1426 688 1513 Ποτὲ.
709 1460 764 1514 δὲ
814 1461 876 1514 τὸ
909 1426 1197 1532 στερέωμα
1242 1461 1483 1533 δέρματα
1512 1426 1782 1513 εἶναιτῶν
1812 1459 1911 1530 ἀρ-

2036 1450 2370 1520 ιτίιιοὶρίὺιιε,
2406 1454 2465 1501 ut
2493 1446 2614 1516 ejus
2642 1443 2795 1499 nulla
2826 1456 2890 1497 cx
2926 1445 3080 1509 parte
3105 1446 3272 1489 causa
3313 1430 3383 1485 sit
3419 1426 3583 1489 Deus,

324 1518 526 1618 χόντων
558 1549 777 1617 φάσκει,
802 1549 930 1602 ποτὲ
963 1518 1021 1602 δέ
1055 1518 1417 1620 σταυροῦσθαι
1444 1547 1583 1601 αὑτά
1606 1548 1717 1601 ἀνω
1743 1548 1800 1600 ὲν
1834 1518 1912 1615 τῷ

2036 1541 2107 1594 ed
2147 1518 2206 1594 et
2238 1540 2355 1607 ipse
2396 1538 2635 1591 mundus
2674 1535 2925 1588 intereat.
2974 1525 3376 1592 Nonnunquam
3412 1518 3588 1571 ﬁrma-

325 1609 494 1710 πόλῳ,
519 1609 879 1709 κατατρέχειν
924 1640 1018 1693 καὶ
1078 1609 1379 1710 συννεφεῖν,
1432 1639 1526 1693 καὶ
1572 1638 1762 1708 όργᾷν,
1818 1609 1913 1691 κοὶι

2036 1640 2252 1685 uentum
2288 1628 2457 1699 pelles
2500 1642 2621 1683 esse
2657 1623 2962 1696 principum
2994 1618 3186 1680 docet,
3234 1627 3372 1684 quos
3423 1609 3588 1663 inter-

326 1699 731 1801 ἐξοιστροῦσθαι
763 1699 905 1802 πρὸς
946 1730 1045 1802 τὴν
1064 1733 1162 1802 τῆς
1185 1699 1455 1803 παρθένου
1481 1699 1630 1799 θέαν,
1650 1699 1759 1786 καί
1776 1729 1914 1800 πρὸς

2036 1721 2142 1774 lum
2173 1734 2341 1789 supra
2372 1719 2426 1772 iu
2458 1717 2583 1787 polo
2621 1717 2677 1771 in
2708 1727 2874 1769 cruce
2916 1708 3140 1765 sullixos
3172 1719 3295 1759 esse
3332 1699 3488 1763 dicit,
3523 1713 3588 1753 ac

327 1822 426 1894 τὴν
451 1822 762 1894 ὡραιότητα
792 1821 886 1875 τοῦ
915 1822 1151 1879 νεανίου.

401 2085 513 2138 Ka't
542 2084 588 2138 ὢ
610 2084 809 2155 πολλῆς
830 2083 1120 2155 αἰσχύνηςί
1150 2084 1214 2137 Τί
1239 2082 1346 2153 γὰρ
1365 2083 1554 2136 τούτου
1587 2080 1915 2153 μοχθηρότε-

336 2195 448 2247 ρον,
489 2175 817 2248 ἀηδέστερόν
872 2192 930 2228 τε
979 2176 1074 2228 καὶ
1119 2175 1537 2247 αίσχρότατονι,
1596 2172 1656 2225 τὸ
1701 2171 1916 2242 θήλειαν

334 2267 511 2339 ἑαυτῷ
547 2266 855 2321 ἀνατυποῦν
902 2267 962 2319 τὸ
989 2266 1214 2337 Πνεῦμα
1247 2267 1344 2336 τῆς
1378 2263 1669 2334 ἀληθείας;
1727 2261 1814 2313 ὁτὲ
1860 2259 1916 2312 δὲ

335 2358 690 2433 ἀρῤενοειδῶς
711 2358 1039 2412 όπτόινεσθαι
1082 2360 1195 2420 τοῖς
1228 2357 1518 2428 άρχουσιν;
1554 2353 1785 2424 Αἰσχρὸν
1822 2351 1918 2422 μὲν

336 2453 444 2522 γὰρ
473 2453 753 2522 παροινεῖν
790 2450 850 2503 τὸ
906 2450 1072 2521 ἄνδρα
1100 2448 1518 2519 θηλυεύεσθαι⁹,
1570 2445 1665 2498 καλ¹
1726 2445 1783 2497 ὲν
1824 2442 1919 2512 θη-

336 2544 484 2605 λείας
524 2544 705 2612 μορφῇ
740 2541 1037 2611 ὑπάρχειν·
1079 2539 1431 2609 αἱσχρότατον
1476 2536 1534 2589 δὲ
1563 2535 1724 2588 πάλιν
1763 2534 1823 2586 τὸ
1853 2531 1920 2585 τὰ

336 2631 535 2702 γύναια
569 2631 976 2701 ἀνδραῒζεσθαι,
1019 2629 1115 2684 καὶ
1141 2629 1235 2681 τοῦ
1275 2627 1463 2698 ἀνδρὸς
1491 2626 1676 2696 φέρειν
1707 2623 1768 2677 τὸ
1792 2623 1923 2694 σχῆ-

341 2742 435 2795 μα.
465 2723 574 2776 Καὶ
605 2723 725 2787 πῶς
756 2723 878 2793 οὐχὶ
908 2722 1107 2793 ἀρετῆς
1126 2720 1186 2773 ὃν
1207 2719 1429 2790 Πνεῦμα
1458 2718 1552 2771 καὶ
1582 2717 1743 2781 θεῖον,
1778 2716 1924 2787 ὑϐρι-

339 2814 567 2883 ζόμενον
613 2812 812 2881 μᾶλλον
841 2812 1196 2884 εὑρεθήσεται
1241 2810 1392 2881 παρά
1430 2808 1525 2862 τοῦ
1550 2805 1922 2879 πλαστουργοῦ

339 2903 529 2957 τούτου
546 2902 742 2973 Mam;
769 2902 891 2966 Πῶς
918 2901 975 2953 δὲ
992 2902 1041 2954 οἱ
1062 2900 1381 2972 ὲκδαρὲντες
1411 2897 1772 2969 οἱστροῦνται,
1799 2896 1923 2965 λέγε

344 3016 456 3067 μοι,
489 2991 535 3050 ὧ
560 2990 742 3061 οὗτος
780 2995 898 3058 πῶς
926 2994 985 3047 δὲ
1012 2993 1151 3065 μετὰ
1170 2991 1229 3045 τδ
1264 2991 1638 3062 σταυρωθῆναι
1671 2989 1927 3060 ἐξεδάρη-

345 3105 444 3141 σαν
470 3104 486 3149 ;
516 3088 579 3139 Εἰ
602 3086 659 3139 δὲ
692 3086 787 3138 καὶ
836 3083 1242 3154 ὲσταύρωνται,
1285 3083 1402 3145 πῶς
1459 3081 1803 3151 ἐπιτρέχουσι
1858 3082 1923 3149 τῇ

345 3136 783 3245 ἀφαντουμένῃξ
798 3174 894 3236 Τίς
1043 3136 1414 3239 ἀνέξεταιῖτοῦ
1460 3136 1799 3242 βλασιφήῦμου,
1832 3136 1926 3225 τοῦ
1952 3136 1996 3195 G

345 3269 455 3322 ἀπὸ
482 3267 724 3339 ἱδρώτων
756 3266 1030 3337 ἀρχόντων
1060 3266 1208 3336 ἡμᾶς
1242 3265 1538 3337 τρέφεσθαι
1585 3263 1926 3336 ὁριζομένου,

349 3360 443 3413 καὶ
465 3358 573 3411 ἀπὸ
598 3357 901 3428 ἐκκρίσεως
930 3355 1286 3426 αἱσχρότητος
1314 3355 1403 3408 τὸν
1429 3354 1585 3408 ὑετὸν
1611 3355 1743 3425 ἡμῖν
1764 3370 1931 3407 κατα-

348 3447 700 3520 πέμπεσθαι;
754 3446 924 3501 Πόθεν
968 3447 1025 3499 δὲ
1078 3445 1239 3508 αὐτὸς
1284 3446 1437 3517 πόμα
1491 3447 1635 3499 πίνει
1678 3444 1737 3510 ἐξ
1763 3444 1932 3499 ὑετῶν

350 3542 653 3613 ἀρυόμενος
688 3539 829 3611 μετὰ
877 3539 987 3593 τῶν
1020 3539 1167 3591 ἰδίων
1198 3538 1364 3593 αὑτοῦ
1392 3522 1687 3608 μαθητῶν;
1721 3536 1846 3599 Πῶς
1876 3536 1933 3589 δὲ

352 3633 414 3684 οὑ
448 3631 850 3699 καταγέλαστος
875 3628 983 3698 εἴη,
1024 3627 1336 3699 ἡττώμενος
1372 3629 1436 3699 τῇ
1467 3626 1574 3679 τῶν
1608 3625 1935 3696 σωματικῶν

353 3723 533 3794 χρείᾳ,
562 3721 794 3793 ἱδρῶτας
817 3721 1018 3783 πίνων;
1046 3720 1154 3774 Καὶ
1174 3719 1281 3793 γὰρ
1300 3719 1543 3790 ἁμαρτία
1564 3717 1819 3787 διάφορος
1838 3716 1938 3787 μὲν

357 3816 592 3886 ὑπάρχει
611 3831 624 3843 ·
654 3814 716 3866 οὑ
736 3811 973 3882 τοσαύτη
1000 3811 1056 3864 δὲ
1082 3811 1232 3863 ἔσται
1258 3812 1290 3880 ἡ
1316 3810 1552 3882 τιμωρία
1574 3807 1650 3879 τῷ
1670 3806 1938 3869 ἀκουσίως

357 3906 747 3978 ἁμαρτάνοντι,
790 3905 865 3968 ὡς
897 3903 957 3957 τὸ
985 3903 1119 3974 μετὰ
1146 3901 1398 3964 ἑκουσίας
1425 3899 1648 3971 γνώμης
1672 3898 1734 3951 τὸ
1756 3898 1938 3969 ἀμάρ-

357 4014 509 4069 τημα
530 3994 882 4048 ἐπιτελοῦντι.
918 3995 980 4047 Οἱ
1008 3993 1105 4063 μὲν
1131 3991 1238 4064 γὰρ
1273 3991 1422 4046 ἄλλοι
1446 3989 1741 4059 ἄνθρωποι,
1777 3989 1825 4041 εἰ
1848 3987 1942 4040 καὶ

360 4090 531 4150 οὕτως
560 4083 647 4157 ἦν,
674 4088 812 4155 ὅπερ
847 4085 920 4155 μὴ
954 4084 1179 4152 γένοιτο,
1214 4081 1542 4151 φαντάζεται
1570 4079 1679 4149 γὰρ
1709 4081 1737 4132 ὁ
1766 4081 1943 4149 ἐμμα-

362 4181 488 4248 νής·
522 4177 662 4247 πλὴν
708 4178 756 4229 οί
790 4173 1111 4243 ἀγνοοῦντες
1168 4172 1396 4241 ἱδρῶτας
1428 4171 1521 4224 καὶ
1552 4168 1828 4240 ἐκκρίσεις
1855 4168 1943 4220 ai-

364 4269 554 4341 σχράς,
580 4268 664 4319 ὅτι
691 4264 1004 4337 ὑδρεύονται
1039 4263 1134 4316 καὶ
1174 4263 1411 4327 πίνουσι,
1445 4260 1780 4328 σύγγνωστοι
1812 4256 1945 4327 μᾶλ-

362 4361 453 4413 λον
483 4360 664 4422 ὲλέους
694 4357 1026 4428 ὑπάρχουσιν
1071 4356 1216 4424 ἢπερ
1244 4355 1273 4406 ὁ
1324 4350 1464 4423 μετὰ
1521 4348 1613 4401 τοῦ
1650 4349 1947 4411 συνειδότος

1945 1795 1985 1850 Β
2014 1807 2346 1874 discurrere,
2381 1812 2435 1861 et
2469 1805 2615 1859 velut
2646 1802 2821 1858 nubes
2861 1799 3159 1860 obducere,
3195 1790 3586 1863 proritarique,

2016 1906 2070 1952 et
2106 1897 2350 1951 libidinis
2386 1893 2626 1950 stimulis
2666 1892 2732 1947 ad
2765 1896 3048 1959 aspectum
3085 1883 3335 1955 virginis,
3373 1886 3428 1935 et
3461 1877 3591 1933 ado—

2015 1987 2273 2041 lcseentis
2296 1976 3069 2056 pulchritudinem'concitari.

2087 2075 2132 2131 Ο
2169 2076 2449 2130 infamiam
2492 2072 2858 2145 singularem!
2887 2068 3030 2135 Quid
3061 2064 3206 2122 enim
3245 2061 3372 2132 tingi
3415 2065 3592 2130 potest

2017 2167 2354 2238 improbius?
2378 2163 2510 2235 quid
2539 2162 2825 2219 molestius
2861 2174 2925 2215 ac
2966 2156 3182 2227 turpius
3209 2167 3371 2224 quam
3396 2150 3594 2204 verita-

2019 2259 2088 2313 tis
2121 2257 2385 2327 Spiritum
2438 2254 2693 2319 mulicbri
2728 2250 2833 2309 sibi
2866 2251 3038 2321 ligura
3073 2246 3410 2305 describere,
3438 2255 3594 2295 eum--

2018 2350 2248 2417 demque
2276 2346 2460 2401 dicere
2488 2357 2880 2413 nonnunquam
2907 2340 3079 2395 maris
3112 2335 3294 2406 specie
3325 2330 3592 2404 principi—

2018 2442 2122 2497 bus
2150 2439 2448 2511 apparere?
2490 2436 2626 2491 Nam
2657 2451 2782 2491 cum
2820 2442 2980 2503 turpe
3012 2432 3083 2487 sit
3112 2430 3291 2483 virum
3323 2442 3389 2481 eo
3421 2433 3597 2480 temu-

2020 2534 2199 2589 lentiaa
2235 2530 2648 2600 insolentiaeque
2682 2523 2957 2598 progredi,
2990 2532 3047 2578 ut
3083 2520 3402 2576 muliebrem
3445 2512 3600 2568 habi-

2022 2634 2136 2680 tum
2161 2639 2224 2679 ac
2256 2623 2487 2678 formam
2519 2619 2742 2687 induat;
2770 2625 2886 2672 tum
2917 2629 3048 2670 vero
3078 2609 3458 2681 turpissimum
3490 2611 3597 2670 est,

2023 2713 2374 2769 mulierculas
2409 2712 2463 2765 in
2497 2709 2643 2766 viros
2670 2705 3019 2769 commutari,
3050 2719 3115 2758 ac
3148 2700 3361 2756 virilem
3394 2695 3599 2751 cultum

2024 2805 2271 2860 induere.
2302 2802 2518 2868 Quanto
2549 2814 2680 2855 vero
2708 2798 2916 2868 majore
2953 2811 2983 2849 a
3011 2793 3251 2865 pessimo
3282 2789 3376 2842 illo
3418 2786 3624 2843 lictore.

2027 2895 2324 2952 Manichaeo
2351 2893 2551 2964 injuria
2581 2891 2799 2947 divinus
2846 2888 2938 2943 ille
2971 2884 3219 2941 veritatis
3246 2880 3484 2950 Spiritus
3510 2876 3595 2931 af-

2027 2989 2243 3045 ﬁcitur?
2273 2986 2383 3042 Sed
2422 2984 2559 3040 illud
2594 2984 2718 3037 volo
2746 2980 2880 3035 milii
2903 2979 3077 3041 dicas,
3109 2974 3310 3045 quibus
3335 2970 3479 3026 cutis
3509 2968 3605 3023 de-

2029 3088 2200 3136 tracta
2244 3079 2344 3143 sit,
2395 3074 2647 3133 libidinis
2696 3071 2936 3128 stimulis
2980 3066 3177 3138 agitari
3206 3064 3301 3131 qui
3354 3058 3619 3132 possint?

2029 3180 2123 3228 aut
2151 3170 2448 3242 quomodo,
2480 3173 2778 3239 postquam
2808 3164 2863 3217 in
2891 3174 3114 3216 crucem
3151 3156 3259 3211 acti
3290 3162 3441 3216 sunt,
3470 3150 3623 3221 pelle,

2030 3262 2219 3317 nudati
2269 3259 2433 3315 sunt?
2484 3258 2593 3312 imo
2621 3270 2774 3320 vero,
2820 3254 2866 3309 si
2905 3250 3056 3306 cruci
3105 3246 3244 3302 aﬂixi
3290 3250 3436 3308 sunt,
3472 3255 3610 3311 qua-

2030 3368 2157 3408 nam
2200 3352 2417 3407 ratione
2452 3350 2521 3406 ad
2560 3347 2821 3403 virtutem
2870 3342 3041 3404 illam,
3081 3353 3203 3410 quae
3244 3340 3465 3406 repente
3498 3331 3611 3386 dis-

2032 3452 2238 3516 pareat,
2290 3449 2523 3514 possunt
2561 3436 2883 3495 accurrere?
2908 3432 3114 3489 Deinde
3155 3443 3284 3485 vero
3311 3426 3436 3497 quis
3479 3439 3611 3478 con-

2039 3511 2388 3591 tumeliosum
2421 3535 2586 3590 istum
2639 3530 2693 3585 in
2729 3528 2897 3582 Deum
2930 3522 3207 3579 hominem
3245 3518 3385 3574 ferre
3414 3511 3613 3585 possit,

2034 3628 2129 3698 qui
2185 3643 2287 3683 nos
2332 3625 2640 3697 principum
2701 3617 3000 3675 sudoribus
3045 3613 3117 3668 ali
3169 3610 3390 3675 sentiat,
3451 3613 3613 3672 atque

2037 3696 2103 3773 ex
2145 3696 2464 3773 fmdissimis
2510 3716 2727 3769 illorum
2777 3706 3142 3766 excrementis
3179 3702 3407 3759 imbrem
3459 3696 3614 3750 nobis

2038 3808 2248 3865 emitti?
2281 3808 2394 3861 Cur
2424 3812 2607 3860 autem
2651 3810 2838 3875 potum
2867 3800 2985 3868 ipse
3008 3810 3132 3852 cum
3174 3788 3463 3859 discipulis
3498 3782 3615 3840 suis

2041 3902 2225 3955 haurit
2257 3916 2319 3953 ex
2357 3899 2531 3952 imbre
2559 3891 2882 3950 collectum?
2919 3887 3110 3942 Nonne
3138 3883 3319 3940 statim
3346 3876 3613 3933 ridiculus

2040 4002 2146 4056 est,
2198 3992 2291 4061 qui
2338 3990 2587 4059 corporis
2648 3982 3066 4040 necessitatibus
3105 3978 3415 4046 obsequens
3450 3968 3615 4026 sudov

2043 4101 2157 4140 rem
2200 4085 2384 4139 bibat?
2422 4081 2555 4135 Nam
2589 4086 2649 4133 ut
2682 4078 2868 4149 dispar
2901 4076 2972 4130 sit
3014 4077 3318 4143 peceatum,
3354 4076 3513 4133 ptena
3546 4070 3632 4118 ta-.

2044 4191 2167 4231 men
2200 4175 2249 4230 ei
2284 4174 2377 4243 qui
2415 4174 2622 4226 invitus
2662 4175 2851 4239 peccat
2893 4168 3051 4235 longe
3082 4160 3263 4215 minor
3294 4150 3618 4225 proponitur

2044 4280 2207 4335 quam
2236 4264 2284 4319 ei
2317 4264 2410 4333 qui
2443 4271 2639 4332 sponte
2674 4255 3051 4315 commiserit.,
3073 4251 3221 4306 Licet
3262 4248 3431 4310 enim,
3472 4243 3620 4314 quod

2046 4356 2231 4423 reipsa
2267 4370 2374 4409 non
2406 4362 2511 4417 est,
2541 4367 2727 4407 verum
2764 4357 2909 4405 esset
2932 4346 3074 4416 quod
3120 4342 3362 4398 furiosus
3399 4338 3486 4393 ille
3518 4336 3621 4390 ﬁn-

365 4452 696 4521 νενυγμένος
725 4450 902 4520 μάτην
935 4446 1023 4500 διὰ
1052 4445 1149 4517 τὴν
1177 4441 1347 4516 ἧτταν
1390 4443 1489 4514 τῆς
1521 4440 1800 4504 ἀσθενείας
1845 4441 1938 4493 αὑ-

2047 4448 2142 4517 git.
2182 4447 2363 4501 czeteri
2394 4442 2560 4516 649
2590 4442 2807 4513 quidem
2844 4440 3111 4503 homines,
3142 4435 3233 4506 qui
3284 4433 3515 4492 sudores
3556 4443 3638 4489 ac,

366 4542 458 4596 τοῦ
487 4544 554 4595 ὲκ
579 4542 688 4595 τῶν
714 4538 878 4593 αὑτοῦ
909 4537 1169 4608 πομάτων
1198 4536 1476 4607 χρώμενος
1517 4533 1611 4586 καὶ¹
1636 4530 1745 4585 τῶν
1773 4530 1945 4584 ἄλλων

365 4633 475 4687 τῶν
507 4634 572 4685 ὲκ
595 4633 692 4703 τῆς
734 4631 935 4702 σαρκὸς
962 4630 1234 4701 χρήσεων.

2053 4539 2227 4595 foedas
2280 4538 2623 4593 excretiones
2670 4534 2942 4604 ignorant,
2992 4546 3115 4585 cum
3169 4536 3475 4601 aquantur,
3529 4529 3621 4575 aut

2052 4635 2264 4698 potant,
2296 4628 2451 4682 venia
2496 4625 2668 4695 magis
2705 4622 2867 4692 digni
2900 4631 3020 4676 sunt
3043 4660 3058 4684 ,
3083 4633 3245 4686 quam
3269 4615 3384 4685 qui,
3418 4612 3637 4666 frustras.

369 4729 684 4784 stimulante
728 4726 1086 4789 conscientia,
1155 4719 1513 4777 imbecillitati
1582 4735 1695 4776 sua:
1768 4721 2155 4787 succumbens,
2206 4722 2479 4793 ejusmodi
2555 4726 2718 4790 potus
2764 4716 3009 4774 adhibet.
3058 4711 3386 4779 ueterisque
3433 4704 3626 4761 carnis

372 4821 790 4879 necessitatibus
820 4821 1177 4889 obtemperat.

440 4914 563 4967 Al".
594 4913 703 4965 Καὶ
731 4911 902 4964 πολλά
928 4912 1075 4964 ἐστιν
1116 4911 1174 4962 ὲν
1205 4903 1285 4970 οἷς
1309 4901 1462 4970 οὗτος
1498 4906 1724 4976 στόματι
1756 4904 1950 4975 ψευδη-

374 5004 563 5074 γορίας
626 5004 750 5067 τοὺς
784 5002 932 5072 αὑτῷ
992 5000 1310 5063 πεισθέντας
1357 5000 1625 5069 ὴπάτησε.
1661 4999 1817 5051 Ποῖον
1846 4996 1953 5065 γὰρ

376 5096 504 5166 παρ’
537 5094 687 5165 αὑτῷ
742 5096 802 5147 οὑ
850 5093 1281 5162 καταγέλαστον;
1322 5092 1416 5155 Τὸ,
1455 5089 1705 5160 ἡγεῖσθαι
1742 5088 1841 5159 μὲν
1887 5086 1956 5140 τά

380 5186 670 5257 σπέρματα
696 5183 931 5255 βοτανῶν
958 5201 1017 5236 τε
1055 5183 1150 5237 καὶ
1205 5180 1580 5253 γεννημάτων,
1604 5180 1697 5232 καὶ
1717 5178 1957 5248 ὀσπρίων

379 5276 552 5347 ψυχάς
581 5271 740 5330 εἶναι.
800 5275 889 5337 Ὧς
946 5274 1041 5327 καὶ
1074 5272 1282 5342 γελοῖον
1325 5271 1750 5342 ἐπιχειρήσομεν
1779 5267 1958 5336 λέγειν

382 5366 522 5420 κατά
584 5366 687 5437 τὴν
738 5364 904 5417 αὑτοῦ
946 5365 1266 5435 μυθοποιίαν
1321 5363 1460 5434 πρὸς
1499 5362 1719 5431 ἔλεγχον
1770 5356 1957 5412 αὑτοῦ.

384 5457 508 5512 Ὅτι
535 5460 584 5511 εἰ
612 5456 784 5527 ψυχαὶ
815 5457 1178 5527 τυγχάνουσαι
1212 5456 1401 5510 κόκκοι
1434 5451 1630 5521 φακοῦ,
1660 5451 1754 5504 καὶ
1798 5450 1961 5519 φασί-

387 5547 502 5615 Ἆεος
521 5550 565 5617 ³,
607 5549 700 5603 καὶ
754 5548 1056 5620 ἐρεῦίνθου,
1088 5548 1181 5601 καὶ
1228 5548 1337 5601 τῶν
1365 5545 1561 5612 ἀλλων,
1607 5543 1753 5615 ψυχὴ
1786 5542 1843 5596 δὲ
1871 5543 1962 5595 καὶ

2127 4902 2367 4957 XXXI“.
2411 4901 2515 4957 Sed
2544 4900 2648 4954 alia
2699 4906 2827 4955 sunt
2872 4892 3301 4965 quamplurima,
3335 4888 3389 4941 in
3423 4886 3624 4958 quibus

2059 4996 2162 5051 iste
2188 5002 2489 5050 sectatores
2514 5005 2643 5045 suos
2666 5003 2761 5043 ore
2783 4982 3205 5041 mendacissimo
3227 4978 3458 5047 decepit.
3484 4976 3624 5044 Quid

2059 5087 2205 5142 enim
2236 5085 2306 5139 ab
2340 5099 2406 5139 eo
2435 5098 2544 5138 non
2582 5080 2876 5134 ridiculum
2901 5084 2983 5133 est
3011 5072 3275 5129 allatum?
3303 5068 3623 5140 Cujusmodi

2060 5189 2145 5235 est
2174 5199 2186 5233 :
2224 5177 2514 5232 herbarum
2548 5172 2916 5242 stirpiumque
2951 5182 3016 5221 ac
3057 5165 3390 5235 leguminum
3419 5160 3627 5217 semina

2064 5272 2275 5325 animas
2302 5282 2425 5323 esse
2451 5262 2696 5321 credere.
2729 5260 2883 5328 Quod
2922 5272 3084 5329 quam
3114 5252 3408 5309 absurdum
3436 5250 3526 5314 sit,
3563 5250 3629 5303 ad

2060 5360 2205 5414 illius
2242 5357 2561 5413 refutandas
2592 5354 2848 5425 ineptias,
2876 5351 3253 5406 demonstrare
3283 5340 3622 5397 conabimur.

2062 5449 2289 5504 Etenim”
2318 5450 2363 5504 si
2400 5447 2583 5509 lentis,
2639 5442 2869 5512 exempli
2909 5453 3096 5500 causa,
3148 5435 3231 5489 vel
3284 5431 3495 5499 faseoli,
3544 5429 3629 5485 vel

2065 5543 2261 5596 ciceris
2304 5540 2519 5608 aliaque
2554 5552 2722 5608 grana
2754 5534 2805 5587 id
2833 5546 3004 5603 genus
3036 5530 3230 5584 anima'
3267 5533 3426 5593 sunt;
3467 5523 3621 5579 item.-

461 5731 481 5761 ¹
505 5730 567 5784 ιτ.
605 5728 974 5801 αἰσχρότερον.
1001 5731 1067 5788 Et
1100 5747 1226 5787 mox
1256 5730 1413 5785 ἑαυτὸ
1443 5732 1595 5783 ἀνατ.
1678 5732 1697 5760 ¹
1726 5726 1785 5781 F.
1822 5726 1881 5781 τὸ
1907 5726 1934 5779 θ

2040 5723 2243 5777 ύεσοαι.
2326 5722 2345 5752 ³
2387 5718 2447 5777 F.
2485 5714 2712 5787 cgaaikou
2746 5712 2823 5765 vel
2850 5709 3123 5779 φασιόλου,
